  <div class='ocr_page' id='page_1' title='image "/cluster/home/n/w/nwhite01/storage/ocr_20150623/71/hvd.32044019207885/163.png"; bbox 0 0 4068 6542; ppageno 0'>
   <div class='ocr_carea' id='block_1_1' title="bbox 584 426 783 516">
    <p class='ocr_par' dir='ltr' id='par_1_1' title="bbox 584 426 783 516">
     <span class='ocr_line' id='line_1_1' title="bbox 584 426 783 516; baseline -0.015 0"><span class='ocrx_word' id='word_1_1' title='bbox 584 461 685 516; x_wconf 71' lang='grc' dir='ltr'><strong>δοί</strong></span> <span class='ocrx_word' id='word_1_2' title='bbox 778 426 783 431; x_wconf 34' lang='grc' dir='ltr'><strong>Ι</strong></span> 
     </span>
    </p>
   </div>
   <div class='ocr_carea' id='block_1_2' title="bbox 1581 456 2832 515">
    <p class='ocr_par' dir='ltr' id='par_1_2' title="bbox 1581 456 2832 515">
     <span class='ocr_line' id='line_1_2' title="bbox 1581 456 2832 515; baseline 0.002 -2"><span class='ocrx_word' id='word_1_3' title='bbox 1581 458 1640 513; x_wconf 90' lang='lat' dir='ltr'><strong>S.</strong></span> <span class='ocrx_word' id='word_1_4' title='bbox 1680 457 1959 515; x_wconf 75' lang='lat' dir='ltr'><strong>CYPJLLI</strong></span> <span class='ocrx_word' id='word_1_5' title='bbox 1997 456 2469 514; x_wconf 75' lang='lat' dir='ltr'><strong>ALEXANDRINI</strong></span> <span class='ocrx_word' id='word_1_6' title='bbox 2510 456 2832 515; x_wconf 80' lang='lat' dir='ltr'><strong>ARCHIEP.</strong></span> 
     </span>
    </p>
   </div>
   <div class='ocr_carea' id='block_1_3' title="bbox 3742 468 3849 525">
    <p class='ocr_par' dir='ltr' id='par_1_3' title="bbox 3742 468 3849 525">
     <span class='ocr_line' id='line_1_3' title="bbox 3742 468 3849 525; baseline -0.028 0"><span class='ocrx_word' id='word_1_7' title='bbox 3742 468 3849 525; x_wconf 78' lang='lat'><strong>3(8</strong></span> 
     </span>
    </p>
   </div>
   <div class='ocr_carea' id='block_1_4' title="bbox 590 574 2172 650">
    <p class='ocr_par' dir='ltr' id='par_1_4' title="bbox 590 574 2154 649">
     <span class='ocr_line' id='line_1_4' title="bbox 590 574 2154 649; baseline 0.004 -24"><span class='ocrx_word' id='word_1_8' title='bbox 590 574 654 630; x_wconf 73' lang='lat' dir='ltr'><strong>Et</strong></span> <span class='ocrx_word' id='word_1_9' title='bbox 685 575 1006 629; x_wconf 78' lang='lat' dir='ltr'><strong>aerorabuut</strong></span> <span class='ocrx_word' id='word_1_10' title='bbox 1038 591 1124 630; x_wconf 89' lang='lat' dir='ltr'><strong>eos</strong></span> <span class='ocrx_word' id='word_1_11' title='bbox 1153 576 1224 630; x_wconf 85' lang='lat' dir='ltr'><strong>ibi</strong></span> <span class='ocrx_word' id='word_1_12' title='bbox 1256 576 1420 631; x_wconf 75' lang='lat' dir='ltr'><strong>catuli</strong></span> <span class='ocrx_word' id='word_1_13' title='bbox 1455 575 1618 644; x_wconf 66' lang='lat' dir='ltr'><strong>silva,</strong></span> <span class='ocrx_word' id='word_1_14' title='bbox 1666 577 1843 633; x_wconf 69' lang='lat' dir='ltr'><strong>bestia</strong></span> <span class='ocrx_word' id='word_1_15' title='bbox 1864 578 1980 649; x_wconf 85' lang='lat' dir='ltr'><strong>agri</strong></span> <span class='ocrx_word' id='word_1_16' title='bbox 2012 577 2154 632; x_wconf 75' lang='lat' dir='ltr'><strong>dila-</strong></span> 
     </span>
    </p>
   </div>
   <div class='ocr_carea' id='block_1_5' title="bbox 2276 574 3851 650">
    <p class='ocr_par' dir='ltr' id='par_1_5' title="bbox 2276 577 3851 650">
     <span class='ocr_line' id='line_1_5' title="bbox 2276 577 3851 650; baseline 0.004 -20"><span class='ocrx_word' id='word_1_17' title='bbox 2276 577 2557 647; x_wconf 72' lang='grc' dir='ltr'>ιλεισμὸν</span> <span class='ocrx_word' id='word_1_18' title='bbox 2622 578 2871 647; x_wconf 78' lang='grc' dir='ltr'><strong>καρδίας</strong></span> <span class='ocrx_word' id='word_1_19' title='bbox 2929 578 3147 634; x_wconf 80' lang='grc' dir='ltr'>αὐτῶν.</span> <span class='ocrx_word' id='word_1_20' title='bbox 3223 583 3333 634; x_wconf 85' lang='lat' dir='ltr'><strong>Kat</strong></span> <span class='ocrx_word' id='word_1_21' title='bbox 3402 581 3851 650; x_wconf 63' lang='grc' dir='ltr'>καταφάγοντοί</span> 
     </span>
    </p>
   </div>
   <div class='ocr_carea' id='block_1_6' title="bbox 580 666 949 721">
    <p class='ocr_par' dir='ltr' id='par_1_6' title="bbox 580 666 949 721">
     <span class='ocr_line' id='line_1_6' title="bbox 580 666 949 721; baseline 0.008 -3"><span class='ocrx_word' id='word_1_22' title='bbox 580 666 799 721; x_wconf 83' lang='lat' dir='ltr'><strong>niabunt</strong></span> <span class='ocrx_word' id='word_1_23' title='bbox 842 682 949 721; x_wconf 85' lang='lat' dir='ltr'><strong>eos.</strong></span> 
     </span>
    </p>
   </div>
   <div class='ocr_carea' id='block_1_7' title="bbox 649 847 2158 919">
    <p class='ocr_par' dir='ltr' id='par_1_7' title="bbox 649 847 2158 919">
     <span class='ocr_line' id='line_1_7' title="bbox 649 847 2158 919; baseline 0 -15"><span class='ocrx_word' id='word_1_24' title='bbox 649 847 779 904; x_wconf 84' lang='lat' dir='ltr'><strong>CLI.</strong></span> <span class='ocrx_word' id='word_1_25' title='bbox 814 847 1101 919; x_wconf 74' lang='lat' dir='ltr'><strong>Postquam</strong></span> <span class='ocrx_word' id='word_1_26' title='bbox 1125 849 1270 905; x_wconf 88' lang='lat' dir='ltr'><strong>enim</strong></span> <span class='ocrx_word' id='word_1_27' title='bbox 1311 864 1491 905; x_wconf 88' lang='lat' dir='ltr'><strong>rerum</strong></span> <span class='ocrx_word' id='word_1_28' title='bbox 1519 851 1846 919; x_wconf 78' lang='lat' dir='ltr'><strong>prosperitas</strong></span> <span class='ocrx_word' id='word_1_29' title='bbox 1870 849 2158 919; x_wconf 86' lang='lat' dir='ltr'><strong>perniciem</strong></span> 
     </span>
    </p>
   </div>
   <div class='ocr_carea' id='block_1_8' title="bbox 582 938 2159 1009">
    <p class='ocr_par' dir='ltr' id='par_1_8' title="bbox 582 938 2159 1009">
     <span class='ocr_line' id='line_1_8' title="bbox 582 938 2159 1009; baseline 0.003 -18"><span class='ocrx_word' id='word_1_30' title='bbox 582 938 687 994; x_wconf 81' lang='lat' dir='ltr'><strong>illis</strong></span> <span class='ocrx_word' id='word_1_31' title='bbox 714 939 941 1005; x_wconf 86' lang='lat' dir='ltr'><strong>creavit,</strong></span> <span class='ocrx_word' id='word_1_32' title='bbox 976 940 1418 1009; x_wconf 88' lang='lat' dir='ltr'><strong>desciscendique</strong></span> <span class='ocrx_word' id='word_1_33' title='bbox 1452 956 1480 992; x_wconf 95' lang='lat' dir='ltr'><strong>a</strong></span> <span class='ocrx_word' id='word_1_34' title='bbox 1510 939 1619 994; x_wconf 91' lang='lat' dir='ltr'><strong>Deo</strong></span> <span class='ocrx_word' id='word_1_35' title='bbox 1673 940 2013 995; x_wconf 81' lang='lat' dir='ltr'><strong>occasionem</strong></span> <span class='ocrx_word' id='word_1_36' title='bbox 2074 949 2159 995; x_wconf 91' lang='lat' dir='ltr'><strong>at-</strong></span> 
     </span>
    </p>
   </div>
   <div class='ocr_carea' id='block_1_9' title="bbox 584 1031 2160 1101">
    <p class='ocr_par' dir='ltr' id='par_1_9' title="bbox 584 1031 2160 1101">
     <span class='ocr_line' id='line_1_9' title="bbox 584 1031 2160 1101; baseline 0 -16"><span class='ocrx_word' id='word_1_37' title='bbox 584 1031 729 1095; x_wconf 94' lang='lat' dir='ltr'><strong>tulit,</strong></span> <span class='ocrx_word' id='word_1_38' title='bbox 784 1031 906 1087; x_wconf 87' lang='lat' dir='ltr'><strong>ideo</strong></span> <span class='ocrx_word' id='word_1_39' title='bbox 935 1031 1185 1101; x_wconf 80' lang='lat' dir='ltr'><strong>deinceps</strong></span> <span class='ocrx_word' id='word_1_40' title='bbox 1226 1032 1600 1087; x_wconf 87' lang='lat' dir='ltr'><strong>tribulatioues</strong></span> <span class='ocrx_word' id='word_1_41' title='bbox 1632 1032 1833 1087; x_wconf 86' lang='lat' dir='ltr'><strong>morbis</strong></span> <span class='ocrx_word' id='word_1_42' title='bbox 1858 1046 2160 1100; x_wconf 87' lang='lat' dir='ltr'><strong>congruen-</strong></span> 
     </span>
    </p>
   </div>
   <div class='ocr_carea' id='block_1_10' title="bbox 586 1122 2160 1191">
    <p class='ocr_par' dir='ltr' id='par_1_10' title="bbox 586 1122 2160 1191">
     <span class='ocr_line' id='line_1_10' title="bbox 586 1122 2160 1191; baseline -0.001 -14"><span class='ocrx_word' id='word_1_43' title='bbox 586 1122 1072 1191; x_wconf 83' lang='lat' dir='ltr'><strong>tesimportantur.</strong></span> <span class='ocrx_word' id='word_1_44' title='bbox 1114 1122 1356 1191; x_wconf 80' lang='lat' dir='ltr'><strong>Corpora</strong></span> <span class='ocrx_word' id='word_1_45' title='bbox 1394 1123 1537 1177; x_wconf 91' lang='lat' dir='ltr'><strong>enim</strong></span> <span class='ocrx_word' id='word_1_46' title='bbox 1599 1122 1838 1191; x_wconf 77' lang='lat' dir='ltr'><strong>graviter</strong></span> <span class='ocrx_word' id='word_1_47' title='bbox 1888 1132 2160 1191; x_wconf 69' lang='lat' dir='ltr'><strong>aegrotan-</strong></span> 
     </span>
    </p>
   </div>
   <div class='ocr_carea' id='block_1_11' title="bbox 585 1214 2161 1284">
    <p class='ocr_par' dir='ltr' id='par_1_11' title="bbox 585 1214 2161 1284">
     <span class='ocr_line' id='line_1_11' title="bbox 585 1214 2161 1284; baseline 0.001 -17"><span class='ocrx_word' id='word_1_48' title='bbox 585 1214 657 1269; x_wconf 85' lang='lat' dir='ltr'><strong>tia</strong></span> <span class='ocrx_word' id='word_1_49' title='bbox 702 1223 755 1268; x_wconf 86' lang='lat' dir='ltr'><strong>et</strong></span> <span class='ocrx_word' id='word_1_50' title='bbox 786 1215 1088 1282; x_wconf 78' lang='lat' dir='ltr'><strong>putrefacta</strong></span> <span class='ocrx_word' id='word_1_51' title='bbox 1141 1214 1352 1271; x_wconf 85' lang='lat' dir='ltr'><strong>lenibus</strong></span> <span class='ocrx_word' id='word_1_52' title='bbox 1386 1214 1801 1269; x_wconf 73' lang='lat' dir='ltr'><strong>medicamentis</strong></span> <span class='ocrx_word' id='word_1_53' title='bbox 1849 1214 2161 1284; x_wconf 86' lang='lat' dir='ltr'><strong>neutiquam</strong></span> 
     </span>
    </p>
   </div>
   <div class='ocr_carea' id='block_1_12' title="bbox 584 1304 2161 1376">
    <p class='ocr_par' dir='ltr' id='par_1_12' title="bbox 584 1304 2161 1376">
     <span class='ocr_line' id='line_1_12' title="bbox 584 1304 2161 1376; baseline -0.001 -17"><span class='ocrx_word' id='word_1_54' title='bbox 584 1305 942 1362; x_wconf 88' lang='lat' dir='ltr'><strong>curabuntur:</strong></span> <span class='ocrx_word' id='word_1_55' title='bbox 976 1307 1067 1361; x_wconf 87' lang='lat' dir='ltr'><strong>sed</strong></span> <span class='ocrx_word' id='word_1_56' title='bbox 1092 1307 1236 1362; x_wconf 83' lang='lat' dir='ltr'><strong>ferro</strong></span> <span class='ocrx_word' id='word_1_57' title='bbox 1291 1313 1344 1361; x_wconf 88' lang='lat' dir='ltr'><strong>et</strong></span> <span class='ocrx_word' id='word_1_58' title='bbox 1379 1306 1486 1376; x_wconf 90' lang='lat' dir='ltr'><strong>igni</strong></span> <span class='ocrx_word' id='word_1_59' title='bbox 1518 1321 1655 1376; x_wconf 89' lang='lat' dir='ltr'><strong>opus</strong></span> <span class='ocrx_word' id='word_1_60' title='bbox 1675 1315 1759 1361; x_wconf 88' lang='lat' dir='ltr'><strong>est</strong></span> <span class='ocrx_word' id='word_1_61' title='bbox 1802 1305 1991 1376; x_wconf 90' lang='lat' dir='ltr'><strong>magis.</strong></span> <span class='ocrx_word' id='word_1_62' title='bbox 2050 1304 2161 1372; x_wconf 84' lang='lat' dir='ltr'><strong>Ita-</strong></span> 
     </span>
    </p>
   </div>
   <div class='ocr_carea' id='block_1_13' title="bbox 584 1398 2162 1469">
    <p class='ocr_par' dir='ltr' id='par_1_13' title="bbox 584 1398 2162 1469">
     <span class='ocr_line' id='line_1_13' title="bbox 584 1398 2162 1469; baseline 0.002 -19"><span class='ocrx_word' id='word_1_63' title='bbox 584 1412 689 1464; x_wconf 86' lang='lat' dir='ltr'><strong>que</strong></span> <span class='ocrx_word' id='word_1_64' title='bbox 716 1399 969 1467; x_wconf 85' lang='lat' dir='ltr'><strong>qnoniam</strong></span> <span class='ocrx_word' id='word_1_65' title='bbox 1004 1400 1197 1454; x_wconf 66' lang='lat' dir='ltr'><strong>divini:</strong></span> <span class='ocrx_word' id='word_1_66' title='bbox 1221 1398 1648 1453; x_wconf 85' lang='lat' dir='ltr'><strong>mansuetudinis</strong></span> <span class='ocrx_word' id='word_1_67' title='bbox 1698 1398 2009 1469; x_wconf 77' lang='lat' dir='ltr'><strong>magnitudo</strong></span> <span class='ocrx_word' id='word_1_68' title='bbox 2065 1413 2162 1468; x_wconf 89' lang='lat' dir='ltr'><strong>pa-</strong></span> 
     </span>
    </p>
   </div>
   <div class='ocr_carea' id='block_1_14' title="bbox 587 1490 2161 1560">
    <p class='ocr_par' dir='ltr' id='par_1_14' title="bbox 587 1490 2161 1560">
     <span class='ocr_line' id='line_1_14' title="bbox 587 1490 2161 1560; baseline 0.002 -17"><span class='ocrx_word' id='word_1_69' title='bbox 587 1506 703 1544; x_wconf 89' lang='lat' dir='ltr'><strong>rum</strong></span> <span class='ocrx_word' id='word_1_70' title='bbox 732 1492 868 1560; x_wconf 89' lang='lat' dir='ltr'><strong>apud</strong></span> <span class='ocrx_word' id='word_1_71' title='bbox 890 1491 1182 1555; x_wconf 82' lang='lat' dir='ltr'><strong>Israe&#39;litas,</strong></span> <span class='ocrx_word' id='word_1_72' title='bbox 1206 1506 1273 1547; x_wconf 88' lang='lat' dir='ltr'><strong>ne</strong></span> <span class='ocrx_word' id='word_1_73' title='bbox 1304 1492 1478 1547; x_wconf 88' lang='lat' dir='ltr'><strong>dicam</strong></span> <span class='ocrx_word' id='word_1_74' title='bbox 1516 1490 1647 1545; x_wconf 80' lang='lat' dir='ltr'><strong>nihil</strong></span> <span class='ocrx_word' id='word_1_75' title='bbox 1670 1490 2161 1558; x_wconf 85' lang='lat' dir='ltr'><strong>omnino,prol&#39;ecit,</strong></span> 
     </span>
    </p>
   </div>
   <div class='ocr_carea' id='block_1_15' title="bbox 587 1581 2163 1655">
    <p class='ocr_par' dir='ltr' id='par_1_15' title="bbox 587 1581 2163 1655">
     <span class='ocr_line' id='line_1_15' title="bbox 587 1581 2163 1655; baseline 0.002 -20"><span class='ocrx_word' id='word_1_76' title='bbox 587 1581 773 1637; x_wconf 77' lang='lat' dir='ltr'><strong>feralis</strong></span> <span class='ocrx_word' id='word_1_77' title='bbox 805 1586 1049 1653; x_wconf 65' lang='lat' dir='ltr'><strong>quaedam</strong></span> <span class='ocrx_word' id='word_1_78' title='bbox 1071 1585 1327 1641; x_wconf 85' lang='lat' dir='ltr'><strong>atrocitas</strong></span> <span class='ocrx_word' id='word_1_79' title='bbox 1360 1587 1411 1641; x_wconf 91' lang='lat' dir='ltr'><strong>in</strong></span> <span class='ocrx_word' id='word_1_80' title='bbox 1443 1602 1537 1643; x_wconf 87' lang='lat' dir='ltr'><strong>ens</strong></span> <span class='ocrx_word' id='word_1_81' title='bbox 1561 1585 1886 1641; x_wconf 86' lang='lat' dir='ltr'><strong>immittitur.</strong></span> <span class='ocrx_word' id='word_1_82' title='bbox 1919 1584 2163 1655; x_wconf 90' lang='lat' dir='ltr'><strong>Seipsum</strong></span> 
     </span>
    </p>
   </div>
   <div class='ocr_carea' id='block_1_16' title="bbox 586 1673 2165 1745">
    <p class='ocr_par' dir='ltr' id='par_1_16' title="bbox 586 1673 2165 1745">
     <span class='ocr_line' id='line_1_16' title="bbox 586 1673 2165 1745; baseline 0.003 -22"><span class='ocrx_word' id='word_1_83' title='bbox 586 1686 716 1727; x_wconf 84' lang='lat' dir='ltr'><strong>vero</strong></span> <span class='ocrx_word' id='word_1_84' title='bbox 746 1673 937 1728; x_wconf 81' lang='lat' dir='ltr'><strong>bestiis</strong></span> <span class='ocrx_word' id='word_1_85' title='bbox 964 1674 1123 1743; x_wconf 78' lang='lat' dir='ltr'><strong>longe</strong></span> <span class='ocrx_word' id='word_1_86' title='bbox 1151 1677 1451 1744; x_wconf 88' lang='lat' dir='ltr'><strong>acerrimis,</strong></span> <span class='ocrx_word' id='word_1_87' title='bbox 1481 1686 1536 1732; x_wconf 87' lang='lat' dir='ltr'><strong>et</strong></span> <span class='ocrx_word' id='word_1_88' title='bbox 1587 1675 1895 1739; x_wconf 87' lang='lat' dir='ltr'><strong>voracilms,</strong></span> <span class='ocrx_word' id='word_1_89' title='bbox 1945 1689 2165 1745; x_wconf 88' lang='lat' dir='ltr'><strong>magna-</strong></span> 
     </span>
    </p>
   </div>
   <div class='ocr_carea' id='block_1_17' title="bbox 585 1764 2157 1838">
    <p class='ocr_par' dir='ltr' id='par_1_17' title="bbox 585 1764 2157 1838">
     <span class='ocr_line' id='line_1_17' title="bbox 585 1764 2157 1838; baseline 0.003 -21"><span class='ocrx_word' id='word_1_90' title='bbox 585 1778 689 1832; x_wconf 87' lang='lat' dir='ltr'><strong>que</strong></span> <span class='ocrx_word' id='word_1_91' title='bbox 710 1764 1047 1819; x_wconf 82' lang='lat' dir='ltr'><strong>immanitate</strong></span> <span class='ocrx_word' id='word_1_92' title='bbox 1074 1768 1296 1835; x_wconf 82' lang='lat' dir='ltr'><strong>perditis</strong></span> <span class='ocrx_word' id='word_1_93' title='bbox 1318 1776 1617 1838; x_wconf 84' lang='lat' dir='ltr'><strong>comparat.</strong></span> <span class='ocrx_word' id='word_1_94' title='bbox 1643 1766 1757 1820; x_wconf 86' lang='lat' dir='ltr'><strong>Non</strong></span> <span class='ocrx_word' id='word_1_95' title='bbox 1788 1768 1912 1837; x_wconf 90' lang='lat' dir='ltr'><strong>quia</strong></span> <span class='ocrx_word' id='word_1_96' title='bbox 1974 1768 2157 1823; x_wconf 89' lang='lat' dir='ltr'><strong>divina</strong></span> 
     </span>
    </p>
   </div>
   <div class='ocr_carea' id='block_1_18' title="bbox 584 1855 2161 1927">
    <p class='ocr_par' dir='ltr' id='par_1_18' title="bbox 584 1855 2161 1927">
     <span class='ocr_line' id='line_1_18' title="bbox 584 1855 2161 1927; baseline 0.001 -18"><span class='ocrx_word' id='word_1_97' title='bbox 584 1855 1050 1922; x_wconf 81' lang='lat' dir='ltr'><strong>etinexplicabilis</strong></span> <span class='ocrx_word' id='word_1_98' title='bbox 1087 1866 1273 1911; x_wconf 87' lang='lat' dir='ltr'><strong>natura</strong></span> <span class='ocrx_word' id='word_1_99' title='bbox 1326 1858 1459 1913; x_wconf 85' lang='lat' dir='ltr'><strong>tales</strong></span> <span class='ocrx_word' id='word_1_100' title='bbox 1500 1858 1607 1912; x_wconf 90' lang='lat' dir='ltr'><strong>iras</strong></span> <span class='ocrx_word' id='word_1_101' title='bbox 1640 1857 1800 1927; x_wconf 88' lang='lat' dir='ltr'><strong>plane</strong></span> <span class='ocrx_word' id='word_1_102' title='bbox 1858 1857 2161 1927; x_wconf 88' lang='lat' dir='ltr'><strong>concipiat,</strong></span> 
     </span>
    </p>
   </div>
   <div class='ocr_carea' id='block_1_19' title="bbox 2262 667 3824 740">
    <p class='ocr_par' dir='ltr' id='par_1_19' title="bbox 2262 667 3824 740">
     <span class='ocr_line' id='line_1_19' title="bbox 2262 667 3824 740; baseline 0.003 -20"><span class='ocrx_word' id='word_1_103' title='bbox 2262 667 2484 733; x_wconf 83' lang='grc' dir='ltr'>αὐτοὺς</span> <span class='ocrx_word' id='word_1_104' title='bbox 2514 667 2643 722; x_wconf 79' lang='grc' dir='ltr'>ἐκεῖ</span> <span class='ocrx_word' id='word_1_105' title='bbox 2666 669 2930 739; x_wconf 82' lang='grc' dir='ltr'><strong>σκύμνοι</strong></span> <span class='ocrx_word' id='word_1_106' title='bbox 2980 667 3231 739; x_wconf 79' lang='grc' dir='ltr'>δρυμοῦ,</span> <span class='ocrx_word' id='word_1_107' title='bbox 3271 671 3445 738; x_wconf 79' lang='grc' dir='ltr'>θηρία</span> <span class='ocrx_word' id='word_1_108' title='bbox 3492 670 3679 740; x_wconf 62' lang='lat' dir='ltr'><strong>(imm?</strong></span> <span class='ocrx_word' id='word_1_109' title='bbox 3727 671 3824 725; x_wconf 79' lang='grc' dir='ltr'><strong>δια</strong></span> 
     </span>
    </p>
   </div>
   <div class='ocr_carea' id='block_1_20' title="bbox 2261 758 2763 826">
    <p class='ocr_par' dir='ltr' id='par_1_20' title="bbox 2261 758 2763 826">
     <span class='ocr_line' id='line_1_20' title="bbox 2261 758 2763 826; baseline 0 -12"><span class='ocrx_word' id='word_1_110' title='bbox 2261 758 2487 814; x_wconf 80' lang='grc' dir='ltr'>σπὰσει</span> <span class='ocrx_word' id='word_1_111' title='bbox 2519 760 2763 826; x_wconf 80' lang='grc' dir='ltr'>αὐτούς.</span> 
     </span>
    </p>
   </div>
   <div class='ocr_carea' id='block_1_21' title="bbox 2332 850 3854 925">
    <p class='ocr_par' dir='ltr' id='par_1_21' title="bbox 2332 850 3854 925">
     <span class='ocr_line' id='line_1_21' title="bbox 2332 850 3854 925; baseline 0.001 -22"><span class='ocrx_word' id='word_1_112' title='bbox 2332 850 2507 903; x_wconf 78' lang='lat' dir='ltr'><strong>PNA&#39;.</strong></span> <span class='ocrx_word' id='word_1_113' title='bbox 2560 851 2777 921; x_wconf 80' lang='grc' dir='ltr'>Ἐπειδὴ</span> <span class='ocrx_word' id='word_1_114' title='bbox 2821 851 2928 925; x_wconf 85' lang='grc' dir='ltr'>γὰρ</span> <span class='ocrx_word' id='word_1_115' title='bbox 2956 851 3055 921; x_wconf 81' lang='grc' dir='ltr'><strong>τῆς</strong></span> <span class='ocrx_word' id='word_1_116' title='bbox 3083 850 3339 922; x_wconf 76' lang='grc' dir='ltr'><strong>εὐθηνίας</strong></span> <span class='ocrx_word' id='word_1_117' title='bbox 3369 852 3428 905; x_wconf 81' lang='grc' dir='ltr'><strong>τὸ</strong></span> <span class='ocrx_word' id='word_1_118' title='bbox 3463 853 3665 916; x_wconf 83' lang='grc' dir='ltr'>πλάτος</span> <span class='ocrx_word' id='word_1_119' title='bbox 3695 853 3854 922; x_wconf 84' lang='grc' dir='ltr'>γέγο-</span> 
     </span>
    </p>
   </div>
   <div class='ocr_carea' id='block_1_22' title="bbox 2265 939 3853 1012">
    <p class='ocr_par' dir='ltr' id='par_1_22' title="bbox 2265 939 3853 1012">
     <span class='ocr_line' id='line_1_22' title="bbox 2265 939 3853 1012; baseline 0 -19"><span class='ocrx_word' id='word_1_120' title='bbox 2265 957 2355 994; x_wconf 91' lang='grc' dir='ltr'><strong>νεν</strong></span> <span class='ocrx_word' id='word_1_121' title='bbox 2422 941 2605 1005; x_wconf 78' lang='grc' dir='ltr'>αὐτοῖς</span> <span class='ocrx_word' id='word_1_122' title='bbox 2678 940 2903 1012; x_wconf 75' lang='grc' dir='ltr'><strong>ὀλέθρου</strong></span> <span class='ocrx_word' id='word_1_123' title='bbox 2974 939 3266 1012; x_wconf 79' lang='grc' dir='ltr'>πρόξενον,</span> <span class='ocrx_word' id='word_1_124' title='bbox 3340 943 3435 995; x_wconf 74' lang='grc' dir='ltr'><strong>καὶ</strong></span> <span class='ocrx_word' id='word_1_125' title='bbox 3510 942 3853 1004; x_wconf 82' lang='grc' dir='ltr'>ἀποστασίας</span> 
     </span>
    </p>
   </div>
   <div class='ocr_carea' id='block_1_23' title="bbox 2264 1032 3856 1105">
    <p class='ocr_par' dir='ltr' id='par_1_23' title="bbox 2264 1032 3856 1105">
     <span class='ocr_line' id='line_1_23' title="bbox 2264 1032 3856 1105; baseline -0.001 -20"><span class='ocrx_word' id='word_1_126' title='bbox 2264 1032 2507 1104; x_wconf 80' lang='grc' dir='ltr'>ἀφορμὴ,</span> <span class='ocrx_word' id='word_1_127' title='bbox 2538 1032 2710 1105; x_wconf 82' lang='grc' dir='ltr'>ταύτῃ</span> <span class='ocrx_word' id='word_1_128' title='bbox 2738 1050 2817 1086; x_wconf 88' lang='grc' dir='ltr'><strong>τοι</strong></span> <span class='ocrx_word' id='word_1_129' title='bbox 2846 1032 3027 1086; x_wconf 70' lang='grc' dir='ltr'>λοιπὸν</span> <span class='ocrx_word' id='word_1_130' title='bbox 3070 1034 3127 1086; x_wconf 79' lang='grc' dir='ltr'>αἱ</span> <span class='ocrx_word' id='word_1_131' title='bbox 3170 1032 3379 1102; x_wconf 77' lang='grc' dir='ltr'><strong>θλίψεις</strong></span> <span class='ocrx_word' id='word_1_132' title='bbox 3406 1034 3727 1103; x_wconf 78' lang='grc' dir='ltr'>ἐπάγονται,</span> <span class='ocrx_word' id='word_1_133' title='bbox 3761 1034 3856 1085; x_wconf 67' lang='grc' dir='ltr'><strong>καὶ</strong></span> 
     </span>
    </p>
   </div>
   <div class='ocr_carea' id='block_1_24' title="bbox 2263 1124 3850 1197">
    <p class='ocr_par' dir='ltr' id='par_1_24' title="bbox 2263 1124 3850 1197">
     <span class='ocr_line' id='line_1_24' title="bbox 2263 1124 3850 1197; baseline -0.002 -18"><span class='ocrx_word' id='word_1_134' title='bbox 2263 1124 2543 1192; x_wconf 81' lang='grc' dir='ltr'><strong>ἀναλόγως</strong></span> <span class='ocrx_word' id='word_1_135' title='bbox 2581 1126 2693 1187; x_wconf 85' lang='grc' dir='ltr'>τοῖς</span> <span class='ocrx_word' id='word_1_136' title='bbox 2740 1124 3163 1195; x_wconf 76' lang='grc' dir='ltr'>ἀρῤωστήμασι.</span> <span class='ocrx_word' id='word_1_137' title='bbox 3200 1125 3281 1179; x_wconf 84' lang='grc' dir='ltr'>Τά</span> <span class='ocrx_word' id='word_1_138' title='bbox 3313 1126 3422 1197; x_wconf 83' lang='grc' dir='ltr'><strong>γάρ</strong></span> <span class='ocrx_word' id='word_1_139' title='bbox 3471 1144 3552 1179; x_wconf 82' lang='grc' dir='ltr'><strong>τοι</strong></span> <span class='ocrx_word' id='word_1_140' title='bbox 3590 1125 3729 1179; x_wconf 81' lang='grc' dir='ltr'>πολὺ</span> <span class='ocrx_word' id='word_1_141' title='bbox 3762 1143 3850 1177; x_wconf 87' lang='grc' dir='ltr'>νε-</span> 
     </span>
    </p>
   </div>
   <div class='ocr_carea' id='block_1_25' title="bbox 2264 1214 3853 1287">
    <p class='ocr_par' dir='ltr' id='par_1_25' title="bbox 2264 1214 3853 1287">
     <span class='ocr_line' id='line_1_25' title="bbox 2264 1214 3853 1287; baseline -0.001 -18"><span class='ocrx_word' id='word_1_142' title='bbox 2264 1214 2529 1287; x_wconf 88' lang='grc' dir='ltr'>νοσηκότα</span> <span class='ocrx_word' id='word_1_143' title='bbox 2553 1215 2660 1269; x_wconf 86' lang='grc' dir='ltr'><strong>τῶν</strong></span> <span class='ocrx_word' id='word_1_144' title='bbox 2690 1214 2980 1285; x_wconf 84' lang='grc' dir='ltr'>σωμάτων,</span> <span class='ocrx_word' id='word_1_145' title='bbox 3007 1216 3101 1268; x_wconf 74' lang='grc' dir='ltr'>καὶ</span> <span class='ocrx_word' id='word_1_146' title='bbox 3126 1216 3402 1287; x_wconf 75' lang='grc' dir='ltr'><strong>σεσηπότα</strong></span> <span class='ocrx_word' id='word_1_147' title='bbox 3427 1216 3634 1282; x_wconf 76' lang='grc' dir='ltr'>λοιπὸν,</span> <span class='ocrx_word' id='word_1_148' title='bbox 3659 1217 3853 1281; x_wconf 75' lang='grc' dir='ltr'>εἴξειεν</span> 
     </span>
    </p>
   </div>
   <div class='ocr_carea' id='block_1_26' title="bbox 2264 1306 3857 1378">
    <p class='ocr_par' dir='ltr' id='par_1_26' title="bbox 2264 1306 3857 1378">
     <span class='ocr_line' id='line_1_26' title="bbox 2264 1306 3857 1378; baseline -0.002 -17"><span class='ocrx_word' id='word_1_149' title='bbox 2264 1306 2515 1378; x_wconf 81' lang='grc' dir='ltr'><strong>οὐδαμῶς</strong></span> <span class='ocrx_word' id='word_1_150' title='bbox 2562 1307 2749 1377; x_wconf 74' lang='grc' dir='ltr'>ὴπίοις</span> <span class='ocrx_word' id='word_1_151' title='bbox 2798 1307 2895 1377; x_wconf 81' lang='grc' dir='ltr'><strong>μὲν</strong></span> <span class='ocrx_word' id='word_1_152' title='bbox 2946 1306 3027 1359; x_wconf 82' lang='grc' dir='ltr'>ἔτι</span> <span class='ocrx_word' id='word_1_153' title='bbox 3082 1307 3415 1378; x_wconf 84' lang='grc' dir='ltr'>φαρμάκοις.</span> <span class='ocrx_word' id='word_1_154' title='bbox 3467 1310 3652 1362; x_wconf 85' lang='grc' dir='ltr'>Δέοιτο</span> <span class='ocrx_word' id='word_1_155' title='bbox 3701 1309 3747 1361; x_wconf 85' lang='grc' dir='ltr'>δ’</span> <span class='ocrx_word' id='word_1_156' title='bbox 3790 1308 3857 1361; x_wconf 78' lang='grc' dir='ltr'><strong>ἂν</strong></span> 
     </span>
    </p>
   </div>
   <div class='ocr_carea' id='block_1_27' title="bbox 2268 1397 3858 1471">
    <p class='ocr_par' dir='ltr' id='par_1_27' title="bbox 2268 1397 3858 1471">
     <span class='ocr_line' id='line_1_27' title="bbox 2268 1397 3858 1471; baseline -0.001 -18"><span class='ocrx_word' id='word_1_157' title='bbox 2268 1397 2468 1471; x_wconf 77' lang='grc' dir='ltr'>μᾶλλον</span> <span class='ocrx_word' id='word_1_158' title='bbox 2508 1398 2603 1451; x_wconf 78' lang='grc' dir='ltr'><strong>καὶ</strong></span> <span class='ocrx_word' id='word_1_159' title='bbox 2647 1397 2889 1469; x_wconf 86' lang='grc' dir='ltr'>σιδήρου,</span> <span class='ocrx_word' id='word_1_160' title='bbox 2926 1399 3022 1451; x_wconf 85' lang='grc' dir='ltr'><strong>καὶ</strong></span> <span class='ocrx_word' id='word_1_161' title='bbox 3066 1399 3259 1470; x_wconf 85' lang='grc' dir='ltr'>πυρός.</span> <span class='ocrx_word' id='word_1_162' title='bbox 3310 1399 3518 1453; x_wconf 81' lang='grc' dir='ltr'>Οὐκοῦν</span> <span class='ocrx_word' id='word_1_163' title='bbox 3556 1400 3858 1470; x_wconf 77' lang='grc' dir='ltr'><strong>ἐπειδήπερ</strong></span> 
     </span>
    </p>
   </div>
   <div class='ocr_carea' id='block_1_28' title="bbox 2263 1486 3857 1559">
    <p class='ocr_par' dir='ltr' id='par_1_28' title="bbox 2263 1486 3857 1559">
     <span class='ocr_line' id='line_1_28' title="bbox 2263 1486 3857 1559; baseline 0 -18"><span class='ocrx_word' id='word_1_164' title='bbox 2263 1489 2326 1541; x_wconf 86' lang='grc' dir='ltr'>τὸ</span> <span class='ocrx_word' id='word_1_165' title='bbox 2349 1489 2448 1559; x_wconf 87' lang='grc' dir='ltr'>τῆς</span> <span class='ocrx_word' id='word_1_166' title='bbox 2478 1487 2626 1550; x_wconf 81' lang='grc' dir='ltr'>θείας</span> <span class='ocrx_word' id='word_1_167' title='bbox 2653 1486 2991 1558; x_wconf 76' lang='grc' dir='ltr'><strong>ἡμερότητος</strong></span> <span class='ocrx_word' id='word_1_168' title='bbox 3040 1487 3271 1558; x_wconf 78' lang='grc' dir='ltr'>μέγεθος</span> <span class='ocrx_word' id='word_1_169' title='bbox 3301 1487 3510 1559; x_wconf 76' lang='grc' dir='ltr'>ὤνησεν</span> <span class='ocrx_word' id='word_1_170' title='bbox 3541 1489 3699 1555; x_wconf 80' lang='grc' dir='ltr'>ὀλίγα</span> <span class='ocrx_word' id='word_1_171' title='bbox 3731 1489 3857 1551; x_wconf 70' lang='grc' dir='ltr'>τοὺς</span> 
     </span>
    </p>
   </div>
   <div class='ocr_carea' id='block_1_29' title="bbox 2265 1577 3856 1651">
    <p class='ocr_par' dir='ltr' id='par_1_29' title="bbox 2265 1577 3856 1651">
     <span class='ocr_line' id='line_1_29' title="bbox 2265 1577 3856 1651; baseline -0.001 -18"><span class='ocrx_word' id='word_1_172' title='bbox 2265 1579 2326 1646; x_wconf 73' lang='grc' dir='ltr'><strong>ἐξ</strong></span> <span class='ocrx_word' id='word_1_173' title='bbox 2368 1578 2585 1650; x_wconf 80' lang='grc' dir='ltr'>Ἰσραὴλ</span> <span class='ocrx_word' id='word_1_174' title='bbox 2617 1577 2727 1649; x_wconf 81' lang='grc' dir='ltr'>(ἵνα</span> <span class='ocrx_word' id='word_1_175' title='bbox 2762 1578 2837 1651; x_wconf 75' lang='grc' dir='ltr'><strong>μὴ</strong></span> <span class='ocrx_word' id='word_1_176' title='bbox 2867 1578 3083 1650; x_wconf 82' lang='grc' dir='ltr'>λέγοιμι</span> <span class='ocrx_word' id='word_1_177' title='bbox 3132 1579 3413 1643; x_wconf 82' lang='grc' dir='ltr'>παντελῶς</span> <span class='ocrx_word' id='word_1_178' title='bbox 3453 1580 3628 1649; x_wconf 77' lang='grc' dir='ltr'>οὐδὲν)</span> <span class='ocrx_word' id='word_1_179' title='bbox 3668 1580 3856 1651; x_wconf 80' lang='grc' dir='ltr'>θηριο-</span> 
     </span>
    </p>
   </div>
   <div class='ocr_carea' id='block_1_30' title="bbox 2267 1670 3857 1744">
    <p class='ocr_par' dir='ltr' id='par_1_30' title="bbox 2267 1670 3857 1744">
     <span class='ocr_line' id='line_1_30' title="bbox 2267 1670 3857 1744; baseline -0.001 -18"><span class='ocrx_word' id='word_1_180' title='bbox 2267 1670 2486 1744; x_wconf 83' lang='grc' dir='ltr'>πρεπὴς</span> <span class='ocrx_word' id='word_1_181' title='bbox 2530 1671 2713 1734; x_wconf 85' lang='grc' dir='ltr'>αὐτοῖς</span> <span class='ocrx_word' id='word_1_182' title='bbox 2743 1670 3003 1741; x_wconf 86' lang='grc' dir='ltr'>ἀγριότης</span> <span class='ocrx_word' id='word_1_183' title='bbox 3032 1670 3318 1739; x_wconf 75' lang='grc' dir='ltr'>ἐπάγεται.</span> <span class='ocrx_word' id='word_1_184' title='bbox 3363 1672 3587 1725; x_wconf 78' lang='grc' dir='ltr'>Ἑαυτὸν</span> <span class='ocrx_word' id='word_1_185' title='bbox 3619 1672 3677 1725; x_wconf 79' lang='grc' dir='ltr'>δὲ</span> <span class='ocrx_word' id='word_1_186' title='bbox 3712 1689 3857 1743; x_wconf 77' lang='grc' dir='ltr'>παρ-</span> 
     </span>
    </p>
   </div>
   <div class='ocr_carea' id='block_1_31' title="bbox 2268 1762 3859 1836">
    <p class='ocr_par' dir='ltr' id='par_1_31' title="bbox 2268 1762 3859 1836">
     <span class='ocr_line' id='line_1_31' title="bbox 2268 1762 3859 1836; baseline -0.001 -19"><span class='ocrx_word' id='word_1_187' title='bbox 2268 1762 2476 1827; x_wconf 68' lang='grc' dir='ltr'>εικάζει</span> <span class='ocrx_word' id='word_1_188' title='bbox 2502 1764 2613 1826; x_wconf 81' lang='grc' dir='ltr'>τοῖς</span> <span class='ocrx_word' id='word_1_189' title='bbox 2638 1763 2721 1816; x_wconf 84' lang='grc' dir='ltr'><strong>ὅτι</strong></span> <span class='ocrx_word' id='word_1_190' title='bbox 2753 1762 2989 1833; x_wconf 89' lang='grc' dir='ltr'>μάλιστα</span> <span class='ocrx_word' id='word_1_191' title='bbox 3019 1762 3127 1816; x_wconf 86' lang='grc' dir='ltr'><strong>τῶν</strong></span> <span class='ocrx_word' id='word_1_192' title='bbox 3161 1762 3363 1836; x_wconf 85' lang='grc' dir='ltr'>θηρίων</span> <span class='ocrx_word' id='word_1_193' title='bbox 3395 1764 3744 1827; x_wconf 82' lang='grc' dir='ltr'>δεινοτάτοις,</span> <span class='ocrx_word' id='word_1_194' title='bbox 3767 1766 3859 1818; x_wconf 74' lang='grc' dir='ltr'>καὶ</span> 
     </span>
    </p>
   </div>
   <div class='ocr_carea' id='block_1_32' title="bbox 2274 1853 3833 1927">
    <p class='ocr_par' dir='ltr' id='par_1_32' title="bbox 2274 1853 3833 1927">
     <span class='ocr_line' id='line_1_32' title="bbox 2274 1853 3833 1927; baseline 0.001 -19"><span class='ocrx_word' id='word_1_195' title='bbox 2274 1855 2470 1926; x_wconf 87' lang='grc' dir='ltr'>βοροῖς,</span> <span class='ocrx_word' id='word_1_196' title='bbox 2503 1855 2597 1908; x_wconf 76' lang='grc' dir='ltr'>καὶ</span> <span class='ocrx_word' id='word_1_197' title='bbox 2629 1853 2764 1907; x_wconf 77' lang='grc' dir='ltr'>πολὺ</span> <span class='ocrx_word' id='word_1_198' title='bbox 2794 1854 2911 1908; x_wconf 85' lang='grc' dir='ltr'>λίαν</span> <span class='ocrx_word' id='word_1_199' title='bbox 2938 1855 3119 1925; x_wconf 79' lang='grc' dir='ltr'>ἔχουσι</span> <span class='ocrx_word' id='word_1_200' title='bbox 3144 1856 3206 1909; x_wconf 87' lang='grc' dir='ltr'><strong>τὸ</strong></span> <span class='ocrx_word' id='word_1_201' title='bbox 3237 1857 3317 1919; x_wconf 84' lang='grc' dir='ltr'><strong>είς</strong></span> <span class='ocrx_word' id='word_1_202' title='bbox 3350 1856 3608 1927; x_wconf 85' lang='grc' dir='ltr'>ὠμότητα</span> <span class='ocrx_word' id='word_1_203' title='bbox 3638 1856 3833 1927; x_wconf 81' lang='grc' dir='ltr'>βλέπον</span> 
     </span>
    </p>
   </div>
   <div class='ocr_carea' id='block_1_33' title="bbox 586 1926 2172 2021">
    <p class='ocr_par' dir='ltr' id='par_1_33' title="bbox 586 1926 2162 2021">
     <span class='ocr_line' id='line_1_33' title="bbox 586 1926 2162 2021; baseline 0.001 -18"><span class='ocrx_word' id='word_1_204' title='bbox 586 1950 679 2003; x_wconf 88' lang='lat' dir='ltr'><strong>sed</strong></span> <span class='ocrx_word' id='word_1_205' title='bbox 727 1948 853 2002; x_wconf 87' lang='lat' dir='ltr'><strong>illud</strong></span> <span class='ocrx_word' id='word_1_206' title='bbox 916 1947 1142 2004; x_wconf 83' lang='lat' dir='ltr'><strong>fortasse</strong></span> <span class='ocrx_word' id='word_1_207' title='bbox 1206 1961 1466 2019; x_wconf 69' lang='lat' dir='ltr'><strong>praeterea</strong></span> <span class='ocrx_word' id='word_1_208' title='bbox 1528 1926 1705 2016; x_wconf 84' lang='lat' dir='ltr'><strong>docet,</strong></span> <span class='ocrx_word' id='word_1_209' title='bbox 1745 1950 2001 2021; x_wconf 83' lang='lat' dir='ltr'><strong>Assyrios</strong></span> <span class='ocrx_word' id='word_1_210' title='bbox 2055 1959 2162 2004; x_wconf 86' lang='lat' dir='ltr'><strong>tam</strong></span> 
     </span>
    </p>
   </div>
   <div class='ocr_carea' id='block_1_34' title="bbox 2276 1926 3858 2021">
    <p class='ocr_par' dir='ltr' id='par_1_34' title="bbox 2276 1926 3858 2018">
     <span class='ocr_line' id='line_1_34' title="bbox 2276 1926 3858 2018; baseline -0.001 -18"><span class='ocrx_word' id='word_1_211' title='bbox 2276 1948 2385 2017; x_wconf 83' lang='grc' dir='ltr'>Οὐχ</span> <span class='ocrx_word' id='word_1_212' title='bbox 2428 1947 2510 2000; x_wconf 83' lang='grc' dir='ltr'>ὅτι</span> <span class='ocrx_word' id='word_1_213' title='bbox 2556 1946 2775 2010; x_wconf 85' lang='grc' dir='ltr'>πάντως</span> <span class='ocrx_word' id='word_1_214' title='bbox 2822 1947 2856 2017; x_wconf 76' lang='grc' dir='ltr'>ἡ</span> <span class='ocrx_word' id='word_1_215' title='bbox 2901 1946 3020 2000; x_wconf 89' lang='grc' dir='ltr'>θεία</span> <span class='ocrx_word' id='word_1_216' title='bbox 3068 1964 3127 2000; x_wconf 90' lang='grc' dir='ltr'><strong>τε</strong></span> <span class='ocrx_word' id='word_1_217' title='bbox 3178 1949 3272 2000; x_wconf 57' lang='grc' dir='ltr'><strong>καὶ⁵</strong></span> <span class='ocrx_word' id='word_1_218' title='bbox 3332 1926 3647 2018; x_wconf 76' lang='grc' dir='ltr'>ἀπόρρητος</span> <span class='ocrx_word' id='word_1_219' title='bbox 3699 1947 3858 2016; x_wconf 82' lang='grc' dir='ltr'>φύσις</span> 
     </span>
    </p>
   </div>
   <div class='ocr_carea' id='block_1_35' title="bbox 587 2039 2163 2113">
    <p class='ocr_par' dir='ltr' id='par_1_35' title="bbox 587 2039 2163 2113">
     <span class='ocr_line' id='line_1_35' title="bbox 587 2039 2163 2113; baseline 0.002 -20"><span class='ocrx_word' id='word_1_220' title='bbox 587 2039 909 2110; x_wconf 83' lang='lat' dir='ltr'><strong>implacabili</strong></span> <span class='ocrx_word' id='word_1_221' title='bbox 934 2042 1011 2094; x_wconf 89' lang='lat' dir='ltr'><strong>ira</strong></span> <span class='ocrx_word' id='word_1_222' title='bbox 1050 2056 1263 2107; x_wconf 88' lang='lat' dir='ltr'><strong>usuros,</strong></span> <span class='ocrx_word' id='word_1_223' title='bbox 1298 2042 1749 2110; x_wconf 87' lang='lat' dir='ltr'><strong>inhumanosque,</strong></span> <span class='ocrx_word' id='word_1_224' title='bbox 1809 2041 2043 2096; x_wconf 86' lang='lat' dir='ltr'><strong>immites</strong></span> <span class='ocrx_word' id='word_1_225' title='bbox 2087 2041 2163 2113; x_wconf 91' lang='lat' dir='ltr'><strong>(et</strong></span> 
     </span>
    </p>
   </div>
   <div class='ocr_carea' id='block_1_36' title="bbox 586 2132 2162 2204">
    <p class='ocr_par' dir='ltr' id='par_1_36' title="bbox 586 2132 2162 2204">
     <span class='ocr_line' id='line_1_36' title="bbox 586 2132 2162 2204; baseline -0.001 -17"><span class='ocrx_word' id='word_1_226' title='bbox 586 2133 715 2203; x_wconf 84' lang='lat' dir='ltr'><strong>quid</strong></span> <span class='ocrx_word' id='word_1_227' title='bbox 749 2149 852 2187; x_wconf 90' lang='lat' dir='ltr'><strong>non</strong></span> <span class='ocrx_word' id='word_1_228' title='bbox 899 2133 1113 2188; x_wconf 78' lang='lat' dir='ltr'><strong>tandem</strong></span> <span class='ocrx_word' id='word_1_229' title='bbox 1151 2132 1519 2204; x_wconf 82' lang='lat' dir='ltr'><strong>bujusmodi?)</strong></span> <span class='ocrx_word' id='word_1_230' title='bbox 1566 2134 1931 2203; x_wconf 86' lang='lat' dir='ltr'><strong>apparituros.</strong></span> <span class='ocrx_word' id='word_1_231' title='bbox 1981 2133 2162 2187; x_wconf 81' lang='lat' dir='ltr'><strong>Videri</strong></span> 
     </span>
    </p>
   </div>
   <div class='ocr_carea' id='block_1_37' title="bbox 587 2222 2165 2293">
    <p class='ocr_par' dir='ltr' id='par_1_37' title="bbox 587 2222 2165 2293">
     <span class='ocr_line' id='line_1_37' title="bbox 587 2222 2165 2293; baseline 0.001 -18"><span class='ocrx_word' id='word_1_232' title='bbox 587 2232 764 2276; x_wconf 83' lang='lat' dir='ltr'><strong>autem</strong></span> <span class='ocrx_word' id='word_1_233' title='bbox 817 2233 981 2293; x_wconf 90' lang='lat' dir='ltr'><strong>queat</strong></span> <span class='ocrx_word' id='word_1_234' title='bbox 1030 2222 1119 2277; x_wconf 87' lang='lat' dir='ltr'><strong>Dei</strong></span> <span class='ocrx_word' id='word_1_235' title='bbox 1159 2239 1291 2292; x_wconf 89' lang='lat' dir='ltr'><strong>opus</strong></span> <span class='ocrx_word' id='word_1_236' title='bbox 1318 2238 1461 2286; x_wconf 90' lang='lat' dir='ltr'><strong>esse,</strong></span> <span class='ocrx_word' id='word_1_237' title='bbox 1518 2222 1785 2292; x_wconf 83' lang='lat' dir='ltr'><strong>siquidem</strong></span> <span class='ocrx_word' id='word_1_238' title='bbox 1815 2222 1865 2276; x_wconf 92' lang='lat' dir='ltr'><strong>id</strong></span> <span class='ocrx_word' id='word_1_239' title='bbox 1923 2224 2165 2291; x_wconf 82' lang='lat' dir='ltr'><strong>permisit</strong></span> 
     </span>
    </p>
   </div>
   <div class='ocr_carea' id='block_1_38' title="bbox 587 2312 2169 2385">
    <p class='ocr_par' dir='ltr' id='par_1_38' title="bbox 587 2312 2169 2385">
     <span class='ocr_line' id='line_1_38' title="bbox 587 2312 2169 2385; baseline 0.003 -18"><span class='ocrx_word' id='word_1_240' title='bbox 587 2312 702 2381; x_wconf 88' lang='lat' dir='ltr'><strong>ipse</strong></span> <span class='ocrx_word' id='word_1_241' title='bbox 735 2322 842 2367; x_wconf 92' lang='lat' dir='ltr'><strong>tam</strong></span> <span class='ocrx_word' id='word_1_242' title='bbox 890 2325 1129 2383; x_wconf 81' lang='lat' dir='ltr'><strong>agrestes</strong></span> <span class='ocrx_word' id='word_1_243' title='bbox 1160 2322 1212 2368; x_wconf 89' lang='lat' dir='ltr'><strong>et</strong></span> <span class='ocrx_word' id='word_1_244' title='bbox 1252 2314 1399 2371; x_wconf 83' lang='lat' dir='ltr'><strong>feros</strong></span> <span class='ocrx_word' id='word_1_245' title='bbox 1471 2326 1787 2385; x_wconf 86' lang='lat' dir='ltr'><strong>peccatores</strong></span> <span class='ocrx_word' id='word_1_246' title='bbox 1838 2317 1918 2371; x_wconf 90' lang='lat' dir='ltr'><strong>ira</strong></span> <span class='ocrx_word' id='word_1_247' title='bbox 1972 2332 2169 2373; x_wconf 87' lang='lat' dir='ltr'><strong>conve-</strong></span> 
     </span>
    </p>
   </div>
   <div class='ocr_carea' id='block_1_39' title="bbox 587 2403 2157 2479">
    <p class='ocr_par' dir='ltr' id='par_1_39' title="bbox 587 2403 2157 2479">
     <span class='ocr_line' id='line_1_39' title="bbox 587 2403 2157 2479; baseline 0.003 -21"><span class='ocrx_word' id='word_1_248' title='bbox 587 2403 752 2459; x_wconf 88' lang='lat' dir='ltr'><strong>nienti</strong></span> <span class='ocrx_word' id='word_1_249' title='bbox 794 2420 1143 2474; x_wconf 87' lang='lat' dir='ltr'><strong>persequens.</strong></span> <span class='ocrx_word' id='word_1_250' title='bbox 1170 2404 1445 2463; x_wconf 88' lang='lat' dir='ltr'><strong>Inveniam</strong></span> <span class='ocrx_word' id='word_1_251' title='bbox 1478 2408 1641 2477; x_wconf 87' lang='lat' dir='ltr'><strong>igitur</strong></span> <span class='ocrx_word' id='word_1_252' title='bbox 1663 2423 1757 2463; x_wconf 89' lang='lat' dir='ltr'><strong>eos</strong></span> <span class='ocrx_word' id='word_1_253' title='bbox 1776 2421 1833 2463; x_wconf 91' lang='lat' dir='ltr'><strong>ut</strong></span> <span class='ocrx_word' id='word_1_254' title='bbox 1868 2424 1934 2479; x_wconf 90' lang='lat' dir='ltr'><strong>pa</strong></span> <span class='ocrx_word' id='word_1_255' title='bbox 1950 2409 2157 2476; x_wconf 55' lang='lat' dir='ltr'><strong>sthera,</strong></span> 
     </span>
    </p>
   </div>
   <div class='ocr_carea' id='block_1_40' title="bbox 589 2496 2166 2569">
    <p class='ocr_par' dir='ltr' id='par_1_40' title="bbox 589 2496 2166 2569">
     <span class='ocr_line' id='line_1_40' title="bbox 589 2496 2166 2569; baseline 0.004 -19"><span class='ocrx_word' id='word_1_256' title='bbox 589 2503 647 2550; x_wconf 92' lang='lat' dir='ltr'><strong>ut</strong></span> <span class='ocrx_word' id='word_1_257' title='bbox 675 2496 925 2563; x_wconf 89' lang='lat' dir='ltr'><strong>pardalis.</strong></span> <span class='ocrx_word' id='word_1_258' title='bbox 959 2496 1395 2566; x_wconf 87' lang='lat' dir='ltr'><strong>Deportabuntur</strong></span> <span class='ocrx_word' id='word_1_259' title='bbox 1416 2501 1562 2553; x_wconf 90' lang='lat' dir='ltr'><strong>enim</strong></span> <span class='ocrx_word' id='word_1_260' title='bbox 1624 2500 1677 2553; x_wconf 92' lang='lat' dir='ltr'><strong>in</strong></span> <span class='ocrx_word' id='word_1_261' title='bbox 1714 2502 2015 2569; x_wconf 81' lang='lat' dir='ltr'><strong>Assyriam.</strong></span> <span class='ocrx_word' id='word_1_262' title='bbox 2061 2501 2166 2556; x_wconf 81' lang='lat' dir='ltr'><strong>Oc-</strong></span> 
     </span>
    </p>
   </div>
   <div class='ocr_carea' id='block_1_41' title="bbox 586 2588 2168 2658">
    <p class='ocr_par' dir='ltr' id='par_1_41' title="bbox 586 2588 2168 2658">
     <span class='ocr_line' id='line_1_41' title="bbox 586 2588 2168 2658; baseline 0.004 -17"><span class='ocrx_word' id='word_1_263' title='bbox 586 2601 800 2641; x_wconf 87' lang='lat' dir='ltr'><strong>curram</strong></span> <span class='ocrx_word' id='word_1_264' title='bbox 826 2602 988 2657; x_wconf 88' lang='lat' dir='ltr'><strong>porro</strong></span> <span class='ocrx_word' id='word_1_265' title='bbox 1025 2588 1104 2642; x_wconf 89' lang='lat' dir='ltr'><strong>eis</strong></span> <span class='ocrx_word' id='word_1_266' title='bbox 1125 2588 1286 2642; x_wconf 83' lang='lat' dir='ltr'><strong>etiam</strong></span> <span class='ocrx_word' id='word_1_267' title='bbox 1323 2597 1381 2643; x_wconf 94' lang='lat' dir='ltr'><strong>ut</strong></span> <span class='ocrx_word' id='word_1_268' title='bbox 1415 2605 1539 2645; x_wconf 87' lang='lat' dir='ltr'><strong>ursa</strong></span> <span class='ocrx_word' id='word_1_269' title='bbox 1600 2591 1869 2657; x_wconf 86' lang='lat' dir='ltr'><strong>indigens,</strong></span> <span class='ocrx_word' id='word_1_270' title='bbox 1898 2593 2001 2647; x_wconf 88' lang='lat' dir='ltr'><strong>hoc</strong></span> <span class='ocrx_word' id='word_1_271' title='bbox 2061 2602 2168 2658; x_wconf 90' lang='lat' dir='ltr'><strong>est,</strong></span> 
     </span>
    </p>
   </div>
   <div class='ocr_carea' id='block_1_42' title="bbox 588 2677 2198 2749">
    <p class='ocr_par' dir='ltr' id='par_1_42' title="bbox 588 2677 2198 2749">
     <span class='ocr_line' id='line_1_42' title="bbox 588 2677 2198 2749; baseline 0.006 -18"><span class='ocrx_word' id='word_1_272' title='bbox 588 2677 839 2734; x_wconf 71' lang='lat' dir='ltr'><strong>esttu&#39;ens</strong></span> <span class='ocrx_word' id='word_1_273' title='bbox 878 2677 1034 2744; x_wconf 77' lang='lat' dir='ltr'><strong>forte,</strong></span> <span class='ocrx_word' id='word_1_274' title='bbox 1062 2689 1153 2734; x_wconf 89' lang='lat' dir='ltr'><strong>aut</strong></span> <span class='ocrx_word' id='word_1_275' title='bbox 1181 2682 1356 2749; x_wconf 88' lang='lat' dir='ltr'><strong>captis</strong></span> <span class='ocrx_word' id='word_1_276' title='bbox 1400 2682 1593 2738; x_wconf 87' lang='lat' dir='ltr'><strong>catulis</strong></span> <span class='ocrx_word' id='word_1_277' title='bbox 1617 2684 1967 2740; x_wconf 79' lang='lat' dir='ltr'><strong>vehementer</strong></span> <span class='ocrx_word' id='word_1_278' title='bbox 2000 2686 2198 2740; x_wconf 65' lang='lat' dir='ltr'><strong>tristis</strong></span> 
     </span>
    </p>
   </div>
   <div class='ocr_carea' id='block_1_43' title="bbox 588 2768 2167 2840">
    <p class='ocr_par' dir='ltr' id='par_1_43' title="bbox 588 2768 2167 2840">
     <span class='ocr_line' id='line_1_43' title="bbox 588 2768 2167 2840; baseline 0.006 -20"><span class='ocrx_word' id='word_1_279' title='bbox 588 2776 644 2820; x_wconf 87' lang='lat' dir='ltr'><strong>et</strong></span> <span class='ocrx_word' id='word_1_280' title='bbox 668 2768 950 2823; x_wconf 83' lang='lat' dir='ltr'><strong>oberrans.</strong></span> <span class='ocrx_word' id='word_1_281' title='bbox 982 2770 1135 2825; x_wconf 87' lang='lat' dir='ltr'><strong>&#39;I‘tmc</strong></span> <span class='ocrx_word' id='word_1_282' title='bbox 1168 2772 1311 2825; x_wconf 87' lang='lat' dir='ltr'><strong>enim</strong></span> <span class='ocrx_word' id='word_1_283' title='bbox 1346 2773 1687 2840; x_wconf 88' lang='lat' dir='ltr'><strong>potissimum</strong></span> <span class='ocrx_word' id='word_1_284' title='bbox 1740 2776 1877 2829; x_wconf 88' lang='lat' dir='ltr'><strong>hanc</strong></span> <span class='ocrx_word' id='word_1_285' title='bbox 1938 2775 2167 2830; x_wconf 90' lang='lat' dir='ltr'><strong>belluam</strong></span> 
     </span>
    </p>
   </div>
   <div class='ocr_carea' id='block_1_44' title="bbox 589 2857 2172 2921">
    <p class='ocr_par' dir='ltr' id='par_1_44' title="bbox 589 2857 2172 2921">
     <span class='ocr_line' id='line_1_44' title="bbox 589 2857 2172 2921; baseline 0.006 -11"><span class='ocrx_word' id='word_1_286' title='bbox 589 2857 771 2911; x_wconf 79' lang='lat' dir='ltr'><strong>lerunt</strong></span> <span class='ocrx_word' id='word_1_287' title='bbox 796 2858 1014 2913; x_wconf 85' lang='lat' dir='ltr'><strong>insitum</strong></span> <span class='ocrx_word' id='word_1_288' title='bbox 1050 2860 1289 2915; x_wconf 78' lang='lat' dir='ltr'><strong>furorem</strong></span> <span class='ocrx_word' id='word_1_289' title='bbox 1319 2862 1494 2918; x_wconf 89' lang='lat' dir='ltr'><strong>solere</strong></span> <span class='ocrx_word' id='word_1_290' title='bbox 1519 2873 1685 2918; x_wconf 82' lang='lat' dir='ltr'><strong>tmum</strong></span> <span class='ocrx_word' id='word_1_291' title='bbox 1720 2864 2017 2921; x_wconf 81' lang='lat' dir='ltr'><strong>ell&#39;undere.</strong></span> <span class='ocrx_word' id='word_1_292' title='bbox 2055 2884 2073 2918; x_wconf 85' lang='grc' dir='ltr'><strong>ι</strong></span> <span class='ocrx_word' id='word_1_293' title='bbox 2103 2865 2172 2920; x_wconf 90' lang='lat' dir='ltr'><strong>Et</strong></span> 
     </span>
    </p>
   </div>
   <div class='ocr_carea' id='block_1_45' title="bbox 590 2949 2170 3018">
    <p class='ocr_par' dir='ltr' id='par_1_45' title="bbox 590 2949 2170 3018">
     <span class='ocr_line' id='line_1_45' title="bbox 590 2949 2170 3018; baseline 0.004 -15"><span class='ocrx_word' id='word_1_294' title='bbox 590 2949 891 3018; x_wconf 83' lang='lat' dir='ltr'><strong>dirumpam</strong></span> <span class='ocrx_word' id='word_1_295' title='bbox 931 2951 1336 3007; x_wconf 78' lang='lat' dir='ltr'><strong>conclusionem</strong></span> <span class='ocrx_word' id='word_1_296' title='bbox 1394 2955 1814 3010; x_wconf 82' lang='lat' dir='ltr'><strong>cordis-eorum.</strong></span> <span class='ocrx_word' id='word_1_297' title='bbox 1854 2974 1871 3007; x_wconf 83' lang='lat' dir='ltr'><strong>I</strong></span> <span class='ocrx_word' id='word_1_298' title='bbox 1932 2956 2170 3012; x_wconf 86' lang='lat' dir='ltr'><strong>Conclu-</strong></span> 
     </span>
    </p>
   </div>
   <div class='ocr_carea' id='block_1_46' title="bbox 594 3041 2169 3117">
    <p class='ocr_par' dir='ltr' id='par_1_46' title="bbox 594 3041 2169 3117">
     <span class='ocr_line' id='line_1_46' title="bbox 594 3041 2169 3117; baseline 0.006 -22"><span class='ocrx_word' id='word_1_299' title='bbox 594 3041 802 3096; x_wconf 87' lang='lat' dir='ltr'><strong>sionem</strong></span> <span class='ocrx_word' id='word_1_300' title='bbox 827 3044 1059 3111; x_wconf 88' lang='lat' dir='ltr'><strong>appellat</strong></span> <span class='ocrx_word' id='word_1_301' title='bbox 1096 3056 1361 3113; x_wconf 90' lang='lat' dir='ltr'><strong>tutamen,</strong></span> <span class='ocrx_word' id='word_1_302' title='bbox 1400 3061 1493 3101; x_wconf 90' lang='lat' dir='ltr'><strong>seu</strong></span> <span class='ocrx_word' id='word_1_303' title='bbox 1525 3048 1868 3117; x_wconf 63' lang='lat' dir='ltr'><strong>praesidium:</strong></span> <span class='ocrx_word' id='word_1_304' title='bbox 1932 3059 2169 3105; x_wconf 89' lang='lat' dir='ltr'><strong>tutamen</strong></span> 
     </span>
    </p>
   </div>
   <div class='ocr_carea' id='block_1_47' title="bbox 593 3137 2169 3209">
    <p class='ocr_par' dir='ltr' id='par_1_47' title="bbox 593 3137 2169 3209">
     <span class='ocr_line' id='line_1_47' title="bbox 593 3137 2169 3209; baseline 0.004 -21"><span class='ocrx_word' id='word_1_305' title='bbox 593 3142 772 3189; x_wconf 87' lang='lat' dir='ltr'><strong>autem</strong></span> <span class='ocrx_word' id='word_1_306' title='bbox 792 3137 972 3191; x_wconf 88' lang='lat' dir='ltr'><strong>cordis</strong></span> <span class='ocrx_word' id='word_1_307' title='bbox 1000 3146 1084 3192; x_wconf 91' lang='lat' dir='ltr'><strong>est</strong></span> <span class='ocrx_word' id='word_1_308' title='bbox 1113 3139 1359 3203; x_wconf 88' lang='lat' dir='ltr'><strong>audacia,</strong></span> <span class='ocrx_word' id='word_1_309' title='bbox 1389 3155 1552 3209; x_wconf 89' lang='lat' dir='ltr'><strong>quam</strong></span> <span class='ocrx_word' id='word_1_310' title='bbox 1579 3140 1699 3209; x_wconf 89' lang='lat' dir='ltr'><strong>quis</strong></span> <span class='ocrx_word' id='word_1_311' title='bbox 1731 3140 1922 3196; x_wconf 80' lang='lat' dir='ltr'><strong>aﬂ‘erat</strong></span> <span class='ocrx_word' id='word_1_312' title='bbox 1978 3150 2169 3195; x_wconf 88' lang='lat' dir='ltr'><strong>contra</strong></span> 
     </span>
    </p>
   </div>
   <div class='ocr_carea' id='block_1_48' title="bbox 596 3226 2169 3302">
    <p class='ocr_par' dir='ltr' id='par_1_48' title="bbox 596 3226 2169 3302">
     <span class='ocr_line' id='line_1_48' title="bbox 596 3226 2169 3302; baseline 0.005 -22"><span class='ocrx_word' id='word_1_313' title='bbox 596 3226 819 3293; x_wconf 78' lang='lat' dir='ltr'><strong>hostes;</strong></span> <span class='ocrx_word' id='word_1_314' title='bbox 870 3241 974 3295; x_wconf 91' lang='lat' dir='ltr'><strong>qua</strong></span> <span class='ocrx_word' id='word_1_315' title='bbox 1007 3228 1241 3296; x_wconf 89' lang='lat' dir='ltr'><strong>dirupta,</strong></span> <span class='ocrx_word' id='word_1_316' title='bbox 1283 3229 1492 3284; x_wconf 89' lang='lat' dir='ltr'><strong>timoris</strong></span> <span class='ocrx_word' id='word_1_317' title='bbox 1562 3229 1790 3286; x_wconf 80' lang='lat' dir='ltr'><strong>aﬂ‘ectus</strong></span> <span class='ocrx_word' id='word_1_318' title='bbox 1845 3231 2169 3302; x_wconf 79' lang='lat' dir='ltr'><strong>ingreditur,</strong></span> 
     </span>
    </p>
   </div>
   <div class='ocr_carea' id='block_1_49' title="bbox 595 3316 2169 3389">
    <p class='ocr_par' dir='ltr' id='par_1_49' title="bbox 595 3316 2169 3389">
     <span class='ocr_line' id='line_1_49' title="bbox 595 3316 2169 3389; baseline 0.008 -22"><span class='ocrx_word' id='word_1_319' title='bbox 595 3324 654 3371; x_wconf 85' lang='lat' dir='ltr'><strong>ut</strong></span> <span class='ocrx_word' id='word_1_320' title='bbox 675 3316 836 3371; x_wconf 87' lang='lat' dir='ltr'><strong>etiam</strong></span> <span class='ocrx_word' id='word_1_321' title='bbox 868 3317 1002 3371; x_wconf 81' lang='lat' dir='ltr'><strong>citra</strong></span> <span class='ocrx_word' id='word_1_322' title='bbox 1035 3333 1263 3389; x_wconf 86' lang='lat' dir='ltr'><strong>pugnam</strong></span> <span class='ocrx_word' id='word_1_323' title='bbox 1296 3321 1542 3375; x_wconf 86' lang='lat' dir='ltr'><strong>hostibus</strong></span> <span class='ocrx_word' id='word_1_324' title='bbox 1576 3320 1859 3375; x_wconf 87' lang='lat' dir='ltr'><strong>victoriam</strong></span> <span class='ocrx_word' id='word_1_325' title='bbox 1886 3322 2169 3380; x_wconf 87' lang='lat' dir='ltr'><strong>concedat.</strong></span> 
     </span>
    </p>
   </div>
   <div class='ocr_carea' id='block_1_50' title="bbox 597 3405 2175 3475">
    <p class='ocr_par' dir='ltr' id='par_1_50' title="bbox 597 3405 2175 3475">
     <span class='ocr_line' id='line_1_50' title="bbox 597 3405 2175 3475; baseline 0.002 -16"><span class='ocrx_word' id='word_1_326' title='bbox 597 3405 786 3461; x_wconf 86' lang='lat' dir='ltr'><strong>Simile</strong></span> <span class='ocrx_word' id='word_1_327' title='bbox 821 3406 982 3475; x_wconf 87' lang='lat' dir='ltr'><strong>igitur</strong></span> <span class='ocrx_word' id='word_1_328' title='bbox 1015 3416 1117 3472; x_wconf 90' lang='lat' dir='ltr'><strong>est,</strong></span> <span class='ocrx_word' id='word_1_329' title='bbox 1144 3423 1205 3461; x_wconf 88' lang='lat' dir='ltr'><strong>ac</strong></span> <span class='ocrx_word' id='word_1_330' title='bbox 1221 3410 1264 3463; x_wconf 90' lang='lat' dir='ltr'><strong>si</strong></span> <span class='ocrx_word' id='word_1_331' title='bbox 1296 3410 1439 3464; x_wconf 87' lang='lat' dir='ltr'><strong>dicat</strong></span> <span class='ocrx_word' id='word_1_332' title='bbox 1466 3409 1697 3465; x_wconf 81' lang='lat' dir='ltr'><strong>fortasse</strong></span> <span class='ocrx_word' id='word_1_333' title='bbox 1725 3426 1739 3463; x_wconf 92' lang='lat'><strong>:</strong></span> <span class='ocrx_word' id='word_1_334' title='bbox 1769 3410 1846 3463; x_wconf 72' lang='lat' dir='ltr'><strong>Atl</strong></span> <span class='ocrx_word' id='word_1_335' title='bbox 1876 3417 2175 3465; x_wconf 82' lang='lat' dir='ltr'><strong>extremam</strong></span> 
     </span>
    </p>
   </div>
   <div class='ocr_carea' id='block_1_51' title="bbox 593 3494 2176 3566">
    <p class='ocr_par' dir='ltr' id='par_1_51' title="bbox 593 3494 2176 3566">
     <span class='ocr_line' id='line_1_51' title="bbox 593 3494 2176 3566; baseline 0.002 -18"><span class='ocrx_word' id='word_1_336' title='bbox 593 3508 689 3549; x_wconf 83' lang='lat' dir='ltr'><strong>eos</strong></span> <span class='ocrx_word' id='word_1_337' title='bbox 717 3494 1067 3550; x_wconf 84' lang='lat' dir='ltr'><strong>timiditatem.</strong></span> <span class='ocrx_word' id='word_1_338' title='bbox 1091 3496 1326 3566; x_wconf 82' lang='lat' dir='ltr'><strong>adigam,</strong></span> <span class='ocrx_word' id='word_1_339' title='bbox 1355 3498 1687 3552; x_wconf 87' lang='lat' dir='ltr'><strong>adversariis</strong></span> <span class='ocrx_word' id='word_1_340' title='bbox 1717 3513 1900 3552; x_wconf 90' lang='lat' dir='ltr'><strong>ursam</strong></span> <span class='ocrx_word' id='word_1_341' title='bbox 1926 3497 2176 3552; x_wconf 90' lang='lat' dir='ltr'><strong>esurien-</strong></span> 
     </span>
    </p>
   </div>
   <div class='ocr_carea' id='block_1_52' title="bbox 598 3588 2175 3657">
    <p class='ocr_par' dir='ltr' id='par_1_52' title="bbox 598 3588 2175 3657">
     <span class='ocr_line' id='line_1_52' title="bbox 598 3588 2175 3657; baseline 0.002 -18"><span class='ocrx_word' id='word_1_342' title='bbox 598 3596 703 3640; x_wconf 88' lang='lat' dir='ltr'><strong>tem</strong></span> <span class='ocrx_word' id='word_1_343' title='bbox 744 3595 798 3642; x_wconf 91' lang='lat' dir='ltr'><strong>et</strong></span> <span class='ocrx_word' id='word_1_344' title='bbox 846 3588 1041 3643; x_wconf 89' lang='lat' dir='ltr'><strong>catulis</strong></span> <span class='ocrx_word' id='word_1_345' title='bbox 1100 3590 1347 3643; x_wconf 90' lang='lat' dir='ltr'><strong>orbatam</strong></span> <span class='ocrx_word' id='word_1_346' title='bbox 1399 3589 1757 3645; x_wconf 88' lang='lat' dir='ltr'><strong>imitantibus.</strong></span> <span class='ocrx_word' id='word_1_347' title='bbox 1792 3589 1943 3657; x_wconf 85' lang='lat' dir='ltr'><strong>Quod</strong></span> <span class='ocrx_word' id='word_1_348' title='bbox 1995 3599 2175 3645; x_wconf 85' lang='lat' dir='ltr'><strong>autem</strong></span> 
     </span>
    </p>
   </div>
   <div class='ocr_carea' id='block_1_53' title="bbox 595 3676 2178 3750">
    <p class='ocr_par' dir='ltr' id='par_1_53' title="bbox 595 3676 2178 3750">
     <span class='ocr_line' id='line_1_53' title="bbox 595 3676 2178 3750; baseline 0.004 -21"><span class='ocrx_word' id='word_1_349' title='bbox 595 3676 761 3729; x_wconf 89' lang='lat' dir='ltr'><strong>etiam</strong></span> <span class='ocrx_word' id='word_1_350' title='bbox 791 3678 1120 3747; x_wconf 82' lang='lat' dir='ltr'><strong>captivitatis</strong></span> <span class='ocrx_word' id='word_1_351' title='bbox 1148 3679 1343 3733; x_wconf 86' lang='lat' dir='ltr'><strong>irretiti</strong></span> <span class='ocrx_word' id='word_1_352' title='bbox 1376 3680 1623 3741; x_wconf 83' lang='lat' dir='ltr'><strong>vinculis.</strong></span> <span class='ocrx_word' id='word_1_353' title='bbox 1648 3690 1701 3735; x_wconf 90' lang='lat' dir='ltr'><strong>et</strong></span> <span class='ocrx_word' id='word_1_354' title='bbox 1742 3680 1794 3735; x_wconf 92' lang='lat' dir='ltr'><strong>in</strong></span> <span class='ocrx_word' id='word_1_355' title='bbox 1825 3681 2178 3750; x_wconf 85' lang='lat' dir='ltr'><strong>Assyriorum</strong></span> 
     </span>
    </p>
   </div>
   <div class='ocr_carea' id='block_1_54' title="bbox 599 3768 2179 3842">
    <p class='ocr_par' dir='ltr' id='par_1_54' title="bbox 599 3768 2179 3842">
     <span class='ocr_line' id='line_1_54' title="bbox 599 3768 2179 3842; baseline 0.005 -22"><span class='ocrx_word' id='word_1_356' title='bbox 599 3768 872 3836; x_wconf 87' lang='lat' dir='ltr'><strong>regionem</strong></span> <span class='ocrx_word' id='word_1_357' title='bbox 929 3770 1164 3836; x_wconf 88' lang='lat' dir='ltr'><strong>abducti,</strong></span> <span class='ocrx_word' id='word_1_358' title='bbox 1217 3770 1376 3841; x_wconf 75' lang='lat'><strong>185</strong></span> <span class='ocrx_word' id='word_1_359' title='bbox 1417 3774 1726 3842; x_wconf 89' lang='lat' dir='ltr'><strong>neutiquam</strong></span> <span class='ocrx_word' id='word_1_360' title='bbox 1786 3789 1813 3825; x_wconf 70' lang='grc' dir='ltr'><strong>τι</strong></span> <span class='ocrx_word' id='word_1_361' title='bbox 1854 3775 2059 3828; x_wconf 87' lang='lat' dir='ltr'><strong>scelere</strong></span> <span class='ocrx_word' id='word_1_362' title='bbox 2085 3775 2179 3828; x_wconf 83' lang='lat' dir='ltr'><strong>de-</strong></span> 
     </span>
    </p>
   </div>
   <div class='ocr_carea' id='block_1_55' title="bbox 596 3858 2175 3936">
    <p class='ocr_par' dir='ltr' id='par_1_55' title="bbox 596 3858 2175 3936">
     <span class='ocr_line' id='line_1_55' title="bbox 596 3858 2175 3936; baseline 0.005 -24"><span class='ocrx_word' id='word_1_363' title='bbox 596 3858 869 3927; x_wconf 83' lang='lat' dir='ltr'><strong>cliuaturi,</strong></span> <span class='ocrx_word' id='word_1_364' title='bbox 900 3862 997 3916; x_wconf 91' lang='lat' dir='ltr'><strong>sed</strong></span> <span class='ocrx_word' id='word_1_365' title='bbox 1048 3876 1144 3917; x_wconf 91' lang='lat' dir='ltr'><strong>eos</strong></span> <span class='ocrx_word' id='word_1_366' title='bbox 1198 3866 1361 3917; x_wconf 89' lang='lat' dir='ltr'><strong>etiam</strong></span> <span class='ocrx_word' id='word_1_367' title='bbox 1424 3863 1552 3919; x_wconf 87' lang='lat' dir='ltr'><strong>illuc</strong></span> <span class='ocrx_word' id='word_1_368' title='bbox 1608 3866 1903 3936; x_wconf 83' lang='lat' dir='ltr'><strong>pravitates</strong></span> <span class='ocrx_word' id='word_1_369' title='bbox 1933 3867 2175 3936; x_wconf 85' lang='lat' dir='ltr'><strong>ipsorum</strong></span> 
     </span>
    </p>
   </div>
   <div class='ocr_carea' id='block_1_56' title="bbox 599 3950 2179 4025">
    <p class='ocr_par' dir='ltr' id='par_1_56' title="bbox 599 3950 2179 4025">
     <span class='ocr_line' id='line_1_56' title="bbox 599 3950 2179 4025; baseline 0.004 -21"><span class='ocrx_word' id='word_1_370' title='bbox 599 3950 754 4019; x_wconf 89' lang='lat' dir='ltr'><strong>quasi</strong></span> <span class='ocrx_word' id='word_1_371' title='bbox 812 3961 1077 4007; x_wconf 84' lang='lat' dir='ltr'><strong>secuturae</strong></span> <span class='ocrx_word' id='word_1_372' title='bbox 1136 3954 1264 4020; x_wconf 89' lang='lat' dir='ltr'><strong>sint,</strong></span> <span class='ocrx_word' id='word_1_373' title='bbox 1308 3957 1581 4025; x_wconf 68' lang='lat' dir='ltr'><strong>;ostendit,</strong></span> <span class='ocrx_word' id='word_1_374' title='bbox 1633 3972 1752 4011; x_wconf 90' lang='lat' dir='ltr'><strong>cum</strong></span> <span class='ocrx_word' id='word_1_375' title='bbox 1804 3958 1998 4013; x_wconf 89' lang='lat' dir='ltr'><strong>addit:</strong></span> <span class='ocrx_word' id='word_1_376' title='bbox 2061 3976 2079 4009; x_wconf 72' lang='grc' dir='ltr'><strong>ι</strong></span> <span class='ocrx_word' id='word_1_377' title='bbox 2112 3957 2179 4011; x_wconf 86' lang='lat' dir='ltr'><strong>Et</strong></span> 
     </span>
    </p>
   </div>
   <div class='ocr_carea' id='block_1_57' title="bbox 600 4040 2181 4119">
    <p class='ocr_par' dir='ltr' id='par_1_57' title="bbox 600 4040 2181 4119">
     <span class='ocr_line' id='line_1_57' title="bbox 600 4040 2181 4119; baseline 0.004 -24"><span class='ocrx_word' id='word_1_378' title='bbox 600 4040 941 4097; x_wconf 87' lang='lat' dir='ltr'><strong>devorabunt</strong></span> <span class='ocrx_word' id='word_1_379' title='bbox 986 4058 1081 4099; x_wconf 90' lang='lat' dir='ltr'><strong>eos</strong></span> <span class='ocrx_word' id='word_1_380' title='bbox 1125 4046 1196 4100; x_wconf 90' lang='lat' dir='ltr'><strong>ibi</strong></span> <span class='ocrx_word' id='word_1_381' title='bbox 1248 4047 1411 4102; x_wconf 87' lang='lat' dir='ltr'><strong>catuli</strong></span> <span class='ocrx_word' id='word_1_382' title='bbox 1442 4048 1613 4114; x_wconf 65' lang='lat' dir='ltr'><strong>silvae,</strong></span> <span class='ocrx_word' id='word_1_383' title='bbox 1648 4050 1833 4104; x_wconf 76' lang='lat' dir='ltr'><strong>bestia:</strong></span> <span class='ocrx_word' id='word_1_384' title='bbox 1868 4048 1980 4119; x_wconf 82' lang='lat' dir='ltr'><strong>agri</strong></span> <span class='ocrx_word' id='word_1_385' title='bbox 2045 4048 2181 4102; x_wconf 83' lang='lat' dir='ltr'><strong>dila-</strong></span> 
     </span>
    </p>
   </div>
   <div class='ocr_carea' id='block_1_58' title="bbox 601 4131 2175 4209">
    <p class='ocr_par' dir='ltr' id='par_1_58' title="bbox 601 4131 2175 4209">
     <span class='ocr_line' id='line_1_58' title="bbox 601 4131 2175 4209; baseline 0.003 -22"><span class='ocrx_word' id='word_1_386' title='bbox 601 4131 831 4189; x_wconf 86' lang='lat' dir='ltr'><strong>niabunt</strong></span> <span class='ocrx_word' id='word_1_387' title='bbox 852 4148 945 4189; x_wconf 89' lang='lat' dir='ltr'><strong>eos</strong></span> <span class='ocrx_word' id='word_1_388' title='bbox 972 4174 984 4188; x_wconf 95' lang='lat'><strong>.</strong></span> <span class='ocrx_word' id='word_1_389' title='bbox 1022 4154 1039 4187; x_wconf 77' lang='grc' dir='ltr'><strong>ι</strong></span> <span class='ocrx_word' id='word_1_390' title='bbox 1088 4139 1433 4208; x_wconf 81' lang='lat' dir='ltr'><strong>Assyriorum</strong></span> <span class='ocrx_word' id='word_1_391' title='bbox 1456 4140 1600 4194; x_wconf 90' lang='lat' dir='ltr'><strong>enim</strong></span> <span class='ocrx_word' id='word_1_392' title='bbox 1626 4139 1805 4209; x_wconf 88' lang='lat' dir='ltr'><strong>populi</strong></span> <span class='ocrx_word' id='word_1_393' title='bbox 1856 4138 2175 4193; x_wconf 88' lang='lat' dir='ltr'><strong>intractabi-</strong></span> 
     </span>
    </p>
   </div>
   <div class='ocr_carea' id='block_1_59' title="bbox 602 4226 2177 4301">
    <p class='ocr_par' dir='ltr' id='par_1_59' title="bbox 602 4226 2177 4301">
     <span class='ocr_line' id='line_1_59' title="bbox 602 4226 2177 4301; baseline 0.003 -20"><span class='ocrx_word' id='word_1_394' title='bbox 602 4226 705 4292; x_wconf 91' lang='lat' dir='ltr'><strong>Ies,</strong></span> <span class='ocrx_word' id='word_1_395' title='bbox 736 4227 930 4283; x_wconf 86' lang='lat' dir='ltr'><strong>catulis</strong></span> <span class='ocrx_word' id='word_1_396' title='bbox 961 4228 1015 4282; x_wconf 93' lang='lat' dir='ltr'><strong>in</strong></span> <span class='ocrx_word' id='word_1_397' title='bbox 1046 4228 1195 4285; x_wconf 86' lang='lat' dir='ltr'><strong>silvis</strong></span> <span class='ocrx_word' id='word_1_398' title='bbox 1219 4230 1334 4285; x_wconf 86' lang='lat' dir='ltr'><strong>sive</strong></span> <span class='ocrx_word' id='word_1_399' title='bbox 1376 4232 1621 4287; x_wconf 85' lang='lat' dir='ltr'><strong>saltubus</strong></span> <span class='ocrx_word' id='word_1_400' title='bbox 1663 4240 1883 4301; x_wconf 90' lang='lat' dir='ltr'><strong>propter</strong></span> <span class='ocrx_word' id='word_1_401' title='bbox 1910 4230 2177 4300; x_wconf 88' lang='lat' dir='ltr'><strong>insignem</strong></span> 
     </span>
    </p>
   </div>
   <div class='ocr_carea' id='block_1_60' title="bbox 604 4317 1306 4390">
    <p class='ocr_par' dir='ltr' id='par_1_60' title="bbox 604 4317 1306 4390">
     <span class='ocr_line' id='line_1_60' title="bbox 604 4317 1306 4390; baseline 0.007 -20"><span class='ocrx_word' id='word_1_402' title='bbox 604 4317 875 4374; x_wconf 78' lang='lat' dir='ltr'><strong>feritatem</strong></span> <span class='ocrx_word' id='word_1_403' title='bbox 900 4330 1306 4390; x_wconf 88' lang='lat' dir='ltr'><strong>comparantur.</strong></span> 
     </span>
    </p>
   </div>
   <div class='ocr_carea' id='block_1_61' title="bbox 2272 2038 3859 2110">
    <p class='ocr_par' dir='ltr' id='par_1_61' title="bbox 2272 2038 3859 2110">
     <span class='ocr_line' id='line_1_61' title="bbox 2272 2038 3859 2110; baseline 0 -19"><span class='ocrx_word' id='word_1_404' title='bbox 2272 2040 2470 2107; x_wconf 84' lang='grc' dir='ltr'>γένοιτ’</span> <span class='ocrx_word' id='word_1_405' title='bbox 2505 2038 2571 2092; x_wconf 86' lang='grc' dir='ltr'><strong>ἂν</strong></span> <span class='ocrx_word' id='word_1_406' title='bbox 2601 2040 2659 2092; x_wconf 84' lang='grc' dir='ltr'>ὲν</span> <span class='ocrx_word' id='word_1_407' title='bbox 2691 2038 2971 2104; x_wconf 82' lang='grc' dir='ltr'>τοιαύταις</span> <span class='ocrx_word' id='word_1_408' title='bbox 2997 2039 3209 2110; x_wconf 81' lang='grc' dir='ltr'><strong>ὀργαῖς,</strong></span> <span class='ocrx_word' id='word_1_409' title='bbox 3241 2039 3356 2093; x_wconf 82' lang='grc' dir='ltr'>ἀλλ’</span> <span class='ocrx_word' id='word_1_410' title='bbox 3383 2040 3561 2093; x_wconf 77' lang='grc' dir='ltr'>ἐκεῖνό</span> <span class='ocrx_word' id='word_1_411' title='bbox 3590 2057 3693 2091; x_wconf 84' lang='grc' dir='ltr'><strong>που</strong></span> <span class='ocrx_word' id='word_1_412' title='bbox 3723 2041 3859 2110; x_wconf 71' lang='grc' dir='ltr'>τάχα</span> 
     </span>
    </p>
   </div>
   <div class='ocr_carea' id='block_1_62' title="bbox 2272 2126 3860 2199">
    <p class='ocr_par' dir='ltr' id='par_1_62' title="bbox 2272 2126 3860 2199">
     <span class='ocr_line' id='line_1_62' title="bbox 2272 2126 3860 2199; baseline -0.001 -19"><span class='ocrx_word' id='word_1_413' title='bbox 2272 2126 2511 2180; x_wconf 83' lang='grc' dir='ltr'><strong>διδάσκει</strong></span> <span class='ocrx_word' id='word_1_414' title='bbox 2544 2126 2727 2193; x_wconf 86' lang='grc' dir='ltr'>πάλιν,</span> <span class='ocrx_word' id='word_1_415' title='bbox 2777 2129 2859 2181; x_wconf 84' lang='grc' dir='ltr'>ὅτι</span> <span class='ocrx_word' id='word_1_416' title='bbox 2908 2129 3269 2199; x_wconf 86' lang='grc' dir='ltr'>κεχρήσονται</span> <span class='ocrx_word' id='word_1_417' title='bbox 3320 2128 3419 2199; x_wconf 82' lang='grc' dir='ltr'>μὲν</span> <span class='ocrx_word' id='word_1_418' title='bbox 3471 2129 3517 2181; x_wconf 73' lang='lat' dir='ltr'><strong>ai</strong></span> <span class='ocrx_word' id='word_1_419' title='bbox 3581 2128 3860 2199; x_wconf 75' lang='grc' dir='ltr'>Ἀσσύριοι</span> 
     </span>
    </p>
   </div>
   <div class='ocr_carea' id='block_1_63' title="bbox 2273 2218 3859 2291">
    <p class='ocr_par' dir='ltr' id='par_1_63' title="bbox 2273 2218 3859 2291">
     <span class='ocr_line' id='line_1_63' title="bbox 2273 2218 3859 2291; baseline 0.001 -21"><span class='ocrx_word' id='word_1_420' title='bbox 2273 2220 2393 2281; x_wconf 88' lang='grc' dir='ltr'>ταῖς</span> <span class='ocrx_word' id='word_1_421' title='bbox 2438 2218 2609 2282; x_wconf 77' lang='grc' dir='ltr'>οὕτως</span> <span class='ocrx_word' id='word_1_422' title='bbox 2652 2219 2913 2289; x_wconf 81' lang='grc' dir='ltr'>ἀκράτοις</span> <span class='ocrx_word' id='word_1_423' title='bbox 2959 2219 3173 2290; x_wconf 82' lang='grc' dir='ltr'>ὀργαῖς,</span> <span class='ocrx_word' id='word_1_424' title='bbox 3216 2218 3572 2291; x_wconf 84' lang='grc' dir='ltr'>ἀπάνθρωποί</span> <span class='ocrx_word' id='word_1_425' title='bbox 3624 2236 3709 2284; x_wconf 84' lang='grc' dir='ltr'><strong>τε,</strong></span> <span class='ocrx_word' id='word_1_426' title='bbox 3766 2220 3859 2272; x_wconf 78' lang='grc' dir='ltr'>καὶ</span> 
     </span>
    </p>
   </div>
   <div class='ocr_carea' id='block_1_64' title="bbox 2275 2308 3861 2380">
    <p class='ocr_par' dir='ltr' id='par_1_64' title="bbox 2275 2308 3861 2380">
     <span class='ocr_line' id='line_1_64' title="bbox 2275 2308 3861 2380; baseline 0 -19"><span class='ocrx_word' id='word_1_427' title='bbox 2275 2308 2610 2380; x_wconf 84' lang='grc' dir='ltr'>ἀτεράμονες</span> <span class='ocrx_word' id='word_1_428' title='bbox 2643 2308 2761 2379; x_wconf 77' lang='grc' dir='ltr'>(καὶ</span> <span class='ocrx_word' id='word_1_429' title='bbox 2808 2308 2863 2362; x_wconf 89' lang='grc' dir='ltr'><strong>τί</strong></span> <span class='ocrx_word' id='word_1_430' title='bbox 2901 2309 3009 2380; x_wconf 85' lang='grc' dir='ltr'><strong>γὰρ</strong></span> <span class='ocrx_word' id='word_1_431' title='bbox 3040 2310 3162 2379; x_wconf 74' lang='grc' dir='ltr'>οὐχὶ</span> <span class='ocrx_word' id='word_1_432' title='bbox 3205 2308 3313 2362; x_wconf 90' lang='grc' dir='ltr'><strong>τῶν</strong></span> <span class='ocrx_word' id='word_1_433' title='bbox 3345 2311 3599 2364; x_wconf 86' lang='grc' dir='ltr'>τοιούτων</span> <span class='ocrx_word' id='word_1_434' title='bbox 3621 2309 3661 2373; x_wconf 90' lang='lat'><strong>;)</strong></span> <span class='ocrx_word' id='word_1_435' title='bbox 3702 2325 3861 2377; x_wconf 89' lang='grc' dir='ltr'>γεγο-</span> 
     </span>
    </p>
   </div>
   <div class='ocr_carea' id='block_1_65' title="bbox 2275 2396 3860 2471">
    <p class='ocr_par' dir='ltr' id='par_1_65' title="bbox 2275 2396 3860 2471">
     <span class='ocr_line' id='line_1_65' title="bbox 2275 2396 3860 2471; baseline 0 -17"><span class='ocrx_word' id='word_1_436' title='bbox 2275 2401 2423 2464; x_wconf 87' lang='grc' dir='ltr'>νότες</span> <span class='ocrx_word' id='word_1_437' title='bbox 2456 2400 2775 2456; x_wconf 82' lang='grc' dir='ltr'>ἁλώσονται.</span> <span class='ocrx_word' id='word_1_438' title='bbox 2818 2399 2996 2467; x_wconf 79' lang='grc' dir='ltr'>Δόξειε</span> <span class='ocrx_word' id='word_1_439' title='bbox 3022 2401 3067 2454; x_wconf 73' lang='grc' dir='ltr'>δ’</span> <span class='ocrx_word' id='word_1_440' title='bbox 3093 2400 3160 2454; x_wconf 76' lang='grc' dir='ltr'><strong>ἂν</strong></span> <span class='ocrx_word' id='word_1_441' title='bbox 3198 2396 3336 2454; x_wconf 75' lang='grc' dir='ltr'>εῖναι</span> <span class='ocrx_word' id='word_1_442' title='bbox 3367 2400 3499 2454; x_wconf 88' lang='grc' dir='ltr'>Θεοῦ</span> <span class='ocrx_word' id='word_1_443' title='bbox 3537 2401 3599 2453; x_wconf 86' lang='grc' dir='ltr'><strong>τὸ</strong></span> <span class='ocrx_word' id='word_1_444' title='bbox 3626 2402 3860 2471; x_wconf 81' lang='grc' dir='ltr'>πραττό-</span> 
     </span>
    </p>
   </div>
   <div class='ocr_carea' id='block_1_66' title="bbox 2280 2492 3869 2564">
    <p class='ocr_par' dir='ltr' id='par_1_66' title="bbox 2280 2492 3869 2564">
     <span class='ocr_line' id='line_1_66' title="bbox 2280 2492 3869 2564; baseline 0.001 -19"><span class='ocrx_word' id='word_1_445' title='bbox 2280 2510 2459 2564; x_wconf 87' lang='grc' dir='ltr'>μενον,</span> <span class='ocrx_word' id='word_1_446' title='bbox 2497 2494 2618 2547; x_wconf 75' lang='grc' dir='ltr'>ἐπεί</span> <span class='ocrx_word' id='word_1_447' title='bbox 2659 2512 2740 2548; x_wconf 91' lang='grc' dir='ltr'><strong>τοι</strong></span> <span class='ocrx_word' id='word_1_448' title='bbox 2782 2494 3034 2563; x_wconf 84' lang='grc' dir='ltr'>γενέσθαι</span> <span class='ocrx_word' id='word_1_449' title='bbox 3068 2492 3487 2564; x_wconf 81' lang='grc' dir='ltr'>συγκεχώρηκεν</span> <span class='ocrx_word' id='word_1_450' title='bbox 3532 2494 3720 2558; x_wconf 69' lang='grc' dir='ltr'>αὐτὸς,</span> <span class='ocrx_word' id='word_1_451' title='bbox 3752 2497 3869 2557; x_wconf 86' lang='grc' dir='ltr'>τοῖς.</span> 
     </span>
    </p>
   </div>
   <div class='ocr_carea' id='block_1_67' title="bbox 2276 2585 3865 2658">
    <p class='ocr_par' dir='ltr' id='par_1_67' title="bbox 2276 2585 3865 2658">
     <span class='ocr_line' id='line_1_67' title="bbox 2276 2585 3865 2658; baseline 0 -21"><span class='ocrx_word' id='word_1_452' title='bbox 2276 2585 2447 2648; x_wconf 75' lang='grc' dir='ltr'>οὕτως</span> <span class='ocrx_word' id='word_1_453' title='bbox 2472 2586 2681 2656; x_wconf 84' lang='grc' dir='ltr'>ἀγρίως</span> <span class='ocrx_word' id='word_1_454' title='bbox 2712 2586 3061 2658; x_wconf 77' lang='grc' dir='ltr'>ἡμαρτηκόσι</span> <span class='ocrx_word' id='word_1_455' title='bbox 3096 2586 3194 2657; x_wconf 79' lang='grc' dir='ltr'>τὴν</span> <span class='ocrx_word' id='word_1_456' title='bbox 3223 2587 3405 2649; x_wconf 77' lang='grc' dir='ltr'>αὐτοῖς</span> <span class='ocrx_word' id='word_1_457' title='bbox 3433 2601 3752 2657; x_wconf 86' lang='grc' dir='ltr'>πρεπουσαν</span> <span class='ocrx_word' id='word_1_458' title='bbox 3776 2587 3865 2655; x_wconf 83' lang='grc' dir='ltr'><strong>ὁρ-</strong></span> 
     </span>
    </p>
   </div>
   <div class='ocr_carea' id='block_1_68' title="bbox 2277 2676 3865 2749">
    <p class='ocr_par' dir='ltr' id='par_1_68' title="bbox 2277 2676 3865 2749">
     <span class='ocr_line' id='line_1_68' title="bbox 2277 2676 3865 2749; baseline -0.001 -20"><span class='ocrx_word' id='word_1_459' title='bbox 2277 2677 2380 2747; x_wconf 83' lang='grc' dir='ltr'><strong>γὴν</strong></span> <span class='ocrx_word' id='word_1_460' title='bbox 2406 2678 2654 2747; x_wconf 76' lang='grc' dir='ltr'>ἐπαφείς.</span> <span class='ocrx_word' id='word_1_461' title='bbox 2690 2678 2919 2749; x_wconf 84' lang='grc' dir='ltr'>Εὑρήσω</span> <span class='ocrx_word' id='word_1_462' title='bbox 2940 2678 3119 2731; x_wconf 81' lang='grc' dir='ltr'>τοίνυν</span> <span class='ocrx_word' id='word_1_463' title='bbox 3158 2678 3376 2744; x_wconf 79' lang='grc' dir='ltr'>αὐτοὺς,</span> <span class='ocrx_word' id='word_1_464' title='bbox 3400 2677 3473 2741; x_wconf 84' lang='grc' dir='ltr'>ὡς</span> <span class='ocrx_word' id='word_1_465' title='bbox 3517 2677 3761 2747; x_wconf 76' lang='grc' dir='ltr'>πάνθηρ,</span> <span class='ocrx_word' id='word_1_466' title='bbox 3790 2676 3865 2737; x_wconf 84' lang='grc' dir='ltr'><strong>ὡς</strong></span> 
     </span>
    </p>
   </div>
   <div class='ocr_carea' id='block_1_69' title="bbox 2278 2767 3864 2840">
    <p class='ocr_par' dir='ltr' id='par_1_69' title="bbox 2278 2767 3864 2840">
     <span class='ocr_line' id='line_1_69' title="bbox 2278 2767 3864 2840; baseline 0 -21"><span class='ocrx_word' id='word_1_467' title='bbox 2278 2768 2563 2839; x_wconf 85' lang='grc' dir='ltr'>πάρδαλις.</span> <span class='ocrx_word' id='word_1_468' title='bbox 2625 2767 3181 2840; x_wconf 84' lang='grc' dir='ltr'>Ἀποκομισθήσονται</span> <span class='ocrx_word' id='word_1_469' title='bbox 3233 2769 3343 2839; x_wconf 80' lang='grc' dir='ltr'>γὰρ</span> <span class='ocrx_word' id='word_1_470' title='bbox 3391 2769 3471 2833; x_wconf 80' lang='grc' dir='ltr'><strong>εἰς</strong></span> <span class='ocrx_word' id='word_1_471' title='bbox 3502 2768 3601 2839; x_wconf 78' lang='grc' dir='ltr'>τὴν</span> <span class='ocrx_word' id='word_1_472' title='bbox 3668 2769 3864 2820; x_wconf 79' lang='grc' dir='ltr'>Ἀσσυ-</span> 
     </span>
    </p>
   </div>
   <div class='ocr_carea' id='block_1_70' title="bbox 2282 2861 3866 2932">
    <p class='ocr_par' dir='ltr' id='par_1_70' title="bbox 2282 2861 3866 2932">
     <span class='ocr_line' id='line_1_70' title="bbox 2282 2861 3866 2932; baseline -0.001 -17"><span class='ocrx_word' id='word_1_473' title='bbox 2282 2862 2431 2932; x_wconf 90' lang='grc' dir='ltr'>ρίων.</span> <span class='ocrx_word' id='word_1_474' title='bbox 2479 2862 2889 2932; x_wconf 84' lang='grc' dir='ltr'>Ἀπαντήσομαι</span> <span class='ocrx_word' id='word_1_475' title='bbox 2919 2861 2975 2914; x_wconf 77' lang='grc' dir='ltr'>δὲ</span> <span class='ocrx_word' id='word_1_476' title='bbox 3014 2862 3198 2926; x_wconf 80' lang='grc' dir='ltr'>αὐτοῖς</span> <span class='ocrx_word' id='word_1_477' title='bbox 3244 2863 3339 2916; x_wconf 75' lang='grc' dir='ltr'><strong>καὶ</strong></span> <span class='ocrx_word' id='word_1_478' title='bbox 3368 2864 3444 2926; x_wconf 86' lang='grc' dir='ltr'><strong>ὡς</strong></span> <span class='ocrx_word' id='word_1_479' title='bbox 3480 2862 3680 2932; x_wconf 77' lang='grc' dir='ltr'>ἄρκτος</span> <span class='ocrx_word' id='word_1_480' title='bbox 3730 2862 3866 2914; x_wconf 67' lang='grc' dir='ltr'><strong>ἀπο)⁴</strong></span> 
     </span>
    </p>
   </div>
   <div class='ocr_carea' id='block_1_71' title="bbox 2282 2954 3864 3026">
    <p class='ocr_par' dir='ltr' id='par_1_71' title="bbox 2282 2954 3864 3026">
     <span class='ocr_line' id='line_1_71' title="bbox 2282 2954 3864 3026; baseline -0.001 -19"><span class='ocrx_word' id='word_1_481' title='bbox 2282 2954 2539 3026; x_wconf 86' lang='grc' dir='ltr'>ρουμένη,</span> <span class='ocrx_word' id='word_1_482' title='bbox 2591 2954 2890 3021; x_wconf 79' lang='grc' dir='ltr'>τουτέστιν,</span> <span class='ocrx_word' id='word_1_483' title='bbox 2940 2957 2974 3026; x_wconf 81' lang='grc' dir='ltr'>ἡ</span> <span class='ocrx_word' id='word_1_484' title='bbox 3010 2956 3248 3009; x_wconf 84' lang='grc' dir='ltr'>πεινῶσα</span> <span class='ocrx_word' id='word_1_485' title='bbox 3300 2956 3481 3025; x_wconf 83' lang='grc' dir='ltr'>τυχὸν,</span> <span class='ocrx_word' id='word_1_486' title='bbox 3538 2956 3571 3025; x_wconf 80' lang='grc' dir='ltr'>ἣ</span> <span class='ocrx_word' id='word_1_487' title='bbox 3626 2954 3864 3008; x_wconf 77' lang='grc' dir='ltr'>ἀλύουσα</span> 
     </span>
    </p>
   </div>
   <div class='ocr_carea' id='block_1_72' title="bbox 2284 3044 3866 3117">
    <p class='ocr_par' dir='ltr' id='par_1_72' title="bbox 2284 3044 3866 3117">
     <span class='ocr_line' id='line_1_72' title="bbox 2284 3044 3866 3117; baseline -0.001 -19"><span class='ocrx_word' id='word_1_488' title='bbox 2284 3045 2506 3115; x_wconf 86' lang='grc' dir='ltr'>σφόδρα,</span> <span class='ocrx_word' id='word_1_489' title='bbox 2529 3045 2638 3098; x_wconf 88' lang='grc' dir='ltr'><strong>τῶν</strong></span> <span class='ocrx_word' id='word_1_490' title='bbox 2660 3044 2916 3116; x_wconf 82' lang='grc' dir='ltr'>σκύμνων</span> <span class='ocrx_word' id='word_1_491' title='bbox 2937 3044 3102 3117; x_wconf 82' lang='grc' dir='ltr'>ὲξῃρη</span> <span class='ocrx_word' id='word_1_492' title='bbox 3113 3046 3307 3116; x_wconf 87' lang='grc' dir='ltr'>μένων.</span> <span class='ocrx_word' id='word_1_493' title='bbox 3331 3046 3464 3098; x_wconf 82' lang='grc' dir='ltr'>Τότε</span> <span class='ocrx_word' id='word_1_494' title='bbox 3492 3045 3601 3115; x_wconf 80' lang='grc' dir='ltr'>γὰρ</span> <span class='ocrx_word' id='word_1_495' title='bbox 3627 3045 3866 3115; x_wconf 82' lang='grc' dir='ltr'>μάλιστά</span> 
     </span>
    </p>
   </div>
   <div class='ocr_carea' id='block_1_73' title="bbox 2282 3133 3866 3206">
    <p class='ocr_par' dir='ltr' id='par_1_73' title="bbox 2282 3133 3866 3206">
     <span class='ocr_line' id='line_1_73' title="bbox 2282 3133 3866 3206; baseline -0.002 -18"><span class='ocrx_word' id='word_1_496' title='bbox 2282 3153 2413 3206; x_wconf 86' lang='grc' dir='ltr'>φασι</span> <span class='ocrx_word' id='word_1_497' title='bbox 2464 3134 2563 3205; x_wconf 83' lang='grc' dir='ltr'>τῆς</span> <span class='ocrx_word' id='word_1_498' title='bbox 2609 3134 2855 3204; x_wconf 74' lang='grc' dir='ltr'>ἐμφύτου</span> <span class='ocrx_word' id='word_1_499' title='bbox 2908 3135 3104 3205; x_wconf 84' lang='grc' dir='ltr'>μανίας</span> <span class='ocrx_word' id='word_1_500' title='bbox 3161 3134 3241 3197; x_wconf 83' lang='grc' dir='ltr'><strong>είς</strong></span> <span class='ocrx_word' id='word_1_501' title='bbox 3286 3134 3453 3206; x_wconf 85' lang='grc' dir='ltr'>ἄκρον</span> <span class='ocrx_word' id='word_1_502' title='bbox 3502 3134 3755 3204; x_wconf 76' lang='grc' dir='ltr'>ἔρχεσθαι</span> <span class='ocrx_word' id='word_1_503' title='bbox 3805 3133 3866 3187; x_wconf 73' lang='grc' dir='ltr'><strong>τὸ</strong></span> 
     </span>
    </p>
   </div>
   <div class='ocr_carea' id='block_1_74' title="bbox 2282 3223 3859 3296">
    <p class='ocr_par' dir='ltr' id='par_1_74' title="bbox 2282 3223 3859 3296">
     <span class='ocr_line' id='line_1_74' title="bbox 2282 3223 3859 3296; baseline -0.003 -19"><span class='ocrx_word' id='word_1_504' title='bbox 2282 3223 2489 3296; x_wconf 70' lang='grc' dir='ltr'>θηρίον.</span> <span class='ocrx_word' id='word_1_505' title='bbox 2549 3241 2568 3275; x_wconf 76' lang='grc' dir='ltr'><strong>ι</strong></span> <span class='ocrx_word' id='word_1_506' title='bbox 2628 3224 2740 3277; x_wconf 70' lang='grc' dir='ltr'>Καὶ</span> <span class='ocrx_word' id='word_1_507' title='bbox 2794 3224 3069 3296; x_wconf 79' lang='grc' dir='ltr'>διαρρήξω</span> <span class='ocrx_word' id='word_1_508' title='bbox 3123 3224 3486 3295; x_wconf 83' lang='grc' dir='ltr'>συγκλεισμδν</span> <span class='ocrx_word' id='word_1_509' title='bbox 3536 3224 3786 3294; x_wconf 79' lang='grc' dir='ltr'>καρδίας.</span> <span class='ocrx_word' id='word_1_510' title='bbox 3841 3243 3859 3273; x_wconf 74' lang='grc' dir='ltr'><strong>ι</strong></span> 
     </span>
    </p>
   </div>
   <div class='ocr_carea' id='block_1_75' title="bbox 2277 3312 3868 3386">
    <p class='ocr_par' dir='ltr' id='par_1_75' title="bbox 2277 3312 3868 3386">
     <span class='ocr_line' id='line_1_75' title="bbox 2277 3312 3868 3386; baseline 0.001 -18"><span class='ocrx_word' id='word_1_511' title='bbox 2277 3312 2650 3384; x_wconf 78' lang='grc' dir='ltr'>Συγκλεισμὸν</span> <span class='ocrx_word' id='word_1_512' title='bbox 2678 3315 2736 3369; x_wconf 83' lang='grc' dir='ltr'>ὲν</span> <span class='ocrx_word' id='word_1_513' title='bbox 2760 3315 2968 3379; x_wconf 84' lang='grc' dir='ltr'>τούτοις</span> <span class='ocrx_word' id='word_1_514' title='bbox 2995 3314 3093 3386; x_wconf 76' lang='grc' dir='ltr'><strong>τὴν</strong></span> <span class='ocrx_word' id='word_1_515' title='bbox 3126 3314 3427 3384; x_wconf 81' lang='grc' dir='ltr'>ἀσφάλειαν</span> <span class='ocrx_word' id='word_1_516' title='bbox 3458 3315 3625 3384; x_wconf 84' lang='grc' dir='ltr'>λέγει.</span> <span class='ocrx_word' id='word_1_517' title='bbox 3670 3316 3868 3383; x_wconf 72' lang='grc' dir='ltr'>Ἀσφά-</span> 
     </span>
    </p>
   </div>
   <div class='ocr_carea' id='block_1_76' title="bbox 2275 3406 3868 3478">
    <p class='ocr_par' dir='ltr' id='par_1_76' title="bbox 2275 3406 3868 3478">
     <span class='ocr_line' id='line_1_76' title="bbox 2275 3406 3868 3478; baseline -0.001 -19"><span class='ocrx_word' id='word_1_518' title='bbox 2275 3406 2393 3459; x_wconf 90' lang='grc' dir='ltr'>λεια</span> <span class='ocrx_word' id='word_1_519' title='bbox 2425 3406 2481 3459; x_wconf 75' lang='grc' dir='ltr'>δὲ</span> <span class='ocrx_word' id='word_1_520' title='bbox 2510 3406 2737 3476; x_wconf 86' lang='grc' dir='ltr'>καρδίας</span> <span class='ocrx_word' id='word_1_521' title='bbox 2769 3407 2830 3460; x_wconf 80' lang='grc' dir='ltr'><strong>τὸ</strong></span> <span class='ocrx_word' id='word_1_522' title='bbox 2858 3406 3076 3477; x_wconf 78' lang='grc' dir='ltr'>θάρσος,</span> <span class='ocrx_word' id='word_1_523' title='bbox 3105 3408 3241 3478; x_wconf 81' lang='grc' dir='ltr'>ὅπερ</span> <span class='ocrx_word' id='word_1_524' title='bbox 3271 3409 3338 3462; x_wconf 73' lang='grc' dir='ltr'><strong>ἂν</strong></span> <span class='ocrx_word' id='word_1_525' title='bbox 3370 3408 3481 3478; x_wconf 75' lang='grc' dir='ltr'>ἔχοι</span> <span class='ocrx_word' id='word_1_526' title='bbox 3510 3426 3593 3471; x_wconf 89' lang='grc' dir='ltr'><strong>τις</strong></span> <span class='ocrx_word' id='word_1_527' title='bbox 3624 3407 3744 3461; x_wconf 75' lang='grc' dir='ltr'>κατ’</span> <span class='ocrx_word' id='word_1_528' title='bbox 3775 3409 3868 3477; x_wconf 58' lang='lat' dir='ltr'><strong>ex-</strong></span> 
     </span>
    </p>
   </div>
   <div class='ocr_carea' id='block_1_77' title="bbox 2276 3491 3867 3569">
    <p class='ocr_par' dir='ltr' id='par_1_77' title="bbox 2276 3491 3867 3569">
     <span class='ocr_line' id='line_1_77' title="bbox 2276 3491 3867 3569; baseline 0.001 -21"><span class='ocrx_word' id='word_1_529' title='bbox 2276 3495 2441 3566; x_wconf 89' lang='grc' dir='ltr'>θρῶν.</span> <span class='ocrx_word' id='word_1_530' title='bbox 2477 3491 2550 3551; x_wconf 80' lang='grc' dir='ltr'>Οὗ</span> <span class='ocrx_word' id='word_1_531' title='bbox 2577 3496 2641 3567; x_wconf 80' lang='grc' dir='ltr'>δὴ</span> <span class='ocrx_word' id='word_1_532' title='bbox 2667 3497 2761 3551; x_wconf 79' lang='grc' dir='ltr'>καὶ</span> <span class='ocrx_word' id='word_1_533' title='bbox 2780 3496 3158 3569; x_wconf 81' lang='grc' dir='ltr'>διερῤωγότος,</span> <span class='ocrx_word' id='word_1_534' title='bbox 3191 3496 3261 3550; x_wconf 84' lang='grc' dir='ltr'>τὰ</span> <span class='ocrx_word' id='word_1_535' title='bbox 3292 3499 3356 3550; x_wconf 80' lang='grc' dir='ltr'>ὲκ</span> <span class='ocrx_word' id='word_1_536' title='bbox 3386 3499 3484 3569; x_wconf 84' lang='grc' dir='ltr'>τῆς</span> <span class='ocrx_word' id='word_1_537' title='bbox 3516 3498 3715 3561; x_wconf 80' lang='grc' dir='ltr'>δειλίας</span> <span class='ocrx_word' id='word_1_538' title='bbox 3746 3500 3867 3551; x_wconf 81' lang='grc' dir='ltr'>είσ-</span> 
     </span>
    </p>
   </div>
   <div class='ocr_carea' id='block_1_78' title="bbox 2276 3587 3867 3659">
    <p class='ocr_par' dir='ltr' id='par_1_78' title="bbox 2276 3587 3867 3659">
     <span class='ocr_line' id='line_1_78' title="bbox 2276 3587 3867 3659; baseline 0 -19"><span class='ocrx_word' id='word_1_539' title='bbox 2276 3587 2520 3659; x_wconf 88' lang='grc' dir='ltr'>κρίνεται</span> <span class='ocrx_word' id='word_1_540' title='bbox 2569 3587 2738 3658; x_wconf 88' lang='grc' dir='ltr'>πάθη,</span> <span class='ocrx_word' id='word_1_541' title='bbox 2786 3588 2862 3651; x_wconf 86' lang='grc' dir='ltr'>ὡς</span> <span class='ocrx_word' id='word_1_542' title='bbox 2906 3587 2999 3640; x_wconf 76' lang='grc' dir='ltr'>καὶ</span> <span class='ocrx_word' id='word_1_543' title='bbox 3044 3588 3248 3657; x_wconf 83' lang='grc' dir='ltr'>ἀμαχεὶ</span> <span class='ocrx_word' id='word_1_544' title='bbox 3286 3590 3399 3652; x_wconf 86' lang='grc' dir='ltr'>τοῖς</span> <span class='ocrx_word' id='word_1_545' title='bbox 3451 3588 3665 3659; x_wconf 76' lang='grc' dir='ltr'>ἐχθροῖς</span> <span class='ocrx_word' id='word_1_546' title='bbox 3711 3589 3867 3659; x_wconf 85' lang='grc' dir='ltr'>χαρί-</span> 
     </span>
    </p>
   </div>
   <div class='ocr_carea' id='block_1_79' title="bbox 2280 3674 3867 3750">
    <p class='ocr_par' dir='ltr' id='par_1_79' title="bbox 2280 3674 3867 3750">
     <span class='ocr_line' id='line_1_79' title="bbox 2280 3674 3867 3750; baseline 0.001 -19"><span class='ocrx_word' id='word_1_547' title='bbox 2280 3678 2477 3732; x_wconf 79' lang='grc' dir='ltr'>σασθαι</span> <span class='ocrx_word' id='word_1_548' title='bbox 2523 3680 2584 3732; x_wconf 84' lang='grc' dir='ltr'><strong>τὸ</strong></span> <span class='ocrx_word' id='word_1_549' title='bbox 2624 3680 2803 3750; x_wconf 82' lang='grc' dir='ltr'>νικᾷν.</span> <span class='ocrx_word' id='word_1_550' title='bbox 2853 3681 3077 3750; x_wconf 86' lang='grc' dir='ltr'>Ὅμοιον</span> <span class='ocrx_word' id='word_1_551' title='bbox 3123 3674 3216 3733; x_wconf 81' lang='grc' dir='ltr'><strong>οὖν</strong></span> <span class='ocrx_word' id='word_1_552' title='bbox 3265 3679 3342 3743; x_wconf 83' lang='grc' dir='ltr'>ὡς</span> <span class='ocrx_word' id='word_1_553' title='bbox 3376 3679 3523 3747; x_wconf 83' lang='grc' dir='ltr'>λέγοι</span> <span class='ocrx_word' id='word_1_554' title='bbox 3567 3680 3748 3750; x_wconf 76' lang='grc' dir='ltr'>τυχὸν,</span> <span class='ocrx_word' id='word_1_555' title='bbox 3782 3682 3867 3743; x_wconf 79' lang='grc' dir='ltr'><strong>είς</strong></span> 
     </span>
    </p>
   </div>
   <div class='ocr_carea' id='block_1_80' title="bbox 2282 3770 3867 3841">
    <p class='ocr_par' dir='ltr' id='par_1_80' title="bbox 2282 3770 3867 3841">
     <span class='ocr_line' id='line_1_80' title="bbox 2282 3770 3867 3841; baseline 0 -18"><span class='ocrx_word' id='word_1_556' title='bbox 2282 3772 2517 3841; x_wconf 75' lang='grc' dir='ltr'>ἐσχάτην</span> <span class='ocrx_word' id='word_1_557' title='bbox 2567 3770 2767 3834; x_wconf 79' lang='grc' dir='ltr'>αὐτοὺς</span> <span class='ocrx_word' id='word_1_558' title='bbox 2810 3771 3049 3824; x_wconf 85' lang='grc' dir='ltr'>κατοίσω</span> <span class='ocrx_word' id='word_1_559' title='bbox 3092 3770 3317 3837; x_wconf 84' lang='grc' dir='ltr'>δειλίαν,</span> <span class='ocrx_word' id='word_1_560' title='bbox 3359 3771 3467 3825; x_wconf 86' lang='grc' dir='ltr'><strong>τῶν</strong></span> <span class='ocrx_word' id='word_1_561' title='bbox 3510 3770 3577 3823; x_wconf 78' lang='grc' dir='ltr'>δι’</span> <span class='ocrx_word' id='word_1_562' title='bbox 3616 3771 3867 3833; x_wconf 81' lang='grc' dir='ltr'>ἐναντίας</span> 
     </span>
    </p>
   </div>
   <div class='ocr_carea' id='block_1_81' title="bbox 2282 3862 3864 3933">
    <p class='ocr_par' dir='ltr' id='par_1_81' title="bbox 2282 3862 3864 3933">
     <span class='ocr_line' id='line_1_81' title="bbox 2282 3862 3864 3933; baseline -0.001 -16"><span class='ocrx_word' id='word_1_563' title='bbox 2282 3864 2537 3918; x_wconf 83' lang='grc' dir='ltr'>πεινῶντι</span> <span class='ocrx_word' id='word_1_564' title='bbox 2577 3880 2659 3927; x_wconf 88' lang='grc' dir='ltr'><strong>τε,</strong></span> <span class='ocrx_word' id='word_1_565' title='bbox 2702 3864 2798 3917; x_wconf 84' lang='grc' dir='ltr'>καὶ</span> <span class='ocrx_word' id='word_1_566' title='bbox 2842 3862 3209 3933; x_wconf 77' lang='grc' dir='ltr'>ὴτεκνωμένῳ</span> <span class='ocrx_word' id='word_1_567' title='bbox 3249 3863 3728 3933; x_wconf 85' lang='grc' dir='ltr'>παρεικασθὲντων</span> <span class='ocrx_word' id='word_1_568' title='bbox 3760 3862 3864 3933; x_wconf 83' lang='grc' dir='ltr'>θη-</span> 
     </span>
    </p>
   </div>
   <div class='ocr_carea' id='block_1_82' title="bbox 2286 3953 3866 4026">
    <p class='ocr_par' dir='ltr' id='par_1_82' title="bbox 2286 3953 3866 4026">
     <span class='ocr_line' id='line_1_82' title="bbox 2286 3953 3866 4026; baseline -0.002 -18"><span class='ocrx_word' id='word_1_569' title='bbox 2286 3955 2436 4026; x_wconf 91' lang='grc' dir='ltr'>ρίων,</span> <span class='ocrx_word' id='word_1_570' title='bbox 2492 3955 2635 4024; x_wconf 78' lang='grc' dir='ltr'>φημὶ</span> <span class='ocrx_word' id='word_1_571' title='bbox 2681 3953 2747 4025; x_wconf 84' lang='grc' dir='ltr'>δὴ</span> <span class='ocrx_word' id='word_1_572' title='bbox 2795 3955 2863 4024; x_wconf 78' lang='grc' dir='ltr'>τῇ</span> <span class='ocrx_word' id='word_1_573' title='bbox 2920 3954 3127 4024; x_wconf 83' lang='grc' dir='ltr'>ἄρκτῳ.</span> <span class='ocrx_word' id='word_1_574' title='bbox 3175 3953 3299 4007; x_wconf 76' lang='grc' dir='ltr'>Ὀτι</span> <span class='ocrx_word' id='word_1_575' title='bbox 3344 3954 3399 4007; x_wconf 84' lang='grc' dir='ltr'>δὲ</span> <span class='ocrx_word' id='word_1_576' title='bbox 3447 3956 3540 4007; x_wconf 75' lang='grc' dir='ltr'>καὶ</span> <span class='ocrx_word' id='word_1_577' title='bbox 3595 3957 3709 4017; x_wconf 86' lang='grc' dir='ltr'>τοῖς</span> <span class='ocrx_word' id='word_1_578' title='bbox 3762 3954 3866 4023; x_wconf 81' lang='grc' dir='ltr'>τῆς</span> 
     </span>
    </p>
   </div>
   <div class='ocr_carea' id='block_1_83' title="bbox 2283 4044 3867 4118">
    <p class='ocr_par' dir='ltr' id='par_1_83' title="bbox 2283 4044 3867 4118">
     <span class='ocr_line' id='line_1_83' title="bbox 2283 4044 3867 4118; baseline -0.001 -18"><span class='ocrx_word' id='word_1_579' title='bbox 2283 4045 2662 4117; x_wconf 72' lang='grc' dir='ltr'>αἰχμαλωσίας</span> <span class='ocrx_word' id='word_1_580' title='bbox 2717 4044 2993 4108; x_wconf 84' lang='grc' dir='ltr'>ὲναλόντες</span> <span class='ocrx_word' id='word_1_581' title='bbox 3047 4046 3300 4116; x_wconf 83' lang='grc' dir='ltr'>δεσμοῖς,</span> <span class='ocrx_word' id='word_1_582' title='bbox 3349 4047 3442 4100; x_wconf 75' lang='grc' dir='ltr'><strong>καὶ</strong></span> <span class='ocrx_word' id='word_1_583' title='bbox 3490 4048 3570 4110; x_wconf 88' lang='grc' dir='ltr'><strong>είς</strong></span> <span class='ocrx_word' id='word_1_584' title='bbox 3613 4046 3712 4118; x_wconf 80' lang='grc' dir='ltr'><strong>τὴν</strong></span> <span class='ocrx_word' id='word_1_585' title='bbox 3754 4046 3867 4099; x_wconf 81' lang='grc' dir='ltr'><strong>τῶν</strong></span> 
     </span>
    </p>
   </div>
   <div class='ocr_carea' id='block_1_84' title="bbox 2294 4137 3867 4209">
    <p class='ocr_par' dir='ltr' id='par_1_84' title="bbox 2294 4137 3867 4209">
     <span class='ocr_line' id='line_1_84' title="bbox 2294 4137 3867 4209; baseline -0.001 -17"><span class='ocrx_word' id='word_1_586' title='bbox 2294 4138 2596 4208; x_wconf 86' lang='grc' dir='ltr'>Ἀσσυρίων</span> <span class='ocrx_word' id='word_1_587' title='bbox 2634 4138 3064 4209; x_wconf 85' lang='grc' dir='ltr'>άπενηνεγμένοι</span> <span class='ocrx_word' id='word_1_588' title='bbox 3113 4138 3316 4208; x_wconf 85' lang='grc' dir='ltr'>χώραν,</span> <span class='ocrx_word' id='word_1_589' title='bbox 3353 4137 3609 4208; x_wconf 82' lang='grc' dir='ltr'>οὐδεμίαν</span> <span class='ocrx_word' id='word_1_590' title='bbox 3651 4137 3867 4202; x_wconf 71' lang='grc' dir='ltr'>ἕξουσιν</span> 
     </span>
    </p>
   </div>
   <div class='ocr_carea' id='block_1_85' title="bbox 2282 4228 3866 4300">
    <p class='ocr_par' dir='ltr' id='par_1_85' title="bbox 2282 4228 3866 4300">
     <span class='ocr_line' id='line_1_85' title="bbox 2282 4228 3866 4300; baseline 0.001 -19"><span class='ocrx_word' id='word_1_591' title='bbox 2282 4228 2572 4282; x_wconf 86' lang='grc' dir='ltr'>άπόνευσιν</span> <span class='ocrx_word' id='word_1_592' title='bbox 2605 4228 2713 4283; x_wconf 89' lang='grc' dir='ltr'><strong>τῶν</strong></span> <span class='ocrx_word' id='word_1_593' title='bbox 2760 4230 2970 4293; x_wconf 84' lang='grc' dir='ltr'>κακῶν,</span> <span class='ocrx_word' id='word_1_594' title='bbox 3022 4231 3115 4283; x_wconf 78' lang='grc' dir='ltr'>καὶ</span> <span class='ocrx_word' id='word_1_595' title='bbox 3148 4230 3368 4299; x_wconf 74' lang='grc' dir='ltr'>ἕψονται</span> <span class='ocrx_word' id='word_1_596' title='bbox 3430 4229 3623 4300; x_wconf 87' lang='grc' dir='ltr'>ῶσπερ</span> <span class='ocrx_word' id='word_1_597' title='bbox 3681 4230 3866 4295; x_wconf 77' lang='grc' dir='ltr'>αὐτοῖς</span> 
     </span>
    </p>
   </div>
   <div class='ocr_carea' id='block_1_86' title="bbox 2281 4320 3864 4395">
    <p class='ocr_par' dir='ltr' id='par_1_86' title="bbox 2281 4320 3864 4395">
     <span class='ocr_line' id='line_1_86' title="bbox 2281 4320 3864 4395; baseline 0.002 -22"><span class='ocrx_word' id='word_1_598' title='bbox 2281 4321 2506 4374; x_wconf 87' lang='grc' dir='ltr'>κάκεῖσε</span> <span class='ocrx_word' id='word_1_599' title='bbox 2552 4320 2622 4374; x_wconf 79' lang='grc' dir='ltr'>τὰ</span> <span class='ocrx_word' id='word_1_600' title='bbox 2682 4321 2951 4393; x_wconf 85' lang='grc' dir='ltr'>μοχθηρὰ,</span> <span class='ocrx_word' id='word_1_601' title='bbox 2996 4323 3337 4395; x_wconf 78' lang='grc' dir='ltr'>παρέδειξεν,</span> <span class='ocrx_word' id='word_1_602' title='bbox 3402 4321 3572 4375; x_wconf 84' lang='grc' dir='ltr'>είπὼν</span> <span class='ocrx_word' id='word_1_603' title='bbox 3613 4336 3631 4353; x_wconf 80' lang='grc'>⁶</span> <span class='ocrx_word' id='word_1_604' title='bbox 3687 4342 3706 4374; x_wconf 76' lang='grc' dir='ltr'><strong>ι</strong></span> <span class='ocrx_word' id='word_1_605' title='bbox 3752 4324 3864 4376; x_wconf 74' lang='grc' dir='ltr'>Καὶ</span> 
     </span>
    </p>
   </div>
   <div class='ocr_carea' id='block_1_87' title="bbox 603 4412 3863 4489">
    <p class='ocr_par' dir='ltr' id='par_1_87' title="bbox 603 4412 3863 4489">
     <span class='ocr_line' id='line_1_87' title="bbox 603 4412 3863 4489; baseline 0.001 -24"><span class='ocrx_word' id='word_1_606' title='bbox 603 4412 1012 4481; x_wconf 82' lang='grc' dir='ltr'>καταφάγονται</span> <span class='ocrx_word' id='word_1_607' title='bbox 1050 4414 1249 4479; x_wconf 81' lang='grc' dir='ltr'>αὐτοὺς</span> <span class='ocrx_word' id='word_1_608' title='bbox 1289 4413 1406 4467; x_wconf 69' lang='grc' dir='ltr'>ἐκεῖ</span> <span class='ocrx_word' id='word_1_609' title='bbox 1473 4416 1703 4486; x_wconf 82' lang='grc' dir='ltr'>σκύμνοι</span> <span class='ocrx_word' id='word_1_610' title='bbox 1741 4416 1967 4489; x_wconf 82' lang='grc' dir='ltr'>δρυμοῦ,</span> <span class='ocrx_word' id='word_1_611' title='bbox 2009 4416 2172 4488; x_wconf 89' lang='grc' dir='ltr'>θηρία</span> <span class='ocrx_word' id='word_1_612' title='bbox 2212 4413 2381 4486; x_wconf 83' lang='grc' dir='ltr'>ἀγροῦ</span> <span class='ocrx_word' id='word_1_613' title='bbox 2420 4414 2713 4468; x_wconf 89' lang='grc' dir='ltr'>διασπάσει</span> <span class='ocrx_word' id='word_1_614' title='bbox 2771 4414 2989 4479; x_wconf 84' lang='grc' dir='ltr'>αὐτούς.</span> <span class='ocrx_word' id='word_1_615' title='bbox 3036 4433 3055 4467; x_wconf 76' lang='grc' dir='ltr'><strong>ι</strong></span> <span class='ocrx_word' id='word_1_616' title='bbox 3112 4414 3195 4468; x_wconf 81' lang='grc' dir='ltr'><strong>Τά</strong></span> <span class='ocrx_word' id='word_1_617' title='bbox 3242 4415 3350 4486; x_wconf 85' lang='grc' dir='ltr'><strong>γάρ</strong></span> <span class='ocrx_word' id='word_1_618' title='bbox 3413 4414 3523 4468; x_wconf 90' lang='grc' dir='ltr'><strong>τῶν</strong></span> <span class='ocrx_word' id='word_1_619' title='bbox 3564 4414 3863 4487; x_wconf 86' lang='grc' dir='ltr'>Ἀσσυρίων</span> 
     </span>
    </p>
   </div>
   <div class='ocr_carea' id='block_1_88' title="bbox 602 4504 3263 4582">
    <p class='ocr_par' dir='ltr' id='par_1_88' title="bbox 602 4504 3263 4582">
     <span class='ocr_line' id='line_1_88' title="bbox 602 4504 3263 4582; baseline 0 -23"><span class='ocrx_word' id='word_1_620' title='bbox 602 4504 872 4560; x_wconf 82' lang='grc' dir='ltr'>ἁτιθασσα</span> <span class='ocrx_word' id='word_1_621' title='bbox 901 4506 1053 4577; x_wconf 84' lang='grc' dir='ltr'>γένη,</span> <span class='ocrx_word' id='word_1_622' title='bbox 1085 4507 1343 4578; x_wconf 88' lang='grc' dir='ltr'>σκύμνοις</span> <span class='ocrx_word' id='word_1_623' title='bbox 1363 4510 1474 4571; x_wconf 86' lang='grc' dir='ltr'>τοῖς</span> <span class='ocrx_word' id='word_1_624' title='bbox 1498 4510 1556 4562; x_wconf 84' lang='grc' dir='ltr'>ὲν</span> <span class='ocrx_word' id='word_1_625' title='bbox 1583 4510 1808 4581; x_wconf 85' lang='grc' dir='ltr'>δρυμοῖς</span> <span class='ocrx_word' id='word_1_626' title='bbox 1837 4510 2180 4582; x_wconf 80' lang='grc' dir='ltr'>παρεικάζει,</span> <span class='ocrx_word' id='word_1_627' title='bbox 2208 4506 2343 4563; x_wconf 80' lang='grc' dir='ltr'>πολὺ</span> <span class='ocrx_word' id='word_1_628' title='bbox 2384 4508 2677 4561; x_wconf 86' lang='grc' dir='ltr'>νενευκότα</span> <span class='ocrx_word' id='word_1_629' title='bbox 2704 4507 2838 4578; x_wconf 83' lang='grc' dir='ltr'>πρὸς</span> <span class='ocrx_word' id='word_1_630' title='bbox 2879 4507 2940 4561; x_wconf 83' lang='grc' dir='ltr'><strong>τὸ</strong></span> <span class='ocrx_word' id='word_1_631' title='bbox 2971 4508 3263 4578; x_wconf 86' lang='grc' dir='ltr'>ἀνήμερον.</span> 
     </span>
    </p>
   </div>
   <div class='ocr_carea' id='block_1_89' title="bbox 680 4596 2172 4675">
    <p class='ocr_par' dir='ltr' id='par_1_89' title="bbox 680 4596 2172 4675">
     <span class='ocr_line' id='line_1_89' title="bbox 680 4596 2172 4675; baseline 0.004 -25"><span class='ocrx_word' id='word_1_632' title='bbox 680 4596 841 4653; x_wconf 74' lang='lat' dir='ltr'><strong>Vens.</strong></span> <span class='ocrx_word' id='word_1_633' title='bbox 881 4598 1031 4657; x_wconf 80' lang='lat' dir='ltr'><strong>9-H.</strong></span> <span class='ocrx_word' id='word_1_634' title='bbox 1064 4599 1389 4670; x_wconf 84' lang='lat' dir='ltr'><strong>Dispersioni</strong></span> <span class='ocrx_word' id='word_1_635' title='bbox 1413 4611 1539 4667; x_wconf 64' lang='lat' dir='ltr'><strong>tuae,</strong></span> <span class='ocrx_word' id='word_1_636' title='bbox 1568 4600 1760 4669; x_wconf 78' lang='lat' dir='ltr'><strong>Israel,</strong></span> <span class='ocrx_word' id='word_1_637' title='bbox 1803 4604 1921 4675; x_wconf 82' lang='lat' dir='ltr'><strong>quis</strong></span> <span class='ocrx_word' id='word_1_638' title='bbox 1952 4604 2172 4657; x_wconf 75' lang='lat' dir='ltr'><strong>auxilia-</strong></span> 
     </span>
    </p>
   </div>
   <div class='ocr_carea' id='block_1_90' title="bbox 2276 4596 3863 4675">
    <p class='ocr_par' dir='ltr' id='par_1_90' title="bbox 2362 4597 3863 4669">
     <span class='ocr_line' id='line_1_90' title="bbox 2362 4597 3863 4669; baseline -0.001 -16"><span class='ocrx_word' id='word_1_639' title='bbox 2362 4599 2442 4667; x_wconf 77' lang='grc' dir='ltr'><strong>Τῇ</strong></span> <span class='ocrx_word' id='word_1_640' title='bbox 2474 4597 2772 4668; x_wconf 81' lang='grc' dir='ltr'>διασπορᾷ</span> <span class='ocrx_word' id='word_1_641' title='bbox 2804 4614 2942 4662; x_wconf 87' lang='grc' dir='ltr'>σου,</span> <span class='ocrx_word' id='word_1_642' title='bbox 2983 4599 3239 4669; x_wconf 79' lang='grc' dir='ltr'>Ἰσραὴλ,</span> <span class='ocrx_word' id='word_1_643' title='bbox 3266 4601 3356 4664; x_wconf 81' lang='grc' dir='ltr'><strong>τίς</strong></span> <span class='ocrx_word' id='word_1_644' title='bbox 3385 4597 3687 4667; x_wconf 80' lang='grc' dir='ltr'>βοηθήσει</span> <span class='ocrx_word' id='word_1_645' title='bbox 3704 4614 3725 4664; x_wconf 91' lang='grc'><em>;</em></span> <span class='ocrx_word' id='word_1_646' title='bbox 3746 4598 3863 4653; x_wconf 78' lang='grc' dir='ltr'>ποῦ</span> 
     </span>
    </p>
   </div>
   <div class='ocr_carea' id='block_1_91' title="bbox 605 4688 2186 4750">
    <p class='ocr_par' dir='ltr' id='par_1_91' title="bbox 605 4688 2186 4750">
     <span class='ocr_line' id='line_1_91' title="bbox 605 4688 2186 4750; baseline 0.007 -11"><span class='ocrx_word' id='word_1_647' title='bbox 605 4688 790 4743; x_wconf 77' lang='lat' dir='ltr'><strong>bitur!</strong></span> <span class='ocrx_word' id='word_1_648' title='bbox 810 4689 895 4741; x_wconf 79' lang='lat' dir='ltr'><strong>ubi</strong></span> <span class='ocrx_word' id='word_1_649' title='bbox 922 4705 1012 4744; x_wconf 79' lang='lat' dir='ltr'><strong>rea:</strong></span> <span class='ocrx_word' id='word_1_650' title='bbox 1035 4699 1156 4745; x_wconf 87' lang='lat' dir='ltr'><strong>tuus</strong></span> <span class='ocrx_word' id='word_1_651' title='bbox 1186 4692 1331 4746; x_wconf 85' lang='lat' dir='ltr'><strong>iste?</strong></span> <span class='ocrx_word' id='word_1_652' title='bbox 1357 4692 1422 4746; x_wconf 80' lang='lat' dir='ltr'><strong>Et</strong></span> <span class='ocrx_word' id='word_1_653' title='bbox 1454 4692 1613 4747; x_wconf 68' lang='grc' dir='ltr'>σαίνει</span> <span class='ocrx_word' id='word_1_654' title='bbox 1630 4704 1676 4747; x_wconf 87' lang='lat' dir='ltr'><strong>te</strong></span> <span class='ocrx_word' id='word_1_655' title='bbox 1706 4694 1760 4747; x_wconf 86' lang='lat' dir='ltr'><strong>in</strong></span> <span class='ocrx_word' id='word_1_656' title='bbox 1810 4697 2047 4749; x_wconf 86' lang='lat' dir='ltr'><strong>omnibus</strong></span> <span class='ocrx_word' id='word_1_657' title='bbox 2093 4712 2186 4750; x_wconf 83' lang='lat' dir='ltr'><strong>ur-</strong></span> 
     </span>
    </p>
   </div>
   <div class='ocr_carea' id='block_1_92' title="bbox 606 4779 2185 4858">
    <p class='ocr_par' dir='ltr' id='par_1_92' title="bbox 606 4779 2185 4858">
     <span class='ocr_line' id='line_1_92' title="bbox 606 4779 2185 4858; baseline 0.006 -25"><span class='ocrx_word' id='word_1_658' title='bbox 606 4779 755 4834; x_wconf 74' lang='lat' dir='ltr'><strong>bibus</strong></span> <span class='ocrx_word' id='word_1_659' title='bbox 779 4780 906 4835; x_wconf 85' lang='lat' dir='ltr'><strong>tuis.</strong></span> <span class='ocrx_word' id='word_1_660' title='bbox 938 4780 1147 4836; x_wconf 80' lang='lat' dir='ltr'><strong>Judicet</strong></span> <span class='ocrx_word' id='word_1_661' title='bbox 1168 4793 1217 4837; x_wconf 93' lang='lat' dir='ltr'><strong>te</strong></span> <span class='ocrx_word' id='word_1_662' title='bbox 1236 4800 1386 4855; x_wconf 83' lang='lat' dir='ltr'><strong>quem</strong></span> <span class='ocrx_word' id='word_1_663' title='bbox 1417 4786 1600 4841; x_wconf 71' lang='lat' dir='ltr'><strong>dixisti</strong></span> <span class='ocrx_word' id='word_1_664' title='bbox 1626 4786 1743 4841; x_wconf 88' lang='lat' dir='ltr'><strong>:Da</strong></span> <span class='ocrx_word' id='word_1_665' title='bbox 1764 4788 1894 4841; x_wconf 80' lang='lat' dir='ltr'><strong>mihi</strong></span> <span class='ocrx_word' id='word_1_666' title='bbox 1921 4797 2091 4858; x_wconf 76' lang='lat' dir='ltr'><strong>regem</strong></span> <span class='ocrx_word' id='word_1_667' title='bbox 2136 4799 2185 4843; x_wconf 87' lang='lat' dir='ltr'><strong>et</strong></span> 
     </span>
    </p>
   </div>
   <div class='ocr_carea' id='block_1_93' title="bbox 605 4870 2185 4947">
    <p class='ocr_par' dir='ltr' id='par_1_93' title="bbox 605 4870 2185 4947">
     <span class='ocr_line' id='line_1_93' title="bbox 605 4870 2185 4947; baseline 0.007 -23"><span class='ocrx_word' id='word_1_668' title='bbox 605 4871 913 4940; x_wconf 81' lang='lat' dir='ltr'><strong>principem.</strong></span> <span class='ocrx_word' id='word_1_669' title='bbox 936 4870 1007 4926; x_wconf 86' lang='lat' dir='ltr'><strong>Et</strong></span> <span class='ocrx_word' id='word_1_670' title='bbox 1054 4875 1175 4928; x_wconf 83' lang='lat' dir='ltr'><strong>dedi</strong></span> <span class='ocrx_word' id='word_1_671' title='bbox 1191 4876 1284 4929; x_wconf 86' lang='lat' dir='ltr'><strong>tibi</strong></span> <span class='ocrx_word' id='word_1_672' title='bbox 1313 4892 1484 4947; x_wconf 84' lang='lat' dir='ltr'><strong>regem</strong></span> <span class='ocrx_word' id='word_1_673' title='bbox 1505 4879 1558 4933; x_wconf 84' lang='lat' dir='ltr'><strong>in</strong></span> <span class='ocrx_word' id='word_1_674' title='bbox 1585 4881 1667 4933; x_wconf 83' lang='lat' dir='ltr'><strong>ira</strong></span> <span class='ocrx_word' id='word_1_675' title='bbox 1694 4896 1829 4947; x_wconf 85' lang='lat' dir='ltr'><strong>mea,</strong></span> <span class='ocrx_word' id='word_1_676' title='bbox 1852 4890 1899 4936; x_wconf 89' lang='lat' dir='ltr'><strong>et</strong></span> <span class='ocrx_word' id='word_1_677' title='bbox 1948 4882 2109 4935; x_wconf 85' lang='lat' dir='ltr'><strong>habui</strong></span> <span class='ocrx_word' id='word_1_678' title='bbox 2131 4883 2185 4935; x_wconf 84' lang='lat' dir='ltr'><strong>in</strong></span> 
     </span>
    </p>
   </div>
   <div class='ocr_carea' id='block_1_94' title="bbox 608 4960 1736 5039">
    <p class='ocr_par' dir='ltr' id='par_1_94' title="bbox 608 4960 1736 5039">
     <span class='ocr_line' id='line_1_94' title="bbox 608 4960 1736 5039; baseline 0.009 -24"><span class='ocrx_word' id='word_1_679' title='bbox 608 4960 789 5031; x_wconf 74' lang='lat' dir='ltr'><strong>furore</strong></span> <span class='ocrx_word' id='word_1_680' title='bbox 807 4978 920 5018; x_wconf 80' lang='lat' dir='ltr'><strong>meo</strong></span> <span class='ocrx_word' id='word_1_681' title='bbox 942 4967 1394 5036; x_wconf 76' lang='lat' dir='ltr'><strong>congregationem</strong></span> <span class='ocrx_word' id='word_1_682' title='bbox 1419 4969 1736 5039; x_wconf 84' lang='lat' dir='ltr'><strong>iniquitatis.</strong></span> 
     </span>
    </p>
   </div>
   <div class='ocr_carea' id='block_1_95' title="bbox 678 5137 2181 5215">
    <p class='ocr_par' dir='ltr' id='par_1_95' title="bbox 678 5137 2181 5215">
     <span class='ocr_line' id='line_1_95' title="bbox 678 5137 2181 5215; baseline 0.006 -22"><span class='ocrx_word' id='word_1_683' title='bbox 678 5137 839 5194; x_wconf 80' lang='lat' dir='ltr'><strong>CLII.</strong></span> <span class='ocrx_word' id='word_1_684' title='bbox 864 5139 981 5195; x_wconf 77' lang='lat' dir='ltr'><strong>Dixi</strong></span> <span class='ocrx_word' id='word_1_685' title='bbox 1001 5141 1114 5212; x_wconf 87' lang='lat' dir='ltr'><strong>jam</strong></span> <span class='ocrx_word' id='word_1_686' title='bbox 1134 5151 1189 5199; x_wconf 89' lang='lat' dir='ltr'><strong>et</strong></span> <span class='ocrx_word' id='word_1_687' title='bbox 1215 5144 1375 5215; x_wconf 91' lang='lat' dir='ltr'><strong>paulo</strong></span> <span class='ocrx_word' id='word_1_688' title='bbox 1401 5155 1550 5212; x_wconf 89' lang='lat' dir='ltr'><strong>ante,</strong></span> <span class='ocrx_word' id='word_1_689' title='bbox 1594 5146 1876 5204; x_wconf 89' lang='lat' dir='ltr'><strong>incusasse</strong></span> <span class='ocrx_word' id='word_1_690' title='bbox 1899 5147 2067 5203; x_wconf 88' lang='lat' dir='ltr'><strong>Deum</strong></span> <span class='ocrx_word' id='word_1_691' title='bbox 2115 5149 2181 5202; x_wconf 84' lang='lat' dir='ltr'><strong>li-</strong></span> 
     </span>
    </p>
   </div>
   <div class='ocr_carea' id='block_1_96' title="bbox 611 5231 2181 5310">
    <p class='ocr_par' dir='ltr' id='par_1_96' title="bbox 611 5231 2181 5310">
     <span class='ocr_line' id='line_1_96' title="bbox 611 5231 2181 5310; baseline 0.007 -26"><span class='ocrx_word' id='word_1_692' title='bbox 611 5231 713 5288; x_wconf 88' lang='lat' dir='ltr'><strong>lios</strong></span> <span class='ocrx_word' id='word_1_693' title='bbox 737 5231 919 5299; x_wconf 86' lang='lat' dir='ltr'><strong>Israel,</strong></span> <span class='ocrx_word' id='word_1_694' title='bbox 944 5234 1069 5303; x_wconf 90' lang='lat' dir='ltr'><strong>quia</strong></span> <span class='ocrx_word' id='word_1_695' title='bbox 1105 5235 1459 5293; x_wconf 89' lang='lat' dir='ltr'><strong>nihilominus</strong></span> <span class='ocrx_word' id='word_1_696' title='bbox 1491 5239 1787 5293; x_wconf 90' lang='lat' dir='ltr'><strong>humanum</strong></span> <span class='ocrx_word' id='word_1_697' title='bbox 1839 5239 2025 5310; x_wconf 88' lang='lat' dir='ltr'><strong>jugum</strong></span> <span class='ocrx_word' id='word_1_698' title='bbox 2065 5256 2181 5295; x_wconf 88' lang='lat' dir='ltr'><strong>ma-</strong></span> 
     </span>
    </p>
   </div>
   <div class='ocr_carea' id='block_1_97' title="bbox 611 5322 2173 5398">
    <p class='ocr_par' dir='ltr' id='par_1_97' title="bbox 611 5322 2173 5398">
     <span class='ocr_line' id='line_1_97' title="bbox 611 5322 2173 5398; baseline 0.006 -21"><span class='ocrx_word' id='word_1_699' title='bbox 611 5322 834 5391; x_wconf 88' lang='lat' dir='ltr'><strong>luerint,</strong></span> <span class='ocrx_word' id='word_1_700' title='bbox 863 5334 918 5380; x_wconf 90' lang='lat' dir='ltr'><strong>et</strong></span> <span class='ocrx_word' id='word_1_701' title='bbox 936 5326 1035 5381; x_wconf 90' lang='lat' dir='ltr'><strong>sub</strong></span> <span class='ocrx_word' id='word_1_702' title='bbox 1064 5324 1164 5383; x_wconf 91' lang='lat' dir='ltr'><strong>Dei</strong></span> <span class='ocrx_word' id='word_1_703' title='bbox 1202 5343 1368 5398; x_wconf 85' lang='lat' dir='ltr'><strong>regno</strong></span> <span class='ocrx_word' id='word_1_704' title='bbox 1403 5330 1589 5384; x_wconf 92' lang='lat' dir='ltr'><strong>vivere</strong></span> <span class='ocrx_word' id='word_1_705' title='bbox 1617 5330 1930 5396; x_wconf 90' lang='lat' dir='ltr'><strong>abnuerint,</strong></span> <span class='ocrx_word' id='word_1_706' title='bbox 1962 5332 2173 5386; x_wconf 89' lang='lat' dir='ltr'><strong>tametsi</strong></span> 
     </span>
    </p>
   </div>
   <div class='ocr_carea' id='block_1_98' title="bbox 612 5418 2190 5490">
    <p class='ocr_par' dir='ltr' id='par_1_98' title="bbox 612 5418 2190 5490">
     <span class='ocr_line' id='line_1_98' title="bbox 612 5418 2190 5490; baseline 0.007 -24"><span class='ocrx_word' id='word_1_707' title='bbox 612 5428 776 5483; x_wconf 88' lang='lat' dir='ltr'><strong>super</strong></span> <span class='ocrx_word' id='word_1_708' title='bbox 820 5428 950 5471; x_wconf 89' lang='lat' dir='ltr'><strong>avos</strong></span> <span class='ocrx_word' id='word_1_709' title='bbox 991 5430 1204 5482; x_wconf 88' lang='lat' dir='ltr'><strong>eorum,</strong></span> <span class='ocrx_word' id='word_1_710' title='bbox 1276 5418 1435 5488; x_wconf 91' lang='lat' dir='ltr'><strong>idque</strong></span> <span class='ocrx_word' id='word_1_711' title='bbox 1487 5433 1583 5489; x_wconf 90' lang='lat' dir='ltr'><strong>per</strong></span> <span class='ocrx_word' id='word_1_712' title='bbox 1626 5421 1918 5490; x_wconf 89' lang='lat' dir='ltr'><strong>prophetas</strong></span> <span class='ocrx_word' id='word_1_713' title='bbox 1975 5432 2190 5477; x_wconf 88' lang='lat' dir='ltr'><strong>sanctos</strong></span> 
     </span>
    </p>
   </div>
   <div class='ocr_carea' id='block_1_99' title="bbox 615 5506 2188 5583">
    <p class='ocr_par' dir='ltr' id='par_1_99' title="bbox 615 5506 2188 5583">
     <span class='ocr_line' id='line_1_99' title="bbox 615 5506 2188 5583; baseline 0.006 -24"><span class='ocrx_word' id='word_1_714' title='bbox 615 5506 972 5577; x_wconf 83' lang='lat' dir='ltr'><strong>regnavisset.</strong></span> <span class='ocrx_word' id='word_1_715' title='bbox 1004 5509 1149 5564; x_wconf 78' lang='lat' dir='ltr'><strong>Dixit</strong></span> <span class='ocrx_word' id='word_1_716' title='bbox 1186 5511 1329 5566; x_wconf 88' lang='lat' dir='ltr'><strong>enim</strong></span> <span class='ocrx_word' id='word_1_717' title='bbox 1380 5525 1576 5580; x_wconf 86' lang='lat' dir='ltr'><strong>supra:</strong></span> <span class='ocrx_word' id='word_1_718' title='bbox 1636 5530 1654 5564; x_wconf 77' lang='grc' dir='ltr'><strong>ι</strong></span> <span class='ocrx_word' id='word_1_719' title='bbox 1684 5510 1749 5567; x_wconf 82' lang='grc' dir='ltr'>Ει</span> <span class='ocrx_word' id='word_1_720' title='bbox 1807 5514 1860 5567; x_wconf 91' lang='lat' dir='ltr'><strong>in</strong></span> <span class='ocrx_word' id='word_1_721' title='bbox 1927 5513 2188 5583; x_wconf 86' lang='lat' dir='ltr'><strong>propheta</strong></span> 
     </span>
    </p>
   </div>
   <div class='ocr_carea' id='block_1_100' title="bbox 611 5596 2190 5676">
    <p class='ocr_par' dir='ltr' id='par_1_100' title="bbox 611 5596 2190 5676">
     <span class='ocr_line' id='line_1_100' title="bbox 611 5596 2190 5676; baseline 0.007 -26"><span class='ocrx_word' id='word_1_722' title='bbox 611 5598 801 5653; x_wconf 79' lang='lat' dir='ltr'><strong>eduxit</strong></span> <span class='ocrx_word' id='word_1_723' title='bbox 828 5596 1088 5657; x_wconf 83' lang='lat' dir='ltr'><strong>Dominus</strong></span> <span class='ocrx_word' id='word_1_724' title='bbox 1131 5601 1297 5658; x_wconf 89' lang='lat' dir='ltr'><strong>Israel</strong></span> <span class='ocrx_word' id='word_1_725' title='bbox 1330 5617 1393 5657; x_wconf 82' lang='lat' dir='ltr'><strong>ex</strong></span> <span class='ocrx_word' id='word_1_726' title='bbox 1454 5602 1710 5675; x_wconf 64' lang='lat' dir='ltr'><strong>Egypto,</strong></span> <span class='ocrx_word' id='word_1_727' title='bbox 1740 5616 1795 5660; x_wconf 90' lang='lat' dir='ltr'><strong>et</strong></span> <span class='ocrx_word' id='word_1_728' title='bbox 1823 5606 1874 5660; x_wconf 91' lang='lat' dir='ltr'><strong>in</strong></span> <span class='ocrx_word' id='word_1_729' title='bbox 1929 5607 2190 5676; x_wconf 88' lang='lat' dir='ltr'><strong>propheta</strong></span> 
     </span>
    </p>
   </div>
   <div class='ocr_carea' id='block_1_101' title="bbox 610 5694 2191 5771">
    <p class='ocr_par' dir='ltr' id='par_1_101' title="bbox 610 5694 2191 5771">
     <span class='ocr_line' id='line_1_101' title="bbox 610 5694 2191 5771; baseline 0.007 -26"><span class='ocrx_word' id='word_1_730' title='bbox 610 5700 862 5747; x_wconf 79' lang='lat' dir='ltr'><strong>servatus</strong></span> <span class='ocrx_word' id='word_1_731' title='bbox 882 5703 965 5748; x_wconf 87' lang='lat' dir='ltr'><strong>est</strong></span> <span class='ocrx_word' id='word_1_732' title='bbox 994 5694 1095 5747; x_wconf 73' lang='grc'><strong>³³.»</strong></span> <span class='ocrx_word' id='word_1_733' title='bbox 1144 5694 1250 5750; x_wconf 84' lang='lat' dir='ltr'><strong>Vos</strong></span> <span class='ocrx_word' id='word_1_734' title='bbox 1276 5704 1474 5763; x_wconf 86' lang='lat' dir='ltr'><strong>autem,</strong></span> <span class='ocrx_word' id='word_1_735' title='bbox 1512 5697 1705 5767; x_wconf 88' lang='lat' dir='ltr'><strong>inquit,</strong></span> <span class='ocrx_word' id='word_1_736' title='bbox 1734 5698 1836 5755; x_wconf 91' lang='lat' dir='ltr'><strong>sub</strong></span> <span class='ocrx_word' id='word_1_737' title='bbox 1864 5698 1974 5755; x_wconf 80' lang='lat' dir='ltr'><strong>Deo</strong></span> <span class='ocrx_word' id='word_1_738' title='bbox 2032 5715 2191 5771; x_wconf 85' lang='lat' dir='ltr'><strong>agere</strong></span> 
     </span>
    </p>
   </div>
   <div class='ocr_carea' id='block_1_102' title="bbox 691 5866 1135 5939">
    <p class='ocr_par' dir='ltr' id='par_1_102' title="bbox 691 5866 1135 5939">
     <span class='ocr_line' id='line_1_102' title="bbox 691 5866 1135 5939; baseline 0.007 -14"><span class='ocrx_word' id='word_1_739' title='bbox 691 5868 737 5900; x_wconf 83' lang='lat'><strong>&quot;</strong></span> <span class='ocrx_word' id='word_1_740' title='bbox 766 5866 872 5927; x_wconf 85' lang='lat' dir='ltr'><strong>Ose</strong></span> <span class='ocrx_word' id='word_1_741' title='bbox 910 5885 1005 5939; x_wconf 77' lang='lat' dir='ltr'><strong>xu,</strong></span> <span class='ocrx_word' id='word_1_742' title='bbox 1050 5872 1135 5928; x_wconf 78' lang='lat' dir='ltr'><strong>l3.</strong></span> 
     </span>
    </p>
   </div>
   <div class='ocr_carea' id='block_1_103' title="bbox 2284 4686 3865 4756">
    <p class='ocr_par' dir='ltr' id='par_1_103' title="bbox 2284 4686 3865 4756">
     <span class='ocr_line' id='line_1_103' title="bbox 2284 4686 3865 4756; baseline -0.003 -9"><span class='ocrx_word' id='word_1_743' title='bbox 2284 4695 2318 4747; x_wconf 81' lang='grc' dir='ltr'><strong><em>ὁ</em></strong></span> <span class='ocrx_word' id='word_1_744' title='bbox 2358 4691 2659 4756; x_wconf 71' lang='grc' dir='ltr'>,βασιλεύς</span> <span class='ocrx_word' id='word_1_745' title='bbox 2707 4704 2823 4744; x_wconf 83' lang='grc' dir='ltr'>σου</span> <span class='ocrx_word' id='word_1_746' title='bbox 2875 4686 3089 4755; x_wconf 86' lang='grc' dir='ltr'>οὗτος;</span> <span class='ocrx_word' id='word_1_747' title='bbox 3139 4689 3238 4743; x_wconf 77' lang='grc' dir='ltr'><strong>καί</strong></span> <span class='ocrx_word' id='word_1_748' title='bbox 3286 4688 3641 4744; x_wconf 80' lang='grc' dir='ltr'>διασωσάτω</span> <span class='ocrx_word' id='word_1_749' title='bbox 3678 4702 3754 4743; x_wconf 79' lang='grc' dir='ltr'><strong>σε</strong></span> <span class='ocrx_word' id='word_1_750' title='bbox 3793 4689 3865 4742; x_wconf 74' lang='grc' dir='ltr'><strong>ἐν</strong></span> 
     </span>
    </p>
   </div>
   <div class='ocr_carea' id='block_1_104' title="bbox 2282 4777 3862 4851">
    <p class='ocr_par' dir='ltr' id='par_1_104' title="bbox 2282 4777 3862 4851">
     <span class='ocr_line' id='line_1_104' title="bbox 2282 4777 3862 4851; baseline -0.004 -12"><span class='ocrx_word' id='word_1_751' title='bbox 2282 4784 2508 4851; x_wconf 81' lang='grc' dir='ltr'>πάσαις</span> <span class='ocrx_word' id='word_1_752' title='bbox 2549 4782 2676 4849; x_wconf 84' lang='grc' dir='ltr'>ταῖς</span> <span class='ocrx_word' id='word_1_753' title='bbox 2713 4782 2932 4837; x_wconf 79' lang='grc' dir='ltr'>πόλεσί</span> <span class='ocrx_word' id='word_1_754' title='bbox 2959 4797 3096 4836; x_wconf 87' lang='grc' dir='ltr'>σου.</span> <span class='ocrx_word' id='word_1_755' title='bbox 3131 4780 3399 4851; x_wconf 81' lang='grc' dir='ltr'>Κρινάτω</span> <span class='ocrx_word' id='word_1_756' title='bbox 3446 4794 3521 4835; x_wconf 79' lang='grc' dir='ltr'><strong>σε</strong></span> <span class='ocrx_word' id='word_1_757' title='bbox 3565 4780 3639 4833; x_wconf 76' lang='grc' dir='ltr'><strong>ὃν</strong></span> <span class='ocrx_word' id='word_1_758' title='bbox 3669 4777 3862 4846; x_wconf 77' lang='grc' dir='ltr'>εἶπας,</span> 
     </span>
    </p>
   </div>
   <div class='ocr_carea' id='block_1_105' title="bbox 2283 4873 3864 4945">
    <p class='ocr_par' dir='ltr' id='par_1_105' title="bbox 2283 4873 3864 4945">
     <span class='ocr_line' id='line_1_105' title="bbox 2283 4873 3864 4945; baseline -0.003 -15"><span class='ocrx_word' id='word_1_759' title='bbox 2283 4876 2389 4943; x_wconf 87' lang='grc' dir='ltr'><strong>δός</strong></span> <span class='ocrx_word' id='word_1_760' title='bbox 2412 4892 2516 4945; x_wconf 86' lang='grc' dir='ltr'><strong>μοι</strong></span> <span class='ocrx_word' id='word_1_761' title='bbox 2563 4874 2831 4940; x_wconf 72' lang='grc' dir='ltr'>,ϐασιλέα</span> <span class='ocrx_word' id='word_1_762' title='bbox 2882 4874 2981 4927; x_wconf 77' lang='grc' dir='ltr'><strong>καί</strong></span> <span class='ocrx_word' id='word_1_763' title='bbox 3025 4874 3309 4943; x_wconf 78' lang='grc' dir='ltr'>ἄρχοντα.</span> <span class='ocrx_word' id='word_1_764' title='bbox 3358 4873 3467 4928; x_wconf 76' lang='grc' dir='ltr'><strong>Καὶ</strong></span> <span class='ocrx_word' id='word_1_765' title='bbox 3522 4873 3716 4927; x_wconf 81' lang='grc' dir='ltr'>ἔδωκά</span> <span class='ocrx_word' id='word_1_766' title='bbox 3766 4888 3864 4927; x_wconf 88' lang='grc' dir='ltr'><strong>σοι</strong></span> 
     </span>
    </p>
   </div>
   <div class='ocr_carea' id='block_1_106' title="bbox 2276 4963 3863 5038">
    <p class='ocr_par' dir='ltr' id='par_1_106' title="bbox 2276 4963 3863 5038">
     <span class='ocr_line' id='line_1_106' title="bbox 2276 4963 3863 5038; baseline -0.004 -14"><span class='ocrx_word' id='word_1_767' title='bbox 2276 4968 2546 5035; x_wconf 74' lang='grc' dir='ltr'>βασιλέα</span> <span class='ocrx_word' id='word_1_768' title='bbox 2576 4969 2645 5022; x_wconf 80' lang='grc' dir='ltr'><strong>ἐν</strong></span> <span class='ocrx_word' id='word_1_769' title='bbox 2672 4967 2818 5038; x_wconf 71' lang='grc' dir='ltr'>ὀργῆ</span> <span class='ocrx_word' id='word_1_770' title='bbox 2842 4986 2982 5037; x_wconf 86' lang='grc' dir='ltr'>μου,</span> <span class='ocrx_word' id='word_1_771' title='bbox 3009 4966 3105 5021; x_wconf 80' lang='grc' dir='ltr'>καὶ</span> <span class='ocrx_word' id='word_1_772' title='bbox 3139 4966 3330 5037; x_wconf 73' lang='grc' dir='ltr'>ἔσχον</span> <span class='ocrx_word' id='word_1_773' title='bbox 3354 4967 3425 5020; x_wconf 81' lang='grc' dir='ltr'><strong>ἐν</strong></span> <span class='ocrx_word' id='word_1_774' title='bbox 3450 4963 3532 5031; x_wconf 80' lang='grc' dir='ltr'>τῷ</span> <span class='ocrx_word' id='word_1_775' title='bbox 3561 4964 3730 5035; x_wconf 84' lang='grc' dir='ltr'>θυμῷ</span> <span class='ocrx_word' id='word_1_776' title='bbox 3745 4981 3863 5035; x_wconf 85' lang='grc' dir='ltr'><strong>μου</strong></span> 
     </span>
    </p>
   </div>
   <div class='ocr_carea' id='block_1_107' title="bbox 2287 5056 2927 5127">
    <p class='ocr_par' dir='ltr' id='par_1_107' title="bbox 2287 5056 2927 5127">
     <span class='ocr_line' id='line_1_107' title="bbox 2287 5056 2927 5127; baseline -0.005 -14"><span class='ocrx_word' id='word_1_777' title='bbox 2287 5058 2647 5127; x_wconf 74' lang='grc' dir='ltr'>συστροφὴν</span> <span class='ocrx_word' id='word_1_778' title='bbox 2674 5056 2927 5123; x_wconf 62' lang='grc' dir='ltr'>ἀδικίας.</span> 
     </span>
    </p>
   </div>
   <div class='ocr_carea' id='block_1_108' title="bbox 2358 5145 3863 5220">
    <p class='ocr_par' dir='ltr' id='par_1_108' title="bbox 2358 5145 3863 5220">
     <span class='ocr_line' id='line_1_108' title="bbox 2358 5145 3863 5220; baseline -0.004 -17"><span class='ocrx_word' id='word_1_779' title='bbox 2358 5150 2529 5204; x_wconf 81' lang='grc' dir='ltr'><strong>ΡΝΒ’.</strong></span> <span class='ocrx_word' id='word_1_780' title='bbox 2574 5152 2752 5220; x_wconf 83' lang='grc' dir='ltr'>Ἔφην</span> <span class='ocrx_word' id='word_1_781' title='bbox 2787 5149 2888 5220; x_wconf 72' lang='grc' dir='ltr'>ἤδη</span> <span class='ocrx_word' id='word_1_782' title='bbox 2918 5148 3012 5201; x_wconf 76' lang='grc' dir='ltr'>καὶ</span> <span class='ocrx_word' id='word_1_783' title='bbox 3049 5148 3107 5199; x_wconf 83' lang='grc' dir='ltr'><strong>ὲν</strong></span> <span class='ocrx_word' id='word_1_784' title='bbox 3137 5149 3246 5210; x_wconf 87' lang='grc' dir='ltr'>τοῖς</span> <span class='ocrx_word' id='word_1_785' title='bbox 3276 5146 3530 5217; x_wconf 82' lang='grc' dir='ltr'>ἀνωτέρω</span> <span class='ocrx_word' id='word_1_786' title='bbox 3560 5145 3756 5215; x_wconf 73' lang='grc' dir='ltr'>βραχὺ,</span> <span class='ocrx_word' id='word_1_787' title='bbox 3781 5145 3863 5197; x_wconf 84' lang='grc' dir='ltr'>ὃτι</span> 
     </span>
    </p>
   </div>
   <div class='ocr_carea' id='block_1_109' title="bbox 2290 5238 3863 5315">
    <p class='ocr_par' dir='ltr' id='par_1_109' title="bbox 2290 5238 3863 5315">
     <span class='ocr_line' id='line_1_109' title="bbox 2290 5238 3863 5315; baseline -0.005 -18"><span class='ocrx_word' id='word_1_788' title='bbox 2290 5245 2584 5315; x_wconf 78' lang='grc' dir='ltr'>κατῃτιᾶτο</span> <span class='ocrx_word' id='word_1_789' title='bbox 2606 5244 2737 5307; x_wconf 83' lang='grc' dir='ltr'>Θεὸς</span> <span class='ocrx_word' id='word_1_790' title='bbox 2762 5244 2888 5305; x_wconf 81' lang='grc' dir='ltr'>τοὺς</span> <span class='ocrx_word' id='word_1_791' title='bbox 2923 5240 2983 5306; x_wconf 74' lang='grc' dir='ltr'>ἐξ</span> <span class='ocrx_word' id='word_1_792' title='bbox 3024 5240 3257 5311; x_wconf 79' lang='grc' dir='ltr'>Ἰσραὴλ,</span> <span class='ocrx_word' id='word_1_793' title='bbox 3290 5241 3385 5293; x_wconf 74' lang='grc' dir='ltr'><strong>καὶ</strong></span> <span class='ocrx_word' id='word_1_794' title='bbox 3427 5240 3537 5294; x_wconf 74' lang='grc' dir='ltr'>οὐδ’</span> <span class='ocrx_word' id='word_1_795' title='bbox 3566 5241 3715 5301; x_wconf 85' lang='grc' dir='ltr'>ὅπως</span> <span class='ocrx_word' id='word_1_796' title='bbox 3746 5238 3863 5290; x_wconf 79' lang='grc' dir='ltr'>ἑλο-</span> 
     </span>
    </p>
   </div>
   <div class='ocr_carea' id='block_1_110' title="bbox 2289 5330 3861 5407">
    <p class='ocr_par' dir='ltr' id='par_1_110' title="bbox 2289 5330 3861 5407">
     <span class='ocr_line' id='line_1_110' title="bbox 2289 5330 3861 5407; baseline -0.003 -19"><span class='ocrx_word' id='word_1_797' title='bbox 2289 5335 2481 5407; x_wconf 85' lang='grc' dir='ltr'>μένους</span> <span class='ocrx_word' id='word_1_798' title='bbox 2530 5334 2591 5388; x_wconf 76' lang='grc' dir='ltr'><strong>τὸ</strong></span> <span class='ocrx_word' id='word_1_799' title='bbox 2638 5333 2998 5405; x_wconf 87' lang='grc' dir='ltr'>ἀνθρωπίνοις</span> <span class='ocrx_word' id='word_1_800' title='bbox 3045 5331 3242 5401; x_wconf 86' lang='grc' dir='ltr'>μᾶλλον</span> <span class='ocrx_word' id='word_1_801' title='bbox 3287 5330 3617 5402; x_wconf 81' lang='grc' dir='ltr'>ὑπεζεῦχθαι</span> <span class='ocrx_word' id='word_1_802' title='bbox 3657 5330 3861 5399; x_wconf 53' lang='grc' dir='ltr'>ζυγοξ,</span> 
     </span>
    </p>
   </div>
   <div class='ocr_carea' id='block_1_111' title="bbox 2286 5420 3864 5498">
    <p class='ocr_par' dir='ltr' id='par_1_111' title="bbox 2286 5420 3864 5498">
     <span class='ocr_line' id='line_1_111' title="bbox 2286 5420 3864 5498; baseline -0.005 -19"><span class='ocrx_word' id='word_1_803' title='bbox 2286 5427 2378 5480; x_wconf 72' lang='grc' dir='ltr'>καὶ</span> <span class='ocrx_word' id='word_1_804' title='bbox 2408 5425 2707 5498; x_wconf 80' lang='grc' dir='ltr'>ἁνῄνασθαι</span> <span class='ocrx_word' id='word_1_805' title='bbox 2731 5425 2830 5495; x_wconf 85' lang='grc' dir='ltr'>τὴν</span> <span class='ocrx_word' id='word_1_806' title='bbox 2856 5425 2946 5479; x_wconf 86' lang='grc' dir='ltr'><strong>ὐπ’</strong></span> <span class='ocrx_word' id='word_1_807' title='bbox 2980 5423 3127 5494; x_wconf 78' lang='grc' dir='ltr'>αὐτῷ</span> <span class='ocrx_word' id='word_1_808' title='bbox 3154 5422 3428 5493; x_wconf 87' lang='grc' dir='ltr'>βασιλείαν</span> <span class='ocrx_word' id='word_1_809' title='bbox 3463 5423 3539 5493; x_wconf 80' lang='grc' dir='ltr'>τῷ</span> <span class='ocrx_word' id='word_1_810' title='bbox 3572 5422 3711 5492; x_wconf 82' lang='grc' dir='ltr'>Θεῷ,</span> <span class='ocrx_word' id='word_1_811' title='bbox 3741 5420 3864 5473; x_wconf 87' lang='grc' dir='ltr'>καί-</span> 
     </span>
    </p>
   </div>
   <div class='ocr_carea' id='block_1_112' title="bbox 2285 5513 3973 5587">
    <p class='ocr_par' dir='ltr' id='par_1_112' title="bbox 2285 5513 3973 5587">
     <span class='ocr_line' id='line_1_112' title="bbox 2285 5513 3973 5587; baseline -0.004 -18"><span class='ocrx_word' id='word_1_812' title='bbox 2285 5534 2367 5569; x_wconf 91' lang='grc' dir='ltr'><strong>τοι</strong></span> <span class='ocrx_word' id='word_1_813' title='bbox 2409 5515 2854 5586; x_wconf 82' lang='grc' dir='ltr'>βεὸασιλευκότος</span> <span class='ocrx_word' id='word_1_814' title='bbox 2886 5515 2994 5569; x_wconf 83' lang='grc' dir='ltr'><strong>τῶν</strong></span> <span class='ocrx_word' id='word_1_815' title='bbox 3025 5516 3413 5587; x_wconf 87' lang='grc' dir='ltr'>ἀρχαιοτέρων,</span> <span class='ocrx_word' id='word_1_816' title='bbox 3465 5516 3558 5568; x_wconf 79' lang='grc' dir='ltr'>καὶ</span> <span class='ocrx_word' id='word_1_817' title='bbox 3604 5513 3693 5566; x_wconf 76' lang='grc' dir='ltr'>διὰ</span> <span class='ocrx_word' id='word_1_818' title='bbox 3730 5530 3858 5587; x_wconf 80' lang='grc' dir='ltr'>προ-</span> <span class='ocrx_word' id='word_1_819' title='bbox 3972 5558 3973 5563; x_wconf 47' lang='grc' dir='ltr'><strong>η</strong></span> 
     </span>
    </p>
   </div>
   <div class='ocr_carea' id='block_1_113' title="bbox 2287 5604 3865 5679">
    <p class='ocr_par' dir='ltr' id='par_1_113' title="bbox 2287 5604 3865 5679">
     <span class='ocr_line' id='line_1_113' title="bbox 2287 5604 3865 5679; baseline -0.003 -18"><span class='ocrx_word' id='word_1_820' title='bbox 2287 5610 2472 5678; x_wconf 82' lang='grc' dir='ltr'>φητῶν</span> <span class='ocrx_word' id='word_1_821' title='bbox 2500 5608 2689 5676; x_wconf 82' lang='grc' dir='ltr'>ἁγίων.</span> <span class='ocrx_word' id='word_1_822' title='bbox 2720 5610 2863 5679; x_wconf 85' lang='grc' dir='ltr'><strong>Ἔφη</strong></span> <span class='ocrx_word' id='word_1_823' title='bbox 2900 5610 3028 5679; x_wconf 83' lang='grc' dir='ltr'>γὰρ,</span> <span class='ocrx_word' id='word_1_824' title='bbox 3056 5610 3137 5661; x_wconf 85' lang='grc' dir='ltr'>ὅτι</span> <span class='ocrx_word' id='word_1_825' title='bbox 3175 5625 3194 5659; x_wconf 82' lang='lat' dir='ltr'><strong>s</strong></span> <span class='ocrx_word' id='word_1_826' title='bbox 3230 5608 3339 5661; x_wconf 70' lang='grc' dir='ltr'>Καὶ</span> <span class='ocrx_word' id='word_1_827' title='bbox 3371 5610 3429 5660; x_wconf 89' lang='grc' dir='ltr'>ὲν</span> <span class='ocrx_word' id='word_1_828' title='bbox 3454 5607 3705 5677; x_wconf 76' lang='grc' dir='ltr'>προφήτῃ</span> <span class='ocrx_word' id='word_1_829' title='bbox 3735 5604 3865 5673; x_wconf 58' lang='grc' dir='ltr'>ἀνήη</span> 
     </span>
    </p>
   </div>
   <div class='ocr_carea' id='block_1_114' title="bbox 2288 5696 3863 5774">
    <p class='ocr_par' dir='ltr' id='par_1_114' title="bbox 2288 5696 3863 5774">
     <span class='ocr_line' id='line_1_114' title="bbox 2288 5696 3863 5774; baseline -0.006 -18"><span class='ocrx_word' id='word_1_830' title='bbox 2288 5719 2424 5770; x_wconf 81' lang='grc' dir='ltr'>γαγε</span> <span class='ocrx_word' id='word_1_831' title='bbox 2456 5700 2656 5771; x_wconf 77' lang='grc' dir='ltr'>Κύριος</span> <span class='ocrx_word' id='word_1_832' title='bbox 2684 5701 2774 5756; x_wconf 77' lang='grc' dir='ltr'>τὸν</span> <span class='ocrx_word' id='word_1_833' title='bbox 2831 5700 3043 5774; x_wconf 82' lang='grc' dir='ltr'>Ἰσραὴλ</span> <span class='ocrx_word' id='word_1_834' title='bbox 3088 5700 3147 5765; x_wconf 79' lang='grc' dir='ltr'><strong>ἐξ</strong></span> <span class='ocrx_word' id='word_1_835' title='bbox 3193 5698 3487 5768; x_wconf 73' lang='grc' dir='ltr'>Αἰγύπτου,</span> <span class='ocrx_word' id='word_1_836' title='bbox 3517 5698 3611 5751; x_wconf 76' lang='grc' dir='ltr'><strong>καὶ</strong></span> <span class='ocrx_word' id='word_1_837' title='bbox 3644 5696 3704 5748; x_wconf 76' lang='grc' dir='ltr'>ἐν</span> <span class='ocrx_word' id='word_1_838' title='bbox 3733 5711 3863 5768; x_wconf 75' lang='grc' dir='ltr'>προ-</span> 
     </span>
    </p>
   </div>
  </div>
