  <div class='ocr_page' id='page_1' title='image "/cluster/home/n/w/nwhite01/storage/ocr_20150623/71/hvd.32044019207885/164.png"; bbox 0 0 4068 6542; ppageno 0'>
   <div class='ocr_carea' id='block_1_1' title="bbox 275 409 389 465">
    <p class='ocr_par' dir='ltr' id='par_1_1' title="bbox 275 409 389 465">
     <span class='ocr_line' id='line_1_1' title="bbox 275 409 389 465; baseline 0 -1"><span class='ocrx_word' id='word_1_1' title='bbox 275 409 389 465; x_wconf 73' lang='grc'><strong>309</strong></span> 
     </span>
    </p>
   </div>
   <div class='ocr_carea' id='block_1_2' title="bbox 1202 415 2606 484">
    <p class='ocr_par' dir='ltr' id='par_1_2' title="bbox 1202 415 2606 484">
     <span class='ocr_line' id='line_1_2' title="bbox 1202 415 2606 484; baseline 0.008 -11"><span class='ocrx_word' id='word_1_2' title='bbox 1202 415 1752 478; x_wconf 65' lang='lat' dir='ltr'><strong>COMMENTARIUS</strong></span> <span class='ocrx_word' id='word_1_3' title='bbox 1788 420 1854 478; x_wconf 76' lang='lat' dir='ltr'><strong>IN</strong></span> <span class='ocrx_word' id='word_1_4' title='bbox 1895 423 2127 480; x_wconf 74' lang='lat' dir='ltr'><strong>OSEAM-</strong></span> <span class='ocrx_word' id='word_1_5' title='bbox 2163 423 2606 484; x_wconf 72' lang='lat' dir='ltr'><strong>PBOPHETAM.</strong></span> 
     </span>
    </p>
   </div>
   <div class='ocr_carea' id='block_1_3' title="bbox 3425 434 3532 490">
    <p class='ocr_par' dir='ltr' id='par_1_3' title="bbox 3425 434 3532 490">
     <span class='ocr_line' id='line_1_3' title="bbox 3425 434 3532 490; baseline -0.019 0"><span class='ocrx_word' id='word_1_6' title='bbox 3425 434 3532 490; x_wconf 79' lang='grc'>510</span> 
     </span>
    </p>
   </div>
   <div class='ocr_carea' id='block_1_4' title="bbox 201 526 1862 611">
    <p class='ocr_par' dir='ltr' id='par_1_4' title="bbox 201 526 1853 611">
     <span class='ocr_line' id='line_1_4' title="bbox 201 526 1853 611; baseline 0.012 -37"><span class='ocrx_word' id='word_1_7' title='bbox 201 559 216 574; x_wconf 84' lang='grc'><strong>.</strong></span> <span class='ocrx_word' id='word_1_8' title='bbox 271 526 429 597; x_wconf 65' lang='grc' dir='ltr'>φήτῃ</span> <span class='ocrx_word' id='word_1_9' title='bbox 474 527 833 599; x_wconf 80' lang='grc' dir='ltr'>διεφυλὰχθη.</span> <span class='ocrx_word' id='word_1_10' title='bbox 875 548 893 580; x_wconf 75' lang='lat' dir='ltr'><strong>t</strong></span> <span class='ocrx_word' id='word_1_11' title='bbox 947 530 1134 602; x_wconf 75' lang='grc' dir='ltr'>Ὑμεῖς</span> <span class='ocrx_word' id='word_1_12' title='bbox 1176 533 1256 598; x_wconf 72' lang='grc' dir='ltr'><strong>δὲ,</strong></span> <span class='ocrx_word' id='word_1_13' title='bbox 1305 536 1462 606; x_wconf 68' lang='grc' dir='ltr'>φησι,</span> <span class='ocrx_word' id='word_1_14' title='bbox 1495 537 1556 591; x_wconf 84' lang='grc' dir='ltr'>τὸ</span> <span class='ocrx_word' id='word_1_15' title='bbox 1599 538 1704 592; x_wconf 78' lang='grc' dir='ltr'><strong>ὑπὸ</strong></span> <span class='ocrx_word' id='word_1_16' title='bbox 1735 539 1853 611; x_wconf 83' lang='grc' dir='ltr'><strong>Θεῷ</strong></span> 
     </span>
    </p>
   </div>
   <div class='ocr_carea' id='block_1_5' title="bbox 1962 526 3526 611">
    <p class='ocr_par' dir='ltr' id='par_1_5' title="bbox 1962 541 3526 607">
     <span class='ocr_line' id='line_1_5' title="bbox 1962 541 3526 607; baseline 0.002 -12"><span class='ocrx_word' id='word_1_17' title='bbox 1962 541 2220 607; x_wconf 74' lang='lat' dir='ltr'><strong>nolentes,</strong></span> <span class='ocrx_word' id='word_1_18' title='bbox 2255 544 2464 600; x_wconf 86' lang='lat' dir='ltr'><strong>ursistis</strong></span> <span class='ocrx_word' id='word_1_19' title='bbox 2493 545 2706 600; x_wconf 89' lang='lat' dir='ltr'><strong>beatum</strong></span> <span class='ocrx_word' id='word_1_20' title='bbox 2741 543 3043 602; x_wconf 88' lang='lat' dir='ltr'><strong>Samuelem</strong></span> <span class='ocrx_word' id='word_1_21' title='bbox 3079 546 3136 602; x_wconf 86' lang='lat' dir='ltr'><strong>in</strong></span> <span class='ocrx_word' id='word_1_22' title='bbox 3172 545 3286 602; x_wconf 65' lang='lat' dir='ltr'><strong>hate</strong></span> <span class='ocrx_word' id='word_1_23' title='bbox 3329 546 3526 601; x_wconf 89' lang='lat' dir='ltr'><strong>verba:</strong></span> 
     </span>
    </p>
   </div>
   <div class='ocr_carea' id='block_1_6' title="bbox 279 618 1857 698">
    <p class='ocr_par' dir='ltr' id='par_1_6' title="bbox 279 618 1857 698">
     <span class='ocr_line' id='line_1_6' title="bbox 279 618 1857 698; baseline 0.01 -32"><span class='ocrx_word' id='word_1_24' title='bbox 279 622 547 684; x_wconf 83' lang='grc' dir='ltr'>πραττειν</span> <span class='ocrx_word' id='word_1_25' title='bbox 590 618 1033 690; x_wconf 83' lang='grc' dir='ltr'>παρωθούμενοι,</span> <span class='ocrx_word' id='word_1_26' title='bbox 1088 623 1502 696; x_wconf 83' lang='grc' dir='ltr'>καταϐεϐήκατε</span> <span class='ocrx_word' id='word_1_27' title='bbox 1542 626 1636 680; x_wconf 88' lang='grc' dir='ltr'><strong>τοῦ</strong></span> <span class='ocrx_word' id='word_1_28' title='bbox 1679 645 1857 698; x_wconf 89' lang='grc' dir='ltr'>μακα-</span> 
     </span>
    </p>
   </div>
   <div class='ocr_carea' id='block_1_7' title="bbox 280 705 1860 790">
    <p class='ocr_par' dir='ltr' id='par_1_7' title="bbox 280 705 1860 790">
     <span class='ocr_line' id='line_1_7' title="bbox 280 705 1860 790; baseline 0.011 -34"><span class='ocrx_word' id='word_1_29' title='bbox 280 705 403 774; x_wconf 81' lang='grc' dir='ltr'>ρίου</span> <span class='ocrx_word' id='word_1_30' title='bbox 435 706 704 779; x_wconf 78' lang='grc' dir='ltr'><strong>Σαμουὴλ,</strong></span> <span class='ocrx_word' id='word_1_31' title='bbox 735 709 1016 778; x_wconf 77' lang='grc' dir='ltr'>λέγοντες·</span> <span class='ocrx_word' id='word_1_32' title='bbox 1057 730 1076 764; x_wconf 76' lang='grc' dir='ltr'><strong>ι</strong></span> <span class='ocrx_word' id='word_1_33' title='bbox 1140 713 1270 768; x_wconf 83' lang='grc' dir='ltr'><strong>Ἰδοὺ</strong></span> <span class='ocrx_word' id='word_1_34' title='bbox 1303 717 1367 769; x_wconf 81' lang='grc' dir='ltr'>σὺ</span> <span class='ocrx_word' id='word_1_35' title='bbox 1400 718 1735 790; x_wconf 79' lang='grc' dir='ltr'>γεγήρακας,</span> <span class='ocrx_word' id='word_1_36' title='bbox 1765 721 1860 774; x_wconf 74' lang='grc' dir='ltr'>καὶ</span> 
     </span>
    </p>
   </div>
   <div class='ocr_carea' id='block_1_8' title="bbox 275 794 1860 883">
    <p class='ocr_par' dir='ltr' id='par_1_8' title="bbox 275 794 1860 883">
     <span class='ocr_line' id='line_1_8' title="bbox 275 794 1860 883; baseline 0.011 -37"><span class='ocrx_word' id='word_1_37' title='bbox 275 794 330 847; x_wconf 74' lang='grc' dir='ltr'><strong>οἱ</strong></span> <span class='ocrx_word' id='word_1_38' title='bbox 363 797 468 849; x_wconf 76' lang='grc' dir='ltr'>υἱοί</span> <span class='ocrx_word' id='word_1_39' title='bbox 510 813 604 850; x_wconf 89' lang='grc' dir='ltr'><strong>σου</strong></span> <span class='ocrx_word' id='word_1_40' title='bbox 645 798 705 850; x_wconf 75' lang='lat' dir='ltr'><strong>o’J</strong></span> <span class='ocrx_word' id='word_1_41' title='bbox 748 799 1072 883; x_wconf 61' lang='grc' dir='ltr'>πορεύονται</span> <span class='ocrx_word' id='word_1_42' title='bbox 1107 803 1164 857; x_wconf 81' lang='grc' dir='ltr'>ὲν</span> <span class='ocrx_word' id='word_1_43' title='bbox 1205 806 1272 874; x_wconf 82' lang='grc' dir='ltr'><strong>τῇ</strong></span> <span class='ocrx_word' id='word_1_44' title='bbox 1318 804 1422 876; x_wconf 79' lang='grc' dir='ltr'><strong>ὁδῷ</strong></span> <span class='ocrx_word' id='word_1_45' title='bbox 1470 823 1582 861; x_wconf 87' lang='grc' dir='ltr'>σου.</span> <span class='ocrx_word' id='word_1_46' title='bbox 1617 807 1725 861; x_wconf 80' lang='grc' dir='ltr'><strong>Καὶ</strong></span> <span class='ocrx_word' id='word_1_47' title='bbox 1766 807 1860 862; x_wconf 91' lang='grc' dir='ltr'><strong>νῦν</strong></span> 
     </span>
    </p>
   </div>
   <div class='ocr_carea' id='block_1_9' title="bbox 279 886 1861 968">
    <p class='ocr_par' dir='ltr' id='par_1_9' title="bbox 279 886 1861 968">
     <span class='ocr_line' id='line_1_9' title="bbox 279 886 1861 968; baseline 0.009 -32"><span class='ocrx_word' id='word_1_48' title='bbox 279 886 622 956; x_wconf 74' lang='grc' dir='ltr'><strong>κατάστησον</strong></span> <span class='ocrx_word' id='word_1_49' title='bbox 665 888 752 956; x_wconf 69' lang='grc' dir='ltr'><strong>ἐφ’</strong></span> <span class='ocrx_word' id='word_1_50' title='bbox 794 890 941 960; x_wconf 80' lang='grc' dir='ltr'>ἡμᾶς</span> <span class='ocrx_word' id='word_1_51' title='bbox 971 890 1196 961; x_wconf 79' lang='grc' dir='ltr'>βασιλέα</span> <span class='ocrx_word' id='word_1_52' title='bbox 1228 891 1469 958; x_wconf 80' lang='grc' dir='ltr'><strong>δικάζειν</strong></span> <span class='ocrx_word' id='word_1_53' title='bbox 1513 897 1688 968; x_wconf 67' lang='grc' dir='ltr'>ἡμᾶς,</span> <span class='ocrx_word' id='word_1_54' title='bbox 1719 896 1861 951; x_wconf 88' lang='grc' dir='ltr'><strong>καθά</strong></span> 
     </span>
    </p>
   </div>
   <div class='ocr_carea' id='block_1_10' title="bbox 279 976 1860 1058">
    <p class='ocr_par' dir='ltr' id='par_1_10' title="bbox 279 976 1860 1058">
     <span class='ocr_line' id='line_1_10' title="bbox 279 976 1860 1058; baseline 0.009 -30"><span class='ocrx_word' id='word_1_55' title='bbox 279 977 476 1029; x_wconf 80' lang='grc' dir='ltr'>καὶτὰ</span> <span class='ocrx_word' id='word_1_56' title='bbox 502 976 638 1031; x_wconf 81' lang='grc' dir='ltr'>ἄλλα</span> <span class='ocrx_word' id='word_1_57' title='bbox 681 977 828 1051; x_wconf 83' lang='grc' dir='ltr'>ἔθνη,</span> <span class='ocrx_word' id='word_1_58' title='bbox 874 999 893 1032; x_wconf 75' lang='lat' dir='ltr'><strong>t</strong></span> <span class='ocrx_word' id='word_1_59' title='bbox 942 981 1151 1037; x_wconf 81' lang='grc' dir='ltr'>Οὐκοῦν</span> <span class='ocrx_word' id='word_1_60' title='bbox 1185 985 1482 1058; x_wconf 80' lang='grc' dir='ltr'><strong>ἐπειδήπερ</strong></span> <span class='ocrx_word' id='word_1_61' title='bbox 1509 987 1860 1042; x_wconf 76' lang='grc' dir='ltr'>εὐϐεϐουλεῦ·</span> 
     </span>
    </p>
   </div>
   <div class='ocr_carea' id='block_1_11' title="bbox 281 1066 1857 1157">
    <p class='ocr_par' dir='ltr' id='par_1_11' title="bbox 281 1066 1857 1157">
     <span class='ocr_line' id='line_1_11' title="bbox 281 1066 1857 1157; baseline 0.011 -39"><span class='ocrx_word' id='word_1_62' title='bbox 281 1066 409 1157; x_wconf 68' lang='grc' dir='ltr'>σθαι</span> <span class='ocrx_word' id='word_1_63' title='bbox 452 1067 644 1134; x_wconf 87' lang='grc' dir='ltr'>δοκεῖς,</span> <span class='ocrx_word' id='word_1_64' title='bbox 690 1070 1002 1144; x_wconf 75' lang='grc' dir='ltr'><strong>ἀναστήσας</strong></span> <span class='ocrx_word' id='word_1_65' title='bbox 1046 1076 1138 1129; x_wconf 77' lang='grc' dir='ltr'><strong>ἐπὶ</strong></span> <span class='ocrx_word' id='word_1_66' title='bbox 1189 1077 1372 1150; x_wconf 86' lang='grc' dir='ltr'>σαυτῷ</span> <span class='ocrx_word' id='word_1_67' title='bbox 1419 1078 1663 1150; x_wconf 84' lang='grc' dir='ltr'><strong>βασιλέα,</strong></span> <span class='ocrx_word' id='word_1_68' title='bbox 1711 1081 1857 1137; x_wconf 91' lang='grc' dir='ltr'><strong>καθά</strong></span> 
     </span>
    </p>
   </div>
   <div class='ocr_carea' id='block_1_12' title="bbox 277 1160 1862 1246">
    <p class='ocr_par' dir='ltr' id='par_1_12' title="bbox 277 1160 1862 1246">
     <span class='ocr_line' id='line_1_12' title="bbox 277 1160 1862 1246; baseline 0.012 -35"><span class='ocrx_word' id='word_1_69' title='bbox 277 1160 380 1212; x_wconf 76' lang='grc' dir='ltr'>καὶ</span> <span class='ocrx_word' id='word_1_70' title='bbox 419 1160 488 1213; x_wconf 74' lang='grc' dir='ltr'><strong>τὰ</strong></span> <span class='ocrx_word' id='word_1_71' title='bbox 534 1160 694 1216; x_wconf 84' lang='grc' dir='ltr'>λοιπά</span> <span class='ocrx_word' id='word_1_72' title='bbox 735 1162 883 1235; x_wconf 75' lang='grc' dir='ltr'>ἔθνη,</span> <span class='ocrx_word' id='word_1_73' title='bbox 925 1165 1194 1232; x_wconf 79' lang='grc' dir='ltr'>σώζεσθαί</span> <span class='ocrx_word' id='word_1_74' title='bbox 1234 1187 1292 1223; x_wconf 88' lang='grc' dir='ltr'><strong>τε</strong></span> <span class='ocrx_word' id='word_1_75' title='bbox 1333 1171 1464 1243; x_wconf 80' lang='grc' dir='ltr'>παρ’</span> <span class='ocrx_word' id='word_1_76' title='bbox 1492 1173 1659 1228; x_wconf 81' lang='grc' dir='ltr'>αὑτοῦ</span> <span class='ocrx_word' id='word_1_77' title='bbox 1693 1191 1862 1246; x_wconf 86' lang='grc' dir='ltr'>προσ-</span> 
     </span>
    </p>
   </div>
   <div class='ocr_carea' id='block_1_13' title="bbox 277 1250 1858 1336">
    <p class='ocr_par' dir='ltr' id='par_1_13' title="bbox 277 1250 1858 1336">
     <span class='ocr_line' id='line_1_13' title="bbox 277 1250 1858 1336; baseline 0.013 -35"><span class='ocrx_word' id='word_1_78' title='bbox 277 1250 566 1322; x_wconf 80' lang='grc' dir='ltr'>εδόκησας,</span> <span class='ocrx_word' id='word_1_79' title='bbox 596 1253 696 1306; x_wconf 89' lang='grc' dir='ltr'><strong>ποῦ</strong></span> <span class='ocrx_word' id='word_1_80' title='bbox 732 1254 826 1308; x_wconf 87' lang='grc' dir='ltr'><strong>νῦν</strong></span> <span class='ocrx_word' id='word_1_81' title='bbox 869 1257 977 1328; x_wconf 76' lang='grc' dir='ltr'>ἄρα</span> <span class='ocrx_word' id='word_1_82' title='bbox 1021 1259 1206 1327; x_wconf 60' lang='lat' dir='ltr'><strong>tactv;</strong></span> <span class='ocrx_word' id='word_1_83' title='bbox 1271 1262 1398 1318; x_wconf 83' lang='grc' dir='ltr'>Ἰδοὺ</span> <span class='ocrx_word' id='word_1_84' title='bbox 1440 1265 1631 1336; x_wconf 81' lang='grc' dir='ltr'>καιρὸς</span> <span class='ocrx_word' id='word_1_85' title='bbox 1656 1267 1858 1321; x_wconf 79' lang='grc' dir='ltr'>ἐπιδεί-</span> 
     </span>
    </p>
   </div>
   <div class='ocr_carea' id='block_1_14' title="bbox 278 1341 1860 1431">
    <p class='ocr_par' dir='ltr' id='par_1_14' title="bbox 278 1341 1860 1431">
     <span class='ocr_line' id='line_1_14' title="bbox 278 1341 1860 1431; baseline 0.013 -37"><span class='ocrx_word' id='word_1_86' title='bbox 278 1341 442 1408; x_wconf 80' lang='grc' dir='ltr'>ξεως,</span> <span class='ocrx_word' id='word_1_87' title='bbox 490 1344 792 1416; x_wconf 86' lang='grc' dir='ltr'>πολεμείτω</span> <span class='ocrx_word' id='word_1_88' title='bbox 825 1365 916 1402; x_wconf 91' lang='grc' dir='ltr'><strong>σου</strong></span> <span class='ocrx_word' id='word_1_89' title='bbox 957 1350 1050 1405; x_wconf 82' lang='grc' dir='ltr'>τὸν</span> <span class='ocrx_word' id='word_1_90' title='bbox 1092 1352 1348 1424; x_wconf 87' lang='grc' dir='ltr'>πόλεμον,</span> <span class='ocrx_word' id='word_1_91' title='bbox 1379 1356 1684 1422; x_wconf 78' lang='grc' dir='ltr'>δπλιζέσθω</span> <span class='ocrx_word' id='word_1_92' title='bbox 1721 1358 1860 1431; x_wconf 86' lang='grc' dir='ltr'>λαμ-</span> 
     </span>
    </p>
   </div>
   <div class='ocr_carea' id='block_1_15' title="bbox 277 1434 1859 1518">
    <p class='ocr_par' dir='ltr' id='par_1_15' title="bbox 277 1434 1859 1518">
     <span class='ocr_line' id='line_1_15' title="bbox 277 1434 1859 1518; baseline 0.015 -34"><span class='ocrx_word' id='word_1_93' title='bbox 277 1434 458 1505; x_wconf 84' lang='grc' dir='ltr'>πρῶς,</span> <span class='ocrx_word' id='word_1_94' title='bbox 507 1437 728 1501; x_wconf 80' lang='grc' dir='ltr'><strong>σωζέτω</strong></span> <span class='ocrx_word' id='word_1_95' title='bbox 778 1441 878 1505; x_wconf 80' lang='grc' dir='ltr'><strong>τὰς</strong></span> <span class='ocrx_word' id='word_1_96' title='bbox 934 1443 1140 1512; x_wconf 84' lang='grc' dir='ltr'>πόλεις,</span> <span class='ocrx_word' id='word_1_97' title='bbox 1188 1448 1572 1518; x_wconf 71' lang='grc' dir='ltr'>προασπιξέτω</span> <span class='ocrx_word' id='word_1_98' title='bbox 1616 1451 1724 1507; x_wconf 83' lang='grc' dir='ltr'><strong>τῶν</strong></span> <span class='ocrx_word' id='word_1_99' title='bbox 1756 1452 1859 1506; x_wconf 82' lang='grc' dir='ltr'><strong>ὑπὸ</strong></span> 
     </span>
    </p>
   </div>
   <div class='ocr_carea' id='block_1_16' title="bbox 277 1527 1860 1601">
    <p class='ocr_par' dir='ltr' id='par_1_16' title="bbox 277 1527 1860 1601">
     <span class='ocr_line' id='line_1_16' title="bbox 277 1527 1860 1601; baseline 0.01 -26"><span class='ocrx_word' id='word_1_100' title='bbox 277 1527 463 1594; x_wconf 87' lang='grc' dir='ltr'>χεῖρα,</span> <span class='ocrx_word' id='word_1_101' title='bbox 498 1527 867 1582; x_wconf 81' lang='grc' dir='ltr'>κατασοϐείτω</span> <span class='ocrx_word' id='word_1_102' title='bbox 898 1530 1004 1584; x_wconf 84' lang='grc' dir='ltr'><strong>τῶν</strong></span> <span class='ocrx_word' id='word_1_103' title='bbox 1032 1532 1098 1585; x_wconf 86' lang='grc' dir='ltr'><strong>δι’</strong></span> <span class='ocrx_word' id='word_1_104' title='bbox 1126 1534 1392 1601; x_wconf 79' lang='grc' dir='ltr'>ἐναντίας,</span> <span class='ocrx_word' id='word_1_105' title='bbox 1428 1535 1698 1592; x_wconf 81' lang='grc' dir='ltr'>ὲλαυνέτω</span> <span class='ocrx_word' id='word_1_106' title='bbox 1737 1556 1860 1593; x_wconf 80' lang='grc' dir='ltr'>νεα-</span> 
     </span>
    </p>
   </div>
   <div class='ocr_carea' id='block_1_17' title="bbox 275 1615 1859 1694">
    <p class='ocr_par' dir='ltr' id='par_1_17' title="bbox 275 1615 1859 1694">
     <span class='ocr_line' id='line_1_17' title="bbox 275 1615 1859 1694; baseline 0.011 -28"><span class='ocrx_word' id='word_1_107' title='bbox 275 1615 450 1679; x_wconf 79' lang='grc' dir='ltr'>νικῶς</span> <span class='ocrx_word' id='word_1_108' title='bbox 494 1616 618 1682; x_wconf 76' lang='grc' dir='ltr'>τοὺς</span> <span class='ocrx_word' id='word_1_109' title='bbox 647 1621 948 1694; x_wconf 74' lang='grc' dir='ltr'>καταδῃοῦν</span> <span class='ocrx_word' id='word_1_110' title='bbox 987 1622 1271 1690; x_wconf 77' lang='grc' dir='ltr'>ἐθέλοντας</span> <span class='ocrx_word' id='word_1_111' title='bbox 1309 1627 1490 1691; x_wconf 73' lang='grc' dir='ltr'>οἴκους</span> <span class='ocrx_word' id='word_1_112' title='bbox 1519 1644 1578 1680; x_wconf 92' lang='grc' dir='ltr'><strong>τε</strong></span> <span class='ocrx_word' id='word_1_113' title='bbox 1631 1629 1726 1682; x_wconf 74' lang='grc' dir='ltr'>καὶ</span> <span class='ocrx_word' id='word_1_114' title='bbox 1763 1630 1859 1683; x_wconf 85' lang='grc' dir='ltr'><strong>πό-</strong></span> 
     </span>
    </p>
   </div>
   <div class='ocr_carea' id='block_1_18' title="bbox 275 1704 1861 1792">
    <p class='ocr_par' dir='ltr' id='par_1_18' title="bbox 275 1704 1861 1792">
     <span class='ocr_line' id='line_1_18' title="bbox 275 1704 1861 1792; baseline 0.011 -35"><span class='ocrx_word' id='word_1_115' title='bbox 275 1704 413 1770; x_wconf 83' lang='grc' dir='ltr'>λεις.</span> <span class='ocrx_word' id='word_1_116' title='bbox 457 1707 590 1762; x_wconf 74' lang='grc' dir='ltr'>Ἀλλ’</span> <span class='ocrx_word' id='word_1_117' title='bbox 617 1711 748 1776; x_wconf 75' lang='grc' dir='ltr'>ἴσως</span> <span class='ocrx_word' id='word_1_118' title='bbox 775 1714 938 1784; x_wconf 81' lang='grc' dir='ltr'>ἐρεῖς,</span> <span class='ocrx_word' id='word_1_119' title='bbox 967 1714 1153 1769; x_wconf 86' lang='grc' dir='ltr'>καίτοι</span> <span class='ocrx_word' id='word_1_120' title='bbox 1181 1715 1440 1787; x_wconf 76' lang='grc' dir='ltr'>φαίνομαι</span> <span class='ocrx_word' id='word_1_121' title='bbox 1474 1718 1574 1790; x_wconf 87' lang='grc' dir='ltr'>μὲν</span> <span class='ocrx_word' id='word_1_122' title='bbox 1604 1718 1679 1784; x_wconf 85' lang='grc' dir='ltr'>ὡς</span> <span class='ocrx_word' id='word_1_123' title='bbox 1708 1723 1861 1792; x_wconf 82' lang='grc' dir='ltr'>αίτή-</span> 
     </span>
    </p>
   </div>
   <div class='ocr_carea' id='block_1_19' title="bbox 277 1799 1859 1884">
    <p class='ocr_par' dir='ltr' id='par_1_19' title="bbox 277 1799 1859 1884">
     <span class='ocr_line' id='line_1_19' title="bbox 277 1799 1859 1884; baseline 0.011 -35"><span class='ocrx_word' id='word_1_124' title='bbox 277 1814 383 1862; x_wconf 87' lang='grc' dir='ltr'>σας</span> <span class='ocrx_word' id='word_1_125' title='bbox 423 1799 555 1868; x_wconf 80' lang='grc' dir='ltr'>ἐγὼ,</span> <span class='ocrx_word' id='word_1_126' title='bbox 597 1801 662 1855; x_wconf 77' lang='grc' dir='ltr'>σὺ</span> <span class='ocrx_word' id='word_1_127' title='bbox 708 1803 766 1857; x_wconf 74' lang='grc' dir='ltr'><strong>δὲ</strong></span> <span class='ocrx_word' id='word_1_128' title='bbox 811 1806 906 1859; x_wconf 65' lang='grc' dir='ltr'><strong>καί</strong></span> <span class='ocrx_word' id='word_1_129' title='bbox 935 1807 1078 1871; x_wconf 75' lang='grc' dir='ltr'>δοὺς,</span> <span class='ocrx_word' id='word_1_130' title='bbox 1125 1809 1219 1863; x_wconf 73' lang='grc' dir='ltr'>καὶ</span> <span class='ocrx_word' id='word_1_131' title='bbox 1251 1810 1522 1882; x_wconf 87' lang='grc' dir='ltr'>κεχρικὼς</span> <span class='ocrx_word' id='word_1_132' title='bbox 1561 1813 1618 1865; x_wconf 79' lang='grc' dir='ltr'>ἐν</span> <span class='ocrx_word' id='word_1_133' title='bbox 1664 1814 1859 1884; x_wconf 80' lang='grc' dir='ltr'>ἀρχαῖς</span> 
     </span>
    </p>
   </div>
   <div class='ocr_carea' id='block_1_20' title="bbox 1963 631 3526 698">
    <p class='ocr_par' dir='ltr' id='par_1_20' title="bbox 1963 631 3526 698">
     <span class='ocr_line' id='line_1_20' title="bbox 1963 631 3526 698; baseline 0.001 -11"><span class='ocrx_word' id='word_1_134' title='bbox 1963 631 2100 688; x_wconf 83' lang='lat' dir='ltr'><strong>Ecce</strong></span> <span class='ocrx_word' id='word_1_135' title='bbox 2128 641 2182 685; x_wconf 94' lang='lat' dir='ltr'><strong>tu</strong></span> <span class='ocrx_word' id='word_1_136' title='bbox 2215 633 2459 698; x_wconf 82' lang='lat' dir='ltr'><strong>secuisti,</strong></span> <span class='ocrx_word' id='word_1_137' title='bbox 2518 644 2568 688; x_wconf 84' lang='lat' dir='ltr'><strong>et</strong></span> <span class='ocrx_word' id='word_1_138' title='bbox 2625 634 2718 690; x_wconf 84' lang='lat' dir='ltr'><strong>lilii</strong></span> <span class='ocrx_word' id='word_1_139' title='bbox 2754 635 2830 689; x_wconf 91' lang='lat' dir='ltr'><strong>tui</strong></span> <span class='ocrx_word' id='word_1_140' title='bbox 2863 651 2968 691; x_wconf 90' lang='lat' dir='ltr'><strong>non</strong></span> <span class='ocrx_word' id='word_1_141' title='bbox 3028 635 3301 692; x_wconf 87' lang='lat' dir='ltr'><strong>ambulant</strong></span> <span class='ocrx_word' id='word_1_142' title='bbox 3335 635 3387 690; x_wconf 92' lang='lat' dir='ltr'><strong>in</strong></span> <span class='ocrx_word' id='word_1_143' title='bbox 3443 635 3526 688; x_wconf 96' lang='lat' dir='ltr'><strong>via</strong></span> 
     </span>
    </p>
   </div>
   <div class='ocr_carea' id='block_1_21' title="bbox 1961 723 3531 798">
    <p class='ocr_par' dir='ltr' id='par_1_21' title="bbox 1961 723 3531 798">
     <span class='ocr_line' id='line_1_21' title="bbox 1961 723 3531 798; baseline 0.001 -20"><span class='ocrx_word' id='word_1_144' title='bbox 1961 731 2074 778; x_wconf 87' lang='lat' dir='ltr'><strong>tua.</strong></span> <span class='ocrx_word' id='word_1_145' title='bbox 2101 723 2167 776; x_wconf 88' lang='lat' dir='ltr'><strong>Et</strong></span> <span class='ocrx_word' id='word_1_146' title='bbox 2181 738 2322 778; x_wconf 86' lang='lat' dir='ltr'><strong>nunc</strong></span> <span class='ocrx_word' id='word_1_147' title='bbox 2339 724 2607 779; x_wconf 86' lang='lat' dir='ltr'><strong>constitue</strong></span> <span class='ocrx_word' id='word_1_148' title='bbox 2645 740 2806 795; x_wconf 81' lang='lat' dir='ltr'><strong>super</strong></span> <span class='ocrx_word' id='word_1_149' title='bbox 2834 741 2933 780; x_wconf 87' lang='lat' dir='ltr'><strong>nos</strong></span> <span class='ocrx_word' id='word_1_150' title='bbox 2964 742 3165 798; x_wconf 89' lang='lat' dir='ltr'><strong>regem,</strong></span> <span class='ocrx_word' id='word_1_151' title='bbox 3207 728 3296 798; x_wconf 91' lang='lat' dir='ltr'><strong>qui</strong></span> <span class='ocrx_word' id='word_1_152' title='bbox 3324 725 3531 797; x_wconf 88' lang='lat' dir='ltr'><strong>judicet</strong></span> 
     </span>
    </p>
   </div>
   <div class='ocr_carea' id='block_1_22' title="bbox 1961 815 3530 889">
    <p class='ocr_par' dir='ltr' id='par_1_22' title="bbox 1961 815 3530 889">
     <span class='ocr_line' id='line_1_22' title="bbox 1961 815 3530 889; baseline 0.004 -20"><span class='ocrx_word' id='word_1_153' title='bbox 1961 829 2092 878; x_wconf 23' lang='lat' dir='ltr'><strong>nos...</strong></span> <span class='ocrx_word' id='word_1_154' title='bbox 2107 815 2250 871; x_wconf 87' lang='lat' dir='ltr'><strong>sicut</strong></span> <span class='ocrx_word' id='word_1_155' title='bbox 2275 825 2330 872; x_wconf 91' lang='lat' dir='ltr'><strong>et</strong></span> <span class='ocrx_word' id='word_1_156' title='bbox 2360 816 2503 871; x_wconf 79' lang='lat' dir='ltr'><strong>alias</strong></span> <span class='ocrx_word' id='word_1_157' title='bbox 2517 825 2703 886; x_wconf 85' lang='lat' dir='ltr'><strong>gentes</strong></span> <span class='ocrx_word' id='word_1_158' title='bbox 2740 817 2805 872; x_wconf 76' lang='lat'><strong>“.</strong></span> <span class='ocrx_word' id='word_1_159' title='bbox 2834 837 2851 868; x_wconf 77' lang='grc' dir='ltr'>ι</span> <span class='ocrx_word' id='word_1_160' title='bbox 2908 820 3089 888; x_wconf 94' lang='lat' dir='ltr'><strong>Itaque</strong></span> <span class='ocrx_word' id='word_1_161' title='bbox 3113 820 3368 889; x_wconf 89' lang='lat' dir='ltr'><strong>quoniam</strong></span> <span class='ocrx_word' id='word_1_162' title='bbox 3436 821 3530 875; x_wconf 83' lang='lat' dir='ltr'><strong>be-</strong></span> 
     </span>
    </p>
   </div>
   <div class='ocr_carea' id='block_1_23' title="bbox 1961 905 3529 979">
    <p class='ocr_par' dir='ltr' id='par_1_23' title="bbox 1961 905 3529 979">
     <span class='ocr_line' id='line_1_23' title="bbox 1961 905 3529 979; baseline 0.003 -18"><span class='ocrx_word' id='word_1_163' title='bbox 1961 923 2030 962; x_wconf 88' lang='lat' dir='ltr'><strong>ne</strong></span> <span class='ocrx_word' id='word_1_164' title='bbox 2055 907 2158 962; x_wconf 81' lang='lat' dir='ltr'><strong>tibi</strong></span> <span class='ocrx_word' id='word_1_165' title='bbox 2176 905 2512 962; x_wconf 88' lang='lat' dir='ltr'><strong>consuluisse</strong></span> <span class='ocrx_word' id='word_1_166' title='bbox 2536 907 2759 972; x_wconf 84' lang='lat' dir='ltr'><strong>videris,</strong></span> <span class='ocrx_word' id='word_1_167' title='bbox 2796 907 2934 963; x_wconf 91' lang='lat' dir='ltr'><strong>dum-</strong></span> <span class='ocrx_word' id='word_1_168' title='bbox 2965 910 3058 965; x_wconf 85' lang='lat' dir='ltr'><strong>libi</strong></span> <span class='ocrx_word' id='word_1_169' title='bbox 3091 925 3272 979; x_wconf 82' lang='lat' dir='ltr'><strong>regem</strong></span> <span class='ocrx_word' id='word_1_170' title='bbox 3297 911 3529 966; x_wconf 79' lang='lat' dir='ltr'><strong>institui-</strong></span> 
     </span>
    </p>
   </div>
   <div class='ocr_carea' id='block_1_24' title="bbox 1961 999 3525 1070">
    <p class='ocr_par' dir='ltr' id='par_1_24' title="bbox 1961 999 3525 1070">
     <span class='ocr_line' id='line_1_24' title="bbox 1961 999 3525 1070; baseline 0.001 -16"><span class='ocrx_word' id='word_1_171' title='bbox 1961 999 2052 1064; x_wconf 89' lang='lat' dir='ltr'><strong>sti,</strong></span> <span class='ocrx_word' id='word_1_172' title='bbox 2087 1000 2225 1053; x_wconf 89' lang='lat' dir='ltr'><strong>sicut</strong></span> <span class='ocrx_word' id='word_1_173' title='bbox 2249 999 2447 1054; x_wconf 85' lang='lat' dir='ltr'><strong>habent</strong></span> <span class='ocrx_word' id='word_1_174' title='bbox 2479 1009 2686 1054; x_wconf 63' lang='grc' dir='ltr'>αριθιά</span> <span class='ocrx_word' id='word_1_175' title='bbox 2715 1007 2920 1068; x_wconf 84' lang='lat' dir='ltr'><strong>gentes,</strong></span> <span class='ocrx_word' id='word_1_176' title='bbox 2941 1015 2980 1056; x_wconf 80' lang='lat' dir='ltr'><strong>a</strong></span> <span class='ocrx_word' id='word_1_177' title='bbox 3000 1015 3110 1070; x_wconf 87' lang='lat' dir='ltr'><strong>quo</strong></span> <span class='ocrx_word' id='word_1_178' title='bbox 3140 999 3525 1068; x_wconf 81' lang='lat' dir='ltr'><strong>defendereris,</strong></span> 
     </span>
    </p>
   </div>
   <div class='ocr_carea' id='block_1_25' title="bbox 1962 1089 3528 1160">
    <p class='ocr_par' dir='ltr' id='par_1_25' title="bbox 1962 1089 3528 1160">
     <span class='ocr_line' id='line_1_25' title="bbox 1962 1089 3528 1160; baseline 0.001 -16"><span class='ocrx_word' id='word_1_179' title='bbox 1962 1089 2050 1144; x_wconf 89' lang='lat' dir='ltr'><strong>ubi</strong></span> <span class='ocrx_word' id='word_1_180' title='bbox 2082 1105 2222 1145; x_wconf 91' lang='lat' dir='ltr'><strong>nunc</strong></span> <span class='ocrx_word' id='word_1_181' title='bbox 2253 1091 2462 1146; x_wconf 86' lang='lat' dir='ltr'><strong>tandem</strong></span> <span class='ocrx_word' id='word_1_182' title='bbox 2491 1091 2612 1145; x_wconf 88' lang='lat' dir='ltr'><strong>est?</strong></span> <span class='ocrx_word' id='word_1_183' title='bbox 2638 1090 2738 1156; x_wconf 84' lang='lat' dir='ltr'><strong>En,</strong></span> <span class='ocrx_word' id='word_1_184' title='bbox 2771 1100 2977 1160; x_wconf 87' lang='lat' dir='ltr'><strong>tempus</strong></span> <span class='ocrx_word' id='word_1_185' title='bbox 3013 1101 3098 1146; x_wconf 89' lang='lat' dir='ltr'><strong>est</strong></span> <span class='ocrx_word' id='word_1_186' title='bbox 3149 1091 3227 1146; x_wconf 87' lang='lat' dir='ltr'><strong>uti</strong></span> <span class='ocrx_word' id='word_1_187' title='bbox 3262 1106 3321 1146; x_wconf 85' lang='lat' dir='ltr'><strong>se</strong></span> <span class='ocrx_word' id='word_1_188' title='bbox 3375 1093 3528 1146; x_wconf 78' lang='lat' dir='ltr'><strong>exhi-</strong></span> 
     </span>
    </p>
   </div>
   <div class='ocr_carea' id='block_1_26' title="bbox 1961 1182 3524 1254">
    <p class='ocr_par' dir='ltr' id='par_1_26' title="bbox 1961 1182 3524 1254">
     <span class='ocr_line' id='line_1_26' title="bbox 1961 1182 3524 1254; baseline -0.001 -16"><span class='ocrx_word' id='word_1_189' title='bbox 1961 1183 2106 1247; x_wconf 85' lang='lat' dir='ltr'><strong>beat,</strong></span> <span class='ocrx_word' id='word_1_190' title='bbox 2135 1193 2286 1252; x_wconf 89' lang='lat' dir='ltr'><strong>gerat</strong></span> <span class='ocrx_word' id='word_1_191' title='bbox 2317 1197 2415 1252; x_wconf 88' lang='lat' dir='ltr'><strong>pro</strong></span> <span class='ocrx_word' id='word_1_192' title='bbox 2461 1192 2512 1237; x_wconf 92' lang='lat' dir='ltr'><strong>te</strong></span> <span class='ocrx_word' id='word_1_193' title='bbox 2561 1182 2782 1248; x_wconf 90' lang='lat' dir='ltr'><strong>bellum,</strong></span> <span class='ocrx_word' id='word_1_194' title='bbox 2838 1199 2988 1237; x_wconf 87' lang='lat' dir='ltr'><strong>arma</strong></span> <span class='ocrx_word' id='word_1_195' title='bbox 3032 1183 3288 1254; x_wconf 79' lang='lat' dir='ltr'><strong>fulgentia</strong></span> <span class='ocrx_word' id='word_1_196' title='bbox 3321 1183 3524 1248; x_wconf 90' lang='lat' dir='ltr'><strong>induat,</strong></span> 
     </span>
    </p>
   </div>
   <div class='ocr_carea' id='block_1_27' title="bbox 1959 1272 3528 1344">
    <p class='ocr_par' dir='ltr' id='par_1_27' title="bbox 1959 1272 3528 1344">
     <span class='ocr_line' id='line_1_27' title="bbox 1959 1272 3528 1344; baseline -0.002 -14"><span class='ocrx_word' id='word_1_197' title='bbox 1959 1283 2174 1330; x_wconf 89' lang='lat' dir='ltr'><strong>tueatur</strong></span> <span class='ocrx_word' id='word_1_198' title='bbox 2203 1275 2386 1340; x_wconf 90' lang='lat' dir='ltr'><strong>urbes,</strong></span> <span class='ocrx_word' id='word_1_199' title='bbox 2430 1283 2728 1344; x_wconf 89' lang='lat' dir='ltr'><strong>propugnet</strong></span> <span class='ocrx_word' id='word_1_200' title='bbox 2774 1289 2871 1344; x_wconf 91' lang='lat' dir='ltr'><strong>pro</strong></span> <span class='ocrx_word' id='word_1_201' title='bbox 2925 1272 3206 1342; x_wconf 81' lang='lat' dir='ltr'><strong>subjectis,</strong></span> <span class='ocrx_word' id='word_1_202' title='bbox 3277 1273 3528 1344; x_wconf 81' lang='lat' dir='ltr'><strong>proﬂiget</strong></span> 
     </span>
    </p>
   </div>
   <div class='ocr_carea' id='block_1_28' title="bbox 1961 1365 3522 1428">
    <p class='ocr_par' dir='ltr' id='par_1_28' title="bbox 1961 1365 3522 1428">
     <span class='ocr_line' id='line_1_28' title="bbox 1961 1365 3522 1428; baseline -0.002 -8"><span class='ocrx_word' id='word_1_203' title='bbox 1961 1365 2320 1428; x_wconf 70' lang='lat' dir='ltr'><strong>adversarios.</strong></span> <span class='ocrx_word' id='word_1_204' title='bbox 2371 1372 2557 1420; x_wconf 89' lang='lat' dir='ltr'><strong>arceat</strong></span> <span class='ocrx_word' id='word_1_205' title='bbox 2621 1374 2842 1420; x_wconf 83' lang='lat' dir='ltr'><strong>strenue</strong></span> <span class='ocrx_word' id='word_1_206' title='bbox 2885 1373 3185 1421; x_wconf 88' lang='lat' dir='ltr'><strong>vastatores</strong></span> <span class='ocrx_word' id='word_1_207' title='bbox 3242 1367 3522 1419; x_wconf 67' lang='lat' dir='ltr'><strong>domorum</strong></span> 
     </span>
    </p>
   </div>
   <div class='ocr_carea' id='block_1_29' title="bbox 1959 1452 3526 1526">
    <p class='ocr_par' dir='ltr' id='par_1_29' title="bbox 1959 1452 3526 1526">
     <span class='ocr_line' id='line_1_29' title="bbox 1959 1452 3526 1526; baseline -0.003 -16"><span class='ocrx_word' id='word_1_208' title='bbox 1959 1466 2122 1526; x_wconf 89' lang='lat' dir='ltr'><strong>atque</strong></span> <span class='ocrx_word' id='word_1_209' title='bbox 2177 1455 2519 1526; x_wconf 87' lang='lat' dir='ltr'><strong>oppidorum.</strong></span> <span class='ocrx_word' id='word_1_210' title='bbox 2587 1455 2691 1511; x_wconf 89' lang='lat' dir='ltr'><strong>Sed</strong></span> <span class='ocrx_word' id='word_1_211' title='bbox 2744 1469 3000 1511; x_wconf 84' lang='lat' dir='ltr'><strong>occurres</strong></span> <span class='ocrx_word' id='word_1_212' title='bbox 3052 1453 3304 1510; x_wconf 75' lang='lat' dir='ltr'><strong>fortasse.</strong></span> <span class='ocrx_word' id='word_1_213' title='bbox 3361 1452 3526 1522; x_wconf 84' lang='lat' dir='ltr'><strong>Atqui</strong></span> 
     </span>
    </p>
   </div>
   <div class='ocr_carea' id='block_1_30' title="bbox 1961 1545 3528 1617">
    <p class='ocr_par' dir='ltr' id='par_1_30' title="bbox 1961 1545 3528 1617">
     <span class='ocr_line' id='line_1_30' title="bbox 1961 1545 3528 1617; baseline -0.003 -12"><span class='ocrx_word' id='word_1_214' title='bbox 1961 1556 2170 1604; x_wconf 81' lang='lat' dir='ltr'><strong>constat</strong></span> <span class='ocrx_word' id='word_1_215' title='bbox 2213 1562 2299 1602; x_wconf 91' lang='lat' dir='ltr'><strong>me</strong></span> <span class='ocrx_word' id='word_1_216' title='bbox 2335 1546 2556 1616; x_wconf 89' lang='lat' dir='ltr'><strong>petisse,</strong></span> <span class='ocrx_word' id='word_1_217' title='bbox 2587 1554 2637 1600; x_wconf 92' lang='lat' dir='ltr'><strong>te</strong></span> <span class='ocrx_word' id='word_1_218' title='bbox 2675 1556 2855 1617; x_wconf 85' lang='lat' dir='ltr'><strong>autem</strong></span> <span class='ocrx_word' id='word_1_219' title='bbox 2906 1545 3153 1605; x_wconf 72' lang='lat' dir='ltr'><strong>dedisse.</strong></span> <span class='ocrx_word' id='word_1_220' title='bbox 3191 1553 3245 1600; x_wconf 86' lang='lat' dir='ltr'><strong>et</strong></span> <span class='ocrx_word' id='word_1_221' title='bbox 3306 1546 3528 1601; x_wconf 76' lang='lat' dir='ltr'><strong>tinxisse</strong></span> 
     </span>
    </p>
   </div>
   <div class='ocr_carea' id='block_1_31' title="bbox 1960 1636 3526 1710">
    <p class='ocr_par' dir='ltr' id='par_1_31' title="bbox 1960 1636 3526 1710">
     <span class='ocr_line' id='line_1_31' title="bbox 1960 1636 3526 1710; baseline -0.002 -16"><span class='ocrx_word' id='word_1_222' title='bbox 1960 1641 2189 1710; x_wconf 89' lang='lat' dir='ltr'><strong>primum</strong></span> <span class='ocrx_word' id='word_1_223' title='bbox 2220 1653 2398 1708; x_wconf 81' lang='lat' dir='ltr'><strong>regem</strong></span> <span class='ocrx_word' id='word_1_224' title='bbox 2425 1637 2553 1693; x_wconf 90' lang='lat' dir='ltr'><strong>Saul</strong></span> <span class='ocrx_word' id='word_1_225' title='bbox 2583 1639 2650 1691; x_wconf 75' lang='grc'><strong>’³.</strong></span> <span class='ocrx_word' id='word_1_226' title='bbox 2712 1637 2803 1691; x_wconf 83' lang='lat' dir='ltr'><strong>Est</strong></span> <span class='ocrx_word' id='word_1_227' title='bbox 2837 1637 2940 1701; x_wconf 75' lang='lat' dir='ltr'><strong>ita,</strong></span> <span class='ocrx_word' id='word_1_228' title='bbox 2963 1655 2982 1687; x_wconf 75' lang='grc' dir='ltr'>ι</span> <span class='ocrx_word' id='word_1_229' title='bbox 3021 1636 3197 1705; x_wconf 83' lang='lat' dir='ltr'><strong>inquit</strong></span> <span class='ocrx_word' id='word_1_230' title='bbox 3219 1653 3246 1703; x_wconf 73' lang='lat'><strong>&#39;,</strong></span> <span class='ocrx_word' id='word_1_231' title='bbox 3275 1638 3412 1691; x_wconf 65' lang='lat' dir='ltr'><strong>«sed</strong></span> <span class='ocrx_word' id='word_1_232' title='bbox 3475 1640 3526 1692; x_wconf 69' lang='lat' dir='ltr'><strong>in</strong></span> 
     </span>
    </p>
   </div>
   <div class='ocr_carea' id='block_1_32' title="bbox 1961 1725 3530 1798">
    <p class='ocr_par' dir='ltr' id='par_1_32' title="bbox 1961 1725 3530 1798">
     <span class='ocr_line' id='line_1_32' title="bbox 1961 1725 3530 1798; baseline -0.005 -13"><span class='ocrx_word' id='word_1_233' title='bbox 1961 1731 2038 1785; x_wconf 85' lang='lat' dir='ltr'><strong>ira</strong></span> <span class='ocrx_word' id='word_1_234' title='bbox 2069 1730 2188 1784; x_wconf 83' lang='lat' dir='ltr'><strong>dedi</strong></span> <span class='ocrx_word' id='word_1_235' title='bbox 2217 1729 2534 1798; x_wconf 91' lang='lat' dir='ltr'><strong>principem,</strong></span> <span class='ocrx_word' id='word_1_236' title='bbox 2557 1728 2792 1783; x_wconf 82' lang='lat' dir='ltr'><strong>etbabui</strong></span> <span class='ocrx_word' id='word_1_237' title='bbox 2830 1728 2879 1780; x_wconf 91' lang='lat' dir='ltr'><strong>in</strong></span> <span class='ocrx_word' id='word_1_238' title='bbox 2901 1725 3084 1780; x_wconf 84' lang='lat' dir='ltr'><strong>furore</strong></span> <span class='ocrx_word' id='word_1_239' title='bbox 3121 1740 3244 1780; x_wconf 90' lang='lat' dir='ltr'><strong>meo</strong></span> <span class='ocrx_word' id='word_1_240' title='bbox 3303 1740 3530 1792; x_wconf 78' lang='lat' dir='ltr'><strong>congre-</strong></span> 
     </span>
    </p>
   </div>
   <div class='ocr_carea' id='block_1_33' title="bbox 1960 1815 3527 1892">
    <p class='ocr_par' dir='ltr' id='par_1_33' title="bbox 1960 1815 3527 1892">
     <span class='ocr_line' id='line_1_33' title="bbox 1960 1815 3527 1892; baseline -0.004 -18"><span class='ocrx_word' id='word_1_241' title='bbox 1960 1822 2230 1892; x_wconf 87' lang='lat' dir='ltr'><strong>gationem</strong></span> <span class='ocrx_word' id='word_1_242' title='bbox 2287 1817 2605 1889; x_wconf 85' lang='lat' dir='ltr'><strong>iniquitatis,</strong></span> <span class='ocrx_word' id='word_1_243' title='bbox 2645 1837 2662 1868; x_wconf 75' lang='lat' dir='ltr'><strong>t</strong></span> <span class='ocrx_word' id='word_1_244' title='bbox 2702 1826 2760 1872; x_wconf 86' lang='lat' dir='ltr'><strong>ut</strong></span> <span class='ocrx_word' id='word_1_245' title='bbox 2802 1817 2995 1886; x_wconf 80' lang='lat' dir='ltr'><strong>injuria</strong></span> <span class='ocrx_word' id='word_1_246' title='bbox 3033 1817 3130 1872; x_wconf 84' lang='lat' dir='ltr'><strong>abs</strong></span> <span class='ocrx_word' id='word_1_247' title='bbox 3173 1825 3225 1870; x_wconf 87' lang='lat' dir='ltr'><strong>te</strong></span> <span class='ocrx_word' id='word_1_248' title='bbox 3281 1815 3527 1877; x_wconf 75' lang='lat' dir='ltr'><strong>aifccttts,</strong></span> 
     </span>
    </p>
   </div>
   <div class='ocr_carea' id='block_1_34' title="bbox 271 1886 1862 1982">
    <p class='ocr_par' dir='ltr' id='par_1_34' title="bbox 271 1886 1859 1982">
     <span class='ocr_line' id='line_1_34' title="bbox 271 1886 1859 1982; baseline 0.011 -42"><span class='ocrx_word' id='word_1_249' title='bbox 271 1886 372 1941; x_wconf 80' lang='grc' dir='ltr'>τὸν</span> <span class='ocrx_word' id='word_1_250' title='bbox 401 1890 592 1982; x_wconf 71' lang='grc' dir='ltr'>Σαοῦλ.</span> <span class='ocrx_word' id='word_1_251' title='bbox 633 1894 744 1947; x_wconf 83' lang='grc' dir='ltr'>Ναί</span> <span class='ocrx_word' id='word_1_252' title='bbox 775 1913 961 1967; x_wconf 81' lang='grc' dir='ltr'>φησιν,</span> <span class='ocrx_word' id='word_1_253' title='bbox 991 1897 1130 1965; x_wconf 78' lang='grc' dir='ltr'>ἀλλ’,</span> <span class='ocrx_word' id='word_1_254' title='bbox 1169 1919 1187 1951; x_wconf 72' lang='grc' dir='ltr'><strong>ι</strong></span> <span class='ocrx_word' id='word_1_255' title='bbox 1240 1901 1327 1956; x_wconf 86' lang='grc' dir='ltr'><strong>Ἐν</strong></span> <span class='ocrx_word' id='word_1_256' title='bbox 1364 1901 1500 1974; x_wconf 84' lang='grc' dir='ltr'>ὀργῇ</span> <span class='ocrx_word' id='word_1_257' title='bbox 1546 1903 1750 1957; x_wconf 89' lang='grc' dir='ltr'>δέδωκα</span> <span class='ocrx_word' id='word_1_258' title='bbox 1774 1905 1859 1958; x_wconf 76' lang='grc' dir='ltr'>τὸν</span> 
     </span>
    </p>
   </div>
   <div class='ocr_carea' id='block_1_35' title="bbox 1962 1886 3535 1982">
    <p class='ocr_par' dir='ltr' id='par_1_35' title="bbox 1962 1886 3535 1982">
     <span class='ocr_line' id='line_1_35' title="bbox 1962 1886 3535 1982; baseline -0.003 -17"><span class='ocrx_word' id='word_1_259' title='bbox 1962 1886 2014 1966; x_wconf 77' lang='lat' dir='ltr'><strong>et</strong></span> <span class='ocrx_word' id='word_1_260' title='bbox 2040 1886 2424 1982; x_wconf 82' lang='lat' dir='ltr'><strong>propemodum</strong></span> <span class='ocrx_word' id='word_1_261' title='bbox 2446 1910 2565 1978; x_wconf 92' lang='lat' dir='ltr'><strong>ipso</strong></span> <span class='ocrx_word' id='word_1_262' title='bbox 2609 1909 2820 1962; x_wconf 40' lang='lat' dir='ltr'><strong>throno.</strong></span> <span class='ocrx_word' id='word_1_263' title='bbox 2849 1908 3001 1978; x_wconf 90' lang='lat' dir='ltr'><strong>regni</strong></span> <span class='ocrx_word' id='word_1_264' title='bbox 3051 1907 3326 1976; x_wconf 75' lang='lat' dir='ltr'><strong>expulsus,</strong></span> <span class='ocrx_word' id='word_1_265' title='bbox 3385 1908 3535 1974; x_wconf 81' lang='lat' dir='ltr'><strong>quod</strong></span> 
     </span>
    </p>
   </div>
   <div class='ocr_carea' id='block_1_36' title="bbox 273 1981 1858 2067">
    <p class='ocr_par' dir='ltr' id='par_1_36' title="bbox 273 1981 1858 2067">
     <span class='ocr_line' id='line_1_36' title="bbox 273 1981 1858 2067; baseline 0.011 -35"><span class='ocrx_word' id='word_1_266' title='bbox 273 1981 601 2052; x_wconf 73' lang='grc' dir='ltr'>ἡγούμενον,</span> <span class='ocrx_word' id='word_1_267' title='bbox 647 1986 742 2038; x_wconf 75' lang='grc' dir='ltr'>καὶ</span> <span class='ocrx_word' id='word_1_268' title='bbox 787 1985 946 2057; x_wconf 81' lang='grc' dir='ltr'>ἔσχον</span> <span class='ocrx_word' id='word_1_269' title='bbox 991 1990 1049 2042; x_wconf 83' lang='grc' dir='ltr'>ἐν</span> <span class='ocrx_word' id='word_1_270' title='bbox 1087 1989 1166 2062; x_wconf 85' lang='grc' dir='ltr'>τῷ</span> <span class='ocrx_word' id='word_1_271' title='bbox 1204 1991 1360 2063; x_wconf 87' lang='grc' dir='ltr'><strong>θυμῷ</strong></span> <span class='ocrx_word' id='word_1_272' title='bbox 1406 2011 1508 2065; x_wconf 88' lang='grc' dir='ltr'>μου</span> <span class='ocrx_word' id='word_1_273' title='bbox 1558 1996 1858 2067; x_wconf 75' lang='grc' dir='ltr'>συστροφὴν</span> 
     </span>
    </p>
   </div>
   <div class='ocr_carea' id='block_1_37' title="bbox 274 2071 1857 2154">
    <p class='ocr_par' dir='ltr' id='par_1_37' title="bbox 274 2071 1857 2154">
     <span class='ocr_line' id='line_1_37' title="bbox 274 2071 1857 2154; baseline 0.009 -31"><span class='ocrx_word' id='word_1_274' title='bbox 274 2071 514 2137; x_wconf 76' lang='grc' dir='ltr'><strong>ἀδικίας,</strong></span> <span class='ocrx_word' id='word_1_275' title='bbox 552 2073 627 2138; x_wconf 85' lang='grc' dir='ltr'><strong>ὡς</strong></span> <span class='ocrx_word' id='word_1_276' title='bbox 652 2074 977 2148; x_wconf 73' lang='grc' dir='ltr'><strong>ἠδικημένος</strong></span> <span class='ocrx_word' id='word_1_277' title='bbox 1010 2080 1162 2152; x_wconf 87' lang='grc' dir='ltr'><strong>παρά</strong></span> <span class='ocrx_word' id='word_1_278' title='bbox 1194 2081 1310 2146; x_wconf 90' lang='grc' dir='ltr'>σοῦ,</span> <span class='ocrx_word' id='word_1_279' title='bbox 1349 2102 1368 2136; x_wconf 74' lang='grc' dir='ltr'>ι</span> <span class='ocrx_word' id='word_1_280' title='bbox 1401 2084 1551 2154; x_wconf 83' lang='grc' dir='ltr'>φησί,</span> <span class='ocrx_word' id='word_1_281' title='bbox 1597 2085 1771 2139; x_wconf 82' lang='grc' dir='ltr'>Μόνον</span> <span class='ocrx_word' id='word_1_282' title='bbox 1803 2086 1857 2139; x_wconf 82' lang='grc' dir='ltr'><strong>δὲ</strong></span> 
     </span>
    </p>
   </div>
   <div class='ocr_carea' id='block_1_38' title="bbox 270 2161 1859 2248">
    <p class='ocr_par' dir='ltr' id='par_1_38' title="bbox 270 2161 1859 2248">
     <span class='ocr_line' id='line_1_38' title="bbox 270 2161 1859 2248; baseline 0.011 -35"><span class='ocrx_word' id='word_1_283' title='bbox 270 2161 423 2231; x_wconf 82' lang='grc' dir='ltr'>οὐχὶ,</span> <span class='ocrx_word' id='word_1_284' title='bbox 451 2164 674 2218; x_wconf 75' lang='grc' dir='ltr'>καὶτῶν</span> <span class='ocrx_word' id='word_1_285' title='bbox 711 2169 810 2238; x_wconf 82' lang='grc' dir='ltr'>τῆς</span> <span class='ocrx_word' id='word_1_286' title='bbox 833 2167 1108 2238; x_wconf 77' lang='grc' dir='ltr'>βασιλείας</span> <span class='ocrx_word' id='word_1_287' title='bbox 1145 2171 1334 2228; x_wconf 84' lang='grc' dir='ltr'>θὼκων</span> <span class='ocrx_word' id='word_1_288' title='bbox 1366 2174 1755 2248; x_wconf 78' lang='grc' dir='ltr'>ὲξωθούμενος,</span> <span class='ocrx_word' id='word_1_289' title='bbox 1801 2178 1859 2231; x_wconf 86' lang='grc' dir='ltr'><strong>τό</strong></span> 
     </span>
    </p>
   </div>
   <div class='ocr_carea' id='block_1_39' title="bbox 271 2249 1856 2340">
    <p class='ocr_par' dir='ltr' id='par_1_39' title="bbox 271 2249 1856 2340">
     <span class='ocr_line' id='line_1_39' title="bbox 271 2249 1856 2340; baseline 0.016 -36"><span class='ocrx_word' id='word_1_290' title='bbox 271 2269 346 2321; x_wconf 81' lang='grc' dir='ltr'><strong>γε</strong></span> <span class='ocrx_word' id='word_1_291' title='bbox 384 2249 518 2325; x_wconf 82' lang='grc' dir='ltr'>ἧκον</span> <span class='ocrx_word' id='word_1_292' title='bbox 547 2257 626 2319; x_wconf 89' lang='grc' dir='ltr'><strong>είς</strong></span> <span class='ocrx_word' id='word_1_293' title='bbox 659 2257 720 2311; x_wconf 80' lang='grc' dir='ltr'>τὸ</span> <span class='ocrx_word' id='word_1_294' title='bbox 755 2259 837 2312; x_wconf 74' lang='grc' dir='ltr'>σοὶ</span> <span class='ocrx_word' id='word_1_295' title='bbox 879 2260 1090 2326; x_wconf 78' lang='grc' dir='ltr'><strong>δοκοῦν,</strong></span> <span class='ocrx_word' id='word_1_296' title='bbox 1136 2263 1455 2337; x_wconf 86' lang='grc' dir='ltr'>τεθύμωμαι</span> <span class='ocrx_word' id='word_1_297' title='bbox 1503 2268 1642 2324; x_wconf 87' lang='grc' dir='ltr'>λίαν.</span> <span class='ocrx_word' id='word_1_298' title='bbox 1693 2269 1856 2340; x_wconf 82' lang='grc' dir='ltr'>Πλὴν.</span> 
     </span>
    </p>
   </div>
   <div class='ocr_carea' id='block_1_40' title="bbox 272 2345 1860 2429">
    <p class='ocr_par' dir='ltr' id='par_1_40' title="bbox 272 2345 1860 2429">
     <span class='ocr_line' id='line_1_40' title="bbox 272 2345 1860 2429; baseline 0.009 -31"><span class='ocrx_word' id='word_1_299' title='bbox 272 2345 548 2414; x_wconf 78' lang='grc' dir='ltr'>ἀνέδειξα,</span> <span class='ocrx_word' id='word_1_300' title='bbox 577 2349 775 2417; x_wconf 89' lang='grc' dir='ltr'>καίτοι,</span> <span class='ocrx_word' id='word_1_301' title='bbox 803 2352 864 2405; x_wconf 86' lang='grc' dir='ltr'>τὸ</span> <span class='ocrx_word' id='word_1_302' title='bbox 889 2355 1101 2425; x_wconf 81' lang='grc' dir='ltr'>χρῆμα,</span> <span class='ocrx_word' id='word_1_303' title='bbox 1141 2359 1295 2429; x_wconf 66' lang='grc' dir='ltr'>φησι,</span> <span class='ocrx_word' id='word_1_304' title='bbox 1327 2358 1425 2412; x_wconf 75' lang='grc' dir='ltr'><strong>οὐκ</strong></span> <span class='ocrx_word' id='word_1_305' title='bbox 1461 2360 1756 2428; x_wconf 86' lang='grc' dir='ltr'>ἀναγκαῖον</span> <span class='ocrx_word' id='word_1_306' title='bbox 1786 2362 1860 2413; x_wconf 82' lang='grc' dir='ltr'>εἰ-</span> 
     </span>
    </p>
   </div>
   <div class='ocr_carea' id='block_1_41' title="bbox 272 2438 1860 2524">
    <p class='ocr_par' dir='ltr' id='par_1_41' title="bbox 272 2438 1860 2524">
     <span class='ocr_line' id='line_1_41' title="bbox 272 2438 1860 2524; baseline 0.008 -32"><span class='ocrx_word' id='word_1_307' title='bbox 272 2438 388 2503; x_wconf 82' lang='grc' dir='ltr'><strong>δὼς</strong></span> <span class='ocrx_word' id='word_1_308' title='bbox 426 2442 504 2504; x_wconf 85' lang='grc' dir='ltr'><strong>είς</strong></span> <span class='ocrx_word' id='word_1_309' title='bbox 529 2441 734 2513; x_wconf 80' lang='grc' dir='ltr'>ὄνησιν.</span> <span class='ocrx_word' id='word_1_310' title='bbox 778 2446 914 2500; x_wconf 83' lang='grc' dir='ltr'>Ἀλλ’</span> <span class='ocrx_word' id='word_1_311' title='bbox 935 2448 1021 2502; x_wconf 81' lang='grc' dir='ltr'>ἵνα</span> <span class='ocrx_word' id='word_1_312' title='bbox 1051 2466 1109 2502; x_wconf 90' lang='grc' dir='ltr'><strong>σε</strong></span> <span class='ocrx_word' id='word_1_313' title='bbox 1130 2451 1237 2504; x_wconf 84' lang='grc' dir='ltr'><strong>τῶν</strong></span> <span class='ocrx_word' id='word_1_314' title='bbox 1267 2453 1607 2523; x_wconf 80' lang='grc' dir='ltr'><strong>πραγμάτων</strong></span> <span class='ocrx_word' id='word_1_315' title='bbox 1641 2455 1860 2524; x_wconf 81' lang='grc' dir='ltr'>ἡπεῖρα</span> 
     </span>
    </p>
   </div>
   <div class='ocr_carea' id='block_1_42' title="bbox 1957 1997 3524 2072">
    <p class='ocr_par' dir='ltr' id='par_1_42' title="bbox 1957 1997 3524 2072">
     <span class='ocr_line' id='line_1_42' title="bbox 1957 1997 3524 2072; baseline -0.007 -12"><span class='ocrx_word' id='word_1_316' title='bbox 1957 2004 2170 2072; x_wconf 80' lang='lat' dir='ltr'><strong>quidem</strong></span> <span class='ocrx_word' id='word_1_317' title='bbox 2204 2002 2269 2056; x_wconf 83' lang='lat' dir='ltr'><strong>ad</strong></span> <span class='ocrx_word' id='word_1_318' title='bbox 2299 2012 2348 2056; x_wconf 90' lang='lat' dir='ltr'><strong>te</strong></span> <span class='ocrx_word' id='word_1_319' title='bbox 2375 2000 2774 2056; x_wconf 87' lang='lat' dir='ltr'><strong>attinet.lratus</strong></span> <span class='ocrx_word' id='word_1_320' title='bbox 2805 2014 2922 2054; x_wconf 90' lang='lat' dir='ltr'><strong>sum</strong></span> <span class='ocrx_word' id='word_1_321' title='bbox 2952 1998 3114 2053; x_wconf 84' lang='lat' dir='ltr'><strong>etiam</strong></span> <span class='ocrx_word' id='word_1_322' title='bbox 3146 2006 3304 2068; x_wconf 86' lang='lat' dir='ltr'><strong>atque</strong></span> <span class='ocrx_word' id='word_1_323' title='bbox 3341 1997 3524 2052; x_wconf 69' lang='lat' dir='ltr'><strong>etiam.</strong></span> 
     </span>
    </p>
   </div>
   <div class='ocr_carea' id='block_1_43' title="bbox 1958 2086 3526 2161">
    <p class='ocr_par' dir='ltr' id='par_1_43' title="bbox 1958 2086 3526 2161">
     <span class='ocr_line' id='line_1_43' title="bbox 1958 2086 3526 2161; baseline -0.005 -13"><span class='ocrx_word' id='word_1_324' title='bbox 1958 2094 2354 2150; x_wconf 82' lang='lat' dir='ltr'><strong>Verumtamen</strong></span> <span class='ocrx_word' id='word_1_325' title='bbox 2389 2092 2708 2161; x_wconf 85' lang='lat' dir='ltr'><strong>designavi,</strong></span> <span class='ocrx_word' id='word_1_326' title='bbox 2766 2089 3013 2160; x_wconf 87' lang='lat' dir='ltr'><strong>quamvis</strong></span> <span class='ocrx_word' id='word_1_327' title='bbox 3067 2103 3186 2144; x_wconf 87' lang='lat' dir='ltr'><strong>eam</strong></span> <span class='ocrx_word' id='word_1_328' title='bbox 3259 2103 3369 2142; x_wconf 88' lang='lat' dir='ltr'><strong>rem</strong></span> <span class='ocrx_word' id='word_1_329' title='bbox 3416 2086 3526 2141; x_wconf 89' lang='lat' dir='ltr'><strong>sci-</strong></span> 
     </span>
    </p>
   </div>
   <div class='ocr_carea' id='block_1_44' title="bbox 1959 2168 3533 2243">
    <p class='ocr_par' dir='ltr' id='par_1_44' title="bbox 1959 2168 3533 2243">
     <span class='ocr_line' id='line_1_44' title="bbox 1959 2168 3533 2243; baseline -0.006 -4"><span class='ocrx_word' id='word_1_330' title='bbox 1959 2200 2069 2239; x_wconf 86' lang='lat' dir='ltr'><strong>rem</strong></span> <span class='ocrx_word' id='word_1_331' title='bbox 2099 2199 2203 2239; x_wconf 87' lang='lat' dir='ltr'><strong>non</strong></span> <span class='ocrx_word' id='word_1_332' title='bbox 2225 2198 2348 2239; x_wconf 89' lang='lat' dir='ltr'><strong>esse</strong></span> <span class='ocrx_word' id='word_1_333' title='bbox 2375 2182 2738 2237; x_wconf 85' lang='lat' dir='ltr'><strong>necessariam</strong></span> <span class='ocrx_word' id='word_1_334' title='bbox 2773 2189 2827 2236; x_wconf 89' lang='lat' dir='ltr'><strong>et</strong></span> <span class='ocrx_word' id='word_1_335' title='bbox 2876 2179 3302 2243; x_wconf 87' lang='lat' dir='ltr'><strong>conducibilem;</strong></span> <span class='ocrx_word' id='word_1_336' title='bbox 3335 2176 3426 2231; x_wconf 89' lang='lat' dir='ltr'><strong>sed</strong></span> <span class='ocrx_word' id='word_1_337' title='bbox 3471 2168 3533 2229; x_wconf 81' lang='lat' dir='ltr'><strong>tit-</strong></span> 
     </span>
    </p>
   </div>
   <div class='ocr_carea' id='block_1_45' title="bbox 1960 2264 3530 2344">
    <p class='ocr_par' dir='ltr' id='par_1_45' title="bbox 1960 2264 3530 2344">
     <span class='ocr_line' id='line_1_45' title="bbox 1960 2264 3530 2344; baseline -0.01 -15"><span class='ocrx_word' id='word_1_338' title='bbox 1960 2285 2012 2328; x_wconf 91' lang='lat' dir='ltr'><strong>tu</strong></span> <span class='ocrx_word' id='word_1_339' title='bbox 2066 2275 2239 2344; x_wconf 86' lang='lat' dir='ltr'><strong>reipsa</strong></span> <span class='ocrx_word' id='word_1_340' title='bbox 2285 2274 2506 2340; x_wconf 77' lang='lat' dir='ltr'><strong>doctus,</strong></span> <span class='ocrx_word' id='word_1_341' title='bbox 2545 2271 2711 2340; x_wconf 89' lang='lat' dir='ltr'><strong>probe</strong></span> <span class='ocrx_word' id='word_1_342' title='bbox 2749 2283 3102 2340; x_wconf 82' lang='lat' dir='ltr'><strong>cognosceres</strong></span> <span class='ocrx_word' id='word_1_343' title='bbox 3151 2277 3201 2320; x_wconf 91' lang='lat' dir='ltr'><strong>te</strong></span> <span class='ocrx_word' id='word_1_344' title='bbox 3260 2267 3424 2320; x_wconf 88' lang='lat' dir='ltr'><strong>etiam</strong></span> <span class='ocrx_word' id='word_1_345' title='bbox 3473 2264 3530 2315; x_wconf 69' lang='lat' dir='ltr'><strong>in</strong></span> 
     </span>
    </p>
   </div>
   <div class='ocr_carea' id='block_1_46' title="bbox 1917 2354 3530 2436">
    <p class='ocr_par' dir='ltr' id='par_1_46' title="bbox 1917 2354 3530 2436">
     <span class='ocr_line' id='line_1_46' title="bbox 1917 2354 3530 2436; baseline -0.009 -16"><span class='ocrx_word' id='word_1_346' title='bbox 1917 2368 2058 2436; x_wconf 61' lang='grc' dir='ltr'>,Ιιορ</span> <span class='ocrx_word' id='word_1_347' title='bbox 2086 2365 2304 2420; x_wconf 86' lang='lat' dir='ltr'><strong>stultum</strong></span> <span class='ocrx_word' id='word_1_348' title='bbox 2327 2373 2380 2419; x_wconf 92' lang='lat' dir='ltr'><strong>et</strong></span> <span class='ocrx_word' id='word_1_349' title='bbox 2415 2365 2602 2419; x_wconf 89' lang='lat' dir='ltr'><strong>inutile</strong></span> <span class='ocrx_word' id='word_1_350' title='bbox 2627 2361 2914 2418; x_wconf 86' lang='lat' dir='ltr'><strong>consilium</strong></span> <span class='ocrx_word' id='word_1_351' title='bbox 2954 2360 3184 2431; x_wconf 88' lang='lat' dir='ltr'><strong>cepisse.</strong></span> <span class='ocrx_word' id='word_1_352' title='bbox 3223 2355 3322 2410; x_wconf 88' lang='lat' dir='ltr'><strong>Ubi</strong></span> <span class='ocrx_word' id='word_1_353' title='bbox 3381 2354 3530 2409; x_wconf 81' lang='lat' dir='ltr'><strong>enim</strong></span> 
     </span>
    </p>
   </div>
   <div class='ocr_carea' id='block_1_47' title="bbox 1959 2445 3529 2523">
    <p class='ocr_par' dir='ltr' id='par_1_47' title="bbox 1959 2445 3529 2523">
     <span class='ocr_line' id='line_1_47' title="bbox 1959 2445 3529 2523; baseline -0.008 -13"><span class='ocrx_word' id='word_1_354' title='bbox 1959 2472 2098 2511; x_wconf 89' lang='lat' dir='ltr'><strong>nunc</strong></span> <span class='ocrx_word' id='word_1_355' title='bbox 2150 2465 2255 2522; x_wconf 87' lang='lat' dir='ltr'><strong>est,</strong></span> <span class='ocrx_word' id='word_1_356' title='bbox 2299 2465 2391 2508; x_wconf 88' lang='lat' dir='ltr'><strong>aut</strong></span> <span class='ocrx_word' id='word_1_357' title='bbox 2417 2469 2535 2523; x_wconf 63' lang='lat' dir='ltr'><strong>qua:</strong></span> <span class='ocrx_word' id='word_1_358' title='bbox 2584 2455 2637 2508; x_wconf 91' lang='lat' dir='ltr'><strong>in</strong></span> <span class='ocrx_word' id='word_1_359' title='bbox 2694 2455 2930 2508; x_wconf 80' lang='lat' dir='ltr'><strong>futurum</strong></span> <span class='ocrx_word' id='word_1_360' title='bbox 2981 2447 3301 2518; x_wconf 79' lang='lat' dir='ltr'><strong>oppugnatis</strong></span> <span class='ocrx_word' id='word_1_361' title='bbox 3334 2445 3412 2499; x_wconf 86' lang='lat' dir='ltr'><strong>ab.</strong></span> <span class='ocrx_word' id='word_1_362' title='bbox 3462 2459 3529 2498; x_wconf 87' lang='lat' dir='ltr'><strong>eo</strong></span> 
     </span>
    </p>
   </div>
   <div class='ocr_carea' id='block_1_48' title="bbox 274 2531 1862 2616">
    <p class='ocr_par' dir='ltr' id='par_1_48' title="bbox 274 2531 1860 2616">
     <span class='ocr_line' id='line_1_48' title="bbox 274 2531 1860 2616; baseline 0.008 -32"><span class='ocrx_word' id='word_1_363' title='bbox 274 2531 671 2606; x_wconf 79' lang='grc' dir='ltr'>πληροφορησῃ</span> <span class='ocrx_word' id='word_1_364' title='bbox 712 2537 910 2603; x_wconf 82' lang='grc' dir='ltr'>καλῶς,</span> <span class='ocrx_word' id='word_1_365' title='bbox 961 2541 1043 2593; x_wconf 84' lang='grc' dir='ltr'>ὅτι</span> <span class='ocrx_word' id='word_1_366' title='bbox 1095 2544 1281 2606; x_wconf 85' lang='grc' dir='ltr'>σκαιὰ,</span> <span class='ocrx_word' id='word_1_367' title='bbox 1331 2545 1424 2598; x_wconf 72' lang='grc' dir='ltr'><strong>καὶ</strong></span> <span class='ocrx_word' id='word_1_368' title='bbox 1461 2545 1710 2616; x_wconf 81' lang='grc' dir='ltr'>ἄχρηστα</span> <span class='ocrx_word' id='word_1_369' title='bbox 1756 2545 1860 2597; x_wconf 83' lang='grc' dir='ltr'><strong>κάν</strong></span> 
     </span>
    </p>
   </div>
   <div class='ocr_carea' id='block_1_49' title="bbox 1962 2531 3528 2616">
    <p class='ocr_par' dir='ltr' id='par_1_49' title="bbox 1962 2537 3528 2616">
     <span class='ocr_line' id='line_1_49' title="bbox 1962 2537 3528 2616; baseline -0.007 -15"><span class='ocrx_word' id='word_1_370' title='bbox 1962 2547 2314 2616; x_wconf 78' lang='lat' dir='ltr'><strong>exspectanda</strong></span> <span class='ocrx_word' id='word_1_371' title='bbox 2372 2547 2620 2602; x_wconf 85' lang='lat' dir='ltr'><strong>utilitas?</strong></span> <span class='ocrx_word' id='word_1_372' title='bbox 2679 2545 2832 2613; x_wconf 84' lang='lat' dir='ltr'><strong>Quod</strong></span> <span class='ocrx_word' id='word_1_373' title='bbox 2867 2543 2911 2600; x_wconf 90' lang='lat' dir='ltr'><strong>si</strong></span> <span class='ocrx_word' id='word_1_374' title='bbox 2974 2556 3190 2596; x_wconf 82' lang='lat' dir='ltr'><strong>rursum</strong></span> <span class='ocrx_word' id='word_1_375' title='bbox 3238 2540 3336 2594; x_wconf 88' lang='lat' dir='ltr'><strong>sub</strong></span> <span class='ocrx_word' id='word_1_376' title='bbox 3377 2537 3528 2592; x_wconf 84' lang='lat' dir='ltr'><strong>beni-</strong></span> 
     </span>
    </p>
   </div>
   <div class='ocr_carea' id='block_1_50' title="bbox 270 2621 1861 2704">
    <p class='ocr_par' dir='ltr' id='par_1_50' title="bbox 270 2621 1861 2704">
     <span class='ocr_line' id='line_1_50' title="bbox 270 2621 1861 2704; baseline 0.008 -30"><span class='ocrx_word' id='word_1_377' title='bbox 270 2621 457 2692; x_wconf 74' lang='grc' dir='ltr'><strong>τοὺτῳ</strong></span> <span class='ocrx_word' id='word_1_378' title='bbox 480 2623 845 2692; x_wconf 75' lang='grc' dir='ltr'>βεϐούλευσαι.</span> <span class='ocrx_word' id='word_1_379' title='bbox 876 2627 987 2681; x_wconf 90' lang='grc' dir='ltr'><strong>Ποῦ</strong></span> <span class='ocrx_word' id='word_1_380' title='bbox 1033 2629 1141 2702; x_wconf 84' lang='grc' dir='ltr'>γὰρ</span> <span class='ocrx_word' id='word_1_381' title='bbox 1183 2631 1276 2686; x_wconf 89' lang='grc' dir='ltr'><strong>νῦν</strong></span> <span class='ocrx_word' id='word_1_382' title='bbox 1304 2635 1469 2700; x_wconf 77' lang='grc' dir='ltr'>ἐστιν,</span> <span class='ocrx_word' id='word_1_383' title='bbox 1518 2634 1550 2704; x_wconf 79' lang='grc' dir='ltr'>ἤ</span> <span class='ocrx_word' id='word_1_384' title='bbox 1597 2635 1724 2688; x_wconf 89' lang='grc' dir='ltr'>ποία</span> <span class='ocrx_word' id='word_1_385' title='bbox 1760 2633 1861 2686; x_wconf 89' lang='grc' dir='ltr'>λοι-</span> 
     </span>
    </p>
   </div>
   <div class='ocr_carea' id='block_1_51' title="bbox 272 2712 1858 2797">
    <p class='ocr_par' dir='ltr' id='par_1_51' title="bbox 272 2712 1858 2797">
     <span class='ocr_line' id='line_1_51' title="bbox 272 2712 1858 2797; baseline 0.011 -33"><span class='ocrx_word' id='word_1_386' title='bbox 272 2712 382 2766; x_wconf 74' lang='grc' dir='ltr'><strong>πὸν</strong></span> <span class='ocrx_word' id='word_1_387' title='bbox 415 2714 474 2780; x_wconf 76' lang='grc' dir='ltr'>ἐξ</span> <span class='ocrx_word' id='word_1_388' title='bbox 506 2715 667 2768; x_wconf 77' lang='grc' dir='ltr'>αὐτοῦ</span> <span class='ocrx_word' id='word_1_389' title='bbox 709 2717 900 2785; x_wconf 83' lang='grc' dir='ltr'>γένοιτ’</span> <span class='ocrx_word' id='word_1_390' title='bbox 937 2721 1004 2773; x_wconf 83' lang='grc' dir='ltr'>ἂν</span> <span class='ocrx_word' id='word_1_391' title='bbox 1043 2725 1156 2786; x_wconf 89' lang='grc' dir='ltr'>τοῖς</span> <span class='ocrx_word' id='word_1_392' title='bbox 1201 2723 1626 2796; x_wconf 87' lang='grc' dir='ltr'>πολεμουμένοις</span> <span class='ocrx_word' id='word_1_393' title='bbox 1656 2729 1688 2797; x_wconf 79' lang='grc' dir='ltr'>ἠ</span> <span class='ocrx_word' id='word_1_394' title='bbox 1733 2727 1858 2796; x_wconf 73' lang='grc' dir='ltr'>ὄνη-</span> 
     </span>
    </p>
   </div>
   <div class='ocr_carea' id='block_1_52' title="bbox 1956 2626 3539 2706">
    <p class='ocr_par' dir='ltr' id='par_1_52' title="bbox 1956 2626 3539 2706">
     <span class='ocr_line' id='line_1_52' title="bbox 1956 2626 3539 2706; baseline -0.007 -16"><span class='ocrx_word' id='word_1_395' title='bbox 1956 2636 2156 2706; x_wconf 84' lang='lat' dir='ltr'><strong>gnitate</strong></span> <span class='ocrx_word' id='word_1_396' title='bbox 2181 2647 2234 2690; x_wconf 89' lang='lat' dir='ltr'><strong>et</strong></span> <span class='ocrx_word' id='word_1_397' title='bbox 2256 2645 2521 2705; x_wconf 78' lang='lat' dir='ltr'><strong>potestate</strong></span> <span class='ocrx_word' id='word_1_398' title='bbox 2555 2651 2670 2692; x_wconf 89' lang='lat' dir='ltr'><strong>mea</strong></span> <span class='ocrx_word' id='word_1_399' title='bbox 2693 2649 2862 2699; x_wconf 88' lang='lat' dir='ltr'><strong>esses,</strong></span> <span class='ocrx_word' id='word_1_400' title='bbox 2893 2633 3112 2688; x_wconf 88' lang='lat' dir='ltr'><strong>omnino</strong></span> <span class='ocrx_word' id='word_1_401' title='bbox 3144 2628 3377 2686; x_wconf 89' lang='lat' dir='ltr'><strong>inimicis</strong></span> <span class='ocrx_word' id='word_1_402' title='bbox 3423 2626 3539 2680; x_wconf 80' lang='lat' dir='ltr'><strong>tuis</strong></span> 
     </span>
    </p>
   </div>
   <div class='ocr_carea' id='block_1_53' title="bbox 1955 2726 2520 2796">
    <p class='ocr_par' dir='ltr' id='par_1_53' title="bbox 1955 2726 2520 2796">
     <span class='ocr_line' id='line_1_53' title="bbox 1955 2726 2520 2796; baseline 0.002 -14"><span class='ocrx_word' id='word_1_403' title='bbox 1955 2726 2201 2796; x_wconf 88' lang='lat' dir='ltr'><strong>superior</strong></span> <span class='ocrx_word' id='word_1_404' title='bbox 2235 2726 2520 2784; x_wconf 89' lang='lat' dir='ltr'><strong>videreris.</strong></span> 
     </span>
    </p>
   </div>
   <div class='ocr_carea' id='block_1_54' title="bbox 273 2806 3534 2892">
    <p class='ocr_par' dir='ltr' id='par_1_54' title="bbox 273 2806 3534 2892">
     <span class='ocr_line' id='line_1_54' title="bbox 273 2806 3534 2892; baseline 0.001 -32"><span class='ocrx_word' id='word_1_405' title='bbox 273 2823 400 2874; x_wconf 86' lang='grc' dir='ltr'>σις;</span> <span class='ocrx_word' id='word_1_406' title='bbox 441 2809 580 2863; x_wconf 80' lang='grc' dir='ltr'>Ἀλλ’</span> <span class='ocrx_word' id='word_1_407' title='bbox 628 2806 784 2884; x_wconf 78' lang='grc' dir='ltr'>εἴπερ</span> <span class='ocrx_word' id='word_1_408' title='bbox 827 2807 971 2885; x_wconf 76' lang='grc' dir='ltr'>ἦσθα</span> <span class='ocrx_word' id='word_1_409' title='bbox 1018 2815 1178 2871; x_wconf 67' lang='grc' dir='ltr'>πάλιν</span> <span class='ocrx_word' id='word_1_410' title='bbox 1225 2819 1331 2873; x_wconf 78' lang='grc' dir='ltr'><strong>ὑπὸ</strong></span> <span class='ocrx_word' id='word_1_411' title='bbox 1383 2821 1481 2892; x_wconf 77' lang='grc' dir='ltr'>τὴν</span> <span class='ocrx_word' id='word_1_412' title='bbox 1545 2821 1682 2892; x_wconf 76' lang='grc' dir='ltr'>ἐμὴν</span> <span class='ocrx_word' id='word_1_413' title='bbox 1716 2821 1882 2891; x_wconf 75' lang='grc' dir='ltr'>φειδῶ</span> <span class='ocrx_word' id='word_1_414' title='bbox 1945 2838 2026 2886; x_wconf 85' lang='grc' dir='ltr'><strong>τε,</strong></span> <span class='ocrx_word' id='word_1_415' title='bbox 2065 2821 2160 2876; x_wconf 77' lang='grc' dir='ltr'>καὶ</span> <span class='ocrx_word' id='word_1_416' title='bbox 2205 2823 2382 2892; x_wconf 82' lang='grc' dir='ltr'>χεῖρα,</span> <span class='ocrx_word' id='word_1_417' title='bbox 2431 2821 2648 2884; x_wconf 80' lang='grc' dir='ltr'>πάντως</span> <span class='ocrx_word' id='word_1_418' title='bbox 2697 2819 2763 2874; x_wconf 82' lang='grc' dir='ltr'>ἂν</span> <span class='ocrx_word' id='word_1_419' title='bbox 2805 2817 2992 2890; x_wconf 77' lang='grc' dir='ltr'>ὤφθης</span> <span class='ocrx_word' id='word_1_420' title='bbox 3037 2817 3096 2870; x_wconf 80' lang='grc' dir='ltr'>ὲν</span> <span class='ocrx_word' id='word_1_421' title='bbox 3138 2813 3383 2884; x_wconf 87' lang='grc' dir='ltr'>ἀμείνοσι</span> <span class='ocrx_word' id='word_1_422' title='bbox 3422 2807 3534 2864; x_wconf 77' lang='grc' dir='ltr'><strong>τῶν</strong></span> 
     </span>
    </p>
   </div>
   <div class='ocr_carea' id='block_1_55' title="bbox 269 2899 514 2972">
    <p class='ocr_par' dir='ltr' id='par_1_55' title="bbox 269 2899 514 2972">
     <span class='ocr_line' id='line_1_55' title="bbox 269 2899 514 2972; baseline 0.008 -18"><span class='ocrx_word' id='word_1_423' title='bbox 269 2899 376 2971; x_wconf 67' lang='grc' dir='ltr'>ιχθ</span> <span class='ocrx_word' id='word_1_424' title='bbox 383 2900 514 2972; x_wconf 79' lang='grc' dir='ltr'>ρῶν.</span> 
     </span>
    </p>
   </div>
   <div class='ocr_carea' id='block_1_56' title="bbox 363 2988 1857 3069">
    <p class='ocr_par' dir='ltr' id='par_1_56' title="bbox 363 2988 1857 3069">
     <span class='ocr_line' id='line_1_56' title="bbox 363 2988 1857 3069; baseline 0.007 -24"><span class='ocrx_word' id='word_1_425' title='bbox 363 2988 634 3062; x_wconf 67' lang='grc' dir='ltr'>Ἐφραΐμ,</span> <span class='ocrx_word' id='word_1_426' title='bbox 662 2994 1066 3067; x_wconf 68' lang='grc' dir='ltr'>ἐγκεκρυμένη</span> <span class='ocrx_word' id='word_1_427' title='bbox 1103 2998 1142 3068; x_wconf 84' lang='grc' dir='ltr'>ἡ</span> <span class='ocrx_word' id='word_1_428' title='bbox 1177 2999 1429 3069; x_wconf 78' lang='grc' dir='ltr'>ἁμαρτία</span> <span class='ocrx_word' id='word_1_429' title='bbox 1457 3001 1664 3056; x_wconf 86' lang='grc' dir='ltr'>αὐτοῦ.</span> <span class='ocrx_word' id='word_1_430' title='bbox 1711 3003 1857 3058; x_wconf 83' lang='grc' dir='ltr'><strong>Ὠδῖ-</strong></span> 
     </span>
    </p>
   </div>
   <div class='ocr_carea' id='block_1_57' title="bbox 270 3083 1856 3160">
    <p class='ocr_par' dir='ltr' id='par_1_57' title="bbox 270 3083 1856 3160">
     <span class='ocr_line' id='line_1_57' title="bbox 270 3083 1856 3160; baseline 0.009 -25"><span class='ocrx_word' id='word_1_431' title='bbox 270 3098 387 3148; x_wconf 72' lang='lat' dir='ltr'><strong>rec</strong></span> <span class='ocrx_word' id='word_1_432' title='bbox 425 3083 506 3150; x_wconf 85' lang='grc' dir='ltr'><strong>ὡς</strong></span> <span class='ocrx_word' id='word_1_433' title='bbox 536 3087 855 3155; x_wconf 76' lang='grc' dir='ltr'><strong>τικτούσης</strong></span> <span class='ocrx_word' id='word_1_434' title='bbox 902 3089 1162 3156; x_wconf 77' lang='grc' dir='ltr'>ἥξουσιν</span> <span class='ocrx_word' id='word_1_435' title='bbox 1198 3091 1382 3158; x_wconf 83' lang='grc' dir='ltr'>αὐτῷ.</span> <span class='ocrx_word' id='word_1_436' title='bbox 1413 3090 1600 3159; x_wconf 79' lang='grc' dir='ltr'>Οὗτος</span> <span class='ocrx_word' id='word_1_437' title='bbox 1643 3097 1675 3148; x_wconf 87' lang='lat' dir='ltr'><strong>d</strong></span> <span class='ocrx_word' id='word_1_438' title='bbox 1727 3097 1856 3160; x_wconf 71' lang='grc' dir='ltr'>υἱός</span> 
     </span>
    </p>
   </div>
   <div class='ocr_carea' id='block_1_58' title="bbox 271 3177 1856 3253">
    <p class='ocr_par' dir='ltr' id='par_1_58' title="bbox 271 3177 1856 3253">
     <span class='ocr_line' id='line_1_58' title="bbox 271 3177 1856 3253; baseline 0.009 -27"><span class='ocrx_word' id='word_1_439' title='bbox 271 3187 422 3242; x_wconf 75' lang='grc' dir='ltr'>σρυ,</span> <span class='ocrx_word' id='word_1_440' title='bbox 463 3177 496 3228; x_wconf 85' lang='grc' dir='ltr'><em>ό</em></span> <span class='ocrx_word' id='word_1_441' title='bbox 536 3177 841 3247; x_wconf 69' lang='grc' dir='ltr'>φρόνιμος,</span> <span class='ocrx_word' id='word_1_442' title='bbox 891 3180 1040 3235; x_wconf 76' lang='grc' dir='ltr'>διότι</span> <span class='ocrx_word' id='word_1_443' title='bbox 1090 3183 1162 3236; x_wconf 85' lang='grc' dir='ltr'>οὐ</span> <span class='ocrx_word' id='word_1_444' title='bbox 1197 3182 1282 3252; x_wconf 80' lang='grc' dir='ltr'><strong>μὴ</strong></span> <span class='ocrx_word' id='word_1_445' title='bbox 1335 3183 1574 3253; x_wconf 78' lang='grc' dir='ltr'>ὺποστῇ</span> <span class='ocrx_word' id='word_1_446' title='bbox 1606 3185 1675 3239; x_wconf 77' lang='grc' dir='ltr'><strong>ἐν</strong></span> <span class='ocrx_word' id='word_1_447' title='bbox 1716 3201 1856 3240; x_wconf 77' lang='grc' dir='ltr'>συν-</span> 
     </span>
    </p>
   </div>
   <div class='ocr_carea' id='block_1_59' title="bbox 272 3262 1696 3333">
    <p class='ocr_par' dir='ltr' id='par_1_59' title="bbox 272 3262 1696 3333">
     <span class='ocr_line' id='line_1_59' title="bbox 272 3262 1696 3333; baseline 0.002 -17"><span class='ocrx_word' id='word_1_448' title='bbox 272 3262 458 3333; x_wconf 79' lang='grc' dir='ltr'>τριϐῇ</span> <span class='ocrx_word' id='word_1_449' title='bbox 481 3264 721 3322; x_wconf 78' lang='grc' dir='ltr'>τέκνων.</span> <span class='ocrx_word' id='word_1_450' title='bbox 1688 3316 1696 3319; x_wconf 91' lang='grc'><strong>.</strong></span> 
     </span>
    </p>
   </div>
   <div class='ocr_carea' id='block_1_60' title="bbox 355 3357 1856 3437">
    <p class='ocr_par' dir='ltr' id='par_1_60' title="bbox 355 3357 1856 3437">
     <span class='ocr_line' id='line_1_60' title="bbox 355 3357 1856 3437; baseline 0.01 -27"><span class='ocrx_word' id='word_1_451' title='bbox 355 3357 524 3412; x_wconf 76' lang='lat' dir='ltr'><strong>PNF’.</strong></span> <span class='ocrx_word' id='word_1_452' title='bbox 566 3359 756 3427; x_wconf 87' lang='grc' dir='ltr'>Τοῦτο,</span> <span class='ocrx_word' id='word_1_453' title='bbox 806 3359 958 3434; x_wconf 73' lang='grc' dir='ltr'>οἶμαι</span> <span class='ocrx_word' id='word_1_454' title='bbox 1007 3385 1026 3416; x_wconf 76' lang='lat' dir='ltr'><strong>t</strong></span> <span class='ocrx_word' id='word_1_455' title='bbox 1066 3366 1205 3432; x_wconf 74' lang='grc' dir='ltr'>ἐστὶ,</span> <span class='ocrx_word' id='word_1_456' title='bbox 1239 3368 1319 3436; x_wconf 80' lang='grc' dir='ltr'>τὸ,</span> <span class='ocrx_word' id='word_1_457' title='bbox 1365 3369 1622 3424; x_wconf 85' lang='grc' dir='ltr'>συνέλαϐε</span> <span class='ocrx_word' id='word_1_458' title='bbox 1676 3370 1856 3437; x_wconf 83' lang='grc' dir='ltr'><strong>πόνον,</strong></span> 
     </span>
    </p>
   </div>
   <div class='ocr_carea' id='block_1_61' title="bbox 274 3449 1860 3532">
    <p class='ocr_par' dir='ltr' id='par_1_61' title="bbox 274 3449 1860 3532">
     <span class='ocr_line' id='line_1_61' title="bbox 274 3449 1860 3532; baseline 0.01 -32"><span class='ocrx_word' id='word_1_459' title='bbox 274 3449 381 3500; x_wconf 79' lang='grc' dir='ltr'>καὶ</span> <span class='ocrx_word' id='word_1_460' title='bbox 426 3449 609 3504; x_wconf 76' lang='grc' dir='ltr'>ἔτεκεν</span> <span class='ocrx_word' id='word_1_461' title='bbox 643 3453 896 3523; x_wconf 88' lang='grc' dir='ltr'>ἀνομίαν.</span> <span class='ocrx_word' id='word_1_462' title='bbox 951 3475 970 3508; x_wconf 76' lang='grc' dir='ltr'>ι</span> <span class='ocrx_word' id='word_1_463' title='bbox 1021 3457 1108 3512; x_wconf 88' lang='grc' dir='ltr'><strong>Ἐν</strong></span> <span class='ocrx_word' id='word_1_464' title='bbox 1156 3459 1353 3530; x_wconf 84' lang='grc' dir='ltr'>ἀρχαῖς</span> <span class='ocrx_word' id='word_1_465' title='bbox 1397 3461 1496 3532; x_wconf 85' lang='grc' dir='ltr'><strong>μὲν</strong></span> <span class='ocrx_word' id='word_1_466' title='bbox 1528 3460 1636 3532; x_wconf 83' lang='grc' dir='ltr'><strong>γὰρ</strong></span> <span class='ocrx_word' id='word_1_467' title='bbox 1697 3462 1860 3532; x_wconf 83' lang='grc' dir='ltr'>Ἰερο-</span> 
     </span>
    </p>
   </div>
   <div class='ocr_carea' id='block_1_62' title="bbox 273 3539 1860 3624">
    <p class='ocr_par' dir='ltr' id='par_1_62' title="bbox 273 3539 1860 3624">
     <span class='ocr_line' id='line_1_62' title="bbox 273 3539 1860 3624; baseline 0.009 -32"><span class='ocrx_word' id='word_1_468' title='bbox 273 3539 453 3611; x_wconf 84' lang='grc' dir='ltr'>6οὰμ,</span> <span class='ocrx_word' id='word_1_469' title='bbox 487 3542 574 3596; x_wconf 79' lang='grc' dir='ltr'>ἵνα</span> <span class='ocrx_word' id='word_1_470' title='bbox 598 3542 708 3597; x_wconf 83' lang='grc' dir='ltr'><strong>τῶν</strong></span> <span class='ocrx_word' id='word_1_471' title='bbox 738 3547 1028 3618; x_wconf 73' lang='grc' dir='ltr'><strong>σκήπτρων</strong></span> <span class='ocrx_word' id='word_1_472' title='bbox 1065 3548 1142 3621; x_wconf 85' lang='grc' dir='ltr'><strong>μὴ</strong></span> <span class='ocrx_word' id='word_1_473' title='bbox 1170 3549 1387 3623; x_wconf 82' lang='grc' dir='ltr'>ἀπὼσῃ,</span> <span class='ocrx_word' id='word_1_474' title='bbox 1406 3552 1506 3615; x_wconf 82' lang='grc' dir='ltr'><strong>τὰς</strong></span> <span class='ocrx_word' id='word_1_475' title='bbox 1532 3553 1672 3606; x_wconf 87' lang='grc' dir='ltr'><strong>κατά</strong></span> <span class='ocrx_word' id='word_1_476' title='bbox 1698 3554 1860 3624; x_wconf 85' lang='grc' dir='ltr'>νόμον</span> 
     </span>
    </p>
   </div>
   <div class='ocr_carea' id='block_1_63' title="bbox 275 3630 1861 3716">
    <p class='ocr_par' dir='ltr' id='par_1_63' title="bbox 275 3630 1861 3716">
     <span class='ocr_line' id='line_1_63' title="bbox 275 3630 1861 3716; baseline 0.011 -33"><span class='ocrx_word' id='word_1_477' title='bbox 275 3630 478 3696; x_wconf 82' lang='grc' dir='ltr'>θυσίας</span> <span class='ocrx_word' id='word_1_478' title='bbox 507 3633 854 3708; x_wconf 83' lang='grc' dir='ltr'>ἀποπληροῦν</span> <span class='ocrx_word' id='word_1_479' title='bbox 881 3638 1152 3705; x_wconf 75' lang='grc' dir='ltr'>ἐθέλοντος</span> <span class='ocrx_word' id='word_1_480' title='bbox 1183 3643 1276 3695; x_wconf 90' lang='grc' dir='ltr'><strong>τοῦ</strong></span> <span class='ocrx_word' id='word_1_481' title='bbox 1311 3643 1544 3715; x_wconf 81' lang='grc' dir='ltr'>Ἰσραὴλ,</span> <span class='ocrx_word' id='word_1_482' title='bbox 1574 3645 1777 3716; x_wconf 85' lang='grc' dir='ltr'>ταύτης</span> <span class='ocrx_word' id='word_1_483' title='bbox 1802 3664 1861 3700; x_wconf 87' lang='grc' dir='ltr'><strong>τε</strong></span> 
     </span>
    </p>
   </div>
   <div class='ocr_carea' id='block_1_64' title="bbox 275 3720 1862 3806">
    <p class='ocr_par' dir='ltr' id='par_1_64' title="bbox 275 3720 1862 3806">
     <span class='ocr_line' id='line_1_64' title="bbox 275 3720 1862 3806; baseline 0.011 -33"><span class='ocrx_word' id='word_1_484' title='bbox 275 3720 450 3774; x_wconf 78' lang='grc' dir='ltr'>ἕνεκα</span> <span class='ocrx_word' id='word_1_485' title='bbox 476 3724 575 3794; x_wconf 83' lang='grc' dir='ltr'>τῆς</span> <span class='ocrx_word' id='word_1_486' title='bbox 611 3727 790 3791; x_wconf 88' lang='grc' dir='ltr'>αἰτίας</span> <span class='ocrx_word' id='word_1_487' title='bbox 823 3729 1220 3799; x_wconf 64' lang='grc' dir='ltr'>ἁναφοιτῶντος</span> <span class='ocrx_word' id='word_1_488' title='bbox 1251 3733 1331 3797; x_wconf 86' lang='grc' dir='ltr'><strong>είς</strong></span> <span class='ocrx_word' id='word_1_489' title='bbox 1372 3734 1739 3806; x_wconf 83' lang='grc' dir='ltr'>Ἰεροσόλυμα)</span> <span class='ocrx_word' id='word_1_490' title='bbox 1765 3737 1862 3800; x_wconf 77' lang='grc' dir='ltr'>τὰς</span> 
     </span>
    </p>
   </div>
   <div class='ocr_carea' id='block_1_65' title="bbox 276 3813 1864 3897">
    <p class='ocr_par' dir='ltr' id='par_1_65' title="bbox 276 3813 1864 3897">
     <span class='ocr_line' id='line_1_65' title="bbox 276 3813 1864 3897; baseline 0.01 -32"><span class='ocrx_word' id='word_1_491' title='bbox 276 3813 552 3884; x_wconf 82' lang='grc' dir='ltr'><strong>δαμάλεις</strong></span> <span class='ocrx_word' id='word_1_492' title='bbox 578 3818 838 3888; x_wconf 79' lang='grc' dir='ltr'>ἐπενόησε</span> <span class='ocrx_word' id='word_1_493' title='bbox 866 3819 965 3885; x_wconf 75' lang='grc' dir='ltr'><strong>τὰς</strong></span> <span class='ocrx_word' id='word_1_494' title='bbox 993 3824 1216 3893; x_wconf 77' lang='grc' dir='ltr'>χρυσᾶς.</span> <span class='ocrx_word' id='word_1_495' title='bbox 1249 3825 1358 3879; x_wconf 75' lang='grc' dir='ltr'>Καὶ</span> <span class='ocrx_word' id='word_1_496' title='bbox 1389 3825 1580 3897; x_wconf 82' lang='grc' dir='ltr'>ὥσπερ</span> <span class='ocrx_word' id='word_1_497' title='bbox 1605 3827 1729 3880; x_wconf 75' lang='grc' dir='ltr'>τινὰ</span> <span class='ocrx_word' id='word_1_498' title='bbox 1766 3845 1864 3880; x_wconf 85' lang='grc' dir='ltr'>πο-</span> 
     </span>
    </p>
   </div>
   <div class='ocr_carea' id='block_1_66' title="bbox 277 3900 1864 3985">
    <p class='ocr_par' dir='ltr' id='par_1_66' title="bbox 277 3900 1864 3985">
     <span class='ocr_line' id='line_1_66' title="bbox 277 3900 1864 3985; baseline 0.009 -31"><span class='ocrx_word' id='word_1_499' title='bbox 277 3900 456 3972; x_wconf 82' lang='grc' dir='ltr'>νηροῦ</span> <span class='ocrx_word' id='word_1_500' title='bbox 487 3904 798 3976; x_wconf 81' lang='grc' dir='ltr'>σπέρματος</span> <span class='ocrx_word' id='word_1_501' title='bbox 831 3909 1136 3982; x_wconf 79' lang='grc' dir='ltr'>καταϐολὴν</span> <span class='ocrx_word' id='word_1_502' title='bbox 1167 3915 1246 3976; x_wconf 89' lang='grc' dir='ltr'><strong>εἰς</strong></span> <span class='ocrx_word' id='word_1_503' title='bbox 1277 3913 1400 3968; x_wconf 92' lang='grc' dir='ltr'>νοῦν</span> <span class='ocrx_word' id='word_1_504' title='bbox 1431 3914 1661 3985; x_wconf 82' lang='grc' dir='ltr'>ἐδέχετο,</span> <span class='ocrx_word' id='word_1_505' title='bbox 1695 3934 1864 3970; x_wconf 84' lang='grc' dir='ltr'>κατα-</span> 
     </span>
    </p>
   </div>
   <div class='ocr_carea' id='block_1_67' title="bbox 277 3994 1870 4078">
    <p class='ocr_par' dir='ltr' id='par_1_67' title="bbox 277 3994 1870 4078">
     <span class='ocr_line' id='line_1_67' title="bbox 277 3994 1870 4078; baseline 0.011 -35"><span class='ocrx_word' id='word_1_506' title='bbox 277 3994 700 4065; x_wconf 82' lang='grc' dir='ltr'>κεχρωσμένην,</span> <span class='ocrx_word' id='word_1_507' title='bbox 736 3996 922 4070; x_wconf 79' lang='grc' dir='ltr'>ὥσπερ</span> <span class='ocrx_word' id='word_1_508' title='bbox 956 4001 1048 4054; x_wconf 75' lang='grc' dir='ltr'>καὶ</span> <span class='ocrx_word' id='word_1_509' title='bbox 1076 4003 1528 4076; x_wconf 83' lang='grc' dir='ltr'>έγκεκρυμμένην</span> <span class='ocrx_word' id='word_1_510' title='bbox 1558 4005 1655 4077; x_wconf 82' lang='grc' dir='ltr'>τὴν</span> <span class='ocrx_word' id='word_1_511' title='bbox 1689 4007 1870 4078; x_wconf 85' lang='grc' dir='ltr'>ἀμαρ-</span> 
     </span>
    </p>
   </div>
   <div class='ocr_carea' id='block_1_68' title="bbox 276 4081 1867 4164">
    <p class='ocr_par' dir='ltr' id='par_1_68' title="bbox 276 4081 1867 4164">
     <span class='ocr_line' id='line_1_68' title="bbox 276 4081 1867 4164; baseline 0.009 -30"><span class='ocrx_word' id='word_1_512' title='bbox 276 4081 428 4135; x_wconf 82' lang='grc' dir='ltr'>τίαν.</span> <span class='ocrx_word' id='word_1_513' title='bbox 476 4083 611 4137; x_wconf 82' lang='grc' dir='ltr'>Ἀλλ’</span> <span class='ocrx_word' id='word_1_514' title='bbox 639 4085 758 4156; x_wconf 78' lang='grc' dir='ltr'>ἥξει</span> <span class='ocrx_word' id='word_1_515' title='bbox 784 4090 915 4158; x_wconf 69' lang='grc' dir='ltr'>φησι</span> <span class='ocrx_word' id='word_1_516' title='bbox 938 4090 1031 4144; x_wconf 76' lang='grc' dir='ltr'>καὶ</span> <span class='ocrx_word' id='word_1_517' title='bbox 1051 4092 1078 4144; x_wconf 97' lang='lat'><strong>6</strong></span> <span class='ocrx_word' id='word_1_518' title='bbox 1101 4092 1208 4145; x_wconf 82' lang='grc' dir='ltr'>τῶν</span> <span class='ocrx_word' id='word_1_519' title='bbox 1229 4093 1433 4146; x_wconf 80' lang='grc' dir='ltr'>ὠδίνων</span> <span class='ocrx_word' id='word_1_520' title='bbox 1460 4095 1668 4164; x_wconf 84' lang='grc' dir='ltr'>καιρός.</span> <span class='ocrx_word' id='word_1_521' title='bbox 1698 4089 1867 4159; x_wconf 79' lang='grc' dir='ltr'>υῦτος</span> 
     </span>
    </p>
   </div>
   <div class='ocr_carea' id='block_1_69' title="bbox 276 4172 1868 4258">
    <p class='ocr_par' dir='ltr' id='par_1_69' title="bbox 276 4172 1868 4258">
     <span class='ocr_line' id='line_1_69' title="bbox 276 4172 1868 4258; baseline 0.009 -32"><span class='ocrx_word' id='word_1_522' title='bbox 276 4172 331 4226; x_wconf 78' lang='grc' dir='ltr'><strong>δ’</strong></span> <span class='ocrx_word' id='word_1_523' title='bbox 365 4172 432 4227; x_wconf 80' lang='grc' dir='ltr'>ἂν</span> <span class='ocrx_word' id='word_1_524' title='bbox 469 4177 639 4230; x_wconf 87' lang='grc' dir='ltr'>νοοῖτο</span> <span class='ocrx_word' id='word_1_525' title='bbox 693 4179 872 4243; x_wconf 77' lang='grc' dir='ltr'>πάλιν,</span> <span class='ocrx_word' id='word_1_526' title='bbox 904 4180 933 4232; x_wconf 81' lang='grc' dir='ltr'><strong>ὃ</strong></span> <span class='ocrx_word' id='word_1_527' title='bbox 981 4199 1039 4234; x_wconf 90' lang='grc' dir='ltr'><strong>τε</strong></span> <span class='ocrx_word' id='word_1_528' title='bbox 1073 4182 1167 4236; x_wconf 87' lang='grc' dir='ltr'><strong>τοῦ</strong></span> <span class='ocrx_word' id='word_1_529' title='bbox 1224 4184 1460 4255; x_wconf 87' lang='grc' dir='ltr'>πολέμου</span> <span class='ocrx_word' id='word_1_530' title='bbox 1494 4187 1589 4239; x_wconf 75' lang='grc' dir='ltr'>καὶ</span> <span class='ocrx_word' id='word_1_531' title='bbox 1621 4187 1720 4254; x_wconf 72' lang='grc' dir='ltr'>τῆς</span> <span class='ocrx_word' id='word_1_532' title='bbox 1750 4189 1868 4258; x_wconf 81' lang='grc' dir='ltr'>αἰχ-</span> 
     </span>
    </p>
   </div>
   <div class='ocr_carea' id='block_1_70' title="bbox 283 4265 1868 4348">
    <p class='ocr_par' dir='ltr' id='par_1_70' title="bbox 283 4265 1868 4348">
     <span class='ocr_line' id='line_1_70' title="bbox 283 4265 1868 4348; baseline 0.008 -31"><span class='ocrx_word' id='word_1_533' title='bbox 283 4265 592 4335; x_wconf 83' lang='grc' dir='ltr'>μαλωσίας.</span> <span class='ocrx_word' id='word_1_534' title='bbox 629 4270 690 4323; x_wconf 81' lang='lat' dir='ltr'><strong>Ei</strong></span> <span class='ocrx_word' id='word_1_535' title='bbox 717 4270 824 4342; x_wconf 75' lang='grc' dir='ltr'>γὰρ</span> <span class='ocrx_word' id='word_1_536' title='bbox 853 4271 948 4324; x_wconf 69' lang='grc' dir='ltr'>καὶ</span> <span class='ocrx_word' id='word_1_537' title='bbox 983 4273 1056 4344; x_wconf 81' lang='grc' dir='ltr'><strong>μὴ</strong></span> <span class='ocrx_word' id='word_1_538' title='bbox 1085 4273 1234 4344; x_wconf 83' lang='grc' dir='ltr'>αὐτῷ</span> <span class='ocrx_word' id='word_1_539' title='bbox 1266 4275 1461 4346; x_wconf 81' lang='grc' dir='ltr'>συνέϐη</span> <span class='ocrx_word' id='word_1_540' title='bbox 1492 4276 1572 4347; x_wconf 84' lang='grc' dir='ltr'>τῷ</span> <span class='ocrx_word' id='word_1_541' title='bbox 1606 4276 1868 4348; x_wconf 77' lang='grc' dir='ltr'>Ἐφραῖμ,</span> 
     </span>
    </p>
   </div>
   <div class='ocr_carea' id='block_1_71' title="bbox 280 4354 1868 4438">
    <p class='ocr_par' dir='ltr' id='par_1_71' title="bbox 280 4354 1868 4438">
     <span class='ocr_line' id='line_1_71' title="bbox 280 4354 1868 4438; baseline 0.009 -29"><span class='ocrx_word' id='word_1_542' title='bbox 280 4355 407 4409; x_wconf 82' lang='grc' dir='ltr'>ἀλλ’</span> <span class='ocrx_word' id='word_1_543' title='bbox 442 4354 533 4411; x_wconf 76' lang='grc' dir='ltr'><strong>οὖν</strong></span> <span class='ocrx_word' id='word_1_544' title='bbox 585 4362 698 4424; x_wconf 87' lang='grc' dir='ltr'>τοῖς</span> <span class='ocrx_word' id='word_1_545' title='bbox 744 4362 803 4426; x_wconf 78' lang='grc' dir='ltr'>ἐξ</span> <span class='ocrx_word' id='word_1_546' title='bbox 840 4361 1005 4414; x_wconf 78' lang='grc' dir='ltr'>αὑτοῦ</span> <span class='ocrx_word' id='word_1_547' title='bbox 1042 4364 1342 4432; x_wconf 83' lang='grc' dir='ltr'>γεγονόσιν,</span> <span class='ocrx_word' id='word_1_548' title='bbox 1389 4368 1558 4438; x_wconf 74' lang='grc' dir='ltr'>ἤγουν</span> <span class='ocrx_word' id='word_1_549' title='bbox 1603 4371 1716 4432; x_wconf 89' lang='grc' dir='ltr'>τοῖς</span> <span class='ocrx_word' id='word_1_550' title='bbox 1766 4368 1868 4438; x_wconf 80' lang='grc' dir='ltr'>τῆς</span> 
     </span>
    </p>
   </div>
   <div class='ocr_carea' id='block_1_72' title="bbox 280 4448 1867 4531">
    <p class='ocr_par' dir='ltr' id='par_1_72' title="bbox 280 4448 1867 4531">
     <span class='ocr_line' id='line_1_72' title="bbox 280 4448 1867 4531; baseline 0.009 -31"><span class='ocrx_word' id='word_1_551' title='bbox 280 4448 468 4518; x_wconf 78' lang='grc' dir='ltr'>ἀρχῆς</span> <span class='ocrx_word' id='word_1_552' title='bbox 513 4449 776 4522; x_wconf 82' lang='grc' dir='ltr'>διαδόχοις</span> <span class='ocrx_word' id='word_1_553' title='bbox 831 4453 1062 4525; x_wconf 76' lang='grc' dir='ltr'>ἐπῆλθον</span> <span class='ocrx_word' id='word_1_554' title='bbox 1117 4455 1260 4509; x_wconf 87' lang='grc' dir='ltr'><strong>κατά</strong></span> <span class='ocrx_word' id='word_1_555' title='bbox 1317 4460 1577 4530; x_wconf 76' lang='grc' dir='ltr'>καιροὺς,</span> <span class='ocrx_word' id='word_1_556' title='bbox 1632 4461 1714 4513; x_wconf 81' lang='grc' dir='ltr'>ὅτι</span> <span class='ocrx_word' id='word_1_557' title='bbox 1767 4460 1867 4531; x_wconf 83' lang='grc' dir='ltr'><strong>τῆς</strong></span> 
     </span>
    </p>
   </div>
   <div class='ocr_carea' id='block_1_73' title="bbox 1883 3225 1930 3286">
    <p class='ocr_par' dir='ltr' id='par_1_73' title="bbox 1883 3225 1930 3286">
     <span class='ocr_line' id='line_1_73' title="bbox 1883 3225 1930 3286; baseline 0 0"><span class='ocrx_word' id='word_1_558' title='bbox 1883 3225 1930 3286; x_wconf 90' lang='lat' dir='ltr'><strong>C</strong></span> 
     </span>
    </p>
   </div>
   <div class='ocr_carea' id='block_1_74' title="bbox 2036 2994 3532 3072">
    <p class='ocr_par' dir='ltr' id='par_1_74' title="bbox 2036 2994 3532 3072">
     <span class='ocr_line' id='line_1_74' title="bbox 2036 2994 3532 3072; baseline -0.005 -16"><span class='ocrx_word' id='word_1_559' title='bbox 2036 3001 2196 3072; x_wconf 75' lang='lat'><strong>186</strong></span> <span class='ocrx_word' id='word_1_560' title='bbox 2260 3001 2420 3055; x_wconf 70' lang='lat' dir='ltr'><strong>Vsus.</strong></span> <span class='ocrx_word' id='word_1_561' title='bbox 2489 2998 2578 3064; x_wconf 73' lang='lat' dir='ltr'><strong>l2,</strong></span> <span class='ocrx_word' id='word_1_562' title='bbox 2644 2997 2732 3054; x_wconf 73' lang='lat' dir='ltr'><strong>i3.</strong></span> <span class='ocrx_word' id='word_1_563' title='bbox 2812 2994 3092 3066; x_wconf 78' lang='lat' dir='ltr'><strong>Ephraim,</strong></span> <span class='ocrx_word' id='word_1_564' title='bbox 3169 2995 3532 3050; x_wconf 83' lang='lat' dir='ltr'><strong>absconditum</strong></span> 
     </span>
    </p>
   </div>
   <div class='ocr_carea' id='block_1_75' title="bbox 1959 3089 3526 3162">
    <p class='ocr_par' dir='ltr' id='par_1_75' title="bbox 1959 3089 3526 3162">
     <span class='ocr_line' id='line_1_75' title="bbox 1959 3089 3526 3162; baseline -0.004 -13"><span class='ocrx_word' id='word_1_565' title='bbox 1959 3107 2228 3162; x_wconf 81' lang='lat' dir='ltr'><strong>peccatum</strong></span> <span class='ocrx_word' id='word_1_566' title='bbox 2266 3100 2400 3162; x_wconf 81' lang='lat' dir='ltr'><strong>ejus.</strong></span> <span class='ocrx_word' id='word_1_567' title='bbox 2434 3091 2654 3146; x_wconf 72' lang='lat' dir='ltr'><strong>Dolores.</strong></span> <span class='ocrx_word' id='word_1_568' title='bbox 2672 3090 2824 3160; x_wconf 75' lang='lat' dir='ltr'><strong>quasi</strong></span> <span class='ocrx_word' id='word_1_569' title='bbox 2856 3089 3198 3159; x_wconf 76' lang='lat' dir='ltr'><strong>parturientis</strong></span> <span class='ocrx_word' id='word_1_570' title='bbox 3233 3090 3432 3144; x_wconf 82' lang='lat' dir='ltr'><strong>uenient</strong></span> <span class='ocrx_word' id='word_1_571' title='bbox 3456 3090 3526 3143; x_wconf 80' lang='lat' dir='ltr'><strong>ei.</strong></span> 
     </span>
    </p>
   </div>
   <div class='ocr_carea' id='block_1_76' title="bbox 1962 3181 3540 3254">
    <p class='ocr_par' dir='ltr' id='par_1_76' title="bbox 1962 3181 3540 3254">
     <span class='ocr_line' id='line_1_76' title="bbox 1962 3181 3540 3254; baseline -0.003 -14"><span class='ocrx_word' id='word_1_572' title='bbox 1962 3187 2069 3241; x_wconf 75' lang='lat' dir='ltr'><strong>Iste</strong></span> <span class='ocrx_word' id='word_1_573' title='bbox 2105 3187 2247 3254; x_wconf 75' lang='lat' dir='ltr'><strong>ﬁlius</strong></span> <span class='ocrx_word' id='word_1_574' title='bbox 2299 3184 2559 3247; x_wconf 76' lang='lat' dir='ltr'><strong>tuus,iste</strong></span> <span class='ocrx_word' id='word_1_575' title='bbox 2589 3181 2838 3253; x_wconf 72' lang='lat' dir='ltr'><strong>prudens,</strong></span> <span class='ocrx_word' id='word_1_576' title='bbox 2873 3183 2998 3252; x_wconf 86' lang='lat' dir='ltr'><strong>quia</strong></span> <span class='ocrx_word' id='word_1_577' title='bbox 3026 3198 3128 3236; x_wconf 83' lang='lat' dir='ltr'><strong>non</strong></span> <span class='ocrx_word' id='word_1_578' title='bbox 3154 3182 3428 3236; x_wconf 80' lang='lat' dir='ltr'><strong>sustinebit</strong></span> <span class='ocrx_word' id='word_1_579' title='bbox 3479 3184 3540 3235; x_wconf 80' lang='lat' dir='ltr'><strong>in</strong></span> 
     </span>
    </p>
   </div>
   <div class='ocr_carea' id='block_1_77' title="bbox 1960 3276 2541 3345">
    <p class='ocr_par' dir='ltr' id='par_1_77' title="bbox 1960 3276 2541 3345">
     <span class='ocr_line' id='line_1_77' title="bbox 1960 3276 2541 3345; baseline -0.005 -14"><span class='ocrx_word' id='word_1_580' title='bbox 1960 3277 2267 3331; x_wconf 76' lang='lat' dir='ltr'><strong>contritione</strong></span> <span class='ocrx_word' id='word_1_581' title='bbox 2291 3276 2541 3345; x_wconf 80' lang='lat' dir='ltr'><strong>ﬁliorum.</strong></span> 
     </span>
    </p>
   </div>
   <div class='ocr_carea' id='block_1_78' title="bbox 2028 3361 3528 3432">
    <p class='ocr_par' dir='ltr' id='par_1_78' title="bbox 2028 3361 3528 3432">
     <span class='ocr_line' id='line_1_78' title="bbox 2028 3361 3528 3432; baseline -0.004 -11"><span class='ocrx_word' id='word_1_582' title='bbox 2028 3365 2204 3420; x_wconf 85' lang='lat' dir='ltr'><strong>CLIII.</strong></span> <span class='ocrx_word' id='word_1_583' title='bbox 2237 3365 2348 3418; x_wconf 86' lang='lat' dir='ltr'><strong>Hoc</strong></span> <span class='ocrx_word' id='word_1_584' title='bbox 2370 3364 2496 3418; x_wconf 89' lang='lat' dir='ltr'><strong>illud</strong></span> <span class='ocrx_word' id='word_1_585' title='bbox 2519 3371 2621 3429; x_wconf 88' lang='lat' dir='ltr'><strong>est,</strong></span> <span class='ocrx_word' id='word_1_586' title='bbox 2655 3361 2730 3418; x_wconf 89' lang='lat' dir='ltr'><strong>uti</strong></span> <span class='ocrx_word' id='word_1_587' title='bbox 2760 3377 2906 3427; x_wconf 91' lang='lat' dir='ltr'><strong>reor,</strong></span> <span class='ocrx_word' id='word_1_588' title='bbox 2935 3381 2953 3415; x_wconf 77' lang='grc' dir='ltr'>ι</span> <span class='ocrx_word' id='word_1_589' title='bbox 2987 3361 3236 3432; x_wconf 90' lang='lat' dir='ltr'><strong>concepit</strong></span> <span class='ocrx_word' id='word_1_590' title='bbox 3269 3361 3528 3426; x_wconf 88' lang='lat' dir='ltr'><strong>dolorem,</strong></span> 
     </span>
    </p>
   </div>
   <div class='ocr_carea' id='block_1_79' title="bbox 1960 3449 3540 3526">
    <p class='ocr_par' dir='ltr' id='par_1_79' title="bbox 1960 3449 3540 3526">
     <span class='ocr_line' id='line_1_79' title="bbox 1960 3449 3540 3526; baseline -0.006 -15"><span class='ocrx_word' id='word_1_591' title='bbox 1960 3466 2016 3511; x_wconf 92' lang='lat' dir='ltr'><strong>et</strong></span> <span class='ocrx_word' id='word_1_592' title='bbox 2046 3455 2253 3526; x_wconf 88' lang='lat' dir='ltr'><strong>peperit</strong></span> <span class='ocrx_word' id='word_1_593' title='bbox 2287 3454 2618 3523; x_wconf 88' lang='lat' dir='ltr'><strong>iniquitatem</strong></span> <span class='ocrx_word' id='word_1_594' title='bbox 2643 3453 2741 3505; x_wconf 75' lang='lat' dir='ltr'><strong>&quot;.t</strong></span> <span class='ocrx_word' id='word_1_595' title='bbox 2776 3451 3044 3521; x_wconf 86' lang='lat' dir='ltr'><strong>Principio</strong></span> <span class='ocrx_word' id='word_1_596' title='bbox 3063 3451 3204 3506; x_wconf 90' lang='lat' dir='ltr'><strong>enim</strong></span> <span class='ocrx_word' id='word_1_597' title='bbox 3227 3449 3540 3513; x_wconf 69' lang='lat' dir='ltr'><strong>Jeroltoant,</strong></span> 
     </span>
    </p>
   </div>
   <div class='ocr_carea' id='block_1_80' title="bbox 1959 3540 3534 3617">
    <p class='ocr_par' dir='ltr' id='par_1_80' title="bbox 1959 3540 3534 3617">
     <span class='ocr_line' id='line_1_80' title="bbox 1959 3540 3534 3617; baseline -0.008 -12"><span class='ocrx_word' id='word_1_598' title='bbox 1959 3563 2030 3605; x_wconf 85' lang='lat' dir='ltr'><strong>ne</strong></span> <span class='ocrx_word' id='word_1_599' title='bbox 2058 3555 2273 3616; x_wconf 88' lang='lat' dir='ltr'><strong>sceptro</strong></span> <span class='ocrx_word' id='word_1_600' title='bbox 2291 3545 2615 3617; x_wconf 76' lang='lat' dir='ltr'><strong>privaretur,</strong></span> <span class='ocrx_word' id='word_1_601' title='bbox 2643 3541 2837 3598; x_wconf 81' lang='lat' dir='ltr'><strong>Israele</strong></span> <span class='ocrx_word' id='word_1_602' title='bbox 2864 3541 3071 3598; x_wconf 87' lang='lat' dir='ltr'><strong>scilicet</strong></span> <span class='ocrx_word' id='word_1_603' title='bbox 3099 3540 3331 3610; x_wconf 88' lang='lat' dir='ltr'><strong>legitima</strong></span> <span class='ocrx_word' id='word_1_604' title='bbox 3363 3540 3534 3594; x_wconf 73' lang='lat' dir='ltr'><strong>sacri-</strong></span> 
     </span>
    </p>
   </div>
   <div class='ocr_carea' id='block_1_81' title="bbox 1962 3630 3539 3707">
    <p class='ocr_par' dir='ltr' id='par_1_81' title="bbox 1962 3630 3539 3707">
     <span class='ocr_line' id='line_1_81' title="bbox 1962 3630 3539 3707; baseline -0.007 -13"><span class='ocrx_word' id='word_1_605' title='bbox 1962 3640 2081 3696; x_wconf 84' lang='lat' dir='ltr'><strong>ﬁcia</strong></span> <span class='ocrx_word' id='word_1_606' title='bbox 2125 3651 2406 3707; x_wconf 87' lang='lat' dir='ltr'><strong>usurpare,</strong></span> <span class='ocrx_word' id='word_1_607' title='bbox 2427 3645 2482 3691; x_wconf 92' lang='lat' dir='ltr'><strong>et</strong></span> <span class='ocrx_word' id='word_1_608' title='bbox 2518 3636 2586 3690; x_wconf 89' lang='lat' dir='ltr'><strong>ob</strong></span> <span class='ocrx_word' id='word_1_609' title='bbox 2637 3634 2779 3688; x_wconf 87' lang='lat' dir='ltr'><strong>hanc</strong></span> <span class='ocrx_word' id='word_1_610' title='bbox 2826 3635 3044 3688; x_wconf 85' lang='lat' dir='ltr'><strong>causam</strong></span> <span class='ocrx_word' id='word_1_611' title='bbox 3106 3630 3539 3700; x_wconf 67' lang='lat' dir='ltr'><strong>Hierosolymam</strong></span> 
     </span>
    </p>
   </div>
   <div class='ocr_carea' id='block_1_82' title="bbox 1963 3721 3534 3798">
    <p class='ocr_par' dir='ltr' id='par_1_82' title="bbox 1963 3721 3534 3798">
     <span class='ocr_line' id='line_1_82' title="bbox 1963 3721 3534 3798; baseline -0.008 -12"><span class='ocrx_word' id='word_1_612' title='bbox 1963 3730 2254 3787; x_wconf 85' lang='lat' dir='ltr'><strong>ascendere</strong></span> <span class='ocrx_word' id='word_1_613' title='bbox 2321 3728 2612 3798; x_wconf 85' lang='lat' dir='ltr'><strong>cupiente,</strong></span> <span class='ocrx_word' id='word_1_614' title='bbox 2663 3724 2858 3780; x_wconf 83' lang='lat' dir='ltr'><strong>vitulos</strong></span> <span class='ocrx_word' id='word_1_615' title='bbox 2920 3737 3111 3779; x_wconf 88' lang='lat' dir='ltr'><strong>aureos</strong></span> <span class='ocrx_word' id='word_1_616' title='bbox 3176 3721 3534 3792; x_wconf 82' lang='lat' dir='ltr'><strong>excogitavit,</strong></span> 
     </span>
    </p>
   </div>
   <div class='ocr_carea' id='block_1_83' title="bbox 1965 3819 3530 3892">
    <p class='ocr_par' dir='ltr' id='par_1_83' title="bbox 1965 3819 3530 3892">
     <span class='ocr_line' id='line_1_83' title="bbox 1965 3819 3530 3892; baseline -0.005 -15"><span class='ocrx_word' id='word_1_617' title='bbox 1965 3829 2348 3892; x_wconf 88' lang='lat' dir='ltr'><strong>peccatumque</strong></span> <span class='ocrx_word' id='word_1_618' title='bbox 2377 3819 2525 3874; x_wconf 90' lang='lat' dir='ltr'><strong>velut</strong></span> <span class='ocrx_word' id='word_1_619' title='bbox 2553 3819 2847 3872; x_wconf 87' lang='lat' dir='ltr'><strong>coloratum</strong></span> <span class='ocrx_word' id='word_1_620' title='bbox 2877 3825 3248 3871; x_wconf 89' lang='lat' dir='ltr'><strong>etcontectum</strong></span> <span class='ocrx_word' id='word_1_621' title='bbox 3273 3823 3530 3884; x_wconf 85' lang='lat' dir='ltr'><strong>tanquam</strong></span> 
     </span>
    </p>
   </div>
   <div class='ocr_carea' id='block_1_84' title="bbox 1967 3906 3540 3977">
    <p class='ocr_par' dir='ltr' id='par_1_84' title="bbox 1967 3906 3540 3977">
     <span class='ocr_line' id='line_1_84' title="bbox 1967 3906 3540 3977; baseline -0.006 -10"><span class='ocrx_word' id='word_1_622' title='bbox 1967 3912 2163 3967; x_wconf 87' lang='lat' dir='ltr'><strong>malum</strong></span> <span class='ocrx_word' id='word_1_623' title='bbox 2208 3926 2389 3966; x_wconf 89' lang='lat' dir='ltr'><strong>semen</strong></span> <span class='ocrx_word' id='word_1_624' title='bbox 2427 3910 2748 3965; x_wconf 90' lang='lat' dir='ltr'><strong>inanimum</strong></span> <span class='ocrx_word' id='word_1_625' title='bbox 2805 3907 3026 3977; x_wconf 84' lang='lat' dir='ltr'><strong>recepit.</strong></span> <span class='ocrx_word' id='word_1_626' title='bbox 3052 3906 3155 3960; x_wconf 86' lang='lat' dir='ltr'><strong>Sed</strong></span> <span class='ocrx_word' id='word_1_627' title='bbox 3196 3906 3406 3968; x_wconf 80' lang='lat' dir='ltr'><strong>veniet,</strong></span> <span class='ocrx_word' id='word_1_628' title='bbox 3456 3907 3540 3958; x_wconf 85' lang='lat' dir='ltr'><strong>itt-</strong></span> 
     </span>
    </p>
   </div>
   <div class='ocr_carea' id='block_1_85' title="bbox 1965 3995 3543 4073">
    <p class='ocr_par' dir='ltr' id='par_1_85' title="bbox 1965 3995 3543 4073">
     <span class='ocr_line' id='line_1_85' title="bbox 1965 3995 3543 4073; baseline -0.005 -17"><span class='ocrx_word' id='word_1_629' title='bbox 1965 4005 2097 4073; x_wconf 90' lang='lat' dir='ltr'><strong>quit,</strong></span> <span class='ocrx_word' id='word_1_630' title='bbox 2125 4011 2181 4057; x_wconf 92' lang='lat' dir='ltr'><strong>et</strong></span> <span class='ocrx_word' id='word_1_631' title='bbox 2211 4012 2422 4070; x_wconf 89' lang='lat' dir='ltr'><strong>tempus</strong></span> <span class='ocrx_word' id='word_1_632' title='bbox 2473 4001 2716 4057; x_wconf 89' lang='lat' dir='ltr'><strong>dolorum</strong></span> <span class='ocrx_word' id='word_1_633' title='bbox 2744 4009 2949 4070; x_wconf 90' lang='lat' dir='ltr'><strong>partus.</strong></span> <span class='ocrx_word' id='word_1_634' title='bbox 2981 3997 3132 4066; x_wconf 89' lang='lat' dir='ltr'><strong>Quod</strong></span> <span class='ocrx_word' id='word_1_635' title='bbox 3171 3998 3387 4066; x_wconf 86' lang='lat' dir='ltr'><strong>quidem</strong></span> <span class='ocrx_word' id='word_1_636' title='bbox 3413 3995 3543 4050; x_wconf 83' lang='lat' dir='ltr'><strong>belli</strong></span> 
     </span>
    </p>
   </div>
   <div class='ocr_carea' id='block_1_86' title="bbox 1966 4086 3540 4162">
    <p class='ocr_par' dir='ltr' id='par_1_86' title="bbox 1966 4086 3540 4162">
     <span class='ocr_line' id='line_1_86' title="bbox 1966 4086 3540 4162; baseline -0.006 -14"><span class='ocrx_word' id='word_1_637' title='bbox 1966 4104 2017 4150; x_wconf 90' lang='lat' dir='ltr'><strong>et</strong></span> <span class='ocrx_word' id='word_1_638' title='bbox 2072 4093 2400 4162; x_wconf 84' lang='lat' dir='ltr'><strong>captivitatis</strong></span> <span class='ocrx_word' id='word_1_639' title='bbox 2444 4099 2620 4162; x_wconf 83' lang='lat' dir='ltr'><strong>potest</strong></span> <span class='ocrx_word' id='word_1_640' title='bbox 2660 4089 2906 4159; x_wconf 86' lang='lat' dir='ltr'><strong>intelligi.</strong></span> <span class='ocrx_word' id='word_1_641' title='bbox 2935 4086 3193 4155; x_wconf 82' lang='lat' dir='ltr'><strong>Quamvis</strong></span> <span class='ocrx_word' id='word_1_642' title='bbox 3231 4086 3373 4140; x_wconf 90' lang='lat' dir='ltr'><strong>enim</strong></span> <span class='ocrx_word' id='word_1_643' title='bbox 3430 4099 3540 4139; x_wconf 90' lang='lat' dir='ltr'><strong>non</strong></span> 
     </span>
    </p>
   </div>
   <div class='ocr_carea' id='block_1_87' title="bbox 1968 4179 3534 4261">
    <p class='ocr_par' dir='ltr' id='par_1_87' title="bbox 1968 4179 3534 4261">
     <span class='ocr_line' id='line_1_87' title="bbox 1968 4179 3534 4261; baseline -0.01 -16"><span class='ocrx_word' id='word_1_644' title='bbox 1968 4189 2067 4261; x_wconf 91' lang='lat' dir='ltr'><strong>ipsi</strong></span> <span class='ocrx_word' id='word_1_645' title='bbox 2103 4188 2380 4260; x_wconf 86' lang='lat' dir='ltr'><strong>prraim,</strong></span> <span class='ocrx_word' id='word_1_646' title='bbox 2403 4186 2635 4258; x_wconf 82' lang='lat' dir='ltr'><strong>posteris</strong></span> <span class='ocrx_word' id='word_1_647' title='bbox 2665 4196 2842 4240; x_wconf 89' lang='lat' dir='ltr'><strong>tamen</strong></span> <span class='ocrx_word' id='word_1_648' title='bbox 2871 4184 3010 4254; x_wconf 86' lang='lat' dir='ltr'><strong>ejus,</strong></span> <span class='ocrx_word' id='word_1_649' title='bbox 3036 4188 3148 4239; x_wconf 90' lang='lat' dir='ltr'><strong>sive</strong></span> <span class='ocrx_word' id='word_1_650' title='bbox 3203 4179 3534 4236; x_wconf 81' lang='lat' dir='ltr'><strong>successori-</strong></span> 
     </span>
    </p>
   </div>
   <div class='ocr_carea' id='block_1_88' title="bbox 1967 4268 3540 4348">
    <p class='ocr_par' dir='ltr' id='par_1_88' title="bbox 1967 4268 3540 4348">
     <span class='ocr_line' id='line_1_88' title="bbox 1967 4268 3540 4348; baseline -0.01 -13"><span class='ocrx_word' id='word_1_651' title='bbox 1967 4280 2066 4335; x_wconf 91' lang='lat' dir='ltr'><strong>bus</strong></span> <span class='ocrx_word' id='word_1_652' title='bbox 2113 4280 2166 4334; x_wconf 88' lang='lat' dir='ltr'><strong>itt</strong></span> <span class='ocrx_word' id='word_1_653' title='bbox 2209 4277 2534 4348; x_wconf 87' lang='lat' dir='ltr'><strong>principatu,</strong></span> <span class='ocrx_word' id='word_1_654' title='bbox 2590 4285 2652 4330; x_wconf 91' lang='lat' dir='ltr'><strong>ut</strong></span> <span class='ocrx_word' id='word_1_655' title='bbox 2695 4274 2987 4344; x_wconf 89' lang='lat' dir='ltr'><strong>impietatis</strong></span> <span class='ocrx_word' id='word_1_656' title='bbox 3032 4272 3390 4336; x_wconf 76' lang='lat' dir='ltr'><strong>imitatoribus</strong></span> <span class='ocrx_word' id='word_1_657' title='bbox 3441 4268 3540 4321; x_wconf 83' lang='lat' dir='ltr'><strong>ali-</strong></span> 
     </span>
    </p>
   </div>
   <div class='ocr_carea' id='block_1_89' title="bbox 1968 4360 3541 4441">
    <p class='ocr_par' dir='ltr' id='par_1_89' title="bbox 1968 4360 3541 4441">
     <span class='ocr_line' id='line_1_89' title="bbox 1968 4360 3541 4441; baseline -0.008 -16"><span class='ocrx_word' id='word_1_658' title='bbox 1968 4369 2182 4441; x_wconf 89' lang='lat' dir='ltr'><strong>quando</strong></span> <span class='ocrx_word' id='word_1_659' title='bbox 2213 4368 2410 4424; x_wconf 91' lang='lat' dir='ltr'><strong>evenit.</strong></span> <span class='ocrx_word' id='word_1_660' title='bbox 2440 4367 2601 4433; x_wconf 87' lang='lat' dir='ltr'><strong>Quasi</strong></span> <span class='ocrx_word' id='word_1_661' title='bbox 2632 4366 2792 4436; x_wconf 86' lang='lat' dir='ltr'><strong>igitur</strong></span> <span class='ocrx_word' id='word_1_662' title='bbox 2816 4365 3152 4437; x_wconf 87' lang='lat' dir='ltr'><strong>Synagogam</strong></span> <span class='ocrx_word' id='word_1_663' title='bbox 3186 4365 3238 4418; x_wconf 92' lang='lat' dir='ltr'><strong>in</strong></span> <span class='ocrx_word' id='word_1_664' title='bbox 3294 4360 3541 4416; x_wconf 82' lang='lat' dir='ltr'><strong>Samaria</strong></span> 
     </span>
    </p>
   </div>
   <div class='ocr_carea' id='block_1_90' title="bbox 1970 4451 3542 4532">
    <p class='ocr_par' dir='ltr' id='par_1_90' title="bbox 1970 4451 3542 4532">
     <span class='ocr_line' id='line_1_90' title="bbox 1970 4451 3542 4532; baseline -0.007 -16"><span class='ocrx_word' id='word_1_665' title='bbox 1970 4461 2319 4532; x_wconf 90' lang='lat' dir='ltr'><strong>compellans,</strong></span> <span class='ocrx_word' id='word_1_666' title='bbox 2377 4460 2570 4529; x_wconf 91' lang='lat' dir='ltr'><strong>inquit.</strong></span> <span class='ocrx_word' id='word_1_667' title='bbox 2625 4457 2759 4525; x_wconf 84' lang='lat' dir='ltr'><strong>Quis</strong></span> <span class='ocrx_word' id='word_1_668' title='bbox 2829 4467 2880 4511; x_wconf 92' lang='lat' dir='ltr'><strong>te</strong></span> <span class='ocrx_word' id='word_1_669' title='bbox 2924 4454 3183 4510; x_wconf 64' lang='lat' dir='ltr'><strong>saltabit?</strong></span> <span class='ocrx_word' id='word_1_670' title='bbox 3235 4469 3358 4509; x_wconf 85' lang='lat' dir='ltr'><strong>nunt</strong></span> <span class='ocrx_word' id='word_1_671' title='bbox 3402 4451 3542 4506; x_wconf 83' lang='lat' dir='ltr'><strong>[ilius</strong></span> 
     </span>
    </p>
   </div>
   <div class='ocr_carea' id='block_1_91' title="bbox 280 4539 1862 4623">
    <p class='ocr_par' dir='ltr' id='par_1_91' title="bbox 280 4539 1862 4620">
     <span class='ocr_line' id='line_1_91' title="bbox 280 4539 1862 4620; baseline 0.008 -29"><span class='ocrx_word' id='word_1_672' title='bbox 280 4539 501 4593; x_wconf 77' lang='grc' dir='ltr'>ἐκείνου</span> <span class='ocrx_word' id='word_1_673' title='bbox 554 4541 870 4608; x_wconf 85' lang='grc' dir='ltr'>δυσσεϐείας</span> <span class='ocrx_word' id='word_1_674' title='bbox 925 4547 1178 4615; x_wconf 87' lang='grc' dir='ltr'>γεγόνασι</span> <span class='ocrx_word' id='word_1_675' title='bbox 1248 4549 1500 4620; x_wconf 90' lang='grc' dir='ltr'>μιμηταί.</span> <span class='ocrx_word' id='word_1_676' title='bbox 1552 4550 1862 4620; x_wconf 84' lang='grc' dir='ltr'>Διαλέγεται</span> 
     </span>
    </p>
   </div>
   <div class='ocr_carea' id='block_1_92' title="bbox 1962 4539 3546 4623">
    <p class='ocr_par' dir='ltr' id='par_1_92' title="bbox 1963 4539 3546 4620">
     <span class='ocr_line' id='line_1_92' title="bbox 1963 4539 3546 4620; baseline -0.008 -15"><span class='ocrx_word' id='word_1_677' title='bbox 1963 4561 2096 4606; x_wconf 89' lang='lat' dir='ltr'><strong>tuus</strong></span> <span class='ocrx_word' id='word_1_678' title='bbox 2115 4552 2201 4605; x_wconf 83' lang='lat' dir='ltr'><strong>hic</strong></span> <span class='ocrx_word' id='word_1_679' title='bbox 2227 4549 2503 4620; x_wconf 86' lang='lat' dir='ltr'><strong>prudens?</strong></span> <span class='ocrx_word' id='word_1_680' title='bbox 2543 4547 2775 4602; x_wconf 90' lang='lat' dir='ltr'><strong>Dicendo</strong></span> <span class='ocrx_word' id='word_1_681' title='bbox 2797 4564 2826 4598; x_wconf 80' lang='grc' dir='ltr'><strong>ι.</strong></span> <span class='ocrx_word' id='word_1_682' title='bbox 2858 4548 2945 4601; x_wconf 87' lang='lat' dir='ltr'><strong>hic</strong></span> <span class='ocrx_word' id='word_1_683' title='bbox 2971 4565 2990 4598; x_wconf 75' lang='grc' dir='ltr'>ι</span> <span class='ocrx_word' id='word_1_684' title='bbox 3022 4553 3118 4599; x_wconf 89' lang='lat' dir='ltr'><strong>aut</strong></span> <span class='ocrx_word' id='word_1_685' title='bbox 3149 4543 3256 4599; x_wconf 89' lang='lat' dir='ltr'><strong>illis</strong></span> <span class='ocrx_word' id='word_1_686' title='bbox 3287 4539 3546 4608; x_wconf 84' lang='lat' dir='ltr'><strong>temperi-</strong></span> 
     </span>
    </p>
   </div>
   <div class='ocr_carea' id='block_1_93' title="bbox 278 4631 1868 4715">
    <p class='ocr_par' dir='ltr' id='par_1_93' title="bbox 278 4631 1868 4715">
     <span class='ocr_line' id='line_1_93' title="bbox 278 4631 1868 4715; baseline 0.009 -31"><span class='ocrx_word' id='word_1_687' title='bbox 278 4631 471 4686; x_wconf 82' lang='grc' dir='ltr'>τοίνυν</span> <span class='ocrx_word' id='word_1_688' title='bbox 500 4634 576 4698; x_wconf 82' lang='grc' dir='ltr'><strong>ὡς</strong></span> <span class='ocrx_word' id='word_1_689' title='bbox 603 4635 740 4707; x_wconf 77' lang='grc' dir='ltr'>πρὸς</span> <span class='ocrx_word' id='word_1_690' title='bbox 761 4637 858 4708; x_wconf 83' lang='grc' dir='ltr'>τὴν</span> <span class='ocrx_word' id='word_1_691' title='bbox 889 4638 946 4690; x_wconf 76' lang='grc' dir='ltr'>ἐν</span> <span class='ocrx_word' id='word_1_692' title='bbox 977 4641 1044 4710; x_wconf 82' lang='grc' dir='ltr'>τῇ</span> <span class='ocrx_word' id='word_1_693' title='bbox 1080 4640 1362 4713; x_wconf 62' lang='grc' dir='ltr'><strong>Σαμαρείᾳ¹</strong></span> <span class='ocrx_word' id='word_1_694' title='bbox 1395 4643 1740 4715; x_wconf 83' lang='grc' dir='ltr'>συναγωγὴν,</span> <span class='ocrx_word' id='word_1_695' title='bbox 1773 4643 1868 4698; x_wconf 88' lang='grc' dir='ltr'><strong>καί</strong></span> 
     </span>
    </p>
   </div>
   <div class='ocr_carea' id='block_1_94' title="bbox 281 4722 1870 4804">
    <p class='ocr_par' dir='ltr' id='par_1_94' title="bbox 281 4722 1870 4804">
     <span class='ocr_line' id='line_1_94' title="bbox 281 4722 1870 4804; baseline 0.01 -33"><span class='ocrx_word' id='word_1_696' title='bbox 281 4737 448 4793; x_wconf 72' lang='grc' dir='ltr'>φησι,</span> <span class='ocrx_word' id='word_1_697' title='bbox 481 4722 567 4786; x_wconf 83' lang='grc' dir='ltr'><strong>τίς</strong></span> <span class='ocrx_word' id='word_1_698' title='bbox 598 4741 657 4776; x_wconf 89' lang='grc' dir='ltr'><strong>σε</strong></span> <span class='ocrx_word' id='word_1_699' title='bbox 685 4724 939 4779; x_wconf 85' lang='grc' dir='ltr'>διασώσει</span> <span class='ocrx_word' id='word_1_700' title='bbox 964 4743 977 4793; x_wconf 91' lang='grc'>;</span> <span class='ocrx_word' id='word_1_701' title='bbox 1027 4723 1137 4798; x_wconf 75' lang='grc' dir='ltr'>ἄρα</span> <span class='ocrx_word' id='word_1_702' title='bbox 1167 4731 1194 4782; x_wconf 89' lang='lat'><strong>6</strong></span> <span class='ocrx_word' id='word_1_703' title='bbox 1223 4730 1335 4793; x_wconf 84' lang='grc' dir='ltr'>υἱός</span> <span class='ocrx_word' id='word_1_704' title='bbox 1380 4747 1472 4784; x_wconf 93' lang='grc' dir='ltr'><strong>σου</strong></span> <span class='ocrx_word' id='word_1_705' title='bbox 1504 4728 1656 4796; x_wconf 78' lang='grc' dir='ltr'>οὗτος</span> <span class='ocrx_word' id='word_1_706' title='bbox 1684 4734 1711 4786; x_wconf 91' lang='lat'><strong>6</strong></span> <span class='ocrx_word' id='word_1_707' title='bbox 1737 4733 1870 4804; x_wconf 82' lang='grc' dir='ltr'>φρό-</span> 
     </span>
    </p>
   </div>
   <div class='ocr_carea' id='block_1_95' title="bbox 280 4815 1868 4896">
    <p class='ocr_par' dir='ltr' id='par_1_95' title="bbox 280 4815 1868 4896">
     <span class='ocr_line' id='line_1_95' title="bbox 280 4815 1868 4896; baseline 0.009 -30"><span class='ocrx_word' id='word_1_708' title='bbox 280 4830 479 4885; x_wconf 89' lang='grc' dir='ltr'>νιμος;</span> <span class='ocrx_word' id='word_1_709' title='bbox 509 4817 696 4884; x_wconf 85' lang='grc' dir='ltr'>Λέγων</span> <span class='ocrx_word' id='word_1_710' title='bbox 733 4816 789 4870; x_wconf 83' lang='grc' dir='ltr'><strong>δὲ</strong></span> <span class='ocrx_word' id='word_1_711' title='bbox 821 4818 903 4886; x_wconf 84' lang='grc' dir='ltr'>τὸ,</span> <span class='ocrx_word' id='word_1_712' title='bbox 945 4837 964 4872; x_wconf 73' lang='grc' dir='ltr'>ι</span> <span class='ocrx_word' id='word_1_713' title='bbox 1001 4815 1174 4887; x_wconf 76' lang='grc' dir='ltr'>οὗτος,</span> <span class='ocrx_word' id='word_1_714' title='bbox 1213 4841 1231 4873; x_wconf 81' lang='lat' dir='ltr'><strong>t</strong></span> <span class='ocrx_word' id='word_1_715' title='bbox 1270 4822 1307 4894; x_wconf 79' lang='grc' dir='ltr'>ἢ</span> <span class='ocrx_word' id='word_1_716' title='bbox 1337 4823 1428 4877; x_wconf 79' lang='grc' dir='ltr'>τὸν</span> <span class='ocrx_word' id='word_1_717' title='bbox 1468 4823 1610 4878; x_wconf 88' lang='grc' dir='ltr'><strong>κατά</strong></span> <span class='ocrx_word' id='word_1_718' title='bbox 1642 4826 1868 4896; x_wconf 82' lang='grc' dir='ltr'>καιροὺς</span> 
     </span>
    </p>
   </div>
   <div class='ocr_carea' id='block_1_96' title="bbox 283 4906 1867 4985">
    <p class='ocr_par' dir='ltr' id='par_1_96' title="bbox 283 4906 1867 4985">
     <span class='ocr_line' id='line_1_96' title="bbox 283 4906 1867 4985; baseline 0.006 -25"><span class='ocrx_word' id='word_1_719' title='bbox 283 4906 646 4977; x_wconf 83' lang='grc' dir='ltr'>βασιλεύοντα</span> <span class='ocrx_word' id='word_1_720' title='bbox 675 4908 966 4976; x_wconf 85' lang='grc' dir='ltr'>δείκνυσιν,</span> <span class='ocrx_word' id='word_1_721' title='bbox 1007 4911 1064 4977; x_wconf 79' lang='grc' dir='ltr'><strong>ὃς</strong></span> <span class='ocrx_word' id='word_1_722' title='bbox 1098 4915 1192 4966; x_wconf 85' lang='grc' dir='ltr'><strong>καί</strong></span> <span class='ocrx_word' id='word_1_723' title='bbox 1235 4912 1332 4985; x_wconf 81' lang='grc' dir='ltr'>τὴν</span> <span class='ocrx_word' id='word_1_724' title='bbox 1371 4912 1465 4968; x_wconf 90' lang='grc' dir='ltr'><strong>τοῦ</strong></span> <span class='ocrx_word' id='word_1_725' title='bbox 1509 4915 1684 4970; x_wconf 83' lang='grc' dir='ltr'>δοκεῖν</span> <span class='ocrx_word' id='word_1_726' title='bbox 1727 4911 1867 4969; x_wconf 76' lang='grc' dir='ltr'>εἶναι</span> 
     </span>
    </p>
   </div>
   <div class='ocr_carea' id='block_1_97' title="bbox 285 4998 1868 5078">
    <p class='ocr_par' dir='ltr' id='par_1_97' title="bbox 285 4998 1868 5078">
     <span class='ocr_line' id='line_1_97' title="bbox 285 4998 1868 5078; baseline 0.006 -27"><span class='ocrx_word' id='word_1_727' title='bbox 285 4998 515 5063; x_wconf 84' lang='grc' dir='ltr'>συνετὸς</span> <span class='ocrx_word' id='word_1_728' title='bbox 553 4999 766 5070; x_wconf 78' lang='grc' dir='ltr'>ἐδέχετο</span> <span class='ocrx_word' id='word_1_729' title='bbox 812 5002 969 5067; x_wconf 79' lang='grc' dir='ltr'>δόξαν</span> <span class='ocrx_word' id='word_1_730' title='bbox 1021 5004 1348 5076; x_wconf 86' lang='grc' dir='ltr'>(παρέπεται</span> <span class='ocrx_word' id='word_1_731' title='bbox 1399 5004 1510 5078; x_wconf 84' lang='grc' dir='ltr'><strong>γὰρ</strong></span> <span class='ocrx_word' id='word_1_732' title='bbox 1551 5007 1712 5062; x_wconf 88' lang='grc' dir='ltr'>τοῦτο</span> <span class='ocrx_word' id='word_1_733' title='bbox 1753 5009 1868 5070; x_wconf 91' lang='grc' dir='ltr'>τοῖς</span> 
     </span>
    </p>
   </div>
   <div class='ocr_carea' id='block_1_98' title="bbox 280 5091 1870 5170">
    <p class='ocr_par' dir='ltr' id='par_1_98' title="bbox 280 5091 1870 5170">
     <span class='ocr_line' id='line_1_98' title="bbox 280 5091 1870 5170; baseline 0.004 -25"><span class='ocrx_word' id='word_1_734' title='bbox 280 5091 586 5162; x_wconf 78' lang='grc' dir='ltr'>κρατοῦσιν</span> <span class='ocrx_word' id='word_1_735' title='bbox 609 5092 718 5164; x_wconf 79' lang='grc' dir='ltr'>ἀεὶ)</span> <span class='ocrx_word' id='word_1_736' title='bbox 753 5093 786 5163; x_wconf 83' lang='grc' dir='ltr'>ἢ</span> <span class='ocrx_word' id='word_1_737' title='bbox 819 5094 947 5163; x_wconf 80' lang='grc' dir='ltr'>γοῦν</span> <span class='ocrx_word' id='word_1_738' title='bbox 984 5093 1167 5166; x_wconf 72' lang='grc' dir='ltr'>ἔτερόν</span> <span class='ocrx_word' id='word_1_739' title='bbox 1194 5114 1268 5161; x_wconf 90' lang='grc' dir='ltr'><strong>τι,</strong></span> <span class='ocrx_word' id='word_1_740' title='bbox 1299 5097 1391 5151; x_wconf 72' lang='grc' dir='ltr'>καὶ</span> <span class='ocrx_word' id='word_1_741' title='bbox 1417 5096 1495 5168; x_wconf 83' lang='grc' dir='ltr'>τῷ</span> <span class='ocrx_word' id='word_1_742' title='bbox 1525 5097 1870 5170; x_wconf 19' lang='grc' dir='ltr'>καιρῷλπρέ-</span> 
     </span>
    </p>
   </div>
   <div class='ocr_carea' id='block_1_99' title="bbox 282 5168 1871 5260">
    <p class='ocr_par' dir='ltr' id='par_1_99' title="bbox 282 5168 1871 5260">
     <span class='ocr_line' id='line_1_99' title="bbox 282 5168 1871 5260; baseline 0.004 -24"><span class='ocrx_word' id='word_1_743' title='bbox 282 5201 394 5237; x_wconf 84' lang='grc' dir='ltr'><strong>πον</strong></span> <span class='ocrx_word' id='word_1_744' title='bbox 424 5183 696 5254; x_wconf 83' lang='grc' dir='ltr'>ὑποδηλοῖ,</span> <span class='ocrx_word' id='word_1_745' title='bbox 728 5185 849 5239; x_wconf 88' lang='grc' dir='ltr'>καθ’</span> <span class='ocrx_word' id='word_1_746' title='bbox 877 5185 906 5239; x_wconf 89' lang='lat'><strong>6</strong></span> <span class='ocrx_word' id='word_1_747' title='bbox 939 5186 1033 5239; x_wconf 77' lang='grc' dir='ltr'>καὶ</span> <span class='ocrx_word' id='word_1_748' title='bbox 1064 5187 1092 5240; x_wconf 89' lang='lat'><strong>6</strong></span> <span class='ocrx_word' id='word_1_749' title='bbox 1128 5187 1229 5259; x_wconf 84' lang='grc' dir='ltr'><strong>τῆς</strong></span> <span class='ocrx_word' id='word_1_750' title='bbox 1275 5168 1632 5260; x_wconf 72' lang='grc' dir='ltr'>προφητείας</span> <span class='ocrx_word' id='word_1_751' title='bbox 1653 5168 1871 5258; x_wconf 69' lang='grc' dir='ltr'>ἐγένετο</span> 
     </span>
    </p>
   </div>
   <div class='ocr_carea' id='block_1_100' title="bbox 279 5275 1869 5350">
    <p class='ocr_par' dir='ltr' id='par_1_100' title="bbox 279 5275 1869 5350">
     <span class='ocr_line' id='line_1_100' title="bbox 279 5275 1869 5350; baseline 0.001 -21"><span class='ocrx_word' id='word_1_752' title='bbox 279 5277 472 5345; x_wconf 79' lang='grc' dir='ltr'>λόγος.</span> <span class='ocrx_word' id='word_1_753' title='bbox 504 5295 523 5328; x_wconf 85' lang='grc'><strong>‹</strong></span> <span class='ocrx_word' id='word_1_754' title='bbox 561 5275 945 5341; x_wconf 83' lang='grc' dir='ltr'>Βασιλεύοντος</span> <span class='ocrx_word' id='word_1_755' title='bbox 974 5276 1083 5348; x_wconf 82' lang='grc' dir='ltr'><strong>γὰρ</strong></span> <span class='ocrx_word' id='word_1_756' title='bbox 1141 5277 1235 5332; x_wconf 87' lang='grc' dir='ltr'><strong>τοῦ</strong></span> <span class='ocrx_word' id='word_1_757' title='bbox 1277 5278 1444 5350; x_wconf 78' lang='grc' dir='ltr'><strong>Ἀχάζ</strong></span> <span class='ocrx_word' id='word_1_758' title='bbox 1471 5279 1564 5333; x_wconf 74' lang='grc' dir='ltr'><strong>ἐπὶ</strong></span> <span class='ocrx_word' id='word_1_759' title='bbox 1605 5278 1696 5332; x_wconf 86' lang='grc' dir='ltr'>τὸν</span> <span class='ocrx_word' id='word_1_760' title='bbox 1736 5276 1869 5332; x_wconf 79' lang='grc' dir='ltr'><strong>Ἰού-</strong></span> 
     </span>
    </p>
   </div>
   <div class='ocr_carea' id='block_1_101' title="bbox 282 5368 1872 5440">
    <p class='ocr_par' dir='ltr' id='par_1_101' title="bbox 282 5368 1872 5440">
     <span class='ocr_line' id='line_1_101' title="bbox 282 5368 1872 5440; baseline 0 -18"><span class='ocrx_word' id='word_1_761' title='bbox 282 5369 388 5422; x_wconf 85' lang='grc' dir='ltr'><strong>δαν</strong></span> <span class='ocrx_word' id='word_1_762' title='bbox 417 5370 474 5422; x_wconf 81' lang='grc' dir='ltr'>ὲν</span> <span class='ocrx_word' id='word_1_763' title='bbox 496 5371 606 5434; x_wconf 90' lang='grc' dir='ltr'>τοῖς</span> <span class='ocrx_word' id='word_1_764' title='bbox 646 5368 1058 5440; x_wconf 85' lang='grc' dir='ltr'>Ἱεροσολύμοις,</span> <span class='ocrx_word' id='word_1_765' title='bbox 1091 5370 1150 5424; x_wconf 87' lang='grc' dir='ltr'>ὲν</span> <span class='ocrx_word' id='word_1_766' title='bbox 1175 5369 1443 5440; x_wconf 81' lang='grc' dir='ltr'>ἑνδεκάτῳ</span> <span class='ocrx_word' id='word_1_767' title='bbox 1479 5369 1609 5434; x_wconf 77' lang='grc' dir='ltr'>ἔτει,</span> <span class='ocrx_word' id='word_1_768' title='bbox 1651 5369 1872 5440; x_wconf 84' lang='grc' dir='ltr'>βεϐασί-</span> 
     </span>
    </p>
   </div>
   <div class='ocr_carea' id='block_1_102' title="bbox 1964 4629 3542 4710">
    <p class='ocr_par' dir='ltr' id='par_1_102' title="bbox 1964 4629 3542 4710">
     <span class='ocr_line' id='line_1_102' title="bbox 1964 4629 3542 4710; baseline -0.009 -12"><span class='ocrx_word' id='word_1_769' title='bbox 1964 4645 2062 4698; x_wconf 88' lang='lat' dir='ltr'><strong>bus</strong></span> <span class='ocrx_word' id='word_1_770' title='bbox 2084 4647 2395 4710; x_wconf 85' lang='lat' dir='ltr'><strong>regnantem</strong></span> <span class='ocrx_word' id='word_1_771' title='bbox 2428 4636 2886 4708; x_wconf 83' lang='lat' dir='ltr'><strong>signiﬁcat,quiet</strong></span> <span class='ocrx_word' id='word_1_772' title='bbox 2906 4635 3213 4705; x_wconf 89' lang='lat' dir='ltr'><strong>opinionem</strong></span> <span class='ocrx_word' id='word_1_773' title='bbox 3241 4629 3542 4702; x_wconf 83' lang='lat' dir='ltr'><strong>prudentiae</strong></span> 
     </span>
    </p>
   </div>
   <div class='ocr_carea' id='block_1_103' title="bbox 1963 4715 3546 4797">
    <p class='ocr_par' dir='ltr' id='par_1_103' title="bbox 1963 4715 3546 4797">
     <span class='ocr_line' id='line_1_103' title="bbox 1963 4715 3546 4797; baseline -0.012 -12"><span class='ocrx_word' id='word_1_774' title='bbox 1963 4726 2307 4797; x_wconf 86' lang='lat' dir='ltr'><strong>babebat(ea</strong></span> <span class='ocrx_word' id='word_1_775' title='bbox 2358 4725 2501 4779; x_wconf 91' lang='lat' dir='ltr'><strong>enim</strong></span> <span class='ocrx_word' id='word_1_776' title='bbox 2542 4725 2866 4792; x_wconf 90' lang='lat' dir='ltr'><strong>imperantes</strong></span> <span class='ocrx_word' id='word_1_777' title='bbox 2920 4733 3137 4786; x_wconf 87' lang='lat' dir='ltr'><strong>semper</strong></span> <span class='ocrx_word' id='word_1_778' title='bbox 3187 4715 3396 4786; x_wconf 75' lang='lat' dir='ltr'><strong>decet),</strong></span> <span class='ocrx_word' id='word_1_779' title='bbox 3451 4723 3546 4767; x_wconf 85' lang='lat' dir='ltr'><strong>aut</strong></span> 
     </span>
    </p>
   </div>
   <div class='ocr_carea' id='block_1_104' title="bbox 1963 4805 3546 4886">
    <p class='ocr_par' dir='ltr' id='par_1_104' title="bbox 1963 4805 3546 4886">
     <span class='ocr_line' id='line_1_104' title="bbox 1963 4805 3546 4886; baseline -0.012 -10"><span class='ocrx_word' id='word_1_780' title='bbox 1963 4829 2108 4876; x_wconf 90' lang='lat' dir='ltr'><strong>certe</strong></span> <span class='ocrx_word' id='word_1_781' title='bbox 2125 4817 2268 4873; x_wconf 87' lang='lat' dir='ltr'><strong>aliud</strong></span> <span class='ocrx_word' id='word_1_782' title='bbox 2292 4814 2565 4886; x_wconf 85' lang='lat' dir='ltr'><strong>quidpiam</strong></span> <span class='ocrx_word' id='word_1_783' title='bbox 2594 4822 2650 4871; x_wconf 87' lang='lat' dir='ltr'><strong>et</strong></span> <span class='ocrx_word' id='word_1_784' title='bbox 2669 4813 2896 4883; x_wconf 88' lang='lat' dir='ltr'><strong>tempori</strong></span> <span class='ocrx_word' id='word_1_785' title='bbox 2926 4816 3348 4866; x_wconf 87' lang='lat' dir='ltr'><strong>consentaneum</strong></span> <span class='ocrx_word' id='word_1_786' title='bbox 3383 4805 3546 4860; x_wconf 89' lang='lat' dir='ltr'><strong>tacite</strong></span> 
     </span>
    </p>
   </div>
   <div class='ocr_carea' id='block_1_105' title="bbox 1963 4899 3547 4979">
    <p class='ocr_par' dir='ltr' id='par_1_105' title="bbox 1963 4899 3547 4979">
     <span class='ocr_line' id='line_1_105' title="bbox 1963 4899 3547 4979; baseline -0.01 -13"><span class='ocrx_word' id='word_1_787' title='bbox 1963 4910 2185 4974; x_wconf 85' lang='lat' dir='ltr'><strong>indicat,</strong></span> <span class='ocrx_word' id='word_1_788' title='bbox 2223 4923 2330 4979; x_wconf 89' lang='lat' dir='ltr'><strong>quo</strong></span> <span class='ocrx_word' id='word_1_789' title='bbox 2375 4907 2538 4963; x_wconf 89' lang='lat' dir='ltr'><strong>etiam</strong></span> <span class='ocrx_word' id='word_1_790' title='bbox 2591 4905 2904 4960; x_wconf 89' lang='lat' dir='ltr'><strong>vaticinium</strong></span> <span class='ocrx_word' id='word_1_791' title='bbox 2951 4909 3176 4974; x_wconf 88' lang='lat' dir='ltr'><strong>spectat.</strong></span> <span class='ocrx_word' id='word_1_792' title='bbox 3224 4899 3547 4968; x_wconf 74' lang='lat' dir='ltr'><strong>tRegnante</strong></span> 
     </span>
    </p>
   </div>
   <div class='ocr_carea' id='block_1_106' title="bbox 1964 4987 3542 5070">
    <p class='ocr_par' dir='ltr' id='par_1_106' title="bbox 1964 4987 3542 5070">
     <span class='ocr_line' id='line_1_106' title="bbox 1964 4987 3542 5070; baseline -0.011 -14"><span class='ocrx_word' id='word_1_793' title='bbox 1964 5001 2104 5057; x_wconf 91' lang='lat' dir='ltr'><strong>enim</strong></span> <span class='ocrx_word' id='word_1_794' title='bbox 2133 5001 2315 5055; x_wconf 85' lang='lat' dir='ltr'><strong>Acltaz</strong></span> <span class='ocrx_word' id='word_1_795' title='bbox 2344 5012 2505 5070; x_wconf 90' lang='lat' dir='ltr'><strong>super</strong></span> <span class='ocrx_word' id='word_1_796' title='bbox 2525 4995 2717 5052; x_wconf 72' lang='lat' dir='ltr'><strong>Iudam</strong></span> <span class='ocrx_word' id='word_1_797' title='bbox 2737 4993 3122 5065; x_wconf 81' lang='lat' dir='ltr'><strong>Hierosolymis</strong></span> <span class='ocrx_word' id='word_1_798' title='bbox 3148 5003 3287 5045; x_wconf 89' lang='lat' dir='ltr'><strong>anno</strong></span> <span class='ocrx_word' id='word_1_799' title='bbox 3313 4987 3542 5050; x_wconf 81' lang='lat' dir='ltr'><strong>decimo,</strong></span> 
     </span>
    </p>
   </div>
   <div class='ocr_carea' id='block_1_107' title="bbox 1979 5078 3544 5162">
    <p class='ocr_par' dir='ltr' id='par_1_107' title="bbox 1979 5078 3544 5162">
     <span class='ocr_line' id='line_1_107' title="bbox 1979 5078 3544 5162; baseline -0.01 -16"><span class='ocrx_word' id='word_1_800' title='bbox 1979 5091 2229 5162; x_wconf 89' lang='lat' dir='ltr'><strong>regnavit</strong></span> <span class='ocrx_word' id='word_1_801' title='bbox 2254 5089 2306 5144; x_wconf 92' lang='lat' dir='ltr'><strong>in</strong></span> <span class='ocrx_word' id='word_1_802' title='bbox 2343 5087 2586 5143; x_wconf 86' lang='lat' dir='ltr'><strong>Samaria</strong></span> <span class='ocrx_word' id='word_1_803' title='bbox 2620 5099 2782 5155; x_wconf 89' lang='lat' dir='ltr'><strong>super</strong></span> <span class='ocrx_word' id='word_1_804' title='bbox 2817 5084 2984 5140; x_wconf 88' lang='lat' dir='ltr'><strong>Israel</strong></span> <span class='ocrx_word' id='word_1_805' title='bbox 3031 5081 3169 5138; x_wconf 90' lang='lat' dir='ltr'><strong>Osee</strong></span> <span class='ocrx_word' id='word_1_806' title='bbox 3210 5079 3352 5134; x_wconf 83' lang='lat' dir='ltr'><strong>ﬁlius</strong></span> <span class='ocrx_word' id='word_1_807' title='bbox 3401 5078 3497 5132; x_wconf 84' lang='lat' dir='ltr'><strong>Ela</strong></span> <span class='ocrx_word' id='word_1_808' title='bbox 3529 5117 3544 5142; x_wconf 91' lang='lat'><strong>,</strong></span> 
     </span>
    </p>
   </div>
   <div class='ocr_carea' id='block_1_108' title="bbox 1977 5172 3549 5252">
    <p class='ocr_par' dir='ltr' id='par_1_108' title="bbox 1977 5172 3549 5252">
     <span class='ocr_line' id='line_1_108' title="bbox 1977 5172 3549 5252; baseline -0.011 -14"><span class='ocrx_word' id='word_1_809' title='bbox 1977 5181 2067 5252; x_wconf 92' lang='lat' dir='ltr'><strong>qui</strong></span> <span class='ocrx_word' id='word_1_810' title='bbox 2096 5181 2222 5237; x_wconf 78' lang='lat' dir='ltr'><strong>fecit</strong></span> <span class='ocrx_word' id='word_1_811' title='bbox 2249 5179 2448 5234; x_wconf 89' lang='lat' dir='ltr'><strong>malum</strong></span> <span class='ocrx_word' id='word_1_812' title='bbox 2493 5177 2549 5233; x_wconf 91' lang='lat' dir='ltr'><strong>in</strong></span> <span class='ocrx_word' id='word_1_813' title='bbox 2582 5177 2752 5234; x_wconf 87' lang='lat' dir='ltr'><strong>oculis</strong></span> <span class='ocrx_word' id='word_1_814' title='bbox 2781 5175 2994 5230; x_wconf 93' lang='lat' dir='ltr'><strong>Domini</strong></span> <span class='ocrx_word' id='word_1_815' title='bbox 3023 5174 3120 5228; x_wconf 75' lang='lat' dir='ltr'><strong>&quot;.t</strong></span> <span class='ocrx_word' id='word_1_816' title='bbox 3144 5172 3408 5228; x_wconf 79' lang='lat' dir='ltr'><strong>Caeterum</strong></span> <span class='ocrx_word' id='word_1_817' title='bbox 3454 5183 3549 5238; x_wconf 91' lang='lat' dir='ltr'><strong>per</strong></span> 
     </span>
    </p>
   </div>
   <div class='ocr_carea' id='block_1_109' title="bbox 1977 5259 3546 5340">
    <p class='ocr_par' dir='ltr' id='par_1_109' title="bbox 1977 5259 3546 5340">
     <span class='ocr_line' id='line_1_109' title="bbox 1977 5259 3546 5340; baseline -0.011 -13"><span class='ocrx_word' id='word_1_818' title='bbox 1977 5272 2107 5328; x_wconf 91' lang='lat' dir='ltr'><strong>illud</strong></span> <span class='ocrx_word' id='word_1_819' title='bbox 2175 5280 2384 5340; x_wconf 87' lang='lat' dir='ltr'><strong>tempus</strong></span> <span class='ocrx_word' id='word_1_820' title='bbox 2426 5268 2623 5339; x_wconf 87' lang='lat' dir='ltr'><strong>irrupit</strong></span> <span class='ocrx_word' id='word_1_821' title='bbox 2669 5282 2789 5321; x_wconf 91' lang='lat' dir='ltr'><strong>cum</strong></span> <span class='ocrx_word' id='word_1_822' title='bbox 2845 5265 3084 5321; x_wconf 82' lang='lat' dir='ltr'><strong>exercitu</strong></span> <span class='ocrx_word' id='word_1_823' title='bbox 3144 5264 3209 5318; x_wconf 82' lang='lat' dir='ltr'><strong>in.</strong></span> <span class='ocrx_word' id='word_1_824' title='bbox 3245 5259 3546 5316; x_wconf 81' lang='lat' dir='ltr'><strong>Samariam</strong></span> 
     </span>
    </p>
   </div>
   <div class='ocr_carea' id='block_1_110' title="bbox 1970 5349 3546 5432">
    <p class='ocr_par' dir='ltr' id='par_1_110' title="bbox 1970 5349 3546 5432">
     <span class='ocr_line' id='line_1_110' title="bbox 1970 5349 3546 5432; baseline -0.011 -14"><span class='ocrx_word' id='word_1_825' title='bbox 1970 5364 2320 5418; x_wconf 88' lang='lat' dir='ltr'><strong>Salmanasar</strong></span> <span class='ocrx_word' id='word_1_826' title='bbox 2346 5375 2442 5416; x_wconf 80' lang='lat' dir='ltr'><strong>rex</strong></span> <span class='ocrx_word' id='word_1_827' title='bbox 2461 5358 2828 5432; x_wconf 80' lang='lat' dir='ltr'><strong>Assyriorum,</strong></span> <span class='ocrx_word' id='word_1_828' title='bbox 2846 5366 2938 5414; x_wconf 68' lang='lat' dir='ltr'><strong>cet</strong></span> <span class='ocrx_word' id='word_1_829' title='bbox 2961 5356 3132 5412; x_wconf 82' lang='lat' dir='ltr'><strong>factus</strong></span> <span class='ocrx_word' id='word_1_830' title='bbox 3159 5363 3242 5412; x_wconf 89' lang='lat' dir='ltr'><strong>est</strong></span> <span class='ocrx_word' id='word_1_831' title='bbox 3264 5349 3546 5420; x_wconf 86' lang='lat' dir='ltr'><strong>ei,inquit,</strong></span> 
     </span>
    </p>
   </div>
   <div class='ocr_carea' id='block_1_111' title="bbox 283 5447 1862 5534">
    <p class='ocr_par' dir='ltr' id='par_1_111' title="bbox 283 5460 1862 5534">
     <span class='ocr_line' id='line_1_111' title="bbox 283 5460 1862 5534; baseline 0 -20"><span class='ocrx_word' id='word_1_832' title='bbox 283 5461 487 5514; x_wconf 83' lang='grc' dir='ltr'>λευκεν</span> <span class='ocrx_word' id='word_1_833' title='bbox 531 5463 588 5514; x_wconf 80' lang='grc' dir='ltr'>ἐν</span> <span class='ocrx_word' id='word_1_834' title='bbox 627 5463 692 5532; x_wconf 77' lang='grc' dir='ltr'>τῇ</span> <span class='ocrx_word' id='word_1_835' title='bbox 723 5461 1006 5533; x_wconf 75' lang='grc' dir='ltr'>Σαμαρείᾳ</span> <span class='ocrx_word' id='word_1_836' title='bbox 1043 5460 1136 5515; x_wconf 72' lang='grc' dir='ltr'><strong>ἐπὶ</strong></span> <span class='ocrx_word' id='word_1_837' title='bbox 1163 5461 1254 5514; x_wconf 77' lang='grc' dir='ltr'><strong>τὸν</strong></span> <span class='ocrx_word' id='word_1_838' title='bbox 1309 5460 1525 5534; x_wconf 80' lang='grc' dir='ltr'>Ἰσραὴλ</span> <span class='ocrx_word' id='word_1_839' title='bbox 1565 5461 1722 5534; x_wconf 80' lang='grc' dir='ltr'>Ὠσηὲ</span> <span class='ocrx_word' id='word_1_840' title='bbox 1759 5460 1862 5524; x_wconf 84' lang='grc' dir='ltr'>υἱὸς</span> 
     </span>
    </p>
   </div>
   <div class='ocr_carea' id='block_1_112' title="bbox 1962 5447 3549 5534">
    <p class='ocr_par' dir='ltr' id='par_1_112' title="bbox 1971 5447 3549 5510">
     <span class='ocr_line' id='line_1_112' title="bbox 1971 5447 3549 5510; baseline -0.008 0"><span class='ocrx_word' id='word_1_841' title='bbox 1971 5453 2110 5510; x_wconf 89' lang='lat' dir='ltr'><strong>Osee</strong></span> <span class='ocrx_word' id='word_1_842' title='bbox 2137 5468 2325 5510; x_wconf 90' lang='lat' dir='ltr'><strong>servus</strong></span> <span class='ocrx_word' id='word_1_843' title='bbox 2345 5452 2444 5506; x_wconf 74' lang='grc'><strong>⁸³.»</strong></span> <span class='ocrx_word' id='word_1_844' title='bbox 2499 5450 2675 5507; x_wconf 89' lang='lat' dir='ltr'><strong>Iratus</strong></span> <span class='ocrx_word' id='word_1_845' title='bbox 2713 5459 2799 5506; x_wconf 84' lang='lat' dir='ltr'><strong>est.</strong></span> <span class='ocrx_word' id='word_1_846' title='bbox 2832 5459 3013 5506; x_wconf 83' lang='lat' dir='ltr'><strong>autem</strong></span> <span class='ocrx_word' id='word_1_847' title='bbox 3057 5448 3132 5504; x_wconf 94' lang='lat' dir='ltr'><strong>illi</strong></span> <span class='ocrx_word' id='word_1_848' title='bbox 3197 5447 3549 5501; x_wconf 78' lang='lat' dir='ltr'><strong>vehementer</strong></span> 
     </span>
    </p>
   </div>
   <div class='ocr_carea' id='block_1_113' title="bbox 300 5533 1862 5626">
    <p class='ocr_par' dir='ltr' id='par_1_113' title="bbox 300 5533 1862 5626">
     <span class='ocr_line' id='line_1_113' title="bbox 300 5533 1862 5626; baseline -0.001 -18"><span class='ocrx_word' id='word_1_849' title='bbox 300 5554 462 5618; x_wconf 84' lang='grc' dir='ltr'>Ἥλά,</span> <span class='ocrx_word' id='word_1_850' title='bbox 492 5554 550 5619; x_wconf 77' lang='grc' dir='ltr'><strong>ὃς</strong></span> <span class='ocrx_word' id='word_1_851' title='bbox 579 5554 798 5626; x_wconf 78' lang='grc' dir='ltr'>ἐποίησε</span> <span class='ocrx_word' id='word_1_852' title='bbox 824 5554 884 5609; x_wconf 77' lang='grc' dir='ltr'>τὸ</span> <span class='ocrx_word' id='word_1_853' title='bbox 912 5554 1146 5626; x_wconf 79' lang='grc' dir='ltr'>πονηρὸν</span> <span class='ocrx_word' id='word_1_854' title='bbox 1176 5555 1235 5608; x_wconf 82' lang='grc' dir='ltr'>ὲν</span> <span class='ocrx_word' id='word_1_855' title='bbox 1263 5553 1562 5626; x_wconf 70' lang='grc' dir='ltr'>ὀφθαλμοῖς</span> <span class='ocrx_word' id='word_1_856' title='bbox 1590 5533 1814 5625; x_wconf 83' lang='grc' dir='ltr'>Κυρίου.</span> <span class='ocrx_word' id='word_1_857' title='bbox 1848 5572 1862 5605; x_wconf 88' lang='lat' dir='ltr'><strong>t</strong></span> 
     </span>
    </p>
   </div>
   <div class='ocr_carea' id='block_1_114' title="bbox 1962 5533 3547 5626">
    <p class='ocr_par' dir='ltr' id='par_1_114' title="bbox 1971 5533 3547 5626">
     <span class='ocr_line' id='line_1_114' title="bbox 1971 5533 3547 5626; baseline -0.003 -24"><span class='ocrx_word' id='word_1_858' title='bbox 1971 5547 2224 5618; x_wconf 80' lang='lat' dir='ltr'><strong>Assyrius</strong></span> <span class='ocrx_word' id='word_1_859' title='bbox 2247 5546 2346 5600; x_wconf 88' lang='lat' dir='ltr'><strong>Itac</strong></span> <span class='ocrx_word' id='word_1_860' title='bbox 2379 5545 2446 5600; x_wconf 89' lang='lat' dir='ltr'><strong>de</strong></span> <span class='ocrx_word' id='word_1_861' title='bbox 2467 5559 2651 5600; x_wconf 87' lang='lat' dir='ltr'><strong>causa.</strong></span> <span class='ocrx_word' id='word_1_862' title='bbox 2675 5541 2818 5599; x_wconf 80' lang='lat' dir='ltr'><strong>Misit</strong></span> <span class='ocrx_word' id='word_1_863' title='bbox 2842 5543 3038 5614; x_wconf 88' lang='lat' dir='ltr'><strong>quippe</strong></span> <span class='ocrx_word' id='word_1_864' title='bbox 3069 5541 3136 5596; x_wconf 87' lang='lat' dir='ltr'><strong>ad</strong></span> <span class='ocrx_word' id='word_1_865' title='bbox 3155 5553 3275 5595; x_wconf 90' lang='lat' dir='ltr'><strong>eum</strong></span> <span class='ocrx_word' id='word_1_866' title='bbox 3309 5533 3547 5626; x_wconf 67' lang='lat' dir='ltr'><strong>nuuliOS.</strong></span> 
     </span>
    </p>
   </div>
   <div class='ocr_carea' id='block_1_115' title="bbox 306 5624 1862 5719">
    <p class='ocr_par' dir='ltr' id='par_1_115' title="bbox 306 5624 1862 5719">
     <span class='ocr_line' id='line_1_115' title="bbox 306 5624 1862 5719; baseline -0.001 -19"><span class='ocrx_word' id='word_1_867' title='bbox 306 5645 473 5700; x_wconf 77' lang='grc' dir='ltr'>Ἀλλά</span> <span class='ocrx_word' id='word_1_868' title='bbox 504 5647 623 5700; x_wconf 86' lang='grc' dir='ltr'>κατ’</span> <span class='ocrx_word' id='word_1_869' title='bbox 649 5624 825 5701; x_wconf 68' lang='grc' dir='ltr'>ἐκεῖνο</span> <span class='ocrx_word' id='word_1_870' title='bbox 852 5624 1067 5718; x_wconf 78' lang='grc' dir='ltr'>καιροῦ</span> <span class='ocrx_word' id='word_1_871' title='bbox 1088 5624 1522 5719; x_wconf 84' lang='grc' dir='ltr'>κατεστράτευσε</span> <span class='ocrx_word' id='word_1_872' title='bbox 1558 5646 1658 5718; x_wconf 84' lang='grc' dir='ltr'>τῆς</span> <span class='ocrx_word' id='word_1_873' title='bbox 1683 5624 1862 5716; x_wconf 14' lang='grc' dir='ltr'>νΣαμα-</span> 
     </span>
    </p>
   </div>
   <div class='ocr_carea' id='block_1_116' title="bbox 1962 5624 3548 5719">
    <p class='ocr_par' dir='ltr' id='par_1_116' title="bbox 1975 5624 3548 5712">
     <span class='ocr_line' id='line_1_116' title="bbox 1975 5624 3548 5712; baseline -0.012 -16"><span class='ocrx_word' id='word_1_874' title='bbox 1975 5634 2674 5712; x_wconf 86' lang='lat' dir='ltr'><strong>peteustnanaa(dona)et</strong></span> <span class='ocrx_word' id='word_1_875' title='bbox 2716 5652 2836 5707; x_wconf 70' lang='lat' dir='ltr'><strong>qua:</strong></span> <span class='ocrx_word' id='word_1_876' title='bbox 2861 5635 3086 5691; x_wconf 90' lang='lat' dir='ltr'><strong>solebat.</strong></span> <span class='ocrx_word' id='word_1_877' title='bbox 3114 5625 3340 5700; x_wconf 53' lang='lat' dir='ltr'><strong>Ille-sibi</strong></span> <span class='ocrx_word' id='word_1_878' title='bbox 3362 5624 3432 5680; x_wconf 87' lang='lat' dir='ltr'><strong>ab</strong></span> <span class='ocrx_word' id='word_1_879' title='bbox 3480 5636 3548 5679; x_wconf 86' lang='lat' dir='ltr'><strong>eo</strong></span> 
     </span>
    </p>
   </div>
   <div class='ocr_carea' id='block_1_117' title="bbox 369 5809 1862 5896">
    <p class='ocr_par' dir='ltr' id='par_1_117' title="bbox 369 5820 1862 5896">
     <span class='ocr_line' id='line_1_117' title="bbox 369 5820 1862 5896; baseline -0.005 -14"><span class='ocrx_word' id='word_1_880' title='bbox 369 5826 420 5860; x_wconf 76' lang='lat'><strong>”</strong></span> <span class='ocrx_word' id='word_1_881' title='bbox 458 5825 474 5882; x_wconf 92' lang='lat' dir='ltr'><strong>I</strong></span> <span class='ocrx_word' id='word_1_882' title='bbox 514 5825 648 5896; x_wconf 80' lang='lat' dir='ltr'><strong>Reg.</strong></span> <span class='ocrx_word' id='word_1_883' title='bbox 702 5841 817 5893; x_wconf 86' lang='lat' dir='ltr'><strong>vm,</strong></span> <span class='ocrx_word' id='word_1_884' title='bbox 858 5825 912 5882; x_wconf 87' lang='lat'><em>6.</em></span> <span class='ocrx_word' id='word_1_885' title='bbox 989 5827 1034 5858; x_wconf 80' lang='lat'>&quot;</span> <span class='ocrx_word' id='word_1_886' title='bbox 1067 5825 1084 5880; x_wconf 93' lang='lat' dir='ltr'><strong>l</strong></span> <span class='ocrx_word' id='word_1_887' title='bbox 1122 5824 1255 5896; x_wconf 77' lang='lat' dir='ltr'><strong>Reg.</strong></span> <span class='ocrx_word' id='word_1_888' title='bbox 1305 5842 1358 5892; x_wconf 71' lang='grc' dir='ltr'>κ,</span> <span class='ocrx_word' id='word_1_889' title='bbox 1403 5826 1451 5880; x_wconf 89' lang='lat' dir='ltr'><strong>I.</strong></span> <span class='ocrx_word' id='word_1_890' title='bbox 1529 5826 1574 5858; x_wconf 78' lang='lat'><strong>“</strong></span> <span class='ocrx_word' id='word_1_891' title='bbox 1606 5822 1703 5880; x_wconf 84' lang='lat' dir='ltr'><strong>Job</strong></span> <span class='ocrx_word' id='word_1_892' title='bbox 1741 5820 1862 5889; x_wconf 70' lang='lat' dir='ltr'><strong>xv,i</strong></span> 
     </span>
    </p>
   </div>
   <div class='ocr_carea' id='block_1_118' title="bbox 1962 5809 3094 5896">
    <p class='ocr_par' dir='ltr' id='par_1_118' title="bbox 2011 5809 3094 5882">
     <span class='ocr_line' id='line_1_118' title="bbox 2011 5809 3094 5882; baseline 0.001 -16"><span class='ocrx_word' id='word_1_893' title='bbox 2011 5814 2054 5848; x_wconf 84' lang='lat'><strong>&quot;</strong></span> <span class='ocrx_word' id='word_1_894' title='bbox 2090 5809 2329 5882; x_wconf 33' lang='grc' dir='ltr'>ινηιιεε.</span> <span class='ocrx_word' id='word_1_895' title='bbox 2372 5826 2502 5878; x_wconf 85' lang='lat' dir='ltr'><strong>xvu,</strong></span> <span class='ocrx_word' id='word_1_896' title='bbox 2547 5812 2693 5878; x_wconf 74' lang='grc'>1,.2.</span> <span class='ocrx_word' id='word_1_897' title='bbox 2770 5811 2817 5846; x_wconf 81' lang='grc'><strong>⁸⁸</strong></span> <span class='ocrx_word' id='word_1_898' title='bbox 2848 5809 2982 5867; x_wconf 76' lang='lat' dir='ltr'><strong>Ibid.</strong></span> <span class='ocrx_word' id='word_1_899' title='bbox 3021 5809 3094 5868; x_wconf 78' lang='lat'><strong>3..</strong></span> 
     </span>
    </p>
   </div>
  </div>
