4068 6578
517 431 642 487 511·

1519 431 1578 490 s.
1620 427 1903 488 CYltlLLl'
1937 427 2406 487 ALEXANDRINI
2446 415 2772 489 anetum.

3703 431 3808 489 312

520 544 776 616 imperari
843 557 950 601 non
996 547 1308 614 sustinens,
1357 546 1564 618 legatos
1605 548 1672 602 ad
1707 547 1879 615 Segor
1932 559 2110 616 regem

2243 547 2369 610 νείας
2400 545 2768 618 Σαλμανασὰρ
2809 547 3058 616 βασιλεὺς
3101 520 3424 618 Ἃσσυρέων.
3480 566 3496 596 ι
3541 547 3652 601 Καὶ
3697 549 3810 615 ἐγε-

527 635 765 708 Aﬂgypti,
806 635 875 692 ab
901 649 968 692 eo
990 639 1269 708 suppetias
1299 639 1521 710 petitum
1550 639 1716 696 misit.
1751 638 1824 693 Ea
1857 653 1915 694 re
1948 637 2114 694 oﬂ‘en-

523 745 616 784 sus
663 728 1033 797 Salmanasar,
1064 731 1365 787 Samariam
1417 740 1529 786 toto
1586 731 1816 785 triennio
1878 731 2108 786 obsedit.

526 821 728 876 Deinde
751 819 892 878 Osee
921 824 1099 878 vivum
1147 832 1362 893 captum
1409 822 1637 877 vinculis
1667 822 1943 888 astrinxit,
1973 833 2029 878 et
2058 823 2110 878 in

526 929 652 968 suos
677 913 881 971 retulit.
910 915 1160 971 lsraelem
1205 930 1421 985 quoque
1445 915 1496 968 in
1525 924 1774 968 montana
1824 913 2113 968 Persarum

528 1016 582 1057 et
609 1004 885 1062 Medorum
918 1007 1224 1078 demigrare
1251 1007 1442 1078 coegit.
1481 1005 1703 1061 Videtur
1727 1006 1908 1075 itaque
1937 1021 2116 1062 sermo

530 1099 886 1168 propheticus
930 1099 1019 1155 bic
1055 1101 1209 1155 nobis
1249 1099 1388 1155 Osee
1435 1098 1600 1153 lilium
1647 1099 1741 1154 Ela
1786 1101 2113 1169 exprimere,

531 1205 689 1260 quem
723 1201 777 1247 et
803 1194 1121 1263 prudentem
1149 1195 1391 1249 nominat
1422 1211 1436 1258 ;
1467 1209 1570 1248 non
1604 1195 1730 1264 quia
1776 1210 1958 1250 revera
1992 1210 2117 1266 pru-

533 1283 662 1336 dens
684 1283 862 1349 fuerit,
889 1287 982 1339 sed
1001 1285 1171 1339 ironia
1192 1286 1421 1354 quadam
1442 1287 1632 1341 utitur.
1649 1285 1956 1342 [labebatur
1973 1287 2116 1341 enim

536 1376 602 1428 ab
623 1374 824 1432 lsraele
867 1393 964 1448 pro
996 1380 1112 1433 viro
1135 1379 1400 1447 prudente
1415 1389 1469 1433 et
1489 1380 1578 1449 qui
1604 1381 1973 1449 persapienter
1991 1396 2120 1434 con-

536 1471 812 1536 suluisset,
837 1487 958 1526 cum
994 1488 1058 1528 ex
1096 1473 1328 1544 Aﬂgypto
1358 1489 1511 1544 opem
1543 1491 1637 1543 pro
1669 1473 1798 1544 ipsis
1831 1475 2116 1543 petendam

538 1565 884 1630 censuisset;
920 1565 1012 1619 sed
1071 1563 1264 1620 frivole
1301 1577 1355 1620 et
1408 1567 1668 1621 inutiliter
1721 1564 1918 1620 fecisse
1962 1573 2121 1632 atque

539 1652 876 1708 consuluisse
927 1655 1198 1723 apparuit.
1247 1655 1406 1724 187
1458 1645 1587 1720 Quis
1643 1670 1792 1722 ergo,
1841 1655 2032 1724 inquit,
2070 1662 2122 1708 te

539 1759 569 1795 a
610 1743 944 1812 gravissimis
985 1744 1388 1799 calamitatibus
1445 1745 1780 1815 perferendis
1827 1742 2124 1798 liberabit?

548 1852 564 1882 ι
601 1831 700 1886 l'lic
735 1833 876 1886 ﬁlius
905 1841 1028 1888 tuus
1079 1833 1166 1888 ille
1206 1834 1462 1904 prudens,
1491 1836 1616 1903 quia
1682 1849 1786 1887 non
1836 1834 2123 1888 sustinebit

2220 638 2378 708 νήθη,
2434 638 2620 708 φησιν,
2671 638 2831 710 Ὠσηὲ
2874 639 3021 710 αὐτῷ
3074 633 3278 702 δοῦλος.
3340 657 3358 690 ι
3422 637 3704 708 Ὠργίζετο
3755 637 3811 691 δὲ

2220 729 2339 783 λίαν
2393 732 2418 784 6
2481 729 2763 802 ’Λσσύριος
2815 733 2902 786 ἐπ’
2963 727 3113 802 αὐτῷ
3166 731 3236 785 δι’
3294 731 3475 786 αἰτίαν
3529 732 3808 803 τοιαύτην.

2224 822 2472 892 Ἔπεμψε
2524 821 2623 893 μὲν
2649 822 2757 895 γὰρ
2788 823 2925 895 πρὸς
2963 825 3126 877 αὐτὸν
3174 823 3460 893 ἀγγέλους,
3505 823 3673 878 αἰτῶν
3721 842 3815 894 μα-

2221 913 2344 977 ναὰ,
2365 915 2550 968 καὶτὰ
2572 914 2798 986 συνήθη.
2830 917 2890 969 '0
2910 915 2966 968 δὲ
2991 913 3422 987 προστάττεσθαι
3447 916 3577 986 παρ’
3603 914 3815 968 ἐκείνου

2226 1004 2300 1076 μὴ
2329 1005 2717 1077 ἀνασχόμενος,
2750 1007 3116 1078 ἐπρεσϐεύετο
3160 1007 3298 1077 πρὸς
3345 1006 3541 1079 Σηγὼρ
3590 1007 3815 1078 βασιλέα

2222 1096 2520 1164 Αἰγύπτου,
2573 1097 2670 1167 τὴν
2733 1101 2860 1169 παρ’
2900 1099 3062 1152 αὑτοῦ
3118 1099 3374 1170 βοήθειαν
3424 1099 3615 1155 αἰτῶν.
3671 1100 3816 1171 Πρὸς

2223 1190 2379 1244 τοῦτο
2393 1191 2604 1262 ’λελυπη
2614 1193 2772 1263 μένος
2797 1193 2826 1247 6
2858 1193 3245 1265 Σαλμανασὰρ,
3278 1193 3682 1265 πεπολιόρκηκε
3720 1197 3815 1265 μὲν

2223 1287 2320 1358 τὴν
2355 1285 2690 1357 Σαμάρειαν,
2719 1287 2803 1354 ἐφ’
2833 1286 2974 1349 ὅλοις
3012 1285 3159 1339 ἔτεσι
3198 1283 3399 1356 τρισίν.
3433 1282 3567 1340 Εἶτα
3601 1285 3815 1358 ζωγρή-

2227 1393 2324 1439 σας
2351 1376 2442 1429 τὸν
2484 1375 2662 1447 Ὠσηὲ,
2700 1375 2985 1445 δεσμώτην
3019 1374 3215 1441 ἐποίει,
3247 1375 3342 1429 καὶ
3375 1374 3729 1445 κατέγραφεν
3760 1377 3814 1429 ἐν

2225 1470 2483 1533 οἰκέταις.
2533 1468 2804 1539 Ἀπῴκισε
2851 1467 2908 1520 δὲ
2954 1468 3055 1522 ’καὶ⁵
3103 1468 3195 1520 τὸν
3254 1467 3469 1540 Ἰσραὴλ
3512 1469 3569 1521 ἐν
3621 1467 3816 1539 ὀρείοις

2228 1559 2456 1634 Περσῶν
2503 1562 2595 1616 καὶ
2632 1561 2851 1632 Μήδων.
2885 1559 3102 1615 Ἔοικεν
3128 1557 3220 1616 οὖν
3251 1562 3281 1614 6
3326 1555 3669 1632 προφητικὺς
3691 1561 3816 1630 ἡμῖν

2226 1655 2382 1724 λόγος
2437 1655 2596 1726 Ὠσηὲ
2641 1654 2732 1708 τὸν
2785 1652 2919 1706 Ἦλὰ
2953 1651 3361 1706 καταδεικνύειν
3401 1649 3460 1707 ἐν
3487 1649 3724 1713 τούτοις,
3761 1650 3817 1703 ὃν

2228 1749 2323 1802 καὶ
2364 1747 2630 1822 φρόνιμον
2675 1747 2961 1801 ἀποκαλεῖ.
3007 1745 3119 1816 Οὐχ
3162 1747 3244 1799 ὅτι
3299 1745 3523 1807 συνετὸς
3569 1739 3640 1814 ἦν
3683 1742 3817 1796 κατὰ

2227 1837 2507 1908 ἀλήθειαν,
2560 1838 2675 1892 ἀλλ’
2707 1838 2869 1891 οἱονεί
2907 1855 3026 1901 πως
3059 1835 3426 1908 εἰρωνεύεται.
3483 1835 3692 1889 Ἐδόκει
3727 1834 3817 1906 μὶν

543 1923 597 1977 iu
635 1923 959 1978 contritione
992 1923 1280 1980 filiorum.»
1309 1925 1442 1979 Doni
1474 1925 1620 1979 enim
1662 1924 1754 1978 ﬁlii
1810 1926 1881 1977 tui
1939 1937 2122 1980 conte-

2243 1931 2334 2001 γὰρ
2367 1929 2518 2000 παρὰ
2543 1930 2620 2000 τῷ
2665 1929 2880 2002 Ἰσραὴλ
2915 1929 3137 1990 συνετὸς
3183 1923 3319 1981 εἷναί
3347 1946 3452 1993 τις,
3482 1928 3576 1980 καὶ
3617 1927 3815 1996 σφόδρα

547 2024 755 2079 rentur,
781 2016 976 2085 inquit,
1009 2031 1107 2072 nec
1135 2017 1250 2086 ipse
1297 2017 1575 2073 subsistet.
1607 2015 1883 2085 Capietur,
1912 2033 2127 2071 servus-

544 2121 651 2184 que
679 2117 732 2162 et
762 2109 1010 2177 captivus
1047 2122 1150 2162 una
1177 2125 1302 2163 cum
1351 2108 1475 2164 aliis
1519 2109 1584 2163 ad
1612 2109 1861 2179 Assyrios
1929 2110 2129 2177 migra—

546 2200 645 2254 bit.
673 2201 960 2270 Sapienter
991 2201 1172 2271 itaque
1213 2201 1304 2271 qui
1336 2201 1555 2270 psallit:
1596 2220 1613 2254 ι
1660 2200 1939 2256 Fortitudo
1990 2216 2128 2267 mea,

2233 2020 2411 2090 σοφῶς
2476 2019 2895 2091 βεϐουλεῦσθαι,
2944 2019 3034 2073 διά
3082 2036 3165 2073 τοι
3233 2018 3294 2072 τὸ
3343 2014 3560 2070 ἑλέσθαι
3609 2015 3711 2088 τὴν
3763 2017 3818 2080 ἐξ

2230 2111 2510 2179 Αἰγύπτου
2544 2111 2727 2165 καλεῖν
2778 2110 3099 2182 ἐπικουρίαν
3144 2109 3347 2172 αὐτοῖς.
3392 2107 3532 2160 Ἀλλ’
3575 2105 3694 2176 ἥλω
3725 2105 3822 2175 ψυ-

2229 2205 2355 2275 χρὰ,
2399 2205 2492 2257 καὶ
2521 2203 2793 2274 ἀνώνητα,
2829 2204 2924 2257 καὶ
2963 2203 3188 2274 δράσας,
3229 2201 3325 2256 καὶ
3372 2199 3820 2272 βουλευσάμενος.

546 2302 603 2345 et
629 2292 746 2346 laus
779 2307 896 2347 mea
926 2291 1189 2349 Dominus
1213 2293 1312 2348 ⁸⁸.)
1329 2293 1410 2347 ΑΙ)
1439 2293 1556 2363 ipso
1575 2293 1717 2347 etiim
1756 2292 1926 2347 virtus
1956 2293 2134 2348 omnis

2243 2297 2326 2361 [‘i;
2357 2295 2421 2368 δὴ
2465 2291 2556 2351 οὖν
2585 2298 2714 2370 ἄρα,
2749 2298 2936 2368 φησὶν,
2971 2293 3235 2361 ὲξελεῖταί
3281 2311 3341 2348 σε
3386 2292 3482 2346 τοῦ
3515 2291 3592 2364 μὴ
3634 2290 3826 2344 παθεῖν

547 2395 601 2440 cl
658 2384 805 2438 salus
865 2385 1076 2450 omnis,
1135 2394 1187 2441 et
1237 2396 1388 2441 extra
1452 2385 1627 2454 ipsum
1679 2399 1838 2439 nemo
1909 2392 1993 2438 est
2043 2384 2130 2451 qui

2243 2389 2330 2452 ri;
2368 2389 2700 2459 ἁ-νηκέστους
2729 2389 3048 2460 συμφορὰςς
3089 2407 3107 2440 ‹
3136 2381 3304 2450 Οὗτος
3329 2388 3356 2440 6
3387 2385 3503 2447 υἱός
3527 2400 3620 2436 σου
3646 2382 3828 2452 φρόνι-

547 2476 718 2530 salvet
743 2477 783 2530 ¹.
2234 2497 2351 2550 μος,
2382 2482 2518 2535 διότι
2555 2482 2617 2534 οὐ
2646 2481 2962 2553 μὴ’ὑποστῇ
3000 2481 3056 2533 ἐν
3089 2477 3348 2550 συντριϐῇ
3390 2477 3616 2531 τέκνων.
3663 2493 3681 2526 ι
3710 2473 3830 2526 Τῶν

547 2569 655 2640 γὰρ
687 2570 794 2623 σῶν
819 2572 1024 2625 τέκνων
1056 2567 1509 2637 συντριϐομένων,
1539 2566 1694 2637 φησι,
1732 2565 1840 2618 οὐδ’
1875 2564 1941 2619 ἂν
2000 2566 2163 2632 αὐτὸς
2197 2570 2486 2640 ὑποσταίη.
2520 2573 2872 2644 Ληιρθήσεται
2934 2572 3040 2642 γὰρ
3071 2569 3257 2633 δοῦλός
3316 2586 3376 2622 τε
3418 2569 3512 2622 καὶ
3542 2565 3827 2637 αἰχμάλω-

548 2679 656 2724 τος.
706 2661 842 2732 ὁμοῦ
897 2663 1010 2724 τοῖς
1052 2659 1230 2722 ἄλλοις
1282 2656 1542 2728 βαδιεῖται
1595 2654 1731 2728 πρὸς
1794 2657 2131 2727 Ἀσσυρίους.
2174 2662 2344 2732 Σοφὸς
2410 2661 2502 2719 οὖν
2531 2663 2841 2729 ὁΨάλλων,
2879 2684 2896 2714 ι
2951 2661 3126 2732 ’ἰσχύς
3186 2678 3309 2731 μου,
3337 2659 3432 2713 καὶ
3465 2656 3704 2730 ὖμνησίς
3727 2673 3826 2727 μου

549 2756 577 2808 6
603 2754 821 2826 Κύριος.
865 2773 882 2805 ι
916 2753 1052 2824 Παρ’
1090 2750 1255 2804 αὑτοῦ
1297 2749 1407 2822 γὰρ
1435 2751 1583 2803 πᾶσα
1611 2748 1840 2818 δύναμις
1883 2750 1974 2802 καὶ
2006 2753 2251 2824 σωτηρία
2272 2772 2284 2784 ο
2319 2759 2413 2810 καὶ
2443 2755 2630 2822 σώζων
2655 2757 2753 2811 οὐκ
2785 2759 2900 2809 ἔστι
2933 2755 3110 2825 πάρεξ
3138 2751 3323 2808 αὐτοῦ.
3368 2771 3386 2802 ι

625 2844 784 2899 νεεδ.
827 2844 916 2898 Η.
974 2843 1048 2897 De
1093 2857 1253 2894 manu
1289 2841 1484 2910 inferni
1537 2840 1764 2894 liberabo
1815 2855 1949 2904 eos,
1977 2850 2024 2893 et
2074 2839 2140 2894 de

554 2947 717 2990 utor-Ie
767 2936 1022 2988 redimam
1068 2933 1210 2987 illos.
1261 2930 1362 2986 Ubi
1415 2932 1632 2986 uictoria
1671 2940 1781 2995 tua,
1825 2935 2004 2986 mors?
2051 2933 2142 2986 ubi

555 3028 770 3080 aculeus
807 3036 950 3089 tuus,
978 3023 1182 3094 inferne
1203 3023 1229 3076 1’

627 3115 806 3175 ϐων..
860 3115 1152 3184 Postquam
1182 3126 1250 3166 ex
1282 3114 1362 3167 ira
1394 3111 1772 3182 peccatoribus
1793 3111 2007 3167 locutus
2035 3121 2139 3178 est,

556 3220 611 3265 et
653 3226 717 3266 ex
769 3207 956 3265 dolore
1002 3223 1102 3263 suo
1155 3205 1262 3261 illis
1302 3213 1565 3261 eventura
1614 3202 2021 3274 praenuntiavit,
2076 3205 2141 3258 ad
2170 3165 2213 3224 Ο

560 3301 1030 3356 mansuetudinem
1067 3300 1175 3354 Deo
1222 3301 1473 3352 decoram
1509 3294 1821 3359 revertitur,
1855 3307 1911 3350 et
1944 3309 2003 3350 se
2039 3310 2144 3350 non

558 3393 870 3448 universum
915 3405 1085 3462 genus
1130 3392 1423 3444 humanum
1484 3395 1816 3453 aversatum,
1861 3401 2038 3457 neque
2091 3387 2143 3441 in

559 3483 804 3541 exsilium
842 3479 1199 3536 irrevocabile
1245 3478 1742 3547 sempiternumque
1782 3478 2017 3543 misisse,
2051 3478 2144 3533 sed

559 3577 742 3630 datum
800 3573 867 3628 iri
918 3571 1209 3640 aliquando
1251 3559 1464 3624 véniam
1519 3579 1574 3625 et
1625 3572 2027 3626 revocationem
2079 3569 2147 3626 ad

561 3679 796 3724 veterem
823 3675 1019 3722 statum
1050 3665 1103 3719 in
1146 3662 1384 3726 Christo,
1414 3663 1638 3728 indicat,
1683 3662 1888 3718 addens
1945 3662 2145 3718 libera-

560 3773 741 3816 turum
780 3774 839 3814 se
875 3759 941 3812 de
994 3771 1152 3811 manu
1206 3754 1363 3810 iul'eri
1403 3763 1459 3808 et
1504 3754 1574 3809 de
1611 3763 1785 3809 morte
1839 3754 2149 3825 redemptu-

563 3862 704 3909 rum,
734 3844 876 3899 haud
909 3843 1071 3897 dubie
1097 3842 1272 3897 eidem
1304 3849 1526 3912 propter
1561 3855 1780 3912 peccata
1821 3843 1873 3898 in
1901 3844 2150 3900 Condito

566 3953 679 3993 rem
715 3937 1030 4001 commissa,
1074 3944 1129 3989 et
1172 3945 1394 4005 propter
1431 3936 1914 4005 transgressionem
1955 3937 2146 3993 Adami

565 4049 596 4084 a
626 4029 890 4101 principio
937 4025 1230 4094 subjectos.
1265 4025 1430 4080 Facta
1489 4037 1570 4081 est
1615 4028 1760 4082 enim
1799 4039 1985 4096 postea
2028 4029 2150 4084 talis

566 4119 857 4188 promissio
884 4133 990 4171 non
1016 4116 1189 4172 solum
1221 4116 1500 4186 prraim,
1534 4133 1626 4172 seu
1653 4119 1931 4188 progeniei
1959 4113 2148 4186 Israel,

569 4215 661 4268 sed
708 4210 1029 4266 mortalibus
1062 4210 1355 4264 universis.
1398 4209 1554 4277 Nam,
1599 4220 1658 4265 ut
1697 4210 1887 4267 scribit
1935 4211 2151 4267 divinus

570 4305 814 4380 Paulus,
848 4301 1013 4356 «Non
1071 4300 1380 4356 Judaeorum
1427 4303 1567 4357 Deus
1624 4311 1870 4367 tantum,
1946 4303 2040 4357 sed
2098 4312 2152 4359 et

571 4399 834 4468 gentium.
868 4394 1199 4451 Justiticavit
1233 4395 1376 4449 enim
1407 4393 1875 4450 circumcisiouem
1908 4410 1973 4449 ex
2022 4395 2148 4460 ﬁde,

2329 2849 2425 2902 Ἐκ
2459 2851 2658 2919 χειρὸς
2697 2849 2847 2915 ᾅδου
2885 2847 3150 2915 ῥύσομαι
3184 2841 3440 2908 αὐτοὺς,
3481 2840 3579 2896 καὶ
3619 2835 3691 2894 ἐκ
3730 2842 3828 2894 θα-

2245 2941 2431 2996 νάτου
2458 2941 2839 3011 λυτρώοόμαι
2867 2938 3109 3004 αὐτούς.
3139 2935 3265 2991 Ποῦ
3310 2936 3348 3004 ’ἡ
3391 2934 3528 3003 δίκη
3569 2949 3708 3000 σου,
3739 2932 3830 2987 θά-

2246 3031 2424 3097 νατες
2453 3033 2571 3087 ποῦ
2599 3033 2664 3086 τὸ
2689 3032 2939 3100 κέντρον
2971 3043 3110 3092 σου,
3143 3027 3296 3096 ς’ἰδη;

2319 3125 2489 3178 ΡΝΔ’.
2511 3124 2592 3178 Τὰ
2631 3125 2695 3176 ἐκ
2727 3122 2904 3193 θυμοῦ
2935 3121 3175 3192 λαλήσας
3203 3121 3317 3180 τοῖς
3342 3113 3716 3188 ἡμαρτηκόσι,
3736 3115 3829 3166 καὶ

2245 3214 2314 3268 τὰ
2343 3217 2406 3268 ἐκ
2431 3215 2608 3284 λύττης
2637 3215 2872 3285 ἐσόμενα
2897 3208 3391 3284 προαπηγγελκώς,
3420 3205 3827 3277 ἁναπεφοέτηκε

2246 3307 2407 3361 πάλιν
2442 3310 2521 3371 είς
2552 3306 2829 3379 θεοπρεπῆ
2857 3321 2916 3358 τε
2945 3304 3285 3374 ἡμερότητα,
3342 3300 3438 3353 καὶ
3480 3301 3563 3352 ὅτι
3609 3297 3687 3368 μὴ
3715 3297 3828 3349 εἰσ-

2247 3395 2392 3449 άπαν
2449 3395 2510 3448 τὸ
2566 3395 2658 3448 ἐπὶ
2713 3394 2818 3462 γῆς
2875 3394 3258 3463 ἀπέστραπται
3305 3389 3482 3458 γένος,
3532 3385 3670 3458 μήτε
3723 3386 3828 3456 μὴν

2246 3488 2447 3558 ἀνῆκεν
2476 3487 2558 3549 είς
2587 3481 2938 3554 καταφθορὰν
2977 3480 3228 3550 ἀχάλινόν
3265 3497 3354 3543 τι,
3402 3479 3495 3532 καὶ
3537 3477 3830 3546 ἀτελεύτη-

2246 3593 2359 3641 τον,
2399 3576 2514 3629 am
2551 3575 2707 3628 ἔσται
2753 3591 2835 3636 τις
2885 3573 3027 3626 κατὰ
3069 3570 3296 3642 καιροὺς
3326 3568 3511 3638 φειδὼ,
3561 3568 3656 3620 καὶ
3701 3569 3832 3622 ἀνά-

2249 3668 2441 3741 κλησις
2482 3670 2562 3732 είς
2595 3667 2657 3720 τὸ
2687 3665 2780 3718 ἀπ’
2813 3664 2990 3735 ἀρχῆς
3021 3666 3077 3717 ἐν
3105 3661 3327 3734 Χριστῷ
3347 3704 3361 3726 ,
3395 3661 3829 3732 καταμεμὴνυκε

2250 3760 2582 3834 προστιθεὶς,
2618 3759 2694 3822 ὡς
2739 3757 2962 3830 ῥύσεται
3006 3755 3104 3826 μὲν
3138 3757 3202 3808 ὲκ
3237 3753 3419 3825 χειρὸς
3449 3753 3598 3825 ᾅδου,
3628 3753 3723 3805 καὶ
3761 3753 3826 3805 ἐκ

2251 3852 2481 3905 θανάτου
2512 3849 2864 3921 λυτρώσεται.
2916 3848 3084 3918 Δῆλον
3133 3846 3211 3910 δέ,
3261 3846 3342 3899 ὅτι
3387 3845 3512 3908 τοὺς
3549 3843 3641 3896 ὑπ’
3667 3841 3830 3898 αὐτὸν

2251 3943 2564 4012 γεγονότας,
2603 3941 2690 3994 διὰ
2729 3941 2830 4012 τὴν
2868 3943 2949 4003 είς
2979 3937 3206 4010 τωιητὴν
3251 3937 3548 4009 ἁμαρτίαν,
3597 3938 3690 3990 καὶ
3733 3935 3831 4006 τὴν

2251 4035 2309 4090 ὲν
2352 4038 2546 4108 ἀρχαῖς
2593 4033 2688 4088 τοῦ
2723 4033 2896 4104 Ἀδὰμ
2947 4030 3282 4104 παράϐασιν.
3315 4029 3618 4099 Πεποίηται
3650 4028 3760 4099 γὰρ
3798 4029 3827 4098 i)

2251 4128 2428 4182 τοιάδε
2478 4126 2638 4179 πάλιν
2684 4125 3015 4195 ὑπόσχεσις,
3059 4122 3183 4192 οὐχὶ
3237 4121 3382 4191 μόνῳ
3429 4121 3508 4190 τῷ
3568 4119 3830 4190 Ἐφραῒμ,

2252 4221 2417 4290 ῆγουν
2443 4221 2557 4282 τοῖς
2595 4218 2654 4282 ἐξ
2683 4217 2911 4286 αἵματος
2950 4213 3189 4286 Ἰσραὴλ,
3219 4214 3391 4267 ἅπασι
3415 4212 3470 4265 δὲ
3495 4211 3692 4283 μᾶλλον
3718 4214 3830 4275 τοῖς

2252 4312 2344 4365 ἐπὶ
2382 4311 2479 4381 τῆς
2519 4310 2640 4381 γῆς.
2691 4310 2778 4372 Ὠς
2812 4309 2920 4379 γὰρ
2957 4307 2985 4360 6
3031 4306 3318 4369 θεσπέσιος
3354 4303 3555 4374 γράφει
3597 4303 3826 4368 Παῦλος,

2259 4421 2277 4454 ι
2319 4404 2432 4457 Οὐκ
2489 4401 2758 4455 Ἰουδαίων
2810 4403 2838 4454 6
2878 4400 3010 4463 Θεὸς
3061 4399 3275 4470 μόνων,
3327 4396 3463 4451 ἀλλὰ
3508 4397 3604 4450 καὶ
3641 4394 3828 4449 ἐθνῶν.

571 4504 626 4550 et
661 4493 978 4564 praeputium
1012 4504 1108 4561 per
1142 4489 1298 4543 [idem
1323 4489 1395 4542 ’.ι
1430 4485 1680 4544 Redemit
1726 4498 1904 4544 autem
1947 4503 2047 4544 nos
2087 4487 2140 4544 de

2255 4493 2585 4547 Δεδικαίωκε
2635 4493 2744 4565 γὰρ
2796 4489 3097 4560 περιτομὴν
3137 4491 3203 4540 ἐκ
3234 4488 3492 4550 πίστεως,
3529 4485 3626 4539 καὶ
3665 4485 3830 4556 ἀκρο-

574 4601 736 4640 manu
793 4584 1012 4648 inferni,
1068 4583 1168 4637 boc
1224 4583 1329 4648 est,
1383 4580 1447 4634 de
1507 4581 1797 4652 tyrannide
1835 4582 2047 4637 mortis.
2089 4580 2155 4635 Et

577 4678 766 4732 modus
806 4673 1211 4744 redemptionis,
1247 4670 1447 4726 Christi
1491 4686 1637 4728 mors
1670 4672 2029 4744 intelligitur.
2064 4671 2156 4727 Li-

577 4769 709 4824 bens
756 4769 900 4823 enim
952 4781 1138 4822 necem
1195 4766 1246 4818 in
1297 4763 1440 4835 ligno
1482 4780 1577 4834 pro
1632 4765 1787 4820 nobis
1826 4767 2067 4836 pertulit,
2104 4777 2160 4822 et.

579 4860 910 4939 principatus
961 4873 1022 4912 ac
1082 4865 1393 4928 potestates,
1449 4853 1605 4910 aliixo
1659 4857 1734 4911 illi
1815 4867 2004 4914 contra
2063 4874 2160 4915 nos

579 4951 1324 5024 chirographo,triotnpbavit
1346 4943 1386 5006 ³.
1422 4949 1575 5005 Tunc
1605 4951 1770 5017 enim,
1803 4961 1926 5006 tunc
1957 4953 2155 5008 etiam:

585 5069 602 5100 ι
631 5046 818 5104 Omnis
865 5045 1120 5113 iniquitas
1161 5044 1420 5113 oppilavit
1466 5060 1528 5099 os
1572 5045 1768 5098 suum‘
1800 5065 1846 5110 ο,
1880 5057 1934 5099 et
1967 5046 2156 5101 mortis

583 5139 866 5208 imperium
909 5143 1132 5205 peccato
1173 5136 1385 5191 sublato
1428 5136 1764 5192 destructum
1793 5135 1934 5190 est“.
1977 5136 2154 5206 Ipsum

582 5233 727 5288 enim
771 5239 852 5285 est
882 5230 1072 5282 mortis
1111 5228 1356 5296 victoria,
1393 5239 1446 5282 et
1475 5227 1728 5283 stimulos
1773 5227 2034 5286 inferni“.
2065 5227 2156 5284 Sic

583 5322 727 5376 enim
759 5329 814 5375 et
839 5319 1059 5388 sapiens
1084 5315 1286 5373 Paulus
1325 5316 1481 5372 nobis
1507 5326 1589 5371 est
1619 5317 2026 5386 interpretatos.
2071 5319 2161 5374 Ait

587 5427 860 5483 namque:
897 5431 914 5462 ι
947 5410 1210 5469 Stimulos
1263 5410 1452 5465 mortis
1496 5420 1773 5480 peccatum
1819 5421 1936 5477 est;
1990 5412 2164 5468 virtus

585 5519 766 5562 autem
813 5503 1018 5573 peccati
1061 5503 1145 5558 lex
1168 5503 1212 5556 ".
1244 5522 1262 5555 ι
1305 5501 1649 5572 Quapropter
1675 5503 1914 5555 oumium
1945 5515 2165 5572 peccato

586 5598 785 5664 deleto,
834 5605 890 5652 et
937 5611 1036 5650 nos
1084 5596 1204 5666 jure
1246 5595 1545 5649 dixerimus
1584 5609 1596 5646 :
1634 5612 1650 5644 ι
1687 5591 1782 5647 Ubi
1819 5605 1902 5648 est
1944 5597 2166 5651 victoria

657 5799 703 5831 θ’
745 5795 886 5852 Psal.
925 5809 1095 5859 cxvu,
1138 5793 1223 5848 ﬂ.
1304 5795 1320 5823 ί
1362 5793 1460 5847 lsa.
1501 5806 1654 5853 xun,
1699 5792 1784 5847 li.

591 5884 652 5939 n,
696 5867 782 5926 M.
855 5865 876 5896 ⁶
903 5864 923 5918 l
949 5866 1076 5920 (Lor.
1119 5880 1204 5932 xv,
1241 5863 1309 5919 55
1407 5864 1426 5895 ⁷
1463 5861 1594 5919 Ibid.
1633 5861 1720 5917 56.

1862 5797 1881 5827 '
1921 5796 2077 5853 ltom.
2116 5814 2195 5864 ιιι,
2232 5797 2319 5852 50.
2397 5799 2417 5828 ³
2455 5795 2664 5851 Coloss.
2706 5809 2766 5860 ll,
2801 5793 2884 5861 Μ,
2932 5791 3015 5849 l5.

2253 4586 2476 4639 ϐυστίαν
2506 4584 2595 4638 διὰ
2623 4584 2723 4654 τῆς
2761 4582 3017 4644 πίστεως.
3054 4600 3072 4630 ›
3118 4577 3464 4648 Λελύτρωται
3503 4575 3560 4628 δὲ
3589 4574 3735 4646 ἡμᾶς
3771 4573 3834 4626 ἐκ

2254 4679 2435 4750 χειρὸς
2474 4677 2624 4749 ᾅδου,
2669 4675 2969 4737 τουτέστιν,
3019 4672 3090 4725 ἐκ
3130 4671 3229 4740 τῆς
3261 4665 3356 4723 τοῦ
3399 4667 3630 4721 θανάτου
3671 4682 3833 4719 κατα-

2256 4770 2600 4834 δυναστείας,
2631 4769 2723 4821 καὶ
2753 4768 2781 4818 ὁ
2816 4764 2914 4836 τῆς
2945 4762 3267 4835 λυτρώσεως
3290 4760 3494 4831 τρόπος
3523 4759 3552 4809 ὁ
3597 4750 3831 4828 Χριστοῦ

2257 4864 2458 4914 νοεῖται
2496 4858 2744 4919 θάνατος.
2788 4854 3007 4924 Ἀνέτλη
3039 4853 3148 4922 γὰρ
3191 4847 3332 4904 ἑκὼν
3367 4850 3478 4921 τὴν·
3501 4847 3641 4920 ὑπὲρ
3675 4845 3828 4918 ἡμῶν

2259 4953 2356 5004 ἐπὶ
2405 4950 2595 5016 ξύλους
2625 4947 2857 5019 σφαγὴν,
2899 4945 2996 4999 καὶ
3047 4941 3478 5015 τεθριάμϐευκεν
3529 4939 3705 5012 ἀρχὰς
3743 4939 3831 4992 καὶ

2265 5043 2532 5110 ἐξουσίας,
2585 5038 2941 5114 προσηλώσας
2987 5034 3133 5106 αὑτῷ
3176 5033 3237 5087 τὸ
3283 5031 3404 5086 καθ’
3451 5028 3606 5102 ἡμῶν
3665 5028 3831 5101 χειρό-

2265 5149 2494 5206 γραφον.
2519 5133 2650 5186 Τότε
2677 5133 2807 5203 γὰρ,
2839 5130 2962 5182 τότε
2987 5125 3080 5181 καὶ
3113 5144 3129 5176 t
3162 5121 3317 5179 Πᾶσα
3353 5125 3450 5194 μὲν
3478 5122 3680 5192 ἀνομία
3699 5121 3757 5175 τὸ
3780 5115 3832 5188 ἐξ

2266 5230 2438 5298 αὐτῆς
2472 5225 2737 5298 ἐνέφραξε
2782 5224 2958 5293 στόμα
2978 5239 2990 5250 ·
3020 5241 3037 5273 ι
3075 5220 3422 5291 κατήργηται
3451 5212 3505 5269 δὲ
3537 5214 3716 5268 καὶτὸ
3745 5213 3831 5266 τοῦ

2261 5309 2492 5374 θανάτου
2541 5303 2761 5387 κράτος,
2815 5312 3159 5385 ἐξῃρημένης
3198 5309 3297 5379 τῆς
3347 5306 3652 5379 ἃμαρτία;’
3701 5305 3830 5373 αὕτη

2261 5399 2371 5484 γάρ
2407 5412 2554 5463 ἐστιν
2585 5409 2616 5480 ἡ
2651 5407 2746 5461 τοῦ
2780 5405 3012 5461 θανάτου
3053 5403 3176 5474 νίκη
3209 5440 3226 5466 ,
3265 5401 3358 5454 καὶ
3392 5399 3452 5452 τὸ
3487 5399 3711 5469 κέντρον
3745 5397 3830 5450 τοῦ

2261 5501 2414 5577 ξιδου.
2469 5503 2625 5556 Οὕτω
2665 5503 2758 5555 καὶ
2805 5502 2834 5552 ὁ
2880 5499 3042 5567 σοφὸς
3076 5498 3207 5568 ἡμῖν
3241 5493 3556 5566 ἡρμήνευσε
3607 5490 3846 5570 Παῦλος..

2266 5584 2412 5667 ’Ἔφη
2445 5596 2572 5667 γὰρ,
2605 5597 2685 5648 ὅτι
2711 5593 2826 5646 τόδε
2881 5613 2898 5642 ί
2933 5591 3175 5661 Κέντρον
3217 5585 3312 5641 τοῦ
3357 5584 3588 5640 θανάτου
3621 5583 3762 5637 ἐστὶν
3798 5584 3828 5651 ἠ

3094 5789 3113 5820 ³
3143 5785 3284 5859 Psal.
3317 5798 3424 5850 ενι,
3457 5781 3548 5839 42.
3629 5783 3650 5813 ⁵
3677 5779 3828 5836 llebr.
