4068 6540
219 410 358 495 ¹τις.

1174 414 1726 476 COMMENTARIUS
1768 378 1834 474 lu
1873 418 2109 477 ossam
2148 418 2597 477 PROPHETAM.

3417 426 3527 482 3N

241 525 517 597 ἁμαρτία,
571 527 604 597 ή
655 526 711 580 δὲ
760 527 990 598 δυναμις
1037 530 1134 600 τῆς
1190 530 1468 603 ἁμαρτίας
1513 536 1542 587 6
1586 533 1771 603 νόμος.
1819 552 1837 586 i

1944 547 2059 597 tua,
2102 536 2290 591 mors?
2321 536 2409 590 ubi
2448 534 2706 590 stimulus
2738 542 2886 601 tuus,
2922 536 3172 594 inferne?
3206 536 3350 594 Deus
3380 537 3527 594 enim

242 618 463 672 οὐκοῦν
526 619 626 689 τῆς
694 621 952 673 ἁπάντων
1010 622 1284 694 ἁμαρτίας
1363 626 1717 699 ἀνῃρημένης
1785 630 1844 681 ὲν

243 712 498 783 Χριστῷ,
526 712 768 782 φαίημεν
792 713 859 766 ἂν
895 713 1123 778 εἰκότως
1154 717 1248 769 καὶ
1281 718 1443 787 ἡμεῖς
1478 718 1651 773 αὑτοίο
1690 739 1707 771 ι
1732 719 1840 772 Ποῦ

244 802 280 869 ἡ
316 801 443 871 νίκη
476 817 591 867 σου,
620 800 851 864 θάνατε;
893 803 996 856 ποῦ
1041 804 1099 857 τὸ
1126 805 1350 878 κέντρον
1386 824 1502 871 σου,
1542 807 1676 878 ᾃδη;
1712 808 1844 872 Θεὸς

243 890 361 962 γὰρ
397 892 643 958 δικαιῶν,
678 893 763 957 τίς
800 897 829 948 6
862 896 1244 965 κατακρίνωνς
1280 900 1513 970 Χριστὸς
1565 899 1769 972 Ἰησοῦς
1814 903 1844 954 6

243 982 542 1037 ἀποθανὼν
587 984 726 1055 ὑπὲρ
772 986 950 1056 ήμῶν,
991 1006 1009 1038 ›
1060 988 1263 1058 μᾶλλον
1311 990 1368 1043 δὲ
1426 1011 1442 1042 ι
1475 992 1600 1056 δοὺς
1651 992 1843 1046 ἑαυτὸν

1940 629 2031 696 qui
2088 627 2367 695 jllstificat,
2410 628 2537 696 quis
2581 636 2665 685 est
2703 628 2795 696 qui
2846 631 3213 686 condemnet?
3267 630 3525 687 Christus

1940 717 2097 775 Jesus
2125 719 2216 788 qui
2252 728 2497 774 mortuus
2528 729 2608 775 est
2632 733 2729 789 pro
2762 722 2918 777 nobis
2934 724 2977 776 ⁸.
3012 742 3029 775 ι
3065 724 3177 779 lmo
3209 743 3227 776 ι
3261 725 3351 793 qui
3379 723 3526 779 dedit

1938 812 2287 881 semetipsum
2333 813 2759 883 redemptionem
2813 828 2912 882 pro
2956 815 3265 881 omnibus',
3298 832 3319 868 ι
3387 828 3529 868 unus

1934 903 2157 975 .diguior
2194 905 2469 968 omnibus.
2498 920 2595 975 per
2640 922 2800 975 quem
2843 916 2899 961 et
2941 906 2993 961 ill
3022 922 3131 977 quo
3165 907 3360 962 divites
3396 902 3527 958 facti

1940 996 2212 1061 sumus“,
2254 1006 2311 1050 ut
2336 998 2401 1052 ad
2433 997 2892 1067 incorruptionem
2924 999 3228 1056 redeamus.

243 1074 572 1146 ἀντίλυτρον
627 1076 768 1148 ὑπὲρ
804 1077 1043 1145 πάντων,
1080 1098 1097 1132 l
1134 1075 1217 1146 εἷς
1272 1084 1300 1136 ὁ
1363 1083 1582 1139 πάντων
1643 1083 1958 1156 ἀξιώτερος,
1998 1089 2069 1142 δι’
2106 1084 2168 1141 οὗ
2206 1089 2302 1145 καὶ
2329 1093 2399 1149 ,ὲν
2442 1087 2486 1162 ᾧ
2530 1092 3021 1165 πεπλουτὴκαμεν,
3061 1094 3121 1153 τὸ
3166 1092 3527 1165 ἀναφοιτῆσαι

246 1168 419 1224 πάλιν
456 1172 538 1234 είς
572 1172 902 1244 ἀφθαρσίαν.

320 1263 719 1332 Παράκλησις
779 1266 1110 1335 κέκρυπται
1175 1267 1243 1332 ἐξ
1316 1267 1639 1338 ὀφθαλμῶν
1697 1286 1836 1339 μου,

246 1349 614 1421 διότι-οὗτος
644 1354 955 1423 ἀναμέσων·
982 1355 1266 1426 ἀδελφῶν
1290 1356 1613 1412 dracti-2.162.

323 1448 501 1502 PNE’.
562 1446 1018 1520 Ἀναγνωσόμεθα
1042 1450 1136 1503 τοῦ
1166 1450 1532 1525 προκειμένου
1561 1452 1652 1504 τὸν
1692 1451 1843 1522 πρῶ-

248 1556 349 1592 τον
384 1540 569 1610 στίχον
597 1541 719 1594 κατ’
747 1540 1112 1613 ὲπερώτησιν,
1151 1544 1245 1595 κα)⁵
1272 1542 1635 1613 ὑποστιγμὴν,
1660 1543 1752 1596 καί
1789 1561 1843 1597 τι

248 1629 499 1684 τοιοῦτον
528 1634 664 1703 ἡμῖν
696 1632 1069 1703 ὑπεμφῄνειεν
1105 1633 1191 1700 ἂν,
1244 1634 1423 1703 ὀρθῶς
1450 1637 1591 1687 νοεῖν
1634 1634 1844 1706 ᾑρημέ-

2017 1266 2180 1336 188
2203 1265 2504 1322 Consolatio
2556 1268 2864 1324 abscondita
2912 1279 2989 1325 est
3039 1269 3105 1324 ab
3153 1272 3319 1328 oculis
3375 1278 3527 1347 meis,

1940 1359 2063 1428 quia
2097 1358 2181 1410 llic
2215 1357 2349 1411 inter
2375 1358 2569 1427 fratres
2611 1362 2913 1430 imparaln't'~

1934 1514 1939 1521 ,
2014 1449 2168 1507 CLV.
2217 1450 2389 1521 llujus
2430 1462 2720 1509 contextus
2770 1469 2987 1511 versum
3022 1456 3259 1526 primum
3304 1474 3400 1530 per
3442 1462 3527 1516 in-

1947 1542 2369 1612 terrogationem
2409 1550 2465 1597 et
2500 1541 3011 1600 subdistinctioneln
3044 1544 3307 1615 legamus,
3334 1558 3388 1605 et
3419 1552 3525 1607 tale

1950 1633 2204 1702 quiddam
2234 1634 2391 1689 nobis
2419 1633 2732 1701 insinuabit,
2767 1636 2811 1690 si
2843 1647 2990 1692 recte
3019 1637 3322 1710 intelligere
3341 1643 3529 1699 volue~

246 1739 389 1785 νοις.
425 1722 899 1796 Κατηρρώστησε,
934 1724 1123 1795 φησὶν,
1176 1723 1527 1795 ἡάνθρώπου
1557 1724 1740 1793 φύσις,
1780 1725 1842 1779 τὸ

1952 1725 2140 1778 rimus.
2172 1723 2445 1778 Infirmata
2478 1734 2583 1789 est,
2616 1724 2813 1795 inquit,
2840 1735 3033 1782 natura
3075 1729 3310 1786 humana
3336 1747 3530 1802 pecca-

249 1814 541 1877 πολυειδὲς
571 1817 652 1878 εἰς
677 1815 973 1886 ἁμαρτίαν,
1004 1816 1098 1868 καὶ
1126 1816 1486 1871 ἀπονένευκεν
1514 1818 1575 1870 οὐ
1605 1817 1843 1890 μετρίως

246 1905 337 1967 εἰς
394 1905 456 1957 τὸ
499 1903 838 1975 πλημμελές.
886 1904 1073 1979 Ταύτῃ
1106 1923 1191 1959 τοι
1223 1905 1448 1970 δικαίως
1476 1909 1841 1981 κατεδικάσθη

250 1995 491 2064 θανάτῳ.
520 1990 653 2048 Εἶτα
674 1996 755 2059 τίς
788 1995 942 2051 ἔσται
975 1998 1076 2066 τῆς
1107 1999 1427 2069 ἐπικουρίας
1455 2001 1481 2052 6
1501 2000 1704 2070 τρόπος
1729 2003 1841 2063 τοῖς

246 2088 417 2140 τοῦτο
452 2088 734 2153 παθοῦσιν,
768 2088 800 2160 ἢ
832 2090 980 2153 ὅπως
1012 2090 1080 2144 ἂν
1122 2090 1510 2163 διακρούσαιτο
1539 2092 1599 2147 τὸ
1640 2094 1844 2164 συμϐε-

246 2181 448 2251 ϐηκὸς,
482 2182 647 2246 αὐτὸς
682 2181 794 2251 ἐγὼ
830 2182 1213 2254 διασκέψομαι,
1271 2185 1471 2255 μᾶλλον
1515 2185 1573 2240 δὲ
1612 2186 1710 2258 ἤδη
1749 2186 1844 2240 καὶ

245 2273 449 2341 ὁρίσας
475 2274 604 2345 ἔχω.
636 2275 707 2327 Ἢ
735 2271 845 2346 ἆρα
870 2276 952 2339 τίς
980 2277 1128 2329 ἐστιν
1152 2279 1208 2329 ὲν
1230 2277 1380 2349 ὑμῖν,
1415 2278 1843 2349 φρενοϐλαϐείας

247 2366 337 2427 εἰς
375 2364 533 2418 τοῦτο
563 2367 881 2439 προσήκων,
908 2367 985 2431 ὠς
1012 2367 1222 2422 οἴεσθαί
1265 2387 1346 2437 τε,
1385 2372 1483 2425 καὶ
1521 2371 1724 2440 λέγειν,
1761 2372 1842 2426 ὅτι

249 2455 661 2527 παρακλήσεως
689 2460 782 2512 καὶ⁵
818 2460 1171 2531 παραμυθίας
1212 2462 1329 2516 ἐστί
1359 2480 1443 2527 τις
1469 2466 1690 2535 τρόπος,
1719 2466 1778 2519 ὃν
1815 2468 1842 2520 6

247 2546 400 2611 θεῖός
434 2565 494 2603 τε
524 2552 619 2603 καὶ
660 2551 941 2622 ἀκήρατος
977 2553 1076 2623 οὐχ
1118 2551 1328 2624 ἑώρακε
1372 2557 1529 2623 νοῧςς
1565 2558 1697 2628 Εἰμὶ
1733 2559 1843 2632 γὰρ

244 2639 528 2712 τεχνίτης,
558 2640 786 2705 ἄναλκις
814 2660 872 2695 τε
900 2642 1036 2714 πρὸς
1072 2646 1246 2711 οὐδὲν,
1276 2647 1391 2701 ἀλλ’
1418 2645 1475 2701 εὖ
1498 2648 1614 2703 οἶδα
1638 2651 1841 2717 πάντα,

246 2730 359 2784 καὶ
412 2732 679 2803 ἀμελλητὶ
722 2734 973 2807 κατορθῶ
1027 2736 1087 2788 τὸ
1136 2737 1347 2792 δοκοῦν.
1400 2741 1613 2808 Καίτοι,
1656 2745 1839 2814 φησὶν,

250 2842 272 2872 ι
309 2817 469 2885 οὗτος
512 2825 787 2894 ἀναμέσον
841 2826 1086 2896 ἀδελφῶν
1142 2830 1432 2887 διαστελεῖ.
1476 2852 1494 2883 ι
1544 2836 1843 2905 Προαπαγ-

242 2914 437 2980 γέλλει
474 2914 530 2968 δὲ
563 2916 651 2971 διὰ
679 2917 883 2972 τούτων
908 2921 1040 2990 ἡμῖν
1075 2922 1167 2976 τὸν
1214 2924 1422 2996 Κύριον
1451 2928 1483 2996 ἡ
1494 2926 1610 2996 μῶν
1636 2929 1843 2998 Ἰησοῦν

240 3005 511 3074 Χριστόν.
540 3007 711 3071 Αὐτὸς
750 3010 859 3081 γάρ
892 3014 1039 3065 ἐστιν
1072 3015 1106 3084 ἡ
1140 3014 1358 3069 πάντων
1407 3018 1773 3089 παράκλησις,
1812 3021 1842 3071 6

1948 1828 2125 1871 torum
2151 1817 2488 1883 diversitate,
2537 1827 2594 1872 et
2634 1820 2701 1872 ad
2738 1818 3161 1891 delinquendum
3204 1837 3309 1878 non
3340 1822 3532 1880 leviter

1945 1908 2260 1965 declinavit.
2298 1908 2563 1975 Quocirca
2610 1919 2786 1965 morte
2827 1927 2933 1967 non
2972 1912 3246 1969 immerito
3273 1915 3527 1970 damnata

1945 2012 2047 2058 est.
2082 2002 2201 2057 Jam
2235 2017 2362 2056 vero
2386 2016 2619 2071 quanam
2652 2003 2863 2059 ratione
2895 2004 2977 2059 sic
3002 2003 3210 2061 affectis
3244 2022 3533 2062 succurra-

1947 2110 2055 2163 tur,
2100 2107 2195 2152 aut
2225 2097 2498 2167 quomodo
2544 2111 2700 2152 casus
2751 2097 2841 2153 hic
2887 2098 3213 2168 depellatur,
3266 2101 3385 2171 ipse
3427 2116 3530 2172 ego

1944 2193 2324 2249 considerabo.
2361 2192 2469 2247 Aut
2499 2201 2583 2247 est
2612 2191 2736 2261 quis
2770 2192 2913 2247 inter
2940 2208 3036 2249 vos
3066 2197 3201 2249 adeo
3230 2193 3528 2268 desipiens,

1946 2294 2005 2340 ut
2042 2283 2323 2345 existimet
2373 2298 2439 2337 ac
2487 2283 2652 2347 dicat,
2688 2281 2920 2353 aliquem
2970 2284 3287 2339 consolandi
3337 2300 3403 2341 ac
3432 2286 3530 2342 de-

1946 2376 2218 2433 mulcendi
2268 2376 2485 2430 modum
2530 2390 2674 2440 esse,
2706 2390 2866 2444 quem
2897 2375 3079 2429 divina
3124 2386 3178 2430 et
3215 2375 3529 2446 incorrupta

1946 2485 2099 2524 mens
2129 2483 2236 2523 non
2265 2466 2496 2521 viderit?
2525 2465 2658 2521 Sum
2704 2466 2848 2521 enim
2883 2465 3100 2531 artifex,
3140 2481 3239 2522 nec
3265 2467 3333 2521 ad
3368 2466 3529 2537 quid-

1924 2574 2104 2629 quam
2134 2558 2476 2614 ellicielldum
2508 2555 2843 2621 imbecillus;
2871 2554 2965 2611 sed
2992 2555 3117 2632 novi
3152 2557 3332 2611 omnia
3367 2558 3527 2622 bene,

1944 2662 1999 2708 et
2027 2652 2146 2707 sine
2185 2665 2335 2706 mora
2370 2651 2517 2720 quod
2556 2649 2733 2719 placet
2761 2648 2862 2703 rite
2899 2660 3123 2719 pra3sw.
3156 2648 3291 2713 Etsi,
3330 2649 3527 2719 inquit,

1951 2761 1969 2795 ι
2002 2742 2090 2797 hic
2137 2742 2279 2795 inter
2337 2740 2534 2793 fratres
2589 2739 2889 2809 separabit.
2926 2757 2944 2790 ι
3001 2738 3333 2793 Praenuntiat
3374 2740 3531 2795 nobis

1944 2851 2041 2905 per
2073 2836 2186 2890 lucc
2221 2833 2505 2888 Dominum
2552 2840 2795 2886 nostrum
2833 2828 3018 2887 Iesum
3065 2829 3365 2887 Christum.
3408 2830 3533 2902 Ipse

1945 2930 2089 2983 enim
2143 2936 2227 2985 est
2277 2926 2517 2980 omnium
2572 2923 2893 2990 consolatio,
2951 2923 3141 2979 modus
3196 2923 3526 2991 curationis;

1946 3020 2121 3089 ipsum
2185 3017 2476 3074 destinavit
2530 3016 2689 3071 Pater
2759 3025 2885 3071 ante
2940 3021 3184 3085 tempora
3244 3014 3530 3070 saecularia

242 3096 358 3166 τῆς
389 3096 686 3168 θεραπείας
707 3101 928 3172 τρόπος,
960 3104 1123 3158 αὑτὸν
1145 3084 1502 3177 προώρισεν
1524 3084 1713 3181 Πατηρ
1735 3112 1842 3182 πρὸ

1946 3084 2284 3167 έυινδιοτειιι
2322 3124 2387 3165 ac
2424 3107 2837 3185 Redemptorem
2869 3108 2921 3161 in
2974 3084 3165 3162 mOrtis
3206 3114 3532 3177 tempestate

240 3188 463 3259 χρόνων
497 3191 730 3244 αἰωνίων
760 3194 988 3266 Σωτῆρα
1020 3198 1112 3250 καὶ
1148 3198 1450 3269 Λυτρωτὴν
1486 3204 1598 3264 τοῖς
1627 3202 1705 3273 τῷ
1743 3203 1842 3257 θα·

239 3275 401 3347 νάτῳ
437 3281 892 3351 κεκρατημένοις.
937 3284 1113 3338 Αὑτὸν
1152 3286 1256 3359 ἔφη
1283 3288 1612 3344 διαστέλλειν
1641 3292 1844 3362 ἀναμέ-

244 3386 349 3422 σον
369 3369 639 3439 ἀδελφῶν.
670 3374 780 3426 Καὶ
806 3373 859 3426 τί
888 3375 950 3447 δὴ
974 3375 1133 3430 τοῦτό
1166 3380 1350 3445 ὲστιν;
1386 3381 1551 3435 αὐτοῦ
1592 3382 1842 3451 λέγοντος

239 3458 577 3531 ἀκηκόαμεν
629 3462 726 3515 τοῦ
790 3465 1008 3519 πάντων
1062 3467 1222 3537 ἡμῶν
1278 3470 1531 3543 Σωτῆρος
1580 3473 1879 3549 Χριστοῧγ

246 3574 267 3603 ι
304 3554 405 3623 Μὴ
432 3555 691 3625 νομίσητε
725 3557 807 3610 ὅτι
826 3553 989 3629 ἦλθον
1014 3560 1198 3631 βαλεῖν
1226 3564 1450 3635 εἰρήνην
1477 3566 1571 3618 ἐπὶ
1594 3567 1694 3637 τὴν
1714 3570 1839 3638 γῆν.

241 3646 371 3698 Οὐκ
407 3642 571 3718 ἦλθον
611 3647 795 3718 βαλεῖν
827 3651 1071 3721 εἰρήνην,
1118 3653 1256 3707 ἀλλά
1305 3656 1604 3728 μάχαιραν.
1638 3654 1842 3713 Ἷίλθον

240 3739 368 3809 γὰρ
396 3739 619 3809 διχάσαι
657 3741 941 3812 ἄνθρωπον
990 3744 1131 3798 κατὰ
1160 3746 1254 3800 τοῦ
1288 3748 1497 3818 πατρὸς
1526 3749 1714 3816 αὐτοῦ,
1747 3752 1843 3804 καί⁸

243 3829 533 3902 θυγατέρα
561 3832 703 3886 κατὰ
732 3835 830 3904 τῆς
867 3836 1073 3907 μητρὸς
1101 3838 1291 3909 αὐτῆς,
1324 3841 1421 3893 καὶ
1449 3840 1670 3912 νύμφην
1705 3843 1843 3919 κατὰ

240 3925 353 3995 τῇς
398 3926 671 3997 πενθερᾶς
712 3928 916 3999 αὐτῆς,
953 3931 1047 3983 καὶ
1087 3930 1275 4002 ἐχθροὶ
1315 3932 1409 3985 τοῦ
1457 3933 1748 4004 ἀνθρώπου
1792 3937 1841 3989 οἱ

1942 3201 2366 3259 versantibus“.
2427 3198 2606 3269 Ipsum
2666 3199 2743 3253 ait
2799 3212 3057 3269 separare
3101 3197 3246 3253 inter
3300 3195 3521 3253 fratres.

1943 3296 2081 3364 Quid
2106 3296 2210 3350 hoc
2235 3292 2359 3349 est?
2390 3292 2564 3362 ipsum
2600 3290 2874 3346 dicentem
2917 3290 3223 3344 audivimus
3245 3286 3526 3345 Christum

1943 3386 2278 3451 Salvatorem
2312 3383 2554 3437 omnium
2585 3389 2853 3436 nostrum.
2902 3398 2921 3431 ι
2950 3378 3127 3435 Nolite
3166 3389 3360 3450 putare
3386 3395 3528 3450 quo-

1943 3476 2090 3531 niam
2142 3473 2264 3529 veni
2320 3471 2535 3527 mittere
2591 3484 2779 3539 pacem
2839 3470 2892 3523 in
2965 3479 3196 3533 terram;
3252 3484 3358 3524 non
3403 3468 3528 3524 veui

1944 3583 2131 3638 pacem
2172 3566 2410 3630 mittere,
2466 3564 2560 3618 sed
2603 3562 2860 3633 gladium.
2900 3558 3035 3618 Veni
3083 3561 3228 3616 enim
3269 3575 3529 3630 separare

1943 3659 2213 3715 hominem
2246 3656 2508 3712 adversus
2539 3663 2746 3735 patrem
2779 3667 2960 3722 suum,
2991 3660 3047 3708 et
3074 3652 3237 3706 filiam
3267 3653 3530 3708 adversus

1922 3761 2174 3823 matrem
2209 3765 2389 3814 suam,
2428 3758 2483 3803 et
2517 3763 2717 3802 nurum
2760 3746 3020 3801 adversus
3065 3759 3285 3802 socrum
3332 3761 3525 3813 suam;

1943 3855 1997 3899 et
2026 3843 2232 3899 inimici
2284 3839 2521 3897 hominis
2560 3839 2846 3896 domestici
2885 3836 3002 3910 ejus
3022 3838 3085 3893 “.
3122 3856 3142 3890 ι
3186 3836 3254 3893 Ει
3286 3853 3528 3902 rursum,

1923 3935 2125 4009 ,futura
2171 3932 2377 3989 sanctis
2404 3931 2685 4003 discipulis
2711 3929 3102 4000 prrenuntians,
3132 3946 3151 3981 ι
3181 3927 3404 3995 Tradet,
3444 3929 3528 3982 in-

240 4016 523 4070 οίκειακοὶ
559 4016 745 4073 αὐτοῦ.
788 4039 807 4072 l
839 4020 951 4075 Καὶ
982 4022 1142 4077 πάλιν
1181 4024 1251 4077 τὰ
1289 4025 1524 4094 ἐσόμενα
1554 4044 1842 4097 προαπαγ-

1943 4016 2081 4099 quit,
2130 4025 2304 4081 frater
2334 4023 2558 4079 fratrem
2606 4024 2659 4078 in
2701 4034 2951 4088 mortem,
2994 4032 3049 4077 et
3100 4022 3340 4091 insurget
3373 4030 3531 4090 pater

241 4108 462 4177 τέλλων
508 4112 620 4174 τοῖς
658 4112 837 4180 ἁγίοις
885 4097 1154 4186 μαθηταῖς
1177 4132 1189 4145 ·
1228 4134 1247 4168 ι
1280 4116 1621 4195 Παρσδώσει,
1651 4120 1841 4190 φησὶν,

1943 4097 2133 4176 contra
2164 4118 2303 4174 filios
2326 4118 2389 4173 ¹³.
2423 4135 2443 4168 l
2486 4116 2554 4173 Ut
2584 4116 2729 4170 enim
2768 4114 2967 4170 diaboli
2998 4113 3336 4199 tyrannidem
3371 4126 3527 4169 ever-

242 4203 485 4275 ἁδελφὸς
537 4205 771 4276 ἀδελφὸν
820 4210 900 4271 είς
951 4208 1213 4276 θάνατον,
1266 4211 1361 4265 καὶ
1403 4192 1842 4284 ἐπαναστήσεται

1941 4215 2032 4280 tit,
2072 4222 2129 4270 et
2178 4212 2432 4283 deceptos
2480 4208 2805 4264 idololatrire
2853 4205 3062 4277 laqueis
3110 4192 3406 4275 expedivit,
3448 4205 3529 4259 sie

240 4295 441 4367 πατὴρ
475 4298 561 4365 ἐφ’
592 4298 762 4362 υίούς.
817 4319 836 4353 l
878 4300 1097 4373 Ἐπειδὴ
1148 4303 1257 4375 γὰρ
1304 4303 1404 4374 τὴν
1450 4303 1543 4356 τοῦ
1589 4304 1839 4360 διαϐόλου

1943 4321 2038 4362 eos
2071 4320 2171 4374 per
2197 4304 2540 4360 dilectionem
2577 4315 2705 4373 erga
2733 4315 2794 4356 se
2838 4298 2941 4356 sibi
2980 4298 3258 4367 astrinxit,
3305 4309 3525 4355 ut'cre-

240 4388 537 4460 καθῄρηκε
596 4392 922 4463 τυραννίδα,
981 4396 1075 4448 καὶ
1121 4396 1230 4451 τῶν
1277 4397 1379 4469 τῆς
1422 4397 1839 4470 είδωλολατρίας

1944 4399 2137 4455 dentes
2163 4397 2327 4452 etiam
2377 4395 2680 4450 naturalem
2730 4407 2972 4447 amorem
3019 4390 3433 4462 posthaberent,
3466 4401 3526 4446 et

162 4470 171 4475 ’
240 4480 490 4547 ἐξείλετο
559 4482 771 4553 βρόχων
817 4484 943 4549 τοὺς
990 4486 1488 4559 πεπλανημένους,
1538 4491 1839 4561 κατέδησεν

1943 4492 2176 4554 fratres,
2226 4476 2467 4552 domos,
2518 4498 2686 4555 genus
2736 4492 2846 4538 non
2902 4489 3298 4552 agnoscerent,
3350 4490 3405 4536 et
3459 4483 3526 4535 al

238 4572 426 4637 οὕτως
460 4574 594 4644 πρὸς
629 4576 849 4648 ἀγάπην
873 4578 972 4649 τὴν
1000 4578 1137 4647 πρὸς
1180 4580 1390 4645 ἑαυτὸν,
1437 4574 1512 4646 ὡς
1546 4582 1641 4636 καὶ
1687 4600 1842 4653 φυσι-

1941 4584 2214 4639 Christunl
2240 4588 2463 4636 vocatos
2495 4593 2615 4633 esse
2658 4576 2724 4631 ad
2770 4589 3042 4632 summam
3083 4572 3261 4639 animi
3283 4571 3528 4628 laetitiam

240 4664 353 4734 κῆς
376 4662 645 4738 ἀλογῆσαι
677 4667 1065 4741 φιλοστοργίας
1093 4672 1219 4736 τοὺς
1254 4676 1712 4743 πεπιστευκότας,
1743 4678 1837 4730 καὶ¹

1941 4673 2228 4732 subiceret.
2272 4671 2454 4739 Quare
2498 4679 2553 4726 et
2589 4670 2794 4739 .beatus
2834 4668 3003 4723 David
3038 4662 3095 4722 in
3130 4676 3363 4743 persona
3416 4674 3528 4719 tam

238 4756 516 4825 ἀδελφοὺς
556 4756 885 4829 ἀνῄνασθαι,
937 4762 1034 4815 καὶ
1067 4765 1333 4838 πατέρας,
1369 4768 1460 4833 καὶ
1497 4770 1701 4834 οίκους,
1744 4770 1841 4824 καὶ

1941 4768 2256 4840 praclarum
2307 4765 2515 4819 facinus
2552 4775 2933 4834 aggressorum
2984 4756 3168 4832 psallit
3205 4756 3423 4823 alicubi,
3468 4765 3526 4810 et

236 4847 406 4917 γένη,
441 4852 535 4904 καὶ
572 4853 910 4929 ἀποχρήσειν
942 4855 1125 4919 αὐτοῖς
1170 4858 1253 4920 εἰς
1292 4858 1514 4913 ἃπασαν
1545 4860 1837 4931 εὐθυμίαν,

1941 4863 2157 4932 inquit:
2193 4880 2212 4912 ι
2241 4860 2405 4915 Pater
2441 4872 2593 4913 meus
2643 4864 2698 4911 et
2741 4864 2912 4908 mater
2963 4866 3082 4907 mea
3119 4848 3527 4921 dereliquerunt

237 4937 304 4991 τὸ
350 4938 795 5011 προσκεκλῆσθαι
838 4942 913 5013 τῷ
940 4944 1184 5016 Χριστῷ.
1212 4947 1322 5000 Καὶ
1359 4947 1490 5017 γοῦν
1526 4950 1623 5003 καὶ
1660 4952 1689 5003 6
1729 4969 1836 5019 μα-

1944 4968 2064 5019 lue;
2093 4951 2352 5007 Dominus
2381 4956 2559 5003 autem
2586 4943 2883 5014 assumpsit
2907 4957 2993 4998 me
3011 4940 3075 4997 “.
3110 4960 3129 4994 ›

239 5030 442 5101 κάριος
467 5032 653 5098 Δαϐὶδ,
688 5034 764 5099 ὡς
823 5037 886 5088 ὲκ
954 5037 1249 5107 προσώπου
1293 5034 1401 5093 τῶν
1463 5041 1622 5095 τοῦτο
1668 5043 2098 5115 κατορθωκότων
2127 5042 2323 5114 ψάλλει
2349 5057 2473 5105 που,
2512 5038 2605 5095 καί
2643 5054 2831 5110 φησιν,
2889 5037 2972 5090 ὅτι
3011 5054 3030 5088 ι
3072 5033 3133 5089 Ὅ
3169 5032 3354 5105 πατὴρ
3395 5051 3523 5105 μου.

236 5126 343 5178 καὶ
372 5126 563 5196 μήτηρ
607 5144 710 5197 μου
756 5127 1108 5196 ἐγκατέλιπόν
1138 5147 1227 5200 με,
1266 5131 1295 5184 6
1320 5131 1377 5185 δὲ
1406 5131 1613 5204 Κύριος
1656 5136 2025 5207 προσελάϐετό
2049 5154 2139 5208 με.
2171 5155 2191 5188 ι
3532 5144 3533 5147 “

327 5216 565 5281 Ἐπάξει
590 5218 873 5272 καύσωνα
893 5219 1118 5289 ἄνεμον
1145 5221 1361 5291 Κύριος
1382 5222 1451 5276 ἐκ
1474 5225 1582 5291 τῆς
1604 5224 1829 5295 ἐρήμου

2011 5226 2173 5282 Vens.
2219 5226 2308 5281 15.
2354 5224 2593 5279 Adducet
2623 5232 2828 5277 ventum
2870 5229 3107 5275 urentem
3154 5212 3412 5274 Dominus
3461 5237 3526 5275 ex

234 5307 336 5360 ἐπ’
380 5308 589 5373 αὑτὸν,
649 5311 747 5364 καὶ
798 5312 1169 5380 ἁναξηρανεῐ
1206 5314 1314 5379 τὰς
1346 5313 1574 5383 φλέϐας
1614 5317 1830 5373 αὐτοῦ.

1941 5322 2135 5375 deserto
2190 5334 2349 5390 super
2408 5333 2562 5381 eum,
2623 5324 2673 5370 et
2727 5313 2943 5368 siccabit
2994 5327 3150 5365 venas
3206 5311 3340 5381 ejus.
3403 5304 3524 5377 Ipse

234 5399 442 5466 Αὐτὸς
476 5402 883 5471 καταξηρανεῖ
927 5406 1045 5474 τὴν
1078 5406 1195 5477 γῆν
1233 5406 1459 5476 αὐτοῦ,
1500 5412 1597 5465 καὶ
1632 5409 1834 5467 πάντα

1941 5413 2207 5468 exsiccabit
2243 5424 2441 5466 terram
2488 5411 2624 5480 ejus,
2657 5405 2821 5478 189
2843 5415 2891 5461 et
2936 5403 3115 5459 omnia
3150 5420 3277 5459 vasa
3317 5402 3522 5457 deside-

232 5491 312 5545 τὰ
337 5495 536 5560 σκεύη
577 5493 649 5547 τὰ
670 5494 1001 5566 ἐπιθυμητὰ
1035 5500 1244 5554 αὐτοῦ.
1924 5504 2127 5565 ,ταὸἱίὶα
2153 5504 2290 5572 ejus.

312 5585 504 5653 PNQ".
548 5586 852 5659 Μεθίστησι
892 5589 993 5661 μὲν
1028 5590 1119 5646 τὸν
1158 5593 1316 5663 λόγον
1355 5596 1440 5648 ἐπ’
1473 5595 1606 5649 αὐτὸ
1636 5596 1695 5649 τὸ
1732 5595 1824 5649 τοῦ

2002 5594 2180 5652 CLVI.
2239 5594 2555 5649 Sermonem
2620 5590 2687 5645 ad
2744 5590 2915 5660 ipsam
2970 5599 3259 5657 personam
3323 5581 3519 5637 mortis

312 5765 335 5795 ⁸
367 5762 527 5820 Rom.
560 5782 675 5835 Vill,
707 5767 796 5833 53,
828 5768 916 5825 54.
994 5772 1013 5802 9
1050 5771 1247 5842 Ephes.
1285 5789 1332 5839 v,
1376 5774 1429 5827 2.
1508 5774 1549 5805 ¹⁰
1591 5773 1607 5828 Ι
1648 5773 1767 5831 Cor.
1807 5791 1843 5841 ι,

228 5834 284 5865 ’⁸
320 5834 467 5893 PSal.
510 5853 655 5905 xxvl,
702 5838 786 5893 ll).

1986 5773 2021 5804 ιε
2052 5757 2092 5824 ll
2126 5770 2265 5825 Tim.
2304 5787 2342 5836 ι,
2372 5771 2423 5823 9.
2508 5771 2551 5800 η
2588 5763 2775 5820 nauli.
2814 5777 2869 5830 κ,
2898 5760 3078 5817 δι-δο.
3162 5752 3367 5811 "Ibid.
3418 5750 3513 5808 2f.
