4068 6572
625 442 735 499 515

1645 431 1704 489 S.
1747 431 2015 487 CYRILLI
2054 431 2202 487 ΔΒΕ]

2307 429 2526 485 NDRINI
2565 428 2885 487 AIKCIIIEP.
3774 434 3861 491 316

628 555 903 620 transfert,
934 564 1202 623 ventoque
1240 558 1424 607 austro
1463 558 1518 607 et
1547 549 1701 604 mstui
1740 548 2016 604 Christum
2055 564 2202 603 com-

2308 547 2544 601 θανάτου
2590 547 2904 618 πρόσωπον,
2948 544 3136 617 ἀνέμῳ
3191 544 3247 597 δὲ
3290 543 3451 615 νότῳ,
3512 544 3606 599 καὶ
3654 545 3863 601 καύσωνι

627 643 805 717 parat,
853 661 1010 715 quem
1044 655 1095 700 et
1147 646 1214 700 de
1267 643 1558 699 solitudine
1599 642 1887 711 aliquando
1917 640 2205 695 adductum

628 740 694 794 iri
737 747 1002 792 autumat.
1057 736 1350 793 Sciendum
1399 750 1562 804 porro
1606 744 1730 789 ante
1782 733 1883 787 alia
1929 733 2081 798 illud,
2117 731 2207 786 Ju-

628 830 868 885 daeorum
918 829 1193 901 regionem
1250 829 1499 897 proxime
1546 830 1610 881 ad
1657 834 1902 880 austrum
1950 825 2111 878 latam
2155 834 2210 879 et

629 922 949 978 Intnieusam
1006 922 1207 976 habere
1267 919 1635 975 solitudinem.
1690 918 1840 983 Quod
1894 916 1940 970 si
1992 916 2206 985 quando

629 1026 824 1072 ventus
860 1016 983 1069 inde
1026 1015 1257 1085 spiraret
1288 1011 1682 1075 vehementius,
1729 1011 1970 1077 impense
2001 1017 2209 1063 metue-

630 1108 784 1175 bant,
819 1106 962 1177 quod
1003 1106 1157 1161 tellus
1201 1105 1323 1159 inde
1372 1112 1737 1158 exarescerct.
1780 1100 2007 1156 Videtur
2043 1100 2205 1155 etiam

630 1198 924 1261 nonnullis,
983 1211 1107 1251 eum
1168 1195 1312 1263 ipsas
1364 1207 1625 1261 aquarum
1675 1205 1841 1246 venas
1888 1191 1988 1246 sub
2049 1191 2207 1245 terris

631 1290 954 1358 astringere,
988 1298 1040 1342 et
1066 1285 1285 1341 violenti
1323 1295 1484 1353 atque
1518 1283 1667 1353 igniti
1696 1283 1855 1338 Ilatus
1888 1282 2207 1353 impulsibus

629 1381 896 1437 inhibere.
946 1381 1129 1449 Itaque
1175 1393 1242 1432 ex
1284 1379 1427 1432 uotis
1466 1388 1519 1432 et
1563 1379 1800 1447 expertis
1850 1379 2013 1433 verba
2052 1378 2203 1432 facit.

625 1474 901 1528 Christum
946 1471 1110 1541 igitur
1147 1470 1407 1525 adversus
1452 1477 1681 1525 mortem
1731 1485 1854 1525 sese
1907 1469 2203 1536 illaturum,

625 1576 680 1621 et
729 1567 900 1620 instar
929 1565 1072 1619 venti
1115 1565 1323 1617 urentis
1356 1579 1544 1619 omnes
1591 1563 1767 1619 fontes
1797 1572 1852 1617 et
1891 1576 2056 1616 venas
2089 1562 2207 1632 ejus

624 1659 1021 1713 exsiccaturum
1056 1657 1369 1726 prophetica
1410 1659 1571 1711 verba
1602 1657 1759 1712 nobis
1789 1654 2049 1709 indicant.
2090 1654 2206 1709 Ma-

627 1757 719 1805 net
756 1764 882 1818 ergo
923 1747 974 1800 in
1019 1747 1379 1801 translatione
1424 1756 1475 1801 et
1507 1744 1967 1808 commodissime,
2004 1754 2208 1814 myste-

627 1845 877 1912 riumque
907 1841 974 1893 ah
1004 1855 1068 1893 eo
1099 1838 1241 1909 quod
1267 1838 1582 1908 contingere
1611 1836 1911 1901 consuevit,
1943 1836 2204 1891 declarat.

2316 637 2642 709 παρεικάζει
2692 636 2945 707 Χριστὸν,
2987 635 3047 689 ὃν
3087 635 3183 689 καὶ
3215 636 3281 688 ἐκ
3308 638 3408 706 τῆς
3446 637 3672 707 ἐρήμου,
3707 640 3861 706 φησιν,

2315 726 2707 797 ὲνεχθήσεσθαι
2764 726 2905 778 κατὰ
2944 725 3193 797 καιρούς.
3243 726 3366 795 Χρὴ
3408 726 3465 779 δὲ
3525 726 3739 791 εἰδέναι,
3788 734 3865 783 καὶ

2316 816 2424 886 πρό
2455 834 2517 885 γε
2544 815 2651 868 τῶν
2684 815 2883 891 ἄλλως),
2907 817 3104 883 ἐκεῖνο,
3126 817 3208 869 ὅτι
3241 818 3353 869 τῶν
3391 816 3657 871 Ἰουδαίων
3683 821 3714 889 ὴ
3738 819 3863 891 χώρα

2316 908 2579 963 πλατεῖαν
2641 910 2735 963 καὶ
2771 908 3159 979 ἀκατάληπτον
3206 908 3413 980 ἔρημον
3460 909 3592 980 ἔχει,
3639 911 3863 982 κειμένην

2313 1000 2374 1052 ἐν
2407 1000 2596 1072 μέρεσι
2633 1003 2745 1064 τοῖς
2776 999 3147 1063 νοτιωτάτοις’
3176 1000 3279 1054 κάν
3317 1005 3365 1054 εἰ
3398 1002 3595 1073 συνέϐη
3643 1004 3763 1056 ποτὲ
3793 1005 3863 1058 τὸν

2315 1091 2524 1144 ἐκεῖθεν
2579 1091 2777 1162 ἄνεμον
2834 1089 3231 1162 κατενεχθῆναι
3275 1093 3573 1164 ραγδαίως,
3623 1096 3863 1166 περιδεεῖς

2313 1178 2453 1253 ἦσαν
2494 1184 2554 1236 ού
2589 1185 2847 1255 μετρίως,
2889 1187 3255 1259 ἀναινομένης
3283 1186 3385 1258 τῆς
3413 1185 3615 1260 χώρας.
3645 1189 3791 1241 Δοκεῖ
3819 1190 3862 1243 δέ

2314 1292 2424 1328 τισι
2471 1278 2565 1329 καὶ
2612 1276 2782 1340 αὑτὰς
2823 1278 2933 1331 τῶν
2984 1280 3196 1333 ὑδάτων
3238 1280 3341 1343 τάς
3370 1281 3427 1332 ὲν
3465 1283 3533 1352 τῇ
3576 1282 3647 1351 τῇ
3692 1280 3863 1349 φλέϐας

2312 1370 2685 1440 ὀκνηροτέρας
2735 1371 3010 1426 ποιεῖσθαι
3054 1373 3155 1437 τὰς
3189 1372 3470 1444 χορηγίας,
3525 1373 3620 1428 καὶ
3646 1377 3758 1439 ταῖς
3789 1375 3862 1428 τοῦ

2316 1462 2488 1533 βιαίου
2539 1465 2632 1515 καὶ
2677 1463 2961 1536 πυρώδους
3016 1465 3328 1537 πνεύματος
3374 1465 3702 1537 προσϐολαῖς
3759 1467 3864 1521 ἀνα-

2314 1555 2636 1611 κόπτεσθαι.
2683 1556 2893 1609 Οὐκοῦν
2940 1558 3001 1622 ἐξ
3038 1551 3114 1613 ὧν
3157 1558 3328 1623 τσασι,
3382 1559 3477 1612 καὶ
3514 1559 3861 1629 πεπείρανται,

2315 1651 2550 1703 ποιεῖται
2598 1649 2725 1713 τοὺς
2781 1650 2997 1719 λόγους.
3058 1650 3548 1724 Ἐπενεχθήσεσθαι
3590 1651 3654 1722 δὴ
3690 1648 3774 1704 οὖν
3805 1651 3864 1721 τῷ

2315 1741 2535 1813 θανάτῳ
2560 1742 2796 1813 Χριστὸν
2820 1746 2848 1797 ὁ
2869 1743 3212 1814 προφητικδς
3244 1746 3375 1815 ἡμῖν
3405 1743 3508 1815 ἔφη
3529 1743 3685 1811 λόγος
3706 1743 3862 1814 ἀνέμῳ

2314 1833 2560 1888 καύσωνι
2592 1836 2999 1908 παραπλήσιον,
3029 1836 3088 1901 ὃς
3117 1836 3297 1901 πάσας
3328 1836 3493 1891 αὑτοῦ
3541 1837 3641 1900 τὰς
3682 1837 3863 1907 πληγὰς

628 1934 809 1990 Venas
853 1950 1015 2001 porro
1066 1943 1121 1988 et
1166 1932 1342 1987 I'outes
1391 1930 1579 1985 mortis
1616 1929 1938 2000 perditionis
1988 1944 2202 1999 genera,

2315 1928 2410 1980 καὶ
2431 1926 2530 1990 τάς
2558 1926 2763 1997 φλέϐας
2788 1928 3173 2001 καταξηρανεῖ.
3193 1930 3473 2001 Ἐπιμένει
3499 1925 3675 1999 οῦνντῇ
3698 1934 3859 2001 τροπῇ,

627 2028 742 2081 sive
774 2027 1041 2097 malignas
1076 2037 1128 2080 et
1159 2024 1502 2080 adversarias
1535 2024 1761 2077 virtutes
1801 2036 1922 2077 esse
1953 2022 2206 2078 dicimus.

628 2120 731 2174 Per
765 2134 858 2173 eas
888 2120 1034 2173 enim
1070 2132 1165 2173 ceu
1209 2131 1304 2184 per
1352 2129 1517 2170 venas
1558 2128 1772 2183 semper
1799 2113 1911 2168 suis
1952 2114 2210 2182 tempori-

627 2216 727 2266 bus
757 2212 1094 2281 pereuntium
1122 2210 1407 2265 multitudo
1435 2209 1481 2263 ei
1509 2206 1973 2261 subministratur.
2005 2204 2207 2260 Eodem

626 2318 793 2360 sensu
843 2321 970 2359 vasa
1011 2304 1127 2372 ejus
1176 2301 1556 2357 desiderabilia
1603 2298 1855 2369 accipies.
1892 2297 2031 2353 Vasa
2065 2296 2209 2351 enim

624 2398 902 2469 perdentia
948 2394 1200 2450 mortales
1253 2409 1415 2461 super
1451 2404 1674 2458 terram,
1728 2399 1784 2446 et
1840 2390 2000 2447 morti
2044 2390 2211 2445 chara

624 2506 733 2546 non
786 2492 964 2559 inepte
1002 2488 1126 2557 quis
1175 2495 1269 2541 aut
1309 2486 1569 2555 malignas
1616 2495 1670 2539 et
1705 2484 2010 2539 contrarias
2056 2482 2212 2538 nobis

624 2592 944 2653 potestates,
1001 2591 1093 2634 aut
1145 2587 1291 2633 certe
1347 2578 1542 2648 impios
1612 2576 1874 2646 quosdam
1937 2576 2209 2641 homines,

624 2675 885 2731 daemonis
938 2670 1281 2743 perversitati
1344 2670 1669 2736 servientes,
1714 2678 1769 2722 et
1814 2682 2001 2722 secum
2073 2666 2210 2722 alios

625 2768 916 2837 perdentes
953 2765 1325 2833 appellaverit.
1356 2761 1489 2817 Cum
1525 2761 1818 2831 spiraverit
1846 2775 1976 2829 ergo
2012 2770 2207 2815 ventus

624 2874 810 2922 urens,
881 2859 1073 2927 inquit,
1129 2866 1235 2910 tota
1296 2865 1439 2909 terra
1492 2854 1683 2908 mortis
1749 2863 1975 2907 arescet.
2024 2850 2211 2906 Oratio

625 2969 840 3007 rursum
901 2951 1211 3019 metaphora
1264 2955 1503 3012 constat,
1553 2956 1611 3001 ut
1663 2946 1708 3000 si
1762 2946 1906 3001 dicat
1954 2944 2206 3010 fortasse,

625 3061 772 3101 mors
793 3045 949 3119 quasi
982 3043 1160 3098 locum
1193 3041 1476 3096 herbidum
1508 3039 1756 3095 homines
1785 3038 2204 3108 depascebatur;

623 3141 718 3193 sed
762 3145 978 3192 arescet
1023 3136 1175 3191 locus
1204 3133 1315 3199 ille,
1351 3146 1449 3187 nec
1483 3147 1627 3187 mors
1655 3130 1907 3199 pabulum
1947 3130 2204 3184 inveniet.

623 3230 847 3285 Sublata
875 3229 1018 3283 enim
1047 3237 1128 3283 est
1160 3243 1328 3292 mors,
1358 3225 1446 3281 ubi
1480 3225 1730 3280 Christus
1756 3224 1920 3277 vitam
1952 3222 2205 3276 omnibus

623 3321 926 3391 proposuit,
956 3329 1008 3375 et
1032 3318 1497 3373 immortalitatem
1538 3314 1777 3370 revocari
1808 3313 2073 3382 permisit.

2314 2018 2407 2070 καὶ
2448 2018 2685 2087 μάλιστα
2742 2020 2941 2091 ὀρθῶς,
2974 2022 3068 2074 καὶ
3105 2022 3179 2085 ὡς
3212 2023 3320 2077 ἀπό
3349 2040 3411 2092 γε
3456 2022 3552 2076 τοῦ
3585 2022 3863 2093 συμϐαίνειν

2315 2110 2591 2175 εἰωθότος,
2634 2111 2733 2183 τὴν
2765 2111 2860 2166 τοῦ
2889 2115 3193 2185 μυστηρίου
3223 2119 3459 2169 ποιεῖται
3488 2114 3862 2185 δήλωσιν.Φλέ-

2316 2202 2413 2267 ϐας
2442 2203 2519 2269 δὲ,
2554 2206 2648 2257 καὶ
2687 2205 2871 2276 πηγάς
2915 2206 3010 2259 τοῦ
3042 2207 3294 2273 θανάτου,
3334 2210 3462 2272 τοὺς
3486 2209 3583 2278 τῆς
3624 2208 3862 2271 ἀπωλείας

2313 2297 2548 2365 τρόπους
2589 2295 2734 2352 εἷναί
2766 2317 2967 2370 φαμεν,
3000 2302 3117 2371 ἤτοι
3160 2302 3259 2365 τὰς
3304 2302 3566 2374 πονηρὰς,
3618 2304 3708 2356 καὶ
3743 2304 3863 2356 ἀντι-

2314 2393 2575 2460 κειμένας
2621 2393 2903 2463 δυνάμεις.
2951 2396 3029 2446 Δι’
3072 2393 3253 2447 αὐτῶν
3298 2393 3407 2464 γὰρ
3436 2394 3624 2464 ὥσπερ
3660 2393 3750 2461 τὴν
3778 2391 3862 2445 τῶν

2315 2481 2400 2534 ἀεὶ
2441 2486 2584 2536 κατὰ
2614 2486 2842 2555 καιροὺς
2887 2484 3281 2555 ἀπολλυμένων
3315 2486 3631 2556 χορηγεῖται
3666 2482 3860 2554 πληθύν.

2314 2573 2499 2638 Οῦτως
2526 2577 2748 2646 νοήσεις
2789 2577 2883 2630 καὶ
2911 2577 2979 2629 τά
3013 2577 3183 2648 σκεύη
3237 2577 3304 2630 τά
3355 2576 3668 2647 ἐπιθυμητὰ
3704 2573 3860 2629 αὐτοῦ.

2317 2667 2496 2737 Σκεύη
2535 2668 2642 2738 γάρ
2676 2668 3013 2722 ἀπολλύοντα
3038 2671 3163 2734 τοὺς
3199 2672 3291 2723 ἐπὶ
3319 2671 3417 2741 τῆς
3442 2671 3561 2741 γῆς,
3598 2670 3688 2722 καὶ
3708 2668 3775 2739 τῷ
3796 2669 3864 2721 0a-

2314 2761 2462 2830 νάτῳ
2495 2762 2652 2831 τίμια
2682 2763 2814 2833 φαίη
2852 2781 2936 2826 τις
2959 2762 3024 2816 ἂν
3052 2764 3301 2828 εἰκότως,
3334 2764 3365 2834 ἢ
3396 2764 3495 2827 τὰς
3522 2764 3862 2835 πονηρὰς,καὶ

2315 2853 2695 2923 ἀντικειμένας
2717 2855 3000 2925 δυνάμεις,
3030 2856 3199 2927 ἤγουν
3221 2856 3469 2919 ἀνοσίους
3497 2856 3651 2919 τινάς
3671 2856 3769 2907 τῶν
3790 2855 3863 2907 ἐπὶ

2312 2940 2446 3014 γῆς,
2475 2945 2576 3015 τῆς
2604 2947 2814 2999 ἐκείνου
2845 2948 3176 3020 δυστροπίας
3205 2948 3569 3019 θεραπευτὰς,
3600 2949 3693 3002 καὶ
3727 2965 3863 3019 προσ-

2314 3039 2651 3103 απολλύντας
2679 3042 2892 3104 ἑαυτοῖς
2921 3041 3162 3112 ἑτέρους.
3204 3041 3541 3104 Πνεύσαντος
3573 3041 3639 3112 δὴ
3676 3038 3761 3095 οῦν
3788 3040 3863 3094 τοῦ

2312 3131 2615 3197 καύσωνος,
2652 3133 2859 3197 ἅπασα,
2896 3135 3083 3204 φησὶν,
3135 3135 3167 3205 ἡ
3221 3134 3315 3187 τοῦ
3365 3134 3595 3187 θανάτου
3630 3133 3861 3204 ξηρανθήσ

2313 3241 2467 3277 σεται
2506 3226 2598 3295 γῆ.
2635 3226 2940 3296 Πεποίηται
2982 3226 3040 3280 δὲ
3084 3227 3246 3281 πάλιν
3286 3227 3361 3291 ὠς
3400 3229 3462 3279 ἐκ
3507 3227 3805 3296 μεταφοράς
3841 3228 3862 3276 ὁ

2234 3288 2277 3343 C
2310 3315 2487 3383 λόγος.
2519 3288 2751 3386 ι’ὀμοιον
2790 3288 2922 3389 γάρ,
2972 3319 3048 3382 ὡς
3099 3322 3147 3372 εἰ
3182 3320 3278 3373 καὶ
3326 3288 3477 3387 λέγοι
3507 3288 3861 3388 ’τυχόν-’Κατ-

618 3412 878 3466 ε6όσκετο
922 3413 1019 3482 μὲν
1057 3410 1248 3482 ὥσπερ
1280 3430 1332 3464 τι
1382 3409 1579 3480 χωρίον
1612 3411 1639 3462 ὁ
1688 3408 1923 3471 θάνατος
1950 3406 2081 3471 τοὺς
2147 3406 2240 3461 ἐπὶ
2277 3409 2379 3479 τῆς
2420 3410 2546 3479 γῆς,
2590 3411 2706 3465 ἀλλ’
2754 3412 2909 3466 ἕσται
2982 3413 3169 3486 ξηρὸν,
3224 3414 3319 3483 οὐχ
3369 3414 3591 3485 εὑρήσει
3640 3412 3794 3483 νομὴν
3838 3413 3859 3462 ὁ

621 3513 871 3575 θάνατος.
926 3510 1219 3582 Ἀνῄρηται
1254 3508 1363 3580 γὰρ
1405 3510 1438 3580 ή
1503 3505 1678 3577 φθορά
1743 3504 2039 3577 προθέντος
2078 3504 2251 3558 ἅπασι
2316 3506 2412 3560 τοῦ
2465 3506 2704 3579 Χριστοῦ
2752 3508 2850 3580 τὴν
2884 3509 3052 3580 ζωὴν,
3106 3512 3198 3564 καὶ
3240 3511 3640 3581 παλινάγρετον
3676 3508 3861 3578 ἐφέντος

620 3609 893 3663 ποιεῖσθαι
926 3607 1026 3679 τὴν
1065 3605 1394 3677 ἀφθαρσίαν.

1242 3701 1394 3756 CAP.
1435 3698 1577 3755 XIV.

690 3792 855 3847 Vrsas.
892 3792 941 3844 I.
986 3788 1327 3859 Disperdetur
1365 3786 1632 3850 Samaria,
1681 3789 1806 3858 quia
1838 3788 2031 3842 restitit
2075 3804 2203 3843 con-

619 3893 699 3936 tra
742 3881 908 3935 Deum
949 3898 1124 3934 suum.
1172 3879 1239 3934 In
1267 3880 1443 3951 gladio
1479 3881 1663 3934 cadent
1695 3882 1816 3950 ipsi,
1861 3892 1908 3934 et
1948 3883 2203 3937 lactentes

617 3991 797 4028 eorum
838 3974 1115 4038 elidentur,
1151 3984 1196 4028 et
1228 3974 1281 4027 in
1312 3983 1455 4026 utero
1490 3972 1733 4027 habentes
1759 3989 1941 4027 eorum
1967 3975 2201 4029 disrum-

616 4072 827 4134 pentur.

688 4156 889 4215 CLVII.
938 4154 1401 4225 Opportunissime
1450 4155 1599 4210 linito
1634 4170 1885 4210 sermone
1929 4156 1996 4211 de
2038 4154 2201 4212 Chri-

619 4258 726 4317 sto,
770 4258 823 4305 et
857 4248 1180 4305 universalis
1214 4248 1607 4319 redemptionis
1655 4248 1915 4319 mysterio
1957 4234 2201 4319 prtenuri-

621 4343 787 4406 tiato,
847 4343 1037 4397 beatus
1093 4343 1352 4413 propheta
1405 4357 1591 4411 rsrsus
1642 4357 1827 4395 eorum
1878 4342 1970 4411 qui
2033 4343 2200 4397 Deum

616 4432 956 4489 oIl‘enderant
990 4431 1323 4488 calamitates
1354 4432 1514 4503 190
1551 4434 1893 4497 lamentatur,
1922 4442 1977 4488 et
2005 4431 2201 4487 Sama-

2882 3699 3136 3752 ΚΕΦΑΛ.
3190 3701 3267 3753 ΙΔ¹
3293 3740 3307 3754 .

2389 3788 2885 3859 Ἀςρανισθήσεται
2929 3790 3260 3860 Σαμάρεια,
3321 3791 3409 3845 ὅτι
3465 3793 3694 3861 ἀνέστη
3742 3792 3859 3860 πρὸς

2305 3877 2415 3932 τὸν
2449 3881 2599 3934 Θεὸν
2627 3881 2838 3951 αὐτῆς.
2887 3881 2984 3934 Ἐν
3022 3882 3293 3952 ῥομφαίᾳ
3331 3882 3662 3938 πεσοῦνται
3699 3885 3859 3951 αὐτοὶ,

2306 3969 2407 4023 καὶ
2435 3970 2507 4024 τὰ
2540 3973 2854 4027 ὑποτίτθια
2884 3973 3085 4027 αὐτῶν
3122 3973 3661 4044 ἐλαφισθήσονται,
3703 3976 3792 4029 καὶ
3815 3980 3860 4027 α]

2303 4061 2375 4116 ἐν
2416 4063 2630 4132 γαστρὶ
2659 4063 2915 4134 ἔχουσαι
2949 4064 3150 4120 αὐτῶν
3184 4065 3712 4135 ὃιαρῤαγήσονται.

2371 4153 2541 4207 PNZ'.
2582 4156 2930 4226 Διαπεράνας
2966 4152 3025 4208 εῦ
3065 4156 3209 4226 μάλα
3257 4158 3350 4210 τὸν
3394 4160 3488 4211 ἐπὶ
3533 4159 3749 4231 Χριστῷ
3792 4159 3860 4212 λόο

2299 4259 2416 4311 γον,
2448 4244 2543 4297 καὶ
2576 4245 2676 4315 τῆς
2704 4246 2937 4300 καθόλου
2968 4247 3295 4319 λυτρώσεως
3322 4250 3384 4303 τὸ
3416 4253 3715 4323 μυστήριον
3747 4270 3856 4323 προ-

2301 4336 2672 4407 απηγγελκὼς
2698 4340 2726 4391 ό
2754 4339 3025 4409 μακάριος
3058 4344 3366 4415 προφήτης,
3397 4343 3695 4415 ὲποιμώζει
3724 4347 3858 4399 πάλιν

2301 4428 2425 4492 ταῖς
2449 4428 2557 4482 τῶν
2591 4433 3117 4502 προσκεκρουκότων
3145 4437 3474 4506 συμφοραῖς,
3506 4437 3669 4506 μόνον
3692 4438 3744 4491 δὲ
3762 4438 3859 4507 ούχῖ

617 4527 753 4581 ritas
803 4525 957 4596 quasi
1009 4524 1173 4595 luget.
1234 4524 1365 4578 Cum
1415 4524 1558 4577 enim
1612 4523 1820 4588 liceret,
1881 4533 1936 4579 et
1993 4523 2195 4580 aifatint

2307 4519 2397 4572 καὶ
2444 4520 2877 4592 κατολοφύρεται
2932 4523 3058 4588 τοὺς
3107 4525 3165 4577 ὲν
3213 4526 3517 4599 Σαμαρείᾳ.
3566 4530 3740 4583 Μετὸν
3771 4530 3858 4601 γὰρ

620 4618 826 4685 liceret,
887 4616 1085 4686 inquit,
1136 4614 1238 4667 I'rui
1299 4614 1453 4667 bonis
1509 4628 1575 4668 ex
1621 4613 2037 4668 mansuetudine
2075 4613 2190 4681 Dei,

615 4720 808 4782 Sponte
839 4725 934 4765 sua
962 4709 1029 4762 ad
1069 4706 1327 4777 supplicia
1354 4705 1421 4758 ab
1451 4705 1590 4759 irato
1622 4707 1968 4775 perpetienda
2000 4722 2195 4763 cucur-

617 4809 842 4867 rerunt,
882 4800 1007 4870 quia
1050 4798 1125 4852 illi
1172 4798 1445 4863 resistere,
1492 4805 1546 4850 et
1578 4797 1872 4854 Dominicis
1923 4799 2194 4855 mandatis

612 4909 769 4949 suam
810 4892 1136 4947 voluntatem
1168 4905 1461 4962 opponere,
1496 4899 1550 4945 et
1587 4891 1974 4959 propemodum
2021 4891 2192 4946 videri

614 4984 732 5042 acie
770 4995 957 5040 contra
988 4984 1267 5049 dimicare,
1307 4991 1399 5036 aut
1438 4997 1562 5037 esse
1601 4983 1668 5037 de
1706 4997 1934 5038 numero
1959 4997 2087 5038 vere
2115 4983 2193 5039 illi

615 5074 991 5130 rebellantium
1042 5073 1350 5127 voluerunt.
1386 5072 1620 5128 Proinde
1649 5073 1791 5128 citra
1832 5088 2047 5128 omnem
2089 5075 2193 5128 mi-

615 5164 968 5220 sericordiam
1008 5163 1111 5232 ipsi
1142 5163 1319 5234 gladio
1352 5163 1789 5228 trucidabantur,
1817 5170 1872 5216 et
1916 5163 2038 5217 novi
2070 5177 2193 5218 cru-

614 5255 853 5313 delitatis
897 5256 1039 5311 modi
1070 5265 1260 5312 contra
1307 5256 1567 5311 mulieres
1606 5264 1661 5308 et
1707 5254 1909 5310 liberos
1948 5253 2189 5322 ipsarum

612 5347 1083 5420 excogitabuntur.
1120 5347 1295 5403 Simul
1333 5347 1477 5403 enim
1523 5361 1645 5400 cum
1688 5344 1806 5402 heri
1841 5344 1981 5401 natis
2015 5345 2192 5400 infan-

615 5441 761 5496 tibus
796 5440 1145 5495 immaturam
1187 5454 1375 5495 necem
1410 5438 1804 5510 perferentqui
1842 5439 2005 5493 vitam
2055 5453 2193 5494 non-

613 5533 740 5587 dum
792 5532 955 5587 etiam
996 5542 1356 5602 acceperunt,
1406 5532 1611 5587 exitum
1664 5545 1731 5586 ex
1775 5537 1933 5586 utero
1978 5530 2192 5587 hostilis

612 5626 823 5697 gladius
845 5632 1170 5682 antevertet.
1195 5622 1583 5681 Calamitosum
1616 5621 1783 5692 igitur
1816 5631 1871 5679 et
1902 5622 2191 5678 exitiosum

613 5732 737 5773 esse
796 5718 907 5774 Deo
979 5729 1322 5788 repugnare,
1392 5715 1506 5786 ipsa
1575 5729 1791 5787 quoque
1856 5715 2189 5788 experientia

615 5807 872 5864 cernitur.

2305 4610 2635 4676 ἀπόνασθαι,
2668 4613 2822 4683 φησὶ,
2857 4614 2953 4668 καὶ
2979 4615 3185 4687 σφόδρα
3217 4616 3511 4684 πλουσίως,
3533 4620 3644 4675 τῶν
3669 4621 3725 4686 ὲξ
3750 4623 3857 4692 ήμε·

2305 4700 2531 4773 ρότητος
2568 4702 2815 4772 ἀγαθῶν,
2848 4706 3138 4777 αὐτόμολοι
3164 4707 3537 4782 δεδραμήκασι
3565 4712 3700 4785 πρὸς
3728 4713 3787 4765 τά
3810 4712 3856 4777 ἐξ

2302 4794 2473 4865 ὀργῆς
2511 4796 2745 4867 ἐσόμενα
2787 4799 2913 4852 κατ’
2940 4800 3145 4865 αὐτῶν,
3189 4801 3281 4858 διά
3333 4821 3417 4857 τοι
3461 4806 3523 4857 τὸ
3570 4805 3855 4875 ἀντεξάγειν

2303 4887 2520 4942 ἑλέσθαι
2557 4887 2699 4958 Θεῷ,
2742 4889 2839 4943 καλ⁸
2863 4890 3206 4956 δεσποτικοῖς
3243 4897 3629 4966 προστάγμασι
3667 4898 3725 4949 τὸ
3750 4897 3856 4949 ἴδιον

2302 4978 2618 5050 ἀντεγεῖραι
2649 4979 2864 5052 θέλημα
2885 5022 2900 5048 ,
2933 4983 3094 5054 μόνον
3138 4984 3196 5038 δὲ
3228 4986 3348 5057 οὐχὶ
3380 4988 3475 5041 καὶ
3506 4987 3856 5059 ἀντιτετάχθαι

2299 5069 2498 5135 δοκεῖν,
2529 5071 2562 5141 ἢ
2602 5070 2700 5126 καὶ
2728 5072 2788 5127 ἐν
2820 5073 2987 5147 μοίρᾳ.
3021 5075 3277 5145 γενέσθαι
3316 5077 3426 5134 τῶν
3473 5081 3855 5155 ἀνθεστηκότων

2301 5160 2450 5232 αὐτῷ
2507 5164 2651 5218 κατά
2700 5164 2981 5237 ἀλήθειαν.
3040 5167 3333 5240 Τοιγάρτοι
3383 5171 3602 5240 φειδοῦς
3662 5174 3855 5243 ἀπάσης

2300 5254 2646 5328 ἐξῃρημένης
2679 5257 2839 5330 ἔργον
2876 5259 2976 5330 μὲν
3004 5259 3218 5315 ἔσονται
3256 5264 3533 5335 ῥομφαίας
3562 5267 3744 5321 αύτοίο
3786 5266 3855 5332 ξὲο

2300 5364 2403 5401 νιοι
2457 5347 2517 5402 δὲ
2562 5349 2665 5421 τῆς
2730 5350 3127 5423 ἀπανθρωπίας
3178 5356 3628 5429 ὲπινοηθήσονται
3688 5359 3854 5431 τρόποι

2299 5439 2443 5495 κατά
2476 5457 2540 5510 γε
2571 5443 2814 5512 γυναίων
2845 5446 2937 5499 καὶ
2967 5446 3194 5502 τέκνων.
3254 5450 3420 5520 Ὁμοῦ
3453 5451 3563 5523 γάρ
3588 5455 3697 5516 τοῖς
3721 5453 3853 5523 ἀρτι-

2299 5528 2481 5597 γενέσι
2512 5532 2730 5601 νηπίοις
2768 5534 3020 5608 πρόωρον
3049 5536 3382 5607 ὑπομενοῦσι
3423 5539 3654 5595 θάνατον
3684 5542 3772 5595 καὶ
3798 5538 3853 5603 τὰ

2298 5618 2452 5674 οὔπω
2486 5622 2801 5695 κεκλημένα
2843 5626 2982 5697 πρὸς
3006 5626 3066 5679 τὸ
3096 5624 3231 5681 εἶναι
3261 5628 3357 5683 καὶ
3389 5629 3508 5703 ζῇν.
3543 5633 3653 5685 Καὶ
3684 5631 3851 5701 φθάσει

2299 5710 2398 5783 τὴν
2444 5712 2511 5767 δι’
2543 5713 2727 5780 ὠδῖνος
2755 5716 2979 5787 πρόοδον
3026 5718 3134 5772 τῶν
3175 5720 3451 5792 πολεμίων
3481 5724 3541 5776 τὸ
3575 5723 3735 5791 ξίφος.
3772 5720 3851 5772 Πι·

2301 5803 2433 5874 κρδν
2483 5799 2576 5859 οῦν
2616 5804 2725 5877 ἄρα
2773 5806 2833 5860 τὸ
2879 5808 3293 5864 ἀντιτάττεσθαι
3338 5811 3476 5882 Θεῷ,
3526 5795 3618 5866 καὶ
3653 5797 3848 5883 ὀλέθρου

2304 5894 2579 5967 πρόξενον,
2613 5899 2704 5954 καὶ
2736 5898 2803 5953 δι’
2831 5898 3000 5970 αὐτῆς
3039 5903 3229 5971 ὁρᾶται
3265 5903 3364 5976 τῆς
3406 5905 3613 5978 πείρας.
