4068 6592
294 454 403 509 317

1220 460 1771 523 COMMENTARIUS
1807 465 1877 522 IN
1916 466 2149 525 OSEAM
2187 467 2631 525 PROPHETAM.

3452 482 3557 540 518

385 571 828 642 Έπιστράφηθι,
868 576 1138 645 Ἰσραὴλ,
1162 580 1313 646 πρὸς
1341 580 1560 648 Κύριον
1586 584 1689 636 τόν
1725 585 1862 637 Θεόν

2054 586 2215 642 Vsus.
2238 588 2360 640 2-4.
2401 586 2728 653 Convertere,
2760 587 2953 655 Israel,
2984 591 3053 646 ad
3084 592 3364 649 Dominum
3394 595 3556 652 Deum

295 678 440 726 σου,
473 662 624 717 διότι
654 666 1009 735 ἠσθένησας
1037 670 1107 722 ἐν
1137 670 1266 737 ταῖς
1301 673 1558 739 ἀδικίαις
1588 690 1724 728 σου.
1760 676 1877 729 Λά-

295 757 431 808 ϐετε
462 757 592 825 μεθ’
619 756 851 811 ἑαυτῶν
880 762 1121 831 λόγους,
1161 763 1257 817 καὶ
1288 766 1692 836 ἐπιστράφητε
1730 767 1878 836 πρὸς

294 848 521 915 Κύριον
548 850 657 901 τὸν
695 851 845 903 Θεὸν
884 853 1071 920 ὑμῶν.
1126 856 1351 909 Εἴπατε
1380 857 1560 923 αὐτῷ,
1610 858 1768 924 ὅπως
1790 858 1875 927 μὴ

295 938 525 1007 λάϐητε
564 940 826 1007 ἀδικίαν,
861 943 959 996 καί
1001 945 1223 1013 λάϐητε
1256 949 1465 1018 ἀγαθὰ,
1496 950 1593 1004 καί
1622 951 1879 1004 ἀνταπο-

294 1029 575 1101 δώσομεν
599 1034 834 1101 καρπὸν
862 1036 1115 1103 χειλέων
1159 1039 1349 1108 ἡμῶν.
1395 1042 1645 1110 Ἀσσοὺρ
1683 1045 1756 1096 οὐ
1788 1042 1876 1112 μὴ

294 1124 474 1195 σώσῃ
500 1127 656 1196 ἡμᾶς
678 1168 693 1193 ,
743 1129 837 1199 ἐφ’
882 1132 1073 1186 ἵππον
1116 1136 1229 1189 οὐκ
1276 1136 1716 1209 ἀναϐησόμεθα.
1756 1143 1876 1195 Οὺκ

293 1217 385 1269 ἔτι
410 1216 499 1286 μὴ
529 1219 814 1289 εἴπωμεν·
853 1222 984 1275 Θεοί
1018 1223 1188 1292 ἡμῶν
1214 1225 1338 1293 τοῖς
1362 1227 1556 1298 ἔργοις
1588 1228 1705 1283 τῶν
1758 1248 1878 1300 χει-

290 1308 421 1375 ρῶν
453 1310 642 1378 ἡμῶν.

366 1401 548 1457 ΡΝΗ’.
591 1403 666 1457 Οὐ
699 1404 936 1476 μετρίως
978 1406 1044 1461 ἀν
1090 1424 1173 1473 τις
1210 1408 1480 1478 ἀγάσαιτο
1506 1412 1611 1466 κάν
1636 1413 1773 1484 τῷδε
1810 1415 1875 1486 δὴ

292 1491 465 1545 πάλιν
488 1492 582 1546 τοῦ
611 1495 891 1566 προφήτου
918 1496 980 1549 τὸ
1017 1496 1286 1569 εὐτεχνὲς,
1315 1501 1410 1554 καὶ
1448 1501 1542 1554 τοῦ
1582 1502 1742 1571 λόγου
1775 1504 1875 1573 τὴν

290 1583 628 1653 οἰκονομίαν.
681 1584 985 1657 Πεποίηται
1032 1588 1143 1658 γὰρ
1201 1588 1572 1661 ἀγιοπρεκῶς,
1621 1593 1715 1645 καὶ
1759 1592 1874 1646 ἔστι

290 1674 395 1743 τῆς
441 1674 650 1729 ἄνωθεν
690 1678 1083 1747 μυσταγωγίας
1137 1676 1413 1747 ἔμπλεως.
1468 1682 1874 1754 Προαναπεφώ-

288 1780 429 1835 νηκε
459 1765 560 1836 μὲν
588 1766 699 1838 γὰρ
739 1768 837 1840 τὴν
866 1770 1135 1841 ἐσομένην
1176 1769 1266 1824 διὰ
1296 1771 1533 1842 Χριστοῦ
1578 1774 1869 1847 λύτρωσιν,

288 1859 389 1909 καὶ
412 1858 498 1912 ὅτι
517 1858 658 1912 κατὰ
687 1860 915 1931 καιροὺς
942 1863 1235 1933 ὲκπονήσει
1262 1862 1515 1930 θάνατος,
1574 1868 1670 1922 καὶ
1696 1869 1872 1943 ἀργή-

288 1964 381 2002 σει
403 1949 467 2002 τὸ
485 1950 709 2023 κέντρον
732 1952 828 2006 τοῦ
860 1953 1010 2024 ᾅδου.
1031 1956 1141 2010 Καὶ
1175 1958 1313 2028 πρὸς
1338 1958 1569 2023 τούτοις,
1590 1961 1671 2017 ὄτι
1696 1978 1873 2031 παρα-

288 2039 544 2111 κλήσεως
596 2045 689 2097 καὶ
720 2046 1075 2117 παραμυθίας
1096 2050 1296 2121 τρόπος
1318 2050 1384 2105 ἂν
1403 2056 1574 2106 νοοῖτο
1596 2054 1875 2119 παντελῶς

284 2122 492 2195 οὗδέὶς,
518 2132 579 2195 ὃς
606 2136 705 2189 οὐκ
731 2137 975 2209 ἐγνώσθη
1001 2139 1137 2211 Θεῷ.
1161 2142 1273 2195 Καὶ
1299 2143 1361 2196 τὸ
1389 2145 1527 2215 μετά
1554 2145 1710 2199 τοῦτο
1733 2164 1874 2218 συμ-

285 2219 679 2297 6ουλεύειν.ἦν
729 2226 1029 2293 ἀναγκαῖον
1070 2232 1140 2285 τὰ
1187 2233 1324 2305 πρὸς
1371 2236 1648 2305 σωτηρίαν
1692 2237 1874 2300 αὐτοῖς

281 2311 550 2368 τελοῦντα
580 2315 765 2373 λοιπὸν
795 2323 1013 2390 φρονεῖν
1044 2340 1104 2376 τε
1135 2325 1228 2377 καὶ
1251 2325 1405 2397 δρᾷν,
1424 2327 1515 2380 καὶ
1545 2329 1709 2381 οἱονεὶ
1737 2330 1873 2399 πρὸς

281 2403 557 2476 ἀνάνηψιν
590 2408 944 2479 ἀνακομίζειν
986 2413 1302 2483 ἐπείγεσθαι
1341 2417 1468 2481 τοὺς
1519 2420 1869 2490 μεμεθυσμέ-

280 2510 414 2558 νους
457 2497 558 2549 οὐκ
599 2499 658 2564 ἐξ
695 2499 838 2553 οἴνου
873 2502 1057 2569 ποθὲν,
1094 2507 1161 2559 ὲκ
1210 2506 1521 2577 φιληδονίας
1572 2509 1627 2562 δὲ
1669 2511 1870 2580 μᾶλλον

282 2588 583 2656 κοσμικῆς,
604 2591 699 2643 καὶ
732 2592 826 2644 τοῦ
862 2596 1222 2664 προσκεῖσθαι
1253 2598 1428 2666 φιλεῖν
1457 2602 1579 2664 ταῖς
1616 2601 1724 2655 τῶν
1757 2603 1870 2656 δαι-

281 2675 470 2744 μόνων
500 2679 759 2744 ἀπάταις.
788 2681 904 2737 Ἵνα
935 2685 1116 2739 τοίνυν
1154 2688 1228 2758 μὴ
1259 2692 1377 2754 ταῖς
1398 2692 1477 2755 εἰς
1522 2693 1869 2763 χρηστότητα

278 2769 382 2821 καὶ
436 2770 851 2842 φιλανθρωπίαν
912 2775 1239 2846 ὑποσχέσεσι
1308 2782 1443 2851 πρὸς
1506 2783 1567 2835 τὸ
1624 2784 1866 2856 ῥᾴθυμον

278 2859 670 2931 ὑπτιούμενοι,
722 2864 815 2918 τὸν
871 2869 1224 2938 σωφρονίζειν
1282 2872 1460 2926 εἰδότα
1527 2876 1659 2947 παρ’
1716 2878 1867 2931 οὐδὲν

193 3038 201 3043 υ
276 2955 524 3007 ποιοῖντο
548 2954 725 3025 λόγον,
760 2958 932 3031 ταύτῃ
959 2978 1041 3015 τοι
1082 2963 1368 3034 χρησίμως
1400 2966 1537 3038 πρὸς
1561 2969 1866 3041 ὑπόμνησιν

274 3044 483 3111 αὐτοὺς
513 3047 620 3101 τῶν
642 3049 833 3102 δεινῶν
862 3052 1125 3123 ἀναφέρει
1149 3055 1334 3120 πάλιν,
1361 3059 1456 3111 καὶ
1494 3061 1865 3134 ἀναφανισθή-

273 3136 480 3191 σεσθαι
513 3140 613 3209 μὲν
641 3140 740 3211 τὴν
768 3141 1087 3213 Σαμάρειαν
1114 3146 1309 3211 εἰπὼν,
1345 3150 1426 3202 ὅτι
1462 3152 1694 3224 ἀντέστη
1729 3154 1866 3225 πρὸς

1980 688 2169 742 tuum,
2221 679 2346 747 quia
2401 678 2700 744 infirmatus
2760 696 2813 732 es
2874 683 2930 733 in
2989 683 3356 752 iniquitatibus
3430 689 3557 741 tuis.

1984 769 2168 822 Tollite
2198 768 2462 822 vobiscum
2495 785 2777 832 sermones,
2826 782 2872 824 et
2922 776 3239 830 revertimini
3271 779 3341 831 ad
3376 778 3559 831 Domi-

1982 877 2124 913 num.
2157 859 2322 914 Dicite
2353 861 2422 924 ei,
2459 870 2513 913 ut
2545 877 2646 913 non
2682 860 2883 915 tollatis
2932 864 3284 933 iniquitatem,
3325 877 3370 919 et
3405 883 3556 920 assu-

1979 954 2133 1005 matis
2169 953 2325 1014 bona,
2368 964 2413 1004 et
2461 952 2743 1005 reddamus
2776 950 3005 1019 fructum
3050 952 3308 1008 labiorum
3351 965 3557 1009 nostro-

1979 1059 2115 1096 rum.
2166 1043 2335 1096 Assur
2391 1058 2493 1096 non
2548 1042 2769 1095 salrabit
2823 1058 2936 1107 nos,
2998 1059 3154 1113 super
3206 1061 3392 1114 equum
3452 1062 3554 1099 non

1978 1133 2334 1198 ascendemus,
2369 1150 2472 1187 non
2512 1134 2738 1202 antplius
2770 1134 3039 1189 dicemus:
3069 1134 3157 1188 Dii
3205 1137 3373 1190 nostri
3431 1153 3553 1207 ope-

1979 1223 2123 1277 ribus
2156 1239 2408 1277 manuum
2431 1234 2756 1278 nostrarum.

2047 1399 2272 1455 CLVIII.
2327 1398 2502 1454 Etiam
2546 1400 2599 1454 in
2659 1402 2745 1457 his
2785 1404 3063 1473 prophetae
3110 1406 3400 1461 artiﬁcium
3442 1422 3557 1463 ser-

1976 1493 2260 1561 monisque
2290 1494 2651 1548 meonomiam
2699 1510 2803 1549 non
2830 1495 3023 1550 leviter
3048 1497 3307 1552 admirari
3337 1511 3506 1567 queas
3538 1521 3550 1553 :

1975 1598 2123 1650 nam,
2158 1592 2216 1637 ιιι
2244 1591 2491 1639 sanctum
2524 1585 2770 1653 decebat,
2812 1587 2977 1641 verba
3023 1586 3178 1650 ﬁunt,
3228 1599 3284 1641 et
3319 1604 3550 1658 superna

1973 1676 2309 1746 mystagogia
2353 1690 2447 1730 seu
2484 1675 2729 1730 doctrina
2786 1678 2995 1733 caelesti
3040 1680 3197 1747 plena
3242 1689 3391 1737 sunt.
3422 1680 3553 1735 Pro-

1974 1765 2234 1836 mulgavit
2263 1766 2407 1822 enim
2442 1766 2678 1821 futuram
2707 1783 2807 1839 per
2828 1769 3110 1825 Christum
3143 1770 3548 1835 liberationem,

1974 1868 2032 1914 et
2081 1859 2213 1913 olim
2266 1858 2594 1914 delassatum
2652 1859 2714 1912 iri
2776 1871 3039 1924 mortem,
3100 1872 3155 1917 et
3211 1872 3550 1917 cessaturum

1975 1951 2250 2005 stimulum
2300 1951 2523 2006 inferni.
2580 1948 2809 2022 Insuper
2867 1953 3070 2007 nullum
3114 1954 3456 2008 demulcendi
3497 1964 3553 2009 et

1975 2042 2288 2097 consolandi
2345 2044 2561 2096 modum
2605 2059 2633 2097 a
2672 2059 2944 2113 quoquam
2988 2060 3147 2114 posse
3175 2046 3387 2115 concipi
3431 2060 3550 2098 om-

1974 2132 2145 2199 nino,
2201 2134 2289 2203 qui
2352 2135 2515 2187 Deum
2569 2134 2749 2190 lateat.
2812 2136 2938 2190 Post
2998 2139 3097 2190 hoc
3162 2151 3387 2191 necesse
3434 2146 3553 2191 erat

1972 2227 2222 2291 suadere,
2257 2236 2313 2280 ut
2340 2242 2461 2295 quae
2492 2228 2717 2295 posthac
2742 2228 2807 2281 ad
2841 2243 3027 2281 eorum
3056 2227 3285 2282 salutem
3315 2226 3553 2295 pertine-

1971 2324 2114 2380 rent,
2146 2330 2207 2369 ea
2244 2325 2299 2371 et
2340 2323 2840 2372 commentarentur
2869 2327 2925 2372 et
2955 2317 3234 2380 facerent;
3269 2328 3321 2372 et
3353 2334 3456 2371 non
3484 2333 3550 2371 ex

1972 2409 2098 2461 vino
2148 2408 2417 2473 alicunde,
2466 2410 2562 2463 sed
2613 2424 2676 2464 ex
2716 2409 3017 2477 cupiditate
3053 2410 3232 2478 potius
3267 2411 3551 2463 mundana:

1972 2499 2284 2568 voluptatis,
2329 2510 2383 2553 et
2428 2515 2493 2555 ex
2529 2501 2937 2556 consectatione
2973 2501 3312 2556 fallaciarum
3350 2502 3548 2557 diaboli

1972 2592 2291 2657 inebriatos,
2338 2593 2525 2648 conari
2577 2594 2722 2647 velut
2762 2595 2828 2647 ad
2876 2595 3227 2648 sobrietatem
3271 2596 3546 2649 reducere.

1969 2688 2047 2744 Ne
2076 2689 2257 2760 igitur,
2283 2688 2636 2759 benignitatis
2686 2700 2740 2742 et
2788 2689 3143 2743 humanitatis
3175 2689 3552 2759 promissioni-

1969 2782 2071 2836 bus
2128 2781 2321 2850 supine
2367 2782 2722 2851 negligentes,
2784 2783 3095 2836 sobrietatis
3144 2792 3197 2836 et
3253 2781 3549 2850 prudentia:

1969 2874 2289 2943 magistrum
2353 2889 2662 2929 sermonem
2715 2873 3075 2942 despicerent,
3132 2873 3201 2926 ob
3249 2873 3298 2925 id
3347 2887 3439 2925 eos
3482 2871 3548 2925 ad

1967 2965 2283 3019 memoriam
2317 2965 2637 3019 acerborum
2662 2966 2838 3020 denuo
2867 2974 3102 3020 revocat.
3137 2965 3198 3018 Et
3232 2980 3353 3019 cum
3377 2965 3547 3018 dixis-

1965 3066 2049 3111 set
2079 3055 2436 3123 disperditum
2470 3055 2537 3109 iri
2571 3055 2901 3123 Samariam,
2941 3057 3065 3124 quia
3102 3056 3395 3110 restitisset
3438 3055 3548 3110 Deo

1968 3164 2087 3211 suo,
2140 3165 2263 3204 mox
2314 3147 2431 3205 istis
2480 3148 2569 3202 illa
2623 3149 2921 3219 snbjungit,
2971 3165 3090 3215 quae
3140 3148 3215 3219 ad
3265 3148 3546 3203 audientes

270 3228 373 3283 τὸν
401 3229 533 3284 Θεὸν
566 3232 772 3303 αὐτῆς,
806 3229 925 3291 εἷτα
954 3236 1166 3301 τούτοις
1209 3241 1392 3295 ἐκεῖνα
1442 3246 1753 3313 προστιθεὶς
1774 3287 1790 3312 ,
1826 3248 1862 3302 ἃ

1965 3240 2349 3309 perterrendns
2403 3242 2911 3310 contristandosque
2968 3240 3121 3310 191
3176 3240 3354 3293 vnlch
3414 3239 3546 3293 satis

273 3321 351 3394 δὴ
393 3323 631 3393 μάλιστά
676 3343 741 3394 γε
786 3329 1257 3385 καταδεδίττεσθαί
1299 3351 1359 3386 τε
1404 3337 1499 3389 καὶ
1542 3338 1699 3410 ἀνιᾷν
1762 3341 1865 3394 οὐκ

272 3414 557 3479 ἁνικάνως
584 3416 777 3488 ἔχοντα
810 3422 1061 3488 φαίνεται
1095 3424 1222 3488 τοὺς
1246 3425 1654 3497 ἀκροωμένους.
1673 3431 1861 3501 Νήπια

275 3506 385 3575 μὲν
412 3506 523 3577 γὰρ
549 3509 1006 3582 ὲδαφισθήσεσθαί
1037 3530 1203 3586 φησι·
1236 3516 1627 3573 συνδιολεῖσθαι
1663 3519 1721 3573 δὲ
1749 3523 1863 3585 τοῖς

271 3599 543 3672 ἐμϐρύοις
569 3603 662 3657 καὶ
700 3605 867 3668 αὑτὰς
895 3606 995 3672 τάς
1032 3609 1295 3679 μητέρας,
1324 3608 1477 3664 οὔπω
1500 3612 1600 3682 τῆς
1635 3613 1863 3681 λαγόνος

271 3691 672 3760 ὲξενεγκούσας
719 3698 801 3761 είς
833 3698 949 3765 φῶς
991 3701 1053 3753 τὸ
1096 3701 1458 3758 πολύτευκτον
1491 3705 1671 3770 ἄνθος.
1722 3708 1862 3778 Upo-

271 3787 667 3856 καταπτοήσας
716 3788 780 3859 δὴ
827 3784 921 3842 οὖν
963 3794 1076 3855 τοῖς
1128 3792 1449 3865 δείγμασιν,
1504 3796 1598 3851 ἐπὶ
1664 3799 1858 3871 καιροῦ

269 3874 467 3930 λοιπὸν
486 3880 605 3939 ταῖς
619 3877 729 3934 τῶν
752 3884 1192 3954 νουθετουμένων
1213 3888 1462 3956 καρδίαις
1482 3889 1574 3943 τὸν
1592 3890 1859 3945 καλοῦντα

270 3970 418 4041 πρὸς
441 3973 782 4042 μετάγνωσιν
815 3974 990 4046 ἐνίησι
1019 3976 1194 4046 λόγον,
1217 3981 1297 4033 ὅτι
1318 3980 1424 4053 χρὴ
1448 3982 1857 4056 παλινδρομεῖν,

267 4058 375 4112 καὶ
409 4060 547 4130 πρὸς
577 4061 709 4115 Θεὸν
739 4064 1033 4135 ἐπανήκειν
1073 4063 1133 4120 εὖ
1180 4069 1323 4139 μάλα
1354 4072 1724 4141 παραφωνῶν.
1755 4075 1859 4128 Λέ-

267 4166 391 4218 γων
416 4151 497 4216 δὲ,
538 4153 621 4206 ὅτι
661 4172 680 4205 ι
703 4154 1042 4226 Ἠσθένησας
1072 4160 1128 4211 ὲν
1160 4162 1281 4224 ταῖς
1305 4162 1545 4227 ἀδικίαις
1572 4181 1689 4231 σου,
1723 4185 1740 4217 ι
1776 4166 1857 4219 δί-

266 4243 413 4299 δωσι
436 4247 597 4317 νοεῖν,
639 4246 722 4300 ὄτι
763 4247 940 4320 πάντη
972 4266 1031 4303 τε
1072 4251 1166 4304 καὶ
1197 4253 1414 4318 πάντως
1455 4257 1857 4329 συγκαταλήξει

266 4337 397 4399 ταῖς
427 4336 664 4402 ἀδικίαις
701 4340 796 4393 καὶ
835 4340 895 4394 τὸ
933 4341 1181 4399 ἀσθενεῖν
1210 4344 1429 4409 αὐτοὺς,
1465 4349 1559 4400 καὶ
1605 4350 1719 4411 τοῖς
1756 4349 1857 4419 τῆς

266 4426 617 4490 ἀποστασίας
644 4429 901 4499 τρόποις,
931 4433 980 4485 εί
1014 4432 1079 4485 ἐκ
1111 4432 1280 4503 μέσου
1309 4434 1566 4502 γένοιντο,
1601 4439 1849 4511 συνοιχή-

266 4536 432 4574 σεται
478 4522 574 4575 καὶ
609 4521 678 4575 τὰ
708 4522 878 4577 δεινά.
918 4523 1022 4577 Τὸν
1053 4522 1111 4577 δέ
1144 4540 1208 4594 γε
1252 4524 1354 4595 τῆς
1386 4526 1521 4597 πρὸς
1562 4527 1694 4582 Θεὸν
1731 4531 1855 4582 ὲπι-

1964 3332 2237 3387 videntur.
2310 3333 2548 3387 Infantes
2602 3333 2801 3402 quippe
2856 3332 3157 3385 allidendos
3209 3340 3431 3395 narrat,
3492 3339 3546 3384 et

1965 3433 2169 3479 matres
2206 3425 2348 3493 ipsas
2375 3425 2669 3492 perituras,
2704 3424 3050 3491 optatissimo
3084 3421 3215 3476 ﬂore
3252 3424 3487 3476 nondum
3514 3437 3545 3475 e

1966 3514 2267 3569 visceribus
2336 3514 2388 3566 in
2451 3512 2624 3567 lucem
2695 3513 2860 3568 edito.
2919 3512 3119 3580 Injccto
3175 3512 3338 3581 igitur
3391 3512 3544 3580 prius

1962 3620 2186 3674 pavore,
2234 3606 2301 3661 de
2339 3616 2535 3659 cetero
2567 3619 2874 3657 sermonem
2920 3603 2989 3658 ad
3035 3602 3407 3672 paenitentiam
3451 3617 3545 3657 co-

1964 3698 2268 3752 hortantem
2293 3696 2548 3750 cordibus
2577 3708 2765 3748 eorum
2794 3707 2930 3762 quos
2956 3694 3212 3747 admonet
3236 3701 3543 3761 opportune

1961 3788 2224 3854 immittit,
2281 3801 2562 3841 recurrere
2605 3794 2660 3840 et
2716 3785 2782 3838 ad
2837 3784 3002 3838 Deum
3048 3784 3241 3839 reverti
3291 3793 3543 3853 oportere

1962 3880 2313 3934 meritissimo
2343 3877 2676 3932 acclamans.
2710 3879 2841 3931 Cum
2874 3891 3038 3945 porro
3063 3876 3218 3939 dicit,
3248 3876 3370 3943 quia
3403 3892 3421 3925 ι
3452 3874 3541 3929 In-

1963 3973 2207 4026 ﬁrmatus
2237 3984 2296 4024 es
2350 3971 2401 4023 in
2464 3970 2841 4037 iniquitatibus
2887 3969 3028 4033 tuis,
3058 3987 3077 4020 ι
3136 3966 3539 4037 intelligendum

1960 4063 2198 4130 subiicit.
2234 4062 2561 4116 omnimodis
2604 4061 2974 4115 inﬁrmitatem
3008 4059 3247 4129 ipsorum
3278 4077 3381 4114 una
3417 4075 3538 4116 cum

1960 4154 2339 4224 iniquitatibus
2367 4154 2692 4220 desiturum;
2724 4162 2799 4216 et,
2829 4155 2874 4206 si
2903 4152 3188 4217 apostasim
3216 4152 3539 4221 multiplices

1958 4262 1989 4301 e
2022 4247 2197 4301 medio
2240 4254 2639 4308 removeantur,
2690 4259 2773 4298 res
2816 4247 3073 4299 adversas
3109 4259 3321 4313 quoque
3372 4244 3534 4298 simul

1960 4339 2221 4393 abituras.
2257 4335 2472 4391 Modum
2516 4345 2694 4390 autem
2732 4336 3059 4391 reversinnis
3090 4336 3155 4389 ad
3191 4337 3351 4389 Deum
3387 4337 3536 4391 laevi-

1959 4441 2087 4499 gat:
2118 4430 2194 4483 ait
2235 4430 2377 4483 enim
2407 4428 2630 4497 pulchre
2669 4430 2957 4482 admodum
2992 4440 3308 4497 peccatores
3346 4428 3538 4483 melius

1960 4522 2264 4585 habituros,
2322 4535 2689 4589 sensurosque
2739 4519 2904 4573 Deum
2945 4519 3262 4588 propitium,
3313 4534 3421 4573 non
3471 4520 3538 4574 de

265 4611 517 4681 στροφῆς
539 4611 905 4667 καταλειαίνει
933 4615 1150 4685 τρόπον.
1179 4616 1440 4670 Ἕσεσθαι
1468 4618 1577 4689 γὰρ
1608 4619 1667 4672 ὲν
1695 4619 1857 4691 ἀμεί-

1965 4612 2168 4667 divitiis
2195 4610 2508 4676 oﬁ‘ercntes,
2533 4625 2640 4663 non
2676 4625 2868 4663 aurum
2895 4608 3233 4673 dedicantes,
3265 4623 3369 4661 non
3393 4608 3533 4663 vasis

263 4718 411 4766 νοσι,
454 4703 547 4757 καὶ
572 4703 631 4757 ὲν
657 4704 831 4773 φειδοῖ
869 4707 935 4776 τῇ
970 4706 1123 4777 παρά
1151 4706 1269 4777 Θεῷ
1300 4709 1426 4768 τοὺς
1462 4710 1855 4781 ἡμαρτηκότας

263 4790 333 4847 εὖ
366 4793 515 4863 μάλα
546 4795 741 4865 φησὶν,
770 4797 830 4849 οὐ
867 4797 936 4850 τὰ
984 4798 1051 4850 ὲκ
1081 4798 1314 4854 πλούτου
1350 4801 1750 4872 προσάγοντας,
1790 4802 1850 4855 οὐ

264 4885 476 4955 χρυσὸν
495 4886 818 4951 ἀναθέντας,
853 4889 914 4942 οὐ
946 4888 1202 4944 σκεύεσιν
1225 4892 1487 4964 ἀργυροῖς
1508 4895 1677 4964 τιμᾷν
1704 4895 1844 4966 ᾑρη-

266 4976 495 5047 μένους,
528 4979 589 5032 οὐ
620 4978 957 5049 βουθυσίαις,
1001 4982 1064 5034 οὐ
1124 4982 1312 5054 μήλων
1355 4986 1590 5054 σφαγαῖς
1620 4984 1851 5056 εὐφραί-

261 5084 483 5133 νοντας,
536 5070 653 5123 ἀλλ’
701 5072 751 5125 εί
798 5072 1115 5142 χαρίσαιντο
1160 5073 1377 5144 λόγους,
1425 5075 1522 5128 καὶ
1566 5076 1850 5147 εὐστομεῖν

260 5161 479 5215 ἕλοιντο
538 5163 630 5216 τὸν
681 5165 790 5219 τῶν
838 5165 976 5219 ὅλων
1028 5166 1296 5237 δεσπότην
1354 5166 1846 5238 ἐκμειλισσόμενοι.

268 5269 289 5303 ι
328 5251 541 5306 Λάϐετε
585 5253 693 5324 γὰρ
726 5254 843 5323 μεθ’
872 5254 1082 5309 ἑαυτῶν
1112 5255 1325 5325 λόγους,
1368 5256 1557 5309 εἴπατε
1599 5255 1678 5326 τῷ
1706 5256 1845 5329 Θεῷ,

258 5345 420 5406 ὅπως
454 5342 530 5415 μὴ
559 5343 760 5415 λάϐητε
785 5344 1019 5410 ἀδικίαν,
1045 5348 1140 5400 καὶ
1173 5345 1376 5417 λάϐητε
1409 5345 1611 5415 ἀγαθὰ,
1644 5365 1662 5398 s
1696 5365 1850 5401 τουτ-

258 5435 443 5497 έστιν,
489 5434 576 5489 ἶνα
627 5434 702 5505 μὴ
735 5437 857 5499 ταῖς
895 5436 1131 5501 ἀδικίαις
1180 5436 1481 5508 ίσομέτρως
1526 5435 1850 5507 κολάζησθε,

260 5525 687 5595 καταπλουτῆτε
742 5526 798 5579 δὲ
831 5527 1052 5598 μᾶλλον,
1100 5531 1222 5593 ταῖς
1272 5528 1381 5583 τῶν
1427 5528 1648 5598 ἀγαθῶν
1689 5546 1854 5601 χορη-

256 5620 440 5686 γίαις,
486 5618 883 5688 ἐπαγγείλασθε
931 5621 988 5674 δὲ
1022 5622 1413 5692 προσκομίζειν
1452 5621 1600 5692 αὐτῷ
1632 5624 1704 5677 τά
1741 5624 1850 5676 ἀπὸ

256 5708 526 5779 χειλέων,
585 5710 978 5781 χαριστηρίους
1044 5711 1220 5781 ᾠδὰς,
1278 5713 1372 5766 καὶ
1431 5712 1843 5784 ἐξομολόγησιν.

257 5798 527 5870 Γλώσσης
549 5801 658 5872 γάρ
690 5801 758 5855 τὰ
784 5802 961 5857 τοιάδε
1004 5805 1226 5874 καρποί.
1276 5805 1423 5874 Πλὴν
1457 5807 1633 5858 ἐκεῖνο
1660 5805 1839 5875 βοᾶτε,

257 5889 425 5961 φησὶ,
463 5892 555 5945 καὶ
597 5895 878 5968 ἀραρότως
912 5896 1332 5965 ἐπαγγέλλεσθε,
1381 5899 1453 5963 ὡς
1482 5898 1604 5952 οὒτε
1642 5900 1837 5970 ἐρεῖτε·

1958 4702 2235 4772 argenteis
2276 4701 2425 4755 illum
2472 4700 2742 4754 honorare
2795 4699 3163 4763 instituentes,
3213 4716 3318 4753 non
3370 4700 3531 4753 boum

1955 4798 2262 4863 sacriﬁciis,
2312 4813 2417 4852 non
2475 4799 2655 4851 ovium
2712 4795 3129 4851 mactationihus
3163 4795 3530 4860 laetiﬁcantes;

1954 4893 2049 4948 sed
2083 4892 2127 4946 si
2159 4890 2480 4945 donaverint
2514 4892 2564 4946 ei
2610 4904 2912 4953 sermones,
2944 4895 2998 4943 et
3028 4887 3277 4941 laudibus
3309 4887 3532 4941 univer-

1953 4997 2137 5038 sorum
2198 4982 2482 5038 Dominum
2543 4981 2795 5051 mitigare
2842 4979 3204 5036 decreverint.
3274 4978 3533 5033 «Sumite

1956 5075 2233 5130 vobiscum
2280 5088 2598 5140 sermones,
2662 5073 2865 5142 inquit,
2920 5072 3086 5127 dicite
3142 5071 3251 5125 Deo
3306 5080 3365 5123 ut
3425 5085 3529 5124 non

1959 5167 2159 5223 tollatis
2200 5165 2558 5235 iniquitatem,
2608 5174 2664 5217 et
2701 5162 2982 5233 accipiatis
3030 5162 3193 5225 bona,
3226 5180 3244 5212 ι
3293 5160 3394 5215 hoc
3425 5167 3529 5223 est,

1956 5274 2025 5314 ne
2075 5257 2315 5328 mquales
2364 5256 2746 5326 iniquitatibus
2802 5268 2992 5323 poenas
3035 5254 3382 5317 sustineatis;
3433 5253 3530 5306 sed

1954 5360 2140 5406 contra
2172 5351 2436 5405 bonorum
2474 5347 2763 5417 adeptione
2796 5346 2990 5401 divites
3020 5345 3284 5400 evadatis.
3315 5343 3532 5398 Oblatu-

1951 5458 2041 5498 ros
2066 5451 2244 5497 autem
2280 5442 2345 5497 de
2376 5440 2535 5495 labiis
2566 5440 2762 5494 vestris
2786 5438 2999 5493 cantica
3034 5438 3328 5508 gratiarum
3375 5444 3522 5489 acto-

1950 5533 2050 5595 ria,
2087 5542 2142 5588 et
2172 5532 2567 5587 confessionem
2600 5530 2917 5605 promittite.
2962 5527 3025 5584 Hi
3060 5528 3205 5582 enim
3249 5535 3376 5581 sunt
3417 5524 3530 5578 fru-

1945 5634 2066 5680 etus
2098 5626 2313 5695 lingua}.
2363 5622 2747 5679 Verumtamen
2781 5622 2909 5677 illud
2945 5621 3195 5682 clamate,
3244 5618 3437 5685 inquit,
3475 5626 3529 5671 et

1948 5726 2313 5784 congruenter
2334 5715 2620 5786 spondete,
2651 5729 2757 5770 non
2788 5713 3018 5782 amplius
3046 5712 3207 5766 etiam
3242 5710 3522 5768 dicturos:

1959 5809 2089 5864 «Dii
2157 5810 2329 5865 nostri
2385 5808 2640 5878 Operihus
2703 5821 2954 5862 manuum
3024 5812 3397 5858 vestrarum.»
3458 5804 3521 5859 lli

1952 5901 2095 5955 enim
2145 5910 2301 5957 erant
2359 5899 2500 5955 modi
2559 5898 2873 5969 apostasiaa;
2924 5902 3142 5965 propter
3188 5892 3303 5947 haec
3354 5892 3520 5948 Deum
