4068 6598
580 450 688 508 619

1574 449 1633 504 S.
1673 446 1954 506 CYRILLI
1994 449 2461 508 ALEXANDRINI
2501 452 2822 509 ARCHIEP.

3732 435 3849 513 7320

582 561 1108 631 olfenderunt,.quia
1138 568 1193 617 et
1225 560 1385 618 idolis
1421 559 1761 631 sameram,
1792 574 1848 620 et
1881 566 1989 620 Deo
2017 579 2161 621 sem-

2269 567 2423 619 tGaol.
2443 566 2599 637 ήμῶν
2620 567 2733 627 τοῖς
2752 563 2936 636 ἔργοις
2956 559 3071 617 τῶν
3089 564 3286 634 χειρῶν
3312 564 3483 634 ὑμῶν.
3500 559 3723 618 »Ἦσαν
3746 568 3846 638 γὰρ

581 668 684 724 per
735 652 1007 709 salvatore
1056 667 1155 708 suo
1209 662 1561 723 contempto,
1621 668 1775 724 spem
1837 655 1889 709 in
1942 657 2161 713 auxiliis

583 746 838 800 humanis
875 754 1263 814 reposuerunt;
1313 755 1368 800 et
1396 746 1830 816 oppugnantibus
1867 762 1962 803 eos
1988 747 2160 819 Aigy-

581 840 711 911 ptiis
762 840 1042 910 Assyrium
1080 839 1472 910 itnplorarunt,
1506 844 1736 907 ;rursum
1770 840 2012 911 Assyriis
2054 840 2162 896 Sa~

582 932 815 985 mariatn
868 932 1038 985 armis
1085 930 1492 1001 appetentibns,
1540 930 1918 1002 Egyptiorum
1946 933 2158 1000 equites

581 1024 919 1093 sagittarios,
952 1024 1071 1077 sive
1109 1024 1379 1093 equestris
1427 1022 1635 1077 militiae
1673 1036 1874 1092 gnaros
1912 1024 2161 1077 mercede

581 1115 986 1169 conduxerunt.
1036 1114 1242 1168 Idcirco
1273 1122 1329 1168 et
1366 1128 1396 1166 a
1431 1113 1542 1168 Deo
1592 1122 1780 1183 aperte
1822 1114 2112 1167 audierunt
2144 1130 2158 1166 :

592 1224 610 1257 ι
644 1204 735 1258 Vae
766 1204 854 1272 qui
893 1204 1221 1258 descenditis
1246 1204 1297 1257 in
1335 1201 1629 1274 IEgyptum
1658 1204 1726 1258 ad
1755 1202 2039 1267 auxilium,
2070 1202 2158 1272 qui

586 1295 866 1351 conﬁdunt
900 1296 951 1348 in
997 1295 1151 1363 equis
1197 1304 1252 1349 et
1299 1295 1351 1348 in
1385 1294 1633 1349 curribus
1658 1294 1723 1351 ”.
1764 1314 1784 1346 ι
1823 1292 2160 1348 Ridebantur

582 1396 784 1452 porro,
842 1396 943 1438 nec
1002 1383 1235 1453 injuria,
1288 1393 1592 1452 quaerentes
1640 1385 2037 1453 protectionem
2092 1384 2160 1440 ab

584 1474 807 1531 homine
850 1474 1128 1545 Egyptio,
1172 1489 1279 1530 non
1330 1490 1360 1529 a
1399 1474 1647 1540 Domino,
1682 1493 1703 1527 ι
1730 1489 1992 1544 equorum
2033 1490 2159 1529 ear-

584 1566 773 1632 nes“,
809 1585 829 1619 ι
869 1576 927 1621 ιιι
962 1567 1223 1637 scriptum
1273 1574 1378 1622 est.
1419 1566 1559 1635 Ergo
1605 1566 1952 1635 pollicentur,
1997 1582 2056 1623 se
2093 1567 2162 1622 ab

584 1657 851 1713 idolorum
888 1658 1033 1712 cultu
1064 1660 1420 1723 discessuros,
1453 1672 1553 1712 nec
1585 1659 1724 1711 ultra
1757 1659 1811 1713 in
1853 1658 2163 1715 hominibus

584 1762 736 1818 Spem
817 1747 1116 1803 habituros.
1190 1748 1508 1803 Emendatio
1570 1748 1676 1803 iatn
1734 1757 2160 1817 perpetratorum

581 1838 905 1893 delictorum
932 1840 1310 1894 universorum
1333 1840 1580 1909 opiﬁcem
1609 1839 1675 1894 ad
1703 1838 1981 1895 lenitatem
2009 1855 2163 1895 revo-

2262 652 2407 712 οὗτοι
2448 659 2549 728 τῆς
2598 657 2936 720 ἀποστασίας
2983 659 3031 710 oi
3074 657 3284 727 τρόποι.
3327 657 3423 709 Διὰ
3461 656 3646 710 ταῦτα
3687 674 3847 728 προσ-

2262 749 2652 821 κεκρούκασιν,
2701 750 2782 801 ὅτι
2832 748 2927 801 καὶ
2968 746 3394 820 λελατρεύκασιν
3448 747 3722 811 είδώλοις,
3760 754 3845 803 καὶ

2263 843 2356 896 τὸν
2399 842 2487 895 ἀεὶ
2516 840 2756 904 σώζοντα
2799 840 2933 892 Θεὸν
2967 839 3513 909 ἀτιμάσαντεςταῖς
3549 838 3617 902 ἐξ
3653 838 3845 909 ἀνθρώσ

2264 950 2382 987 πων
2430 931 2773 1002 ἐπικουρίαις
2831 930 3308 1001 προσνενεμήκασι
3337 930 3435 1000 τὴν
3479 929 3700 983 ἐλπίδα.
3743 931 3841 983 Καὶ

2265 1020 2647 1093 πολεμούντων
2668 1022 2765 1093 μὲν
2791 1020 2975 1083 αὐτοῖς
2994 1019 3101 1072 τῶν
3120 1020 3457 1089 Αἰγυπτίων,
3475 1020 3843 1074 ἐπεκαλοῦντο
3954 1038 3955 1043 ‘

2261 1115 2354 1168 τὸν
2398 1113 2700 1184 Ἀσσύριον.
2754 1111 3053 1183 Ἀσσυρίων
3083 1112 3143 1165 δὲ
3187 1112 3351 1165 πάλιν
3395 1111 3534 1165 ὅπλα
3574 1111 3726 1165 κατὰ
3754 1112 3839 1183 τῆς

2264 1206 2578 1277 Σαμαρείας
2628 1204 2920 1276 ῂρμένων,
2962 1204 3390 1275 κατεμισθοὼτο
3432 1204 3690 1275 χρήμασι
3727 1203 3841 1268 τοὺς

2261 1298 2371 1353 τῶν
2402 1298 2716 1367 Αἰγυπτίων
2747 1295 3121 1362 ἱπποτοξότας,
3166 1296 3335 1367 ῆγουν
3360 1296 3419 1348 ἐν
3446 1298 3558 1358 τοῖς
3586 1295 3840 1364 πολέμοις

2266 1390 2501 1460 ἱππικῆς
2558 1388 2953 1458 ἐπιστήμονας.
2986 1387 3171 1459 Ταύτῃ
3209 1405 3293 1442 τοι
3338 1387 3431 1441 καὶ
3476 1386 3682 1458 ἤκουον
3715 1386 3839 1441 Θεοῦ

2262 1479 2514 1549 λέγοντος
2568 1476 2835 1549 ἐναργῶςο
2883 1495 2902 1530 ι
2946 1478 3083 1533 οὐαὶ
3108 1480 3159 1531 oi
3190 1478 3617 1541 καταϐαίνοντες
3645 1479 3727 1541 είς
3753 1478 3838 1531 Δί’-

2252 1586 2469 1640 γυπτον
2497 1569 2592 1623 ἐπὶ
2650 1569 2922 1641 βοήθειαν,
2953 1572 3003 1623 οἱ
3034 1571 3121 1640 ἐφ’
3142 1570 3338 1634 ἵπποις
3368 1568 3716 1636 πεποιθότες,
3756 1572 3841 1623 καὶ

2263 1663 2350 1734 ἐφ’
2402 1664 2665 1734 ἅρμασιν.
2700 1681 2719 1715 ι
2771 1662 3068 1731 Ἐγελῶντο
3111 1663 3209 1728 δὲ,
3265 1665 3363 1716 καὶ
3409 1662 3555 1733 μάλα
3601 1662 3836 1727 δικαίως,

2265 1752 2647 1826 προασπιστὴν
2676 1750 2953 1807 ποιεῖσθαι
2988 1753 3386 1818 σπουδάζοντες
3411 1752 3719 1821 Αίγύπτιον
3764 1752 3837 1806 ἄν·

2256 1844 2503 1916 θρωπον,
2550 1843 2645 1898 καὶ
2694 1844 2756 1896 ού
2800 1843 2958 1909 Θεὸν,
3013 1862 3031 1893 ι
3063 1842 3248 1896 ἵππων
3283 1842 3512 1914 σάρκας,
3545 1858 3566 1894 ι
3615 1840 3758 1894 κατά
3786 1838 3840 1892 ab

583 1938 673 1984 eat
717 1944 812 1998 per
851 1930 1007 2000 192
1051 1932 1367 2000 prophetam
1427 1932 1500 1985 ita
1548 1930 1899 2000 loquentem:
1935 1948 1957 1982 ‹
1991 1931 2158 1985 Aver-

2269 1914 2669 2007 γεγραμμένον.
2699 1934 2916 1989 Θὺκοῦν
2942 1935 3245 2005 ἀποφοιτᾷν
3294 1934 3723 2003 ἐπαγγέλλονται
3752 1934 3837 1985 καὶ

584 2022 741 2076 sione
790 2024 1098 2077 avertimini
1146 2024 1213 2078 ab
1263 2024 1641 2094 iniquitatibus
1698 2025 1926 2090 vestris,
1968 2026 2159 2079 domus

2269 2027 2360 2081 τοῦ
2386 2026 2671 2098 λατρεύειν
2697 2025 2957 2091 εἰδώλοις,
2991 2026 3087 2080 καὶ
3121 2025 3218 2079 τοῦ
3261 2024 3360 2089 τὰς
3388 2024 3618 2088 ἐλπίδας
3644 2023 3731 2075 ἐπ’
3760 2022 3837 2075 iv-

585 2112 771 2177 lsracl,
810 2123 863 2168 et
905 2131 1009 2169 non
1041 2124 1203 2169 erunt
1245 2114 1396 2170 vobis
1437 2117 1489 2169 in
1533 2122 1746 2184 pmnam
1778 2117 2102 2186 iniquitatis.
2133 2132 2152 2168 ι

2269 2117 2508 2190 θρώποις
2547 2117 2691 2187 ἔχειν
2722 2116 2824 2172 ἐτι.
2863 2115 3268 2188 Ἐπανόρθωσις
3310 2116 3371 2169 δὲ
3412 2114 3550 2186 αὕτη
3598 2114 3710 2167 τῶν
3745 2112 3835 2184 ήδη

583 2206 1092 2275 προεπταισμένων,
1124 2207 1364 2261 καλοῦσα
1430 2208 1567 2279 πρὸς
1628 2209 2076 2281 ήμερότητα·τδν
2138 2210 2261 2264 τεῶν
2284 2212 2424 2265 ὅλων
2472 2211 2839 2282 δημιουργὸν,
2891 2210 2985 2265 τὸν
3033 2209 3125 2263 διὰ
3186 2209 3385 2278 φωνῆς
3431 2208 3714 2278 προφήτου
3761 2205 3839 2259 λέ-

582 2309 781 2362 γοντα·
816 2314 835 2348 ι
861 2297 1205 2370 Ἀποστροφῇ
1241 2299 1626 2369 ἀποστρέψατε
1668 2300 1778 2353 ἀπὸ
1816 2300 1924 2354 τῶν
1964 2299 2207 2371 ἀνομιῶν
2247 2300 2423 2372 ὑμῶν,
2453 2297 2603 2365 οἶκος
2642 2301 2738 2354 τοῦ
2775 2300 3019 2372 Ἰσραὴλ,
3054 2300 3152 2354 καὶ
3211 2300 3313 2354 ούκ
3350 2300 3565 2354 ἔσονται
3603 2298 3732 2369 ὑμῖν
3764 2296 3836 2359 είς

581 2387 805 2443 κόλασιν
836 2390 1070 2455 ἀδικίας.
1119 2411 1138 2444 ι

655 2481 761 2547 Qui
792 2484 845 2536 in
879 2494 926 2536 te
949 2494 1048 2549 est,
1079 2485 1409 2539 miserebitur
1446 2486 1687 2555 orpltani.

653 2573 834 2630 CLIX.
877 2575 1164 2645 Propheta:
1196 2592 1299 2630 vox
1329 2580 1396 2631 ad
1425 2577 1849 2646 resipiscendum
1880 2576 2171 2631 adhortan-

584 2667 681 2732 tis,
722 2675 778 2723 et
818 2666 1096 2722 leuitatem
1141 2667 1355 2723 Domini
1391 2669 1744 2739 pttblieantis,
1780 2677 1838 2723 et.
1870 2669 2172 2724 cunctatio-

585 2772 713 2815 nem
764 2758 998 2813 volentis
1038 2760 1365 2829 resipiscere
1407 2763 1772 2832 prmcidentis.
1820 2761 1899 2818 Ne
1930 2761 2165 2828 dubites,

584 2855 776 2920 Israel,
811 2855 1004 2923 inquit,
1043 2866 1093 2910 te
1134 2858 1315 2925 Optata
1354 2860 1799 2921 censecuturum,
1840 2857 1891 2912 si
1942 2866 2001 2912 te
2020 2858 2167 2928 prius

582 2946 657 3000 ad
678 2946 1052 3014 ptenitentiam
1100 2947 1334 3002 dederis.
1376 2946 1475 3014 Qui
1507 2949 1649 3001 enim
1684 2949 1736 3002 in
1779 2959 1832 3002 te
1871 2957 1974 3013 est,
2002 2949 2170 3003 mise-

2351 2484 2406 2537 Ὁ
2429 2485 2500 2539 ἐν
2521 2485 2641 2549 σοὶ,
2675 2485 2917 2554 ἐλεήσει
2947 2484 3236 2554 ὀρφανόν.

2338 2576 2512 2630 ΡΝΘ’.
2569 2576 2676 2629 Τοῦ
2741 2580 3020 2648 προφήτου
3085 2576 3277 2646 φωνὴ,
3318 2580 3724 2654 προτρέποντος
3766 2582 3836 2647 είς

2270 2666 2637 2737 μετάγνωσιν,
2674 2667 2769 2720 καὶ
2792 2665 2890 2719 τοῦ
2914 2666 3179 2726 δεσπότου
3207 2671 3307 2743 τὴν
3351 2672 3685 2743 ιάληνότητα
3717 2672 3832 2725 καθ-

2268 2759 2514 2824 ιστάντος
2544 2758 2776 2831 ἐναργῆ,
2809 2757 2906 2812 καὶ
2946 2758 3040 2818 τὸν
3076 2762 3232 2817 ὕκνον
3273 2763 3716 2833 ὑποτεμνομένου
3749 2762 3832 2816 τοῦ

2260 2853 2706 2925 μεταγινώσκειν
2740 2854 3035 2919 ἐθέλοντος,
3065 2855 3158 2926 Μὴ
3182 2854 3292 2927 γὰρ
3312 2854 3626 2926 ἐνδοιάσῃς,
3660 2855 3830 2927 φησὶν,

2272 2939 2319 2999 ὧ
2354 2946 2592 3017 Ἰσραὴλ,
2620 2946 2703 3000 ὅτι
2731 2946 2894 3017 τεύξῃ
2914 2946 3037 3001 τῶν
3056 2948 3176 3001 κατ’
3195 2947 3361 3019 εὐχήν
3386 2949 3435 3001 ει
3461 2944 3832 3019 προνομίσειας
3874 3013 3878 3016 ς

587 3038 722 3103 reri,
776 3047 833 3093 et
875 3038 1124 3093 miserari
1176 3039 1407 3109 pupillos
1460 3041 1629 3093 novit.
1700 3039 1795 3095 Sic
1847 3049 1904 3095 et
1955 3039 2167 3096 divinus

2270 3036 2369 3109 τὴν
2393 3038 2751 3108 μετάγνωσιν.
2790 3038 2849 3092 '0
2880 3038 2990 3109 γὰρ
3022 3041 3080 3092 ἐν
3108 3038 3192 3092 σοὶ
3218 3038 3353 3101 Θεὸς
3379 3038 3549 3093 ἐλεεῖν
3578 3034 3710 3103 οἶδε,
3752 3040 3830 3093 καὶ

590 3129 762 3186 David
796 3152 807 3186 :
843 3149 862 3183 ι
893 3130 1164 3201 Pupillum
1204 3142 1260 3187 et
1278 3132 1498 3187 viduam
1530 3132 1787 3201 suscipiet
1812 3131 1877 3197 "’,
1914 3151 1935 3185 ι
1956 3146 2031 3187 ex
2061 3146 2165 3186 una

2269 3131 2665 3202 κατοικτείρειν
2700 3131 2993 3202 ὀρφανούς.
3040 3130 3198 3186 Οὕτω
3228 3130 3334 3186 ποῦ
3375 3149 3507 3203 φησι
3557 3132 3654 3186 καὶ
3691 3132 3720 3185 ό
3752 3131 3830 3185 θε-

590 3236 673 3288 re,
703 3223 921 3292 opinor,
956 3223 1073 3279 sive
1114 3238 1179 3278 ex
1214 3223 1460 3293 personis
1503 3224 1736 3279 maxime
1768 3223 2169 3280 miserabilibus
2199 3248 2203 3252 -

592 3309 817 3378 divinae,
868 3320 923 3365 et
956 3311 1349 3381 inexplicabilis
1390 3320 1597 3367 naturae
1644 3312 2032 3384 benignitatem
2077 3315 2170 3369 de-

594 3411 928 3457 monstrans.
1001 3403 1081 3457 Ac
1134 3403 1179 3458 si
1224 3403 1346 3472 quis
1397 3403 1540 3458 volet
1583 3404 1841 3474 pupillmn
1897 3417 1951 3460 et
1993 3406 2168 3476 ipsum

593 3490 848 3547 Israelem
874 3493 1137 3547 nominari
1163 3494 1570 3565 (propemodum
1599 3497 1741 3550 enim
1766 3494 1980 3551 Patrem
2001 3497 2168 3552 Deum

596 3584 799 3652 amisit,
856 3586 1073 3641 tametsi
1128 3586 1217 3642 ille
1264 3588 1495 3645 dilucide
1549 3589 1773 3643 dixitzt
1802 3590 1973 3647 Filius
2021 3605 2171 3647 mens

591 3675 984 3746 primogenitus
1014 3676 1179 3732 Israel
1204 3678 1291 3747 “),
1333 3680 1562 3735 dixerim
1594 3696 1696 3751 ego
1731 3683 1895 3736 etiam
1918 3683 2001 3738 sic
2026 3691 2171 3739 recte

594 3765 845 3835 intelligi.
898 3766 1069 3835 Igitur
1121 3766 1335 3823 Domini
1393 3770 1788 3827 universorum
1820 3772 2063 3828 bonitate
2115 3779 2172 3829 et

590 3855 857 3911 facilitate
921 3856 989 3910 ad
1046 3855 1387 3912 clementiam
1446 3859 1701 3926 conﬁsos,
1764 3860 2171 3929 promptissime

594 3948 972 4015 paenitentiam
1044 3948 1370 4019 complecti,
1441 3959 1496 4006 et
1565 3952 2036 4009 emendationibus
2110 3952 2166 4008 in

597 4040 795 4095 melius
842 4040 1164 4097 delictorum
1213 4043 1612 4112 praeteritorum
1684 4045 1925 4100 maculas
1984 4045 2171 4100 eluere

595 4144 830 4205 oportet.

2272 3224 2495 3287 σπέσιος
2517 3223 2711 3277 Δασίδ⁶
2738 3242 2770 3277 tr
2803 3224 3071 3295 Ὀρφανδν
3101 3224 3197 3279 καὶ
3224 3226 3403 3296 χήραν
3428 3226 3779 3295 ἀναλήψεται,
3810 3242 3827 3274 ι

2270 3315 2330 3383 ἐξ
2358 3316 2498 3381 ἐνὸς,
2524 3312 2700 3386 οἶμαι,
2727 3317 3076 3388 πράγματος,
3102 3312 3271 3388 ἤγουν
3304 3317 3369 3371 ἐκ
3408 3315 3716 3385 προσώπων
3736 3314 3828 3368 τῶν

2268 3408 2351 3461 ὅτι
2397 3407 2629 3478 μάλιστα
2677 3405 3051 3461 κατελεεῐσθαι
3099 3408 3428 3476 πεφυκότων
3474 3408 3575 3478 τῆς
3605 3408 3829 3471 θείαςττ

2271 3497 2367 3551 καὶ
2411 3497 2726 3569 ἀπορρήτου
2770 3496 2988 3565 φύσεως
3032 3496 3391 3561 καταδεικνὺς
3434 3498 3494 3551 τὸ
3537 3496 3827 3568 φιλάνθρωο

2268 3606 2394 3643 πον.
2430 3590 2495 3643 Ei
2518 3589 2577 3643 δὲ
2603 3588 2846 3660 βούλοιτό
2872 3606 2958 3653 τις
2986 3588 3087 3659 τῆς
3115 3588 3380 3659 ὀρφανίας
3410 3589 3473 3642 τὸ
3505 3589 3714 3660 χρῆμα,
3748 3587 3829 3640 καὶ

2270 3680 2420 3752 αὐτῷ
2449 3681 2826 3753 καταγράφειν
2844 3680 2923 3751 τῷ
2946 3680 3188 3752 Ἰσραὴλ,
3214 3679 3492 3735 ἀπώλισθε
3517 3678 3629 3752 γὰρ
3655 3696 3825 3751 μονον-

2270 3774 2390 3844 ουχὶ
2438 3773 2652 3845 Πατρὸς
2700 3772 2795 3827 τοῦ
2845 3772 3005 3839 Θεοῦ,
3068 3774 3244 3828 καίτοι
3286 3774 3539 3843 λέγοντος
3580 3775 3826 3848 ἐναργῶς,

2276 3886 2298 3919 r
2330 3865 2461 3928 Υἱὸς
2502 3860 2845 3937 πρωτότοκός
2892 3882 2998 3936 μου
3039 3864 3258 3936 Ἰσραήλ
3291 3884 3311 3917 ο
3364 3866 3532 3938 φαίην
3564 3866 3639 3921 ἃν
3672 3867 3825 3935 ἔγωγε

2271 3958 2367 4015 καὶ
2404 3955 2532 4028 τῇδε
2577 3958 2717 4011 νοεῖν
2742 3955 2940 4029 ὀρθῶς.
2966 3957 3059 4009 Δεῖ
3083 3955 3147 4027 δὴ
3176 3950 3270 4009 οὖν
3292 3956 3408 4027 ἄρα
3438 3955 3827 4029 τεθαρρηκότας

2270 4048 2349 4112 ὡς
2379 4046 2584 4117 ἀγαθός
2607 4047 2670 4101 τέ
2699 4049 2836 4112 ἐστι,
2865 4047 2960 4100 καὶ
2996 4047 3286 4118 πρόχειρος
3308 4049 3392 4111 είς
3441 4047 3823 4119 φιλανθρωπίαν

2270 4142 2299 4194 ὁ
2322 4140 2432 4195 τῶν
2464 4139 2602 4194 ὅλων
2636 4139 2925 4209 δεσπότης,
2948 4138 3256 4192 ἀοκνότατα
3290 4140 3593 4209 μετανοεῖν,
3610 4136 3702 4193 καὶ
3723 4138 3824 4199 ταῖς

2270 4230 2350 4295 είς
2399 4230 2462 4284 τὸ
2505 4230 2731 4301 ἄμεινον
2778 4228 3223 4299 ἐπανορθώσεσι,
3279 4227 3379 4293 τὰς
3414 4226 3531 4282 ετῶν
3568 4226 3672 4299 ήδη
3702 4242 3823 4299 τερον

2271 4321 2651 4393 επταισμένων
2684 4318 2943 4374 ἀπολύειν
2970 4319 3170 4383 αἰτίας.

669 4404 835 4462 νειιε.
869 4407 923 4462 5.
954 4404 1168 4473 Sanabo
1209 4408 1551 4463 habitationes
1582 4424 1783 4474 eorum,
1824 4408 2043 4479 diligam
2080 4426 2167 4465 eos

2356 4409 2614 4480 Ἰἀσομαι
2661 4409 2768 4476 τὰς
2813 4411 3119 4476 κατοικίας
3150 4408 3368 4475 αὐτῶν,
3411 4409 3702 4480 ἀγαπήσω
3728 4409 3819 4463 αὐ·

546 4492 559 4511 "
598 4500 898 4569 manifeste,
930 4502 1055 4571 quia
1090 4500 1256 4554 averti
1289 4501 1426 4554 iram
1457 4515 1628 4554 meam
1659 4499 1723 4553 ab
1752 4500 1845 4555 eis.

667 4683 827 4741 CLX.
875 4684 1018 4749 Mox,
1051 4693 1108 4740 et
1136 4684 1291 4753 quasi
1327 4698 1358 4737 a
1387 4683 1597 4738 foribus
1631 4682 1762 4754 ipsis
1791 4698 1820 4737 a
1856 4684 1965 4738 Deo
1995 4698 2173 4740 sermo

602 4777 902 4843 inducitur,
945 4775 1297 4846 promittente
1341 4783 1573 4845 aegrotos
1599 4784 1915 4829 sanaturum
1961 4784 2017 4829 et
2052 4790 2171 4830 ma-

601 4869 805 4924 nifeste
832 4868 1175 4932 dilecturum,
1206 4867 1309 4923 hoc
1348 4874 1451 4933 est,
1483 4864 1770 4922 manifeste
1807 4874 1863 4920 et
1890 4866 2067 4936 palam
2106 4866 2173 4922 de

608 4969 810 5015 caetero
848 4958 1223 5029 indulgentiae,
1280 4967 1340 5013 et
1386 4958 1691 5021 charitatis,
1732 4967 1791 5013 et
1839 4957 2016 5013 omnis
2051 4957 2177 5013 boni

612 5054 1002 5107 incrementum
1048 5050 1392 5119 largiturum.
1449 5051 1610 5105 Docet
1652 5051 1869 5118 insuper
1918 5062 1978 5104 se
2014 5049 2178 5104 etiam

604 5144 870 5197 adversus
898 5143 1047 5210 ipsos
1070 5140 1411 5212 deposuisse,
1446 5150 1500 5196 et
1538 5156 1569 5195 a
1600 5141 1767 5196 eharo
1798 5140 1903 5195 sibi
1935 5140 2183 5197 humani~

604 5245 722 5291 tate
754 5250 864 5289 non
895 5234 1287 5290 discessurum.
1341 5233 1563 5289 Videtur
1596 5244 1774 5287 autem
1818 5233 2081 5303 propheta
2126 5232 2179 5287 in

610 5326 699 5381 his
724 5336 834 5380 non
865 5324 1039 5381 solum
1070 5326 1392 5381 meminisse
1408 5325 1787 5381 conversionis
1826 5339 1899 5379 rex
1922 5324 2181 5393 sanguine

611 5419 782 5475 Israel
832 5426 1239 5490 prognatorutn,
1282 5419 1375 5474 sed
1412 5417 1652 5487 gentium
1705 5430 1920 5486 quoque
1947 5415 2183 5471 vacatio.

610 5529 737 5568 nem
766 5513 1089 5569 admiscere.
1125 5512 1443 5579 «Quoniam
1470 5524 1575 5566 non
1606 5525 1795 5565 omnes
1822 5510 1913 5579 qui
1938 5524 2004 5564 ex
2022 5508 2185 5564 Israel

612 5614 765 5671 sunt,
799 5605 856 5659 hi
889 5613 1015 5660 sunt
1051 5603 1394 5659 Israelita".
1430 5603 1767 5671 Reputantur
1804 5612 1983 5656 autem
2006 5602 2185 5672 potius

615 5695 735 5762 ﬁlii,
770 5696 861 5767 qui
894 5705 1171 5751 sectantur
1200 5694 1425 5765 vestigia
1471 5693 1591 5748 tidei
1633 5693 1687 5747 in
1714 5694 1976 5763 prarputio
2018 5696 2185 5763 patris

2273 4504 2416 4572 τοὺς
2440 4506 2778 4575 ὁμολόγως,
2815 4503 2907 4559 ὅτι
2933 4505 3322 4573 ἀπέστρεψεν
3362 4502 3477 4574 τὴν
3507 4506 3693 4577 ὀργήν
3720 4519 3823 4575 μου

2273 4595 2376 4651 ἀπ’
2402 4594 2625 4650 αὐτῶν.

2344 4686 2464 4742 ΡΞ.
2504 4687 2928 4759 Είσκεκόμισται
2966 4686 3165 4756 γείτων
3207 4686 3391 4752 εὐθὺς,
3440 4687 3600 4757 μόνον
3624 4688 3680 4741 δέ
3718 4682 3822 4754 οὐχὶ

2275 4779 2372 4833 καὶ
2414 4779 2711 4850 ἀγχίθυρος
2749 4780 2780 4832 ό
2830 4780 2983 4851 παρὰ
3012 4777 3149 4832 Θεοῦ
3194 4778 3371 4847 λόγος,
3408 4779 3592 4833 ἰᾶσθαί
3628 4795 3685 4832 τε
3717 4776 3822 4837 τοὺς

2276 4870 2648 4941 ἠσθενηκότας
2676 4870 3127 4941 ὑπισχνουμένου,
3156 4870 3253 4925 καὶ
3292 4869 3571 4941 ὁμολόγως
3606 4869 3819 4939 ἀγαπᾷν,

2273 4962 2573 5027 τουτέστιν,
2601 4962 3050 5034 ὁμολογουμένως
3098 4962 3193 5016 καὶ
3219 4960 3512 5035 apem
3536 4962 3636 5033 ήδη
3665 4958 3822 5015 λοιπὸν

2276 5053 2604 5125 ἐνεργοῦντα
2659 5054 2730 5107 τὰ
2775 5055 2840 5107 ἐκ
2885 5052 3102 5122 φειδοῦς
3140 5053 3240 5108 καὶ
3285 5053 3510 5125 ἀγάπης
3544 5050 3820 5123 φαίνεσθαι,

2277 5144 2373 5197 καὶ
2417 5143 2515 5215 τὴν
2567 5144 2773 5207 παντὸς
2819 5143 3060 5197 ἐπίδοσιν
3108 5142 3337 5211 ἀγαθοῦ.
3391 5142 3553 5212 Δηλοί
3601 5142 3658 5195 δὲ
3709 5138 3820 5209 πρὸς

2278 5235 2509 5300 τούτοις,
2537 5236 2621 5289 ὅτι
2642 5237 2739 5289 καὶ
2770 5238 2869 5307 τῆς
2890 5237 2972 5299 είς
2996 5234 3196 5297 αὑτοὺς
3224 5231 3524 5306 κατέληξεν
3555 5233 3732 5304 ὀργῆς,
3744 5228 3818 5309 καὶ

2280 5327 2381 5396 τῆς
2410 5326 2565 5398 αὐτῷ
2614 5327 2850 5399 φιλητῆς
2894 5327 2997 5380 οὐκ
3036 5324 3387 5396 ἀποδημήσει
3418 5321 3817 5395 φιλανθρωπίας.

2284 5420 2471 5472 Ἔοικε
2510 5420 2567 5473 δὲ
2607 5419 2768 5477 πάλιν
2799 5419 2829 5471 ὁ
2865 5418 3023 5486 λόγος
3052 5419 3188 5487 ἡμῖν
3220 5418 3284 5470 ἐν
3312 5415 3542 5481 τούτοις,
3573 5414 3638 5467 ού
3681 5411 3817 5483 μόνης

2279 5507 2685 5580 διαμεμνῆσθαι
2734 5511 2831 5578 τῆς
2891 5506 2998 5560 τῶν
3046 5505 3106 5570 ἐξ
3157 5506 3390 5576 αἵματος
3450 5502 3665 5577 Ἰσραὴλ
3720 5500 3825 5571 ιὲιιτι-¹

2285 5602 2522 5672 στροφῆς
2547 5639 2561 5665 ,
2605 5598 3037 5669 συνεισκομίςειν
3090 5598 3148 5652 δὲ
3194 5598 3400 5668 μᾶλλον
3455 5597 3552 5651 καὶ
3592 5596 3687 5668 τὴν
3730 5587 3817 5644 τῶν

2284 5692 2452 5745 ἐθνῶν
2499 5691 2720 5761 κλῆσιν’
2767 5689 2850 5743 ὅτι
2905 5690 2979 5760 μὴ
3027 5690 3228 5753 πάντες
3270 5690 3320 5742 οἱ
3363 5689 3423 5755 ἐξ
3458 5687 3669 5761 Ἰσραὴλ
3696 5676 3816 5738 οὗτοι

662 5834 737 5929 ’.⁸⁸
768 5872 870 5933 lsa.
910 5888 1063 5942 xxxi,
1103 5873 1150 5927 l.
1236 5874 1274 5903 ’θ
1304 5871 1435 5929 Ibid.
1471 5872 1521 5925 5.
1604 5873 1643 5903 ι’
1678 5870 1818 5928 Psal.
1854 5888 2010 5939 cxu,
2052 5871 2104 5927 9.

2269 5870 2425 5927 Exod.
2459 5883 2530 5931 tv,
2560 5866 2647 5921 22.
2732 5868 2772 5898 ‘9
2804 5867 2957 5936 Boni.
2994 5881 3068 5930 ιιι,
3092 5866 3154 5939 76.
