4068 6546
208 456 318 516 321

1152 450 1702 508 COMMENTARIUS
1741 447 1807 505 IN
1845 449 2082 504 OSEA-M~
2117 447 2559 505 PROPHETAM.

3377 452 3486 508 32?.

224 573 484 646 Ἰσραήλ·
533 570 978 641 καταλογίζονται
1030 571 1086 624 δὲ
1145 570 1348 644 μᾶλλον
1395 573 1474 636 είς
1526 573 1692 626 τέκνα
1751 574 1800 626 οί

1912 572 2079 626 ιιοδιινί
2126 547 2400 628 Abraham
2427 568 2494 624 ’⁸.
2530 591 2548 624 ι
2607 573 2747 642 Ergo
2797 573 2958 628 simul
3008 580 3063 628 et
3106 573 3322 632 vocatio
3349 589 3483 643 gen~

211 663 644 727 ἀκολουθοῦντες
688 666 801 726 τοῖς
852 663 1022 733 ἴχνεσι
1072 663 1172 734 τῆς
1215 665 1276 716 ἐν
1331 664 1671 734 άκροὸυστίξι
1719 664 1806 714 πίο

211 770 393 816 στεως
441 751 538 806 τοῦ
603 751 813 822 Πατρδς
861 751 1022 821 ἡμῶν
1076 750 1348 822 Ἀϐραάμ.
1400 749 1611 804 Οὐκοῦν
1675 768 1803 804 συν-

213 845 538 918 εισφέρεται
583 845 678 898 καὶ
705 846 739 916 ἡ
771 843 878 898 τῶν
921 843 1092 897 ἐθνῶν
1129 845 1342 914 κλῆσις,
1375 845 1470 897 καὶ
1507 844 1643 915 πρὸς
1670 843 1804 896 Θεὸν

210 938 495 1001 οἰκείωσις
537 940 595 992 ἐν
640 937 895 1010 Χριστῷ,
938 937 1029 991 διὰ
1077 937 1317 1002 πίστεως
1363 938 1458 991 καὶ
1505 936 1800 1010 ἀγιασμοῦ.

1914 665 2068 729 tium,
2095 675 2150 719 et
2194 665 2510 735 coniunctio
2540 681 2662 718 cum
2699 665 2806 720 Deo
2845 666 2897 720 in
2944 667 3162 722 Christo
3195 683 3290 737 per
3324 667 3482 721 Iidem

1910 767 1964 812 et
1998 757 2483 814 sanctiﬁcationem
2522 757 2814 814 inducitur.
2866 758 3090 828 Insuper
3126 759 3485 827 spiritualium

1913 849 2276 919 suppeditatio
2303 859 2357 905 et
2403 849 2591 919 gratiae
2631 851 2808 920 copia,
2849 850 2966 920 ejus
2991 851 3241 905 videlicet
3280 866 3399 920 quas
3432 850 3485 903 in

1911 939 2132 996 Christo
2154 951 2257 1005 est,
2294 944 2648 1012 signiﬁcatur.

212 1031 708 1103 Κατασημαίνεται
737 1032 792 1086 δὲ
829 1031 967 1102 πρὸς
1009 1031 1184 1114 τούτῳ
1228 1033 1323 1086 καὶ
1354 1034 1388 1103 ἡ
1451 1033 1560 1088 τῶν
1592 1034 1978 1104 πνευματικῶν
2009 1037 2262 1108 χορηγία,
2341 1039 2435 1091 καὶ
2473 1042 2572 1111 τῆς
2633 1039 2856 1111 χάριτος
2898 1039 2959 1093 τὸ
3019 1036 3351 1109 ἀμφιλαφές.
3385 1039 3489 1108 Δῆο

209 1123 308 1178 λον
341 1125 398 1178 δὲ
425 1126 505 1179 ὅτι
530 1127 628 1196 τῆς
665 1127 724 1180 ἐν
755 1125 1002 1197 Χριστῷ.

290 1221 546 1291 Ἔσομαι
573 1221 658 1289 ὡς
680 1222 902 1291 δρόσος
925 1220 1005 1288 τῷ
1047 1222 1305 1294 Ἰσραήλ.

290 1310 524 1374 Πάντως
549 1329 652 1364 που
670 1312 1121 1378 καταπιαίνουσα,
1151 1314 1245 1366 καὶ
1281 1313 1690 1384 καταρδεύουσα
1716 1314 1807 1367 τὸν

212 1401 348 1457 νοῦν
377 1402 489 1456 τῶν
541 1403 896 1475 κεκλημένων
940 1406 1024 1468 εἰς
1060 1405 1422 1476 μετάγνωσιν,
1475 1410 1542 1480 τῇ
1602 1407 1808 1461 ἄνωθεν

213 1492 591 1564 παρακλήσει.
642 1495 811 1566 Δῆλον
856 1495 913 1549 δὲ
960 1498 1044 1550 ὅτι
1083 1499 1152 1568 τῇ
1209 1498 1562 1568 Πνεύματος·
1604 1498 1810 1553 ἄνωθεν

211 1584 332 1657 γὰρ
363 1589 398 1659 ὴ
435 1586 645 1658 δρόσος.

302 1678 585 1748 Ἀνθήσει
616 1681 697 1747 ὡς
725 1681 954 1750 κρίνον.

303 1771 584 1838 Ἔκδώσει,
641 1773 877 1844 (psalmo
929 1774 1128 1839 εὑῶδες
1180 1775 1238 1828 ἐν
1279 1773 1524 1848 Χριστῷ,
1574 1773 1809 1847 καὶτῆς

1985 1221 2146 1277 Vens.
2189 1221 2242 1277 6.
2287 1222 2394 1277 Ero
2419 1224 2570 1292 quasi
2599 1239 2682 1276 ros
2715 1222 2906 1278 Israel.

1985 1313 2142 1385 193
2167 1315 2345 1370 CLXI.
2394 1314 2730 1372 Omnimodis
2780 1324 3014 1371 mentem
3065 1323 3377 1370 vocatorum
3421 1317 3488 1370 ad

1911 1407 2283 1477 pmnitentiam
2315 1422 2549 1478 superna
2583 1409 2953 1465 consolatione
2982 1408 3388 1479 pinguei'aciens
3436 1419 3492 1464 et

1911 1497 2162 1567 irrigans,
2215 1501 2402 1570 utique
2447 1515 2542 1570 per
2587 1499 2869 1571 Spiritum,
2925 1515 3016 1556 ros
3071 1501 3214 1557 enim
3250 1497 3492 1576 desuper

1914 1587 2081 1641 cadit.

1987 1679 2225 1735 Florebit
2259 1689 2316 1734 ut
2349 1681 2538 1736 lilium.

1985 1769 2459 1840 CLXII.‘Eﬂlabit,
2503 1773 2696 1844 inquit,
2739 1775 2791 1828 in
2839 1771 3056 1830 Christo
3102 1789 3323 1832 suavem
3359 1776 3491 1832 odo-

213 1860 460 1930 εὐαγοῦς
482 1862 757 1927 πολιτείας
777 1865 876 1936 τὴν
902 1866 1184 1937 εὐοσμίαν,
1210 1866 1306 1920 καὶ
1326 1867 1626 1921 ἀπόλεκτον
1652 1866 1809 1930 ἄνθος

1913 1874 2050 1929 rem,
2073 1872 2128 1916 et
2148 1875 2352 1918 sanetae
2391 1865 2821 1921 conversationis
2856 1865 3226 1938 fragrantiam,
3281 1875 3335 1922 et
3382 1868 3491 1922 cle-

213 1953 379 2007 ἔσται
418 1953 627 2010 λοιπόν.

289 2047 408 2100 Καὶ
447 2047 635 2112 ,ϐαλεῖ
673 2047 783 2114 τὰς
823 2046 989 2117 ῥίζας
1043 2049 1229 2107 αὐτοῦ
1263 2050 1343 2118 ὡς
1376 2051 1661 2120 Λίϐανος,
1709 2049 1815 2106 :10?-

207 2140 545 2207 ρεύσονται
575 2141 630 2194 οι
653 2140 868 2195 κλάδοι
891 2158 1032 2197 σου.
1793 2135 1796 2140 ’

291 2229 421 2283 ’Ὁτι
471 2228 546 2301 μὴ
591 2231 1014 2296 εὐκατάσειστος
1053 2232 1162 2287 τῶν
1208 2234 1574 2288 πιστευόντων
1608 2234 1637 2287 ὁ
1666 2233 1810 2303 νοῦς,

211 2321 342 2374 οὐδὲ
373 2315 486 2375 οἷον
516 2322 736 2394 ἕτοιμος
760 2325 840 2387 είς
858 2323 921 2376 τὸ
938 2325 1195 2380 νικᾶσθαι
1226 2327 1501 2399 πνεύμασι
1533 2330 1810 2399 πονηροῖς,

212 2419 308 2473 διά
352 2419 544 2474 τούτου
576 2415 746 2492 δηλοῖ.
792 2417 986 2470 Ἔσται
1019 2418 1130 2490 γάρ
1172 2418 1345 2484 οὕτως
1390 2420 1670 2491 ἀσφαλὴς,
1717 2421 1812 2473 καὶ

213 2511 634 2583 ἐρηρεισμένος,
684 2512 936 2585 καθάπερ
966 2509 1157 2585 ἀμέλει
1205 2511 1300 2565 καὶ
1350 2511 1412 2565 τὸ
1449 2510 1544 2565 τοῦ
1577 2511 1810 2565 Λιϐάνου

215 2604 408 2672 φυτὸν,
448 2603 476 2657 ὃ
496 2605 719 2677 καθίησι
746 2606 845 2677 μὲν
874 2609 954 2671 είς
987 2605 1147 2677 βάθος
1184 2604 1318 2660 πολὺ
1353 2605 1454 2677 τὴν
1481 2602 1637 2677 ῥίζαν
1657 2622 1671 2636 ⁸
1701 2608 1814 2669 τοῖς

214 2711 281 2763 γε
313 2695 422 2766 μὴν
451 2695 656 2750 ἀνωθεν
685 2696 918 2762 κλάδοις,
955 2697 1017 2750 οὐ
1047 2697 1282 2768 μετρίως
1313 2695 1621 2767 εὐρύνεται.
1665 2697 1812 2748 Σπα-

215 2786 476 2858 ταλὼσης
510 2788 618 2860 γὰρ
654 2787 756 2859 τῆς
789 2787 963 2860 ῥίζης,
1001 2788 1162 2860 ἀδραί
1196 2805 1300 2842 που
1331 2787 1550 2852 πάντως
1580 2787 1687 2842 εἰσὶ
1718 2779 1813 2840 καὶ

216 2880 274 2931 αἱ
306 2879 415 2932 τῶν
443 2881 702 2952 ὀρπήκων
724 2881 988 2944 ἐκδόσεις.

291 2970 407 3024 Καὶ
439 2970 609 3024 ἔσται
638 2970 720 3036 ὡς
746 2971 923 3024 ἐλαία
947 2971 1348 3040 κατάκαρπος.

306 3059 590 3132 Ἀειθαλὴς
618 3060 860 3131 δηλονότι
889 3062 982 3115 καὶ
1011 3048 1310 3132 εύκαρπος,
1341 3060 1582 3115 τοιοῦτον
1614 3060 1722 3132 γὰρ
1751 3061 1811 3115 τὸ

216 3151 413 3224 φυτόν.

292 3242 405 3300 Καί
435 3243 767 3314 ὅσρρανσις
799 3243 987 3298 αὑτοῦ
1013 3243 1092 3312 ὠς
1111 3243 1382 3300 λιϐάνου.

256 3335 672 3406 Ἐύοσμότατον
706 3336 901 3407 κομιδῇ
939 3334 1033 3389 τοῦ
1071 3336 1289 3390 λιϐάνου
1314 3337 1376 3390 τὸ
1411 3335 1618 3410 χρῆμα.
1666 3339 1806 3393 Tati-

217 3442 290 3499 τῃ
315 3442 400 3477 τοι
435 3425 533 3479 καὶ
568 3424 644 3489 ὡς
676 3425 820 3497 ἱερὸν
860 3425 939 3496 τῷ
991 3425 1131 3496 Θεῷ,
1161 3426 1254 3480 καὶ
1301 3429 1330 3480 ὁ
1382 3428 1625 3492 Μωσέως
1679 3429 1810 3482 αὐτὸ

217 3517 728 3588 κατεχρησμῲδησε
758 3517 944 3588 νόμος.
987 3517 1208 3590 Λιϐάνῳ
1249 3519 1358 3590 γὰρ
1391 3519 1499 3574 δεῖν
1529 3521 1810 3575 καταπάτ-

215 3607 417 3662 τεσθαι
479 3607 579 3678 τὴν
637 3608 1060 3679 προσαγομένην
1121 3609 1404 3682 σεμίδαλιν
1456 3611 1537 3673 είς
1596 3610 1806 3676 θυσίαν,

213 3699 481 3755 ’διετύπω
511 3699 812 3771 πολλαχῶς.
847 3698 1069 3771 Εύῶδης
1099 3695 1192 3754 οῦν
1227 3699 1399 3763 ἔσται,
1433 3699 1620 3770 φησὶν,
1644 3701 1672 3752 ὁ
1701 3698 1810 3754 τῶν

220 3790 579 3861 κεκλημένων
604 3789 837 3863 καρπὸς,
865 3793 960 3844 καὶ
985 3789 1388 3862 εύπαράδεκτος
1407 3792 1487 3853 είς
1513 3789 1704 3845 θυσίαν
1731 3791 1810 3864 τῷ

221 3881 502 3953 φιλαρέτῳ
534 3881 675 3955 Θεῷ.

308 3973 801 4044 Ἔπιοτρέψουσι,
841 3973 942 4028 καὶ
985 3975 1330 4030 καθιοῦνται
1358 3977 1476 4031 ὑπὸ
1510 3975 1626 4046 τὴν
1663 3973 1808 4030 σκέὲ

222 4082 352 4138 an?
377 4055 588 4121 αὐτοῦ.

295 4155 478 4225 PBQ".
532 4156 986 4223 Ἀποπαύσονται,
1017 4159 1172 4228 φησὶ,
1203 4157 1312 4214 τῶν
1343 4159 1586 4232 ἀρχαίων
1634 4161 1811 4215 αίτια-

226 4250 440 4322 μάτων,
467 4250 563 4304 καὶ
589 4251 1043 4323 ὑπονοστήσουσιν
1063 4250 1330 4316 εὑσθενῶς
1352 4255 1431 4317 είς
1449 4254 1509 4306 τὸ
1529 4254 1811 4325 λατρεύειν

219 4341 348 4412 Θεῷ
381 4343 545 4408 ζῶντι
605 4343 699 4398 καὶ
726 4342 987 4416 ἀληθινῷ,
1034 4345 1130 4397 καὶ
1165 4344 1256 4397 ὑπ’
1298 4345 1448 4416 αὐτῷ
1491 4347 1810 4418 γενήσονται

226 4434 601 4504 μονοτρόπως,
642 4435 705 4488 οὐ
743 4435 874 4505 παρ’
923 4433 1114 4506 ἑτέρου
1152 4433 1215 4487 τὸ
1246 4433 1516 4501 σώζεσθαι
1550 4438 1656 4490 ἀπὸ
1701 4437 1810 4491 τῶν

1915 1964 2038 2010 etus
2068 1954 2120 2009 in
2154 1953 2394 2010 futurum
2424 1955 2520 2011 llos
2554 1957 2680 2012 erit.

1919 2071 1922 2073 λ
1987 2045 2052 2100 Et
2077 2048 2251 2102 mittet
2287 2048 2488 2102 radices
2530 2065 2654 2103 suas
2689 2049 2843 2119 quasi
2881 2048 3134 2113 Libanus,
3175 2048 3322 2104 ibunt
3359 2053 3492 2104 rami

1913 2138 2048 2206 ejus.

1984 2230 2210 2287 CLXIII.
2244 2231 2474 2289 Mentem
2501 2235 2832 2290 credentium
2864 2235 2951 2290 vix
2994 2249 3027 2290 a
3071 2249 3168 2289 suo
3209 2245 3350 2290 statu
3406 2235 3492 2290 di-

1916 2311 2144 2389 moveri,
2171 2339 2344 2395 neque
2371 2325 2514 2381 vinci
2544 2325 2699 2382 facile
2726 2342 2883 2397 posse
2922 2342 2951 2381 a
2998 2327 3244 2397 malignis
3288 2329 3493 2398 spiriti-

1915 2416 2016 2472 bus
2042 2417 2128 2473 liis
2157 2417 2336 2473 verbis
2371 2418 2594 2476 indicat.
2623 2420 2774 2475 Adeo
2801 2419 3068 2490 siquidem
3102 2430 3212 2474 tuta
3241 2431 3296 2476 et
3335 2421 3488 2475 firma

1914 2518 2018 2576 est,
2054 2518 2112 2563 ut
2140 2508 2302 2563 arbor
2343 2510 2671 2564 nimirnm'in
2709 2522 2889 2565 monte
2910 2511 3138 2576 Libano,
3182 2505 3299 2581 quae
3329 2514 3492 2566 mittit

1914 2599 2130 2668 quidem
2159 2599 2212 2653 in
2239 2597 2562 2670 profundum
2599 2601 2859 2666 radicem,
2900 2615 3131 2671 superne
3178 2613 3359 2658 autem
3407 2617 3492 2656 ra-

1914 2692 2020 2744 mis
2041 2689 2218 2760 ample
2241 2689 2519 2745 dilatatur.
2549 2688 2698 2745 Actis
2727 2691 2869 2746 enim
2894 2691 2999 2748 alte
3016 2691 3303 2757 radicibus,
3328 2692 3492 2746 etiam

1913 2784 2052 2838 rami
2074 2783 2295 2840 omnino
2325 2782 2483 2839 latius
2511 2793 2896 2855 propagentur.

1987 2981 2153 3038 Vens.
2187 2982 2238 3037 7.
2274 2983 2338 3038 Et
2365 2984 2462 3038 erit
2487 2983 2644 3054 quasi
2672 2981 2807 3036 oliva
2837 2981 3136 3052 fructifera.
3445 3053 3450 3058 ἦ

1983 3071 2212 3127 CLXIV.
2261 3071 2490 3143 Semper
2545 3071 2727 3126 virens
2780 3070 3028 3126 videlicet
3076 3079 3129 3125 et
3175 3070 3488 3140 fructifera;

1914 3160 2019 3214 tale
2045 3168 2131 3215 est
2159 3159 2298 3215 enim
2324 3159 2491 3231 genus
2518 3160 2726 3215 arboris
2756 3159 2919 3215 oliva.

1979 3251 2051 3305 Et
2083 3251 2214 3306 odor
2237 3252 2350 3321 ejus
2377 3262 2432 3306 ut
2457 3252 2647 3307 thuris.

1980 3341 2188 3399 CLXV.
2222 3341 2673 3399 Odoratissimum
2703 3350 2786 3398 est
2813 3342 2957 3398 thus.
3007 3341 3271 3410 Quocirca
3317 3345 3489 3415 ipsum

1909 3444 1965 3489 et
1991 3435 2211 3490 oracula
2242 3436 2374 3508 legis
2422 3435 2672 3490 Mosaicae
2712 3432 2940 3489 Domino
2969 3445 3217 3490 sanctum
3247 3451 3364 3492 esse
3399 3452 3492 3494 vo-

1911 3528 2145 3582 luerunt.
2180 3521 2563 3597 Smpenumero
2596 3528 2740 3584 enim
2766 3523 3093 3584 oderendam
3124 3527 3234 3583 Deo
3258 3529 3487 3584 similam

1911 3621 1963 3675 in
1995 3621 2346 3687 sacriﬁcium,
2378 3621 2533 3676 thure
2567 3635 2910 3690 conspersam
2939 3620 3322 3675 sanxerunt“.
3349 3621 3492 3676 Odo-

1913 3711 2044 3768 rifer
2069 3721 2153 3768 est
2183 3713 2368 3781 igitur,
2408 3710 2604 3782 inquit,
2633 3708 2948 3767 vocatorum
2983 3713 3205 3778 fructus,
3248 3722 3303 3768 et
3333 3726 3491 3768 acce-

1911 3804 2129 3874 ptubilis
2160 3803 2212 3858 in
2244 3803 2571 3859 sacriﬁcium
2603 3803 2731 3868 Deo,
2769 3803 2861 3874 qui
2897 3803 3150 3858 virtutem
3175 3802 3348 3872 diligit

1983 3985 2148 4040 Vens.
2188 3985 2240 4040 8.
2299 3983 2697 4051 Convertentur,
2752 3994 2801 4039 et
2853 3984 3103 4040 sedebant
3155 3985 3250 4039 sub
3308 3987 3491 4040 umbra

1910 4085 1962 4150 ej
1968 4097 2045 4134 us.

1982 4168 2212 4227 CLXVI.
2240 4169 2427 4225 Finem
2458 4169 2758 4239 imponent,
2791 4169 2985 4238 inquit,
3014 4168 3249 4239 peccatis
3290 4170 3491 4227 veteri-

1913 4264 2032 4329 bus,
2069 4273 2124 4318 et
2168 4277 2290 4317 cum
2329 4261 2481 4317 suavi
2515 4262 2678 4316 odore
2714 4262 2780 4316 ad
2815 4261 2982 4334 Deum
3045 4263 3224 4317 vivum
3273 4280 3492 4319 verum-

1912 4371 2015 4426 que
2037 4354 2317 4411 colendum
2370 4354 2416 4385 "
2457 4353 2850 4424 regredientur,
2895 4352 3080 4424 illique
3124 4356 3492 4410 tantummodo

1913 4447 2290 4518 subjicientur,
2318 4460 2424 4500 non
2460 4447 2527 4500 ab
2551 4445 2678 4511 alio,
2715 4446 2806 4500 Sed
2831 4444 2898 4499 ab
2935 4446 3024 4500 illo
3066 4445 3179 4500 solo
3217 4446 3494 4502 liberatio-

223 4526 459 4600 ἐχθρῶν,
488 4527 626 4581 ἀλλά
651 4527 781 4599 παρ’
806 4528 970 4581 αὐτοῦ
1001 4529 1407 4600 προσδοκῶντες
1430 4530 1610 4601 μόνου.
1639 4531 1808 4585 Τοῦτό

1915 4554 2035 4594 nem
2073 4539 2140 4593 ab
2179 4538 2424 4594 hosﬁbus
2469 4544 2870 4608 exspectantes.
2927 4537 3038 4592 Hoc
3086 4538 3348 4610 prwclare
3393 4540 3494 4594 im-

219 4639 306 4674 τοι
340 4621 625 4693 πληροῦσα
648 4620 830 4685 καλῶς
857 4624 889 4691 ἡ
924 4619 984 4687 ἐξ
1008 4622 1176 4676 ἐθνῶν
1224 4623 1538 4696 Ἐκκλησία,
1563 4642 1629 4678 πε
1640 4627 1692 4699 pi.
1714 4628 1808 4681 τοῦ

220 4714 446 4768 πάντων
466 4714 737 4785 Σωτῆρος,
759 4713 944 4785 φησὶν,
970 4715 1028 4768 ἐν
1041 4713 1120 4784 τῷ
1140 4715 1379 4787 ’ᾼσματι
1397 4717 1503 4770 τῶν
1527 4718 1808 4790 ᾀσμάτων.

224 4824 244 4857 ι
277 4804 367 4860 Ἑν
390 4806 458 4876 τῇ
494 4805 620 4875 σκιᾷ
653 4804 820 4858 αὑτοῦ
849 4805 1189 4878 ἐπεθύμησα,
1217 4808 1311 4862 καὶ
1339 4807 1590 4864 ἐκάθισα.
1623 4828 1642 4862 ι
1685 4811 1814 4878 Τοῖς

211 4895 382 4950 τοῦτο
398 4897 536 4968 δρᾷν
562 4897 810 4950 εἰωθόσιν
849 4898 1189 4968 ἐπιφωνείτω
1223 4899 1396 4968 λέγων
1429 4901 1523 4955 καὶ
1550 4903 1578 4955 ὁ
1611 4902 1811 4956 θεσπέ-

221 5005 341 5054 σιος
371 4987 568 5043 Δαϐίδο
604 5006 623 5041 ι
647 4988 889 5062 Ἡμέρας
925 4991 954 5043 ὁ
978 4989 1129 5061 ἥλιος
1163 4991 1222 5042 οὐ
1253 4990 1549 5061 συγκαύσει
1581 5009 1662 5060 σε,
1689 4993 1808 5046 οὐδὲ

217 5084 253 5154 ὴ
284 5079 480 5152 σελήνη
508 5081 608 5153 τὴν
631 5083 824 5138 νύκτα.
853 5101 872 5136 ι
907 5081 1076 5136 Τοῦτο
1107 5085 1220 5147 τοῖς
1255 5084 1630 5156 ἀρχαιοτέροις
1672 5088 1804 5140 ἐπε-

219 5172 432 5225 τελεῖτο
475 5172 628 5244 παρὰ
671 5173 828 5238 Θεοῦ,
872 5175 1103 5247 νεφέλης
1146 5175 1330 5241 αὐτοῖς
1379 5179 1806 5251 ἐπισκιαζούσης

218 5262 370 5318 κατά
401 5263 500 5337 τὴν
526 5263 756 5337 ἔρημον,
791 5267 888 5320 καὶ
922 5267 1024 5338 τὴν
1070 5267 1300 5334 ἀνωθεν,
1348 5270 1444 5323 καὶ
1482 5271 1631 5342 παρά
1668 5270 1803 5324 Θεοῦ

220 5354 431 5427 σκηνὴν
464 5356 869 5428 ὑποφαινούσης
895 5360 1147 5426 ἀστείως.
1182 5359 1256 5416 Εὖ
1286 5362 1342 5417 δέ
1373 5363 1440 5434 δὴ
1475 5363 1674 5435 σφόδρα
1712 5364 1808 5418 καὶ

217 5445 283 5498 τὸ
343 5463 364 5497 ι
391 5446 767 5517 καθιοῦνται,ι
844 5450 1032 5523 φησὶν,
1083 5451 1170 5505 ἵνα
1219 5452 1278 5506 τὸ
1326 5453 1556 5524 βεϐηκὸς
1608 5455 1702 5508 καὶ
1746 5452 1808 5506 τὸ

219 5538 507 5610 ίδρυμένον
544 5539 802 5609 ἀσφαλῶς
829 5541 928 5613 τῆς
968 5543 1076 5598 τῶν
1115 5545 1553 5616 ἐπιστρεφόντων
1583 5545 1810 5620 γνώμης

214 5627 309 5682 δίἀ
336 5628 528 5682 τούτου
557 5632 765 5703 νοῆται.

290 5828 340 5911 ξξ
373 5828 530 5911 Πρω.
571 5837 759 5911 "Lua.
835 5839 1086 5911 “.Levit.
1119 5856 1178 5907 ιι,
1206 5842 1257 5894 1.
1335 5843 1377 5874 ³³
1414 5843 1433 5895 ι
1473 5839 1667 5898 Thess.
1709 5860 1747 5908 ι,
1783 5843 1836 5897 9.

213 5899 267 5934 ³⁸
298 5898 468 5957 Exod.
499 5919 588 5972 η,
611 5905 700 5962 52.

1915 4631 2069 4702 piens
2115 4629 2338 4685 collecta
2387 4644 2453 4684 ex
2509 4629 2774 4700 gentibus
2807 4629 3070 4695 Ecclesia,
3128 4631 3192 4684 de
3252 4632 3490 4686 omnium

1915 4721 2196 4778 Salvatore
2221 4721 2272 4774 in
2305 4718 2530 4775 Cantico
2561 4721 2920 4786 canticorum,
2955 4721 3128 4790 inquit
3157 4743 3168 4777 :
3207 4738 3225 4773 ι
3271 4722 3325 4776 In
3373 4739 3493 4778 utn-

1914 4815 2010 4868 bra
2047 4813 2186 4868 illius
2214 4811 2538 4877 desideravi,
2570 4819 2625 4866 et
2655 4812 2767 4866 sedi
2799 4811 2866 4864 ”.
2901 4831 2920 4864 ›
2971 4811 3046 4866 Ita
3094 4813 3270 4868 facere
3317 4814 3493 4869 solitis

1914 4907 2177 4962 acclamet
2207 4907 2396 4961 beatus
2423 4904 2592 4960 David
2625 4922 2638 4959 :
2678 4923 2695 4956 ι
2728 4903 2834 4960 Per
2864 4906 3002 4961 diem
3031 4907 3110 4963 sol
3137 4923 3240 4962 non
3274 4918 3392 4964 uret
3418 4918 3490 4977 te,

1917 5016 2090 5071 neque
2112 5000 2235 5054 luna
2263 5013 2357 5070 per
2381 5008 2597 5055 noctem
2624 4999 2688 5054 “.
2727 5018 2746 5050 ›
2773 4998 2884 5054 Hoc
2908 5001 3292 5056 vetustioribus
3319 5017 3346 5055 a
3379 5001 3491 5058 Deo

1914 5093 2315 5164 praestabatur,
2369 5091 2512 5147 nube
2572 5092 2693 5147 illos
2744 5107 2841 5162 per
2892 5093 3032 5148 diem
3089 5093 3140 5147 in
3200 5094 3490 5151 solitudine

1913 5184 2272 5239 obumbrante
2299 5181 2367 5248 ’⁸,
2415 5195 2817 5250 supernumque
2874 5189 2928 5234 et
2958 5181 3198 5236 divinum
3236 5180 3489 5236 taberna-

1914 5275 2092 5332 culum
2120 5274 2356 5344 jucunde
2403 5275 2840 5328 submonstrante
2874 5273 2941 5330 ".
2990 5271 3160 5328 Recte
3197 5273 3485 5328 admodum

1905 5377 2164 5437 praeterea
2211 5383 2228 5414 ι
2267 5365 2550 5431 sedcbunt,
2593 5383 2612 5418 ι
2659 5365 2853 5434 inquit,
2905 5372 2961 5417 ut
3013 5364 3138 5418 hinc
3189 5365 3487 5419 constantia

1905 5469 1959 5513 et
2002 5457 2276 5513 firmitudo
2311 5457 2606 5514 voluntatis
2650 5456 3077 5512 teiivcrtcntiutn
3116 5471 3176 5511 se
3222 5456 3490 5528 intelliga-

1909 5560 2013 5604 tur.

1914 5843 1961 5876 ”
1993 5843 2150 5899 Cant.
2184 5858 2244 5910 ιι,
2279 5843 2328 5896 5.
2408 5842 2455 5874 “
2483 5841 2632 5898 Psal.
2664 5859 2790 5912 cxx,
2824 5845 2878 5901 6.
2954 5845 2999 5876 ³⁸
3035 5843 3201 5900 Exod.
3245 5857 3364 5910 xm,
3389 5841 3497 5905 ει.
