4068 6540
585 418 691 476 323

1576 416 1635 474 S.
1678 415 1956 473 CYRILLI
1998 414 2467 471 ALEXANDRINI
2508 415 2825 473 ARCHIEP.

3755 424 3882 482 334

657 537 819 611 19E.
841 535 1046 593 CXVII.
1088 536 1294 603 Vivent,
1316 550 1365 594 et
1402 538 1801 595 inebriabumur
1828 543 2117 611 frumento.

2343 538 2665 605 Ζήσυνται,
2703 540 2801 592 καί
2826 539 3317 608 μεθυσθιὶσονται
3344 542 3511 608 σίτῳ.

654 632 781 687 Haec
807 640 936 686 sunt
966 632 1335 688 conversionis
1374 641 1429 687 et
1472 634 1784 689 stabilitatis
1823 634 1962 689 dona
2009 649 2164 691 acce-

586 725 826 793 ptabilia.
859 722 925 775 Et
955 724 1078 778 vitae
1118 733 1355 789 aeternae,
1401 724 1594 795 inquit,
1640 726 1931 797 participes
1979 737 2160 793 erunt,

584 825 636 870 et
671 818 869 871 virtute
891 816 1258 881 abundabunt,
1292 818 1581 885 spirituali,
1618 818 1861 888 inquam,
1892 822 1993 875 hoc
2018 822 2162 875 enim

584 917 713 975 puto
740 907 877 962 velle
914 907 1065 972 illud,
1100 925 1120 959 ι
1163 908 1577 965 inebriabuntur
1612 910 1902 967 frumento.
1944 932 1962 964 ι
2017 912 2165 968 Scri-

585 1010 734 1067 ptum
773 1013 934 1065 porro
987 1008 1182 1063 exstat,
1237 1018 1257 1051 ι
1322 1003 1477 1070 panis
1532 1017 1628 1057 cor
1680 1003 1913 1057 hominis
1961 1004 2164 1059 confir-

587 1099 698 1145 mat
733 1090 798 1145 "'.
835 1108 853 1141 ι
884 1090 1121 1159 Corpora
1156 1092 1298 1146 enim
1347 1096 1767 1162 congruentibus
1822 1097 2165 1152 nutrimentis

586 1184 847 1253 gaudent;
878 1185 1116 1238 animum
1153 1198 1283 1238 vero
1321 1185 1557 1241 hominis
1580 1187 1791 1241 divinus
1824 1196 1877 1241 et
1925 1188 2163 1243 caelestis

586 1291 766 1329 sermo
791 1276 1125 1329 corroborat.
1160 1274 1296 1341 Quia
1325 1293 1555 1347 namque
1599 1292 1663 1332 ex
1697 1294 1760 1332 eo
1807 1279 1873 1333 ab
1920 1279 2162 1334 imbecil-

587 1365 735 1419 litate
769 1365 833 1419 ad
866 1364 1027 1418 robur
1056 1366 1285 1420 transire
1313 1376 1498 1435 queat,
1534 1382 1599 1422 ex
1628 1383 1812 1423 errore
1838 1370 1904 1423 ad
1929 1370 2163 1438 agnitio-

587 1470 709 1511 nem
744 1456 832 1510 Dei
861 1472 979 1511 sese
1007 1468 1348 1523 convertens,
1392 1469 1447 1513 et
1498 1475 1527 1515 e
1582 1458 1753 1514 foveis
1803 1461 2164 1529 improbitatis

586 1547 764 1601 valide
808 1550 874 1601 ad
917 1548 1168 1603 virtutem
1219 1550 1677 1620 complectendam
1730 1553 2006 1619 exsiliens,
2059 1570 2163 1609 non

586 1649 672 1694 est
703 1656 800 1695 cur
831 1641 1121 1707 dubitctur,
1171 1643 1601 1712 quandoquidem
1653 1659 1838 1699 revera
1882 1645 2166 1700 imbecilli-

588 1729 715 1783 tatis
742 1730 894 1799 culpa
924 1739 1027 1793 est,
1060 1730 1114 1783 in
1144 1733 1424 1799 segnitiem
1460 1742 1516 1786 et
1542 1734 1840 1789 mundanas
1860 1734 2163 1805 voluptates

587 1822 796 1889 prolabi
829 1830 883 1875 et
918 1822 1075 1877 idolis
1105 1822 1343 1879 colendis
1377 1823 1650 1882 delectari.
1705 1826 2015 1895 Spiritualis
2068 1843 2163 1882 au-

2335 626 2505 686 Αὗται
2546 634 2645 702 τῆς
2691 632 3028 702 ἐπιστροφῆς
3061 632 3284 704 καὶτῆς
3326 633 3672 705 ἐδραιότητος
3713 634 3878 701 ἀξιό-

2263 724 2460 794 ληπτοι
2510 723 2731 793 δωρεαί.
2780 724 2893 776 Καὶ
2926 723 3072 792 ζωῆς
3116 723 3225 794 γὰρ
3266 723 3499 790 ἔσονται,
3553 725 3713 795 φησὶ,
3758 724 3878 793 τῆς

2264 815 2485 870 αἰωνίου
2527 814 2768 885 μέτοχοι,
2804 814 2899 868 καὶ
2926 815 2986 867 ἐν
3019 815 3343 886 πλεονασμῷ
3369 815 3674 887 δυνάμεως,
3700 816 3875 887 δῆλον

2263 906 2320 959 δέ
2367 907 2449 959 ὅτι
2491 905 2893 975 πνευματικῆς.
2935 904 3108 958 Τοῦτο
3150 905 3281 977 γὰρ,
3318 901 3495 977 οἶμαι,
3539 906 3741 976 δηλοῦν
3778 907 3871 969 τὸ,

2270 1016 2289 1048 ι
2313 994 2748 1067 μεθυσθήσονται
2793 995 2948 1065 σίτῳ.
2971 1014 2991 1047 ›
3049 996 3363 1067 Γέγραπται
3399 996 3476 1062 δὲ,
3513 997 3597 1049 ὅτι
3649 1016 3668 1047 ι
3693 998 3875 1067 ἄρτος

2269 1087 2517 1159 στηρίξει
2558 1088 2789 1159 καρδίαν
2817 1085 3125 1159 ἀνθρώπου.
3147 1108 3165 1138 ι
3202 1087 3439 1157 Σώματα
3471 1090 3570 1158 μὲν
3593 1087 3706 1158 γὰρ
3738 1090 3871 1151 ταῖς

2266 1179 2626 1250 καταλλήλοις
2689 1180 2877 1250 ἥδεται
2932 1183 3180 1251 τροφαῖς.
3241 1181 3435 1250 Ψυχὴν
3476 1180 3535 1233 δὲ
3565 1179 3872 1250 ἀνθρώπου

2268 1270 2414 1335 θεῖός
2457 1288 2539 1333 τε,
2582 1270 2679 1324 καὶ
2711 1269 2920 1324 ἀνωθεν
2959 1270 3235 1341 διανευροί
3282 1270 3459 1338 λόγος.
3495 1272 3618 1323 Ὅτι
3656 1270 3774 1341 γὰρ
3808 1269 3874 1336 ἐξ

2264 1363 2547 1426 ἀσθενείας
2575 1364 2652 1426 είς
2681 1362 2911 1433 δύναμιν
2931 1365 3381 1434 μεταφοιτήσειεν
3403 1363 3491 1429 ἂν,
3508 1365 3873 1434 ἐπιστρέφων

2264 1457 2330 1508 ἐκ
2372 1454 2581 1525 πλάνης
2630 1454 2767 1525 πρὸς
2816 1454 3108 1522 ἐπίγνωσιν
3142 1453 3298 1517 Θεοῦ,
3351 1455 3443 1508 καὶ
3480 1455 3546 1507 ἐκ
3594 1455 3703 1507 τῶν
3760 1457 3874 1523 τῆς

2265 1546 2598 1615 φαυλότητος
2632 1544 2841 1616 βόθρων
2867 1544 3240 1615 ἀναθρώσκων
3268 1545 3540 1609 εὐσθενῶς
3561 1548 3641 1609 είς
3670 1546 3873 1613 ἔφεσιν

2264 1637 2489 1708 ἀρετῆς,
2530 1636 2646 1699 πῶς
2668 1637 2814 1688 ἐστιν
2844 1635 3172 1705 ἀμφιϐαλεῖν
3200 1653 3215 1702 ;
3257 1638 3429 1703 Είπερ
3465 1638 3613 1689 ἐστὶν
3641 1634 3874 1706 ἀληθῶς

2264 1728 2548 1792 ἀσθενείας
2578 1727 2677 1798 μὲν
2702 1727 2978 1798 ἔγκλημα,
3002 1726 3060 1780 τὸ
3083 1728 3410 1782 ἀναπίπτειν
3444 1730 3525 1792 είς
3558 1726 3870 1799 ῥᾳθυμίας,

2266 1822 2362 1873 καὶ
2412 1821 2494 1883 είς
2541 1819 2736 1889 ἡδονάς
2794 1819 3084 1888 κοσμικὰς,
3146 1819 3238 1872 καὶ
3281 1821 3361 1883 είς
3394 1820 3455 1873 τὸ
3499 1819 3875 1891 προσκεῖσθαι

587 1920 694 1965 tem
728 1911 933 1967 roboris
958 1914 1167 1983 insigne
1200 1914 1409 1970 facinus
1440 1914 1788 1984 perspicitur,
1821 1917 2075 1973 alacriter
2093 1920 2161 1973 ad

2271 1912 2445 1982 φιλεῖν
2481 1914 2603 1975 ταῖς
2637 1911 2745 1965 τῶν
2791 1910 3025 1965 εἰδώλων
3068 1912 3371 1982 λατρείαις.
3414 1911 3617 1982 ’ἰσχύος
3660 1913 3725 1965 δὲ
3765 1911 3874 1981 τῆς

587 2006 725 2061 bona
756 2009 1029 2076 operanda
1060 2010 1393 2075 incumbere,
1418 2019 1766 2080 statuereque
1790 2012 2012 2083 insuper
2027 2015 2161 2068 cha-

587 2093 747 2148 ritatc
775 2110 903 2164 erga
940 2096 1108 2151 Dcum
1144 2098 1277 2152 nihil
1322 2113 1441 2153 esse
1494 2103 1855 2168 praestantius,
1915 2118 1978 2159 ac
2025 2106 2161 2160 citra

587 2186 814 2257 lapsum,
854 2198 907 2243 et
936 2204 1058 2243 cum
1096 2189 1261 2245 animi
1293 2191 1638 2248 contentione
1672 2194 1812 2248 viam
1844 2209 1908 2250 eo
1961 2197 2162 2251 ducen-

589 2289 694 2333 tem
721 2280 1018 2337 ambulare.

654 2456 725 2512 Et
776 2461 980 2530 ﬂorebit
1036 2464 1190 2533 quasi
1239 2464 1387 2519 vinea
1442 2466 1747 2524 memoriale
1802 2466 1933 2535 ejus,
2007 2470 2161 2539 quasi

582 2552 758 2606 vinum
788 2552 980 2608 thuris.

653 2644 933 2699 CLXVIII.
970 2647 1058 2700 Ait
1090 2647 1287 2703 alicubi
1321 2650 1462 2706 Deus
1488 2652 1552 2705 ad
1578 2652 1885 2709 Judazorum
1911 2664 2160 2723 matrem,

582 2733 685 2789 hoc
712 2746 817 2797 est,
851 2734 1187 2808 Synagogam
1225 2755 1239 2793 :
1285 2758 1302 2791 ι
1335 2740 1445 2810 Ego
1480 2752 1660 2799 autem
1707 2745 1938 2814 plantavi
1982 2754 2033 2802 te
2084 2747 2164 2802 vi-

584 2841 741 2881 neam
774 2827 1131 2896 I'ructiferam,
1170 2846 1386 2887 omnem
1433 2850 1613 2901 veram
1654 2837 1718 2889 ⁸⁸.
1759 2856 1776 2889 ι
1818 2839 2000 2893 Psallit
2030 2855 2164 2908 quo-

583 2932 687 2985 que
713 2922 779 2971 de
813 2932 875 2972 ea
913 2920 1066 2975 nobis
1099 2921 1310 2977 divinus
1347 2924 1514 2981 David
1548 2944 1561 2981 :
1601 2944 1619 2978 ι
1680 2926 1900 2983 Vineam
1948 2933 2014 2986 de
2056 2931 2161 2986 1E-

582 3017 747 3079 gypto
812 3010 1164 3077 transtulisti;
1237 3012 1441 3081 cjecisti
1504 3028 1722 3087 gentes,
1797 3031 1852 3076 et
1906 3024 2161 3092 plantasti

583 3114 702 3153 eam
744 3100 811 3153 ²⁹.
848 3118 865 3150 ι
902 3100 1085 3170 Itaque
1129 3103 1285 3157 vinea
1329 3106 1551 3174 pulchre
1606 3110 1913 3179 palmitibus
1965 3114 2160 3170 diﬂ‘usa

501 3254 504 3259 _
581 3200 698 3243 erat
727 3190 912 3246 Israel.
945 3191 1234 3262 Postquam
1293 3208 1470 3251 autem
1522 3201 1706 3256 multis
1748 3206 1922 3261 modis
1966 3207 2017 3261 in
2066 3209 2159 3263 Dei

581 3280 839 3338 cITensam
869 3284 1098 3339 incurrit
1131 3305 1143 3340 :
1186 3306 1203 3339 ι
1246 3288 1523 3346 Destruxit
1566 3293 1825 3351 Dominus
1866 3302 2158 3356 maceriam
2191 3268 2234 3326 α

582 3372 722 3442 ejus,
754 3382 808 3428 et
852 3375 1390 3435 vindciniarunteam
1456 3398 1641 3441 omnes
1692 3388 1782 3455 qui
1841 3399 2164 3463 praetergre-

583 3468 805 3519 aiuntnr
833 3467 992 3522 viam.
1022 3466 1268 3525 Vastavit
1293 3488 1411 3526 eam
1446 3489 1578 3545 aper
1608 3479 1675 3531 de
1698 3480 1853 3545 silva,
1881 3493 1934 3536 et
1980 3486 2165 3542 asinus

584 3559 814 3627 agrestis
848 3572 1033 3628 pastus
1068 3574 1149 3618 est
1179 3580 1299 3619 eam
1348 3568 1414 3619 ³ο.
1457 3587 1475 3619 ι
1515 3569 1697 3625 Posita
1725 3582 1809 3629 est
1841 3576 1983 3629 enim
2020 3577 2166 3633 velut

582 3651 636 3705 in
667 3654 1132 3711 conculcationem
1178 3656 1219 3689 "
1278 3674 1474 3716 nocere
1507 3663 1834 3731 volentibus,
1883 3669 2063 3736 porcis
2111 3679 2167 3724 et

583 3741 752 3797 asinis
780 3744 1143 3813 depascenda,
1176 3747 1275 3801 hoc
1302 3759 1403 3815 est,
1438 3751 1801 3821 voluptatibus
1829 3759 2102 3813 etaversis
2134 3774 2164 3813 a

584 3835 795 3889 ratione
858 3837 1115 3892 motibus.
1173 3838 1379 3894 Idcirco
1434 3848 1718 3901 emarcuit.
1779 3846 2163 3905 Verumtamen

583 3925 831 3981 reﬂoruit
861 3928 910 3982 in
939 3929 1156 3983 Christo
1190 3933 1506 3989 memoriale
1547 3934 1682 4004 ejus,
1738 3954 1929 4009 nempe
1978 3939 2163 3997 Israel.

585 4017 898 4077 ltlemoriale
930 4021 1084 4086 dicit,
1116 4023 1239 4089 quia
1277 4040 1381 4079 non
1419 4042 1606 4084 omnes
1657 4031 2025 4100 crediderunt,
2071 4034 2165 4089 sed

584 4112 736 4178 quasi
771 4112 821 4165 in
853 4115 1167 4169 memoriam
1192 4116 1307 4184 ejus
1355 4128 1583 4172 servata:
1620 4131 1744 4173 sunt
1773 4122 2031 4191 reliquiae.
2058 4122 2165 4177 Fa-

586 4211 674 4253 cta
703 4209 785 4255 est
820 4212 1001 4257 autem
1045 4204 1326 4273 Ephraim,
1366 4209 1481 4264 sive
1530 4208 1696 4265 Israel
1743 4212 1916 4281 gratia
1972 4228 2003 4267 a
2055 4215 2165 4270 Deo

586 4292 862 4361 impertita
896 4304 954 4347 ut
999 4296 1182 4351 vinum
1234 4297 1444 4365 Libani,
1505 4300 1610 4356 hoc
1669 4310 1751 4358 est
1799 4305 2067 4360 odoriIera
2112 4318 2167 4362 et

586 4383 877 4455 fragrantia
912 4388 1053 4442 thuri
1085 4405 1275 4459 parum
1324 4394 1650 4447 concedens.
1684 4394 1951 4451 Dicuntur
1982 4407 2164 4453 autem

587 4476 702 4531 haec
731 4478 797 4533 de
817 4480 1060 4547 Christo,
1094 4483 1162 4538 de
1191 4498 1300 4554 quo
1336 4485 1463 4539 item
1509 4487 1701 4542 beatus
1733 4486 1925 4545 Sirach
1956 4508 1969 4545 :
2007 4490 2164 4563 195

592 4587 611 4619 ι
650 4568 848 4624 Vinum
884 4571 1122 4629 laetificat
1150 4590 1245 4630 cor
1277 4577 1514 4633 hominis
1541 4579 1660 4648 "‘,s
1697 4582 1781 4636 cui
1811 4590 1868 4636 ut
1902 4598 1999 4638 nos
2044 4600 2163 4639 ma-

586 4678 690 4730 gna
724 4676 845 4716 cum
878 4662 1161 4721 alacritate
1184 4666 1457 4737 applicare
1488 4667 1827 4740 festinemus,
1873 4687 2033 4729 sacer
2066 4690 2165 4732 nos

584 4768 765 4809 sermo
793 4754 1022 4823 incitat;
1049 4758 1127 4812 sic
1152 4759 1297 4813 enim
1340 4759 1503 4817 habet
1536 4780 1550 4816 :
1592 4781 1610 4815 ι
1650 4764 1947 4835 Comedite,
1988 4776 2042 4822 et
2080 4768 2164 4823 bi-

585 4844 714 4909 bite,
737 4856 791 4899 et
812 4846 1176 4915 inebriamiui,
1211 4852 1600 4910 charissimi".
1631 4874 1649 4909 ι
1680 4856 1996 4914 Satietatem
2019 4860 2163 4915 enim

584 4936 789 4991 Sanctis
818 4938 1018 4993 nullam
1069 4939 1302 4997 aIIerunt
1352 4960 1472 5015 quae
1514 4961 1609 5016 per
1653 4948 1928 5005 Christum
1970 4965 2167 5021 suppe-

587 5026 849 5093 ditantur,
882 5037 936 5083 et
965 5042 1239 5101 assumpta
1267 5033 1335 5089 ad
1368 5034 1686 5092 ebrietatem
1719 5038 2030 5109 proficiunt.

658 5204 824 5261 Vens.
858 5209 910 5264 9.
940 5209 1081 5276 Quid
1103 5213 1184 5268 illi
1200 5217 1371 5273 adhuc
1403 5229 1451 5273 et
1484 5221 1681 5277 idolis?

654 5300 883 5355 CLXIX.
918 5299 973 5356 Si
1002 5306 1144 5360 enim
1183 5316 1387 5365 tantam
1427 5315 1639 5382 copiam
1690 5315 1826 5371 adeo
1876 5318 2161 5375 venerabi-

586 5387 715 5443 lium
748 5400 806 5443 et
833 5407 1189 5464 supernorum
1233 5399 1496 5456 bonorum
1545 5405 1969 5475 participaverit,
2008 5424 2038 5463 a
2066 5424 2159 5466 vo-

585 5477 789 5535 luntate
810 5486 1023 5538 errandi
1051 5486 1264 5555 penitus
1307 5492 1542 5557 recedet,
1592 5510 1691 5550 nec
1738 5498 1992 5565 operibus
2039 5515 2157 5555 ma-

586 5588 748 5627 nuum
782 5590 999 5630 suarum
1037 5579 1275 5636 colendis
1320 5583 1669 5640 adhaerescet.
1720 5588 1965 5652 Quonam
2014 5593 2157 5647 enim

586 5661 726 5719 bono
759 5667 988 5737 amplius
1015 5683 1228 5739 carens,
1258 5673 1306 5728 id
1337 5675 1405 5729 ab
1436 5674 1560 5731 aliis
1590 5681 1830 5747 quaeret?
1861 5683 2052 5740 Annon
2085 5684 2158 5740 ita

656 5781 698 5811 ’⁷
741 5779 879 5834 Psal.
920 5798 1035 5849 cut,
1068 5786 1155 5843 I7.

588 5848 631 5877 “
656 5851 810 5904 Cant.
847 5867 896 5916 v,
937 5856 983 5909 I.

1257 5790 1300 5822 ³⁸
1328 5790 1435 5846 Jer.
1478 5808 1537 5859 ll,
1575 5793 1667 5851 2i.
1744 5797 1788 5829 ¹⁹
1822 5797 1961 5854 I‘sal.
2006 5816 2191 5869 Lutx,
2232 5801 2285 5856 9.
2365 5802 2409 5834 ³⁸
2442 5802 2573 5859 Ibid.
2609 5802 2697 5866 I5,
2738 5801 2821 5855 I4.

2270 2003 2647 2074 πνευματικῆς
2678 2003 2932 2074 λαμπρὸν
2971 2005 3171 2056 νοεῖται
3211 2003 3562 2075 κατόρθωμα.
3595 2003 3667 2055 Τὸ
3714 2004 3873 2071 ἁγα-

2272 2093 2526 2165 θουργείν
2558 2092 2776 2146 ἑλέσθαι
2804 2092 3123 2163 προθύμως,
3156 2092 3406 2163 ἡγεῖσθαί
3432 2110 3491 2145 τε
3521 2092 3653 2163 πρὸς
3676 2092 3875 2164 τούτῳ

2267 2187 2368 2257 τῆς
2394 2188 2476 2250 εἰς
2515 2186 2647 2239 Θεὸν
2671 2185 2895 2256 ἀγάπης
2924 2185 2983 2238 τὸ
3006 2185 3231 2257 ἄμεινον
3251 2186 3428 2251 οὐδὲν,
3465 2187 3558 2239 καὶ
3586 2185 3877 2241 ἀδιαπτώ·

2266 2294 2377 2340 τως
2446 2277 2581 2330 ἰέναι
2637 2277 2789 2348 μετὰ.
2828 2276 3031 2350 γοργοῦ
3075 2277 3171 2331 τοῦ
3220 2279 3568 2350 φρονήματος
3615 2278 3717 2350 τὴν
3788 2281 3874 2342 είς

2267 2368 2428 2422 τοῦτο
2455 2369 2662 2441 τρίϐον.

2339 2462 2449 2515 Καὶ
2503 2462 2826 2527 ἐξανθήσει
2890 2465 2972 2531 ὡς
3022 2465 3291 2535 ἄμπελος
3342 2464 3409 2519 τὸ
3458 2466 3875 2535 μνημόσυνον

2267 2551 2476 2615 αὑτοῦ,
2507 2554 2587 2619 ὠς
2615 2549 2779 2619 οἶνος
2795 2554 3047 2610 λιϐάνου
3080 2555 3161 2621 τῷ
3198 2557 3469 2626 Ἐφρατμ.

2339 2646 2510 2699 ΡΞΗ’.
2571 2647 2713 2717 Ἔφη
2758 2664 2859 2699 που
2907 2647 3038 2710 Θεὸς
3086 2648 3224 2721 πρὸς
3262 2648 3362 2720 τὴν
3414 2647 3523 2700 τῶν
3584 2646 3874 2703 Ἰουδαίων

2272 2733 2503 2805 μητέρα,
2540 2736 2807 2801 τουτέστι,
2857 2737 2957 2808 τὴν
2986 2740 3341 2810 Συναγωγήνσ
3392 2758 3411 2791 ι
3455 2737 3595 2807 Ἐγὼ
3628 2739 3683 2792 δὲ
3717 2739 3873 2812 ἐφύ-

2267 2829 2435 2883 τευσά
2474 2846 2535 2882 σε
2578 2829 2821 2900 ἄμπελον
2863 2834 3234 2904 καρποφόρον,
3286 2834 3469 2887 πᾶσαν
3515 2832 3813 2904 ἀληθινήν.
3843 2852 3865 2886 s

2268 2920 2475 2974 Ψάλλει
2515 2920 2574 2974 δέ
2608 2939 2713 2975 που
2752 2924 2881 2994 περὶ
2914 2925 3084 2996 αὐτῆς
3128 2926 3221 2978 καὶ
3252 2927 3280 2979 ὁ
3306 2925 3447 2989 θεῖος
3490 2927 3616 2996 ἡμῖν
3664 2925 3869 2979 Δαὸίδ·

2275 3012 2594 3082 (Ἄμπελον
2648 3012 2708 3077 ἐξ
2754 3014 3033 3082 Αἰγύπτου
3078 3019 3343 3087 μετῇρας,
3397 3015 3650 3081 ἐξέϐαλες
3695 3016 3867 3088 ἔθνη,

2268 3105 2364 3157 καὶ
2418 3106 2829 3174 κατεφύτευσας
2872 3108 3063 3180 αὐτήν.
3131 3109 3489 3180 Ὠδοποίησας
3542 3110 3869 3182 ἔμπροσθεν

2269 3196 2461 3265 αὐτῆς.
2489 3217 2507 3249 ι
2544 3197 2754 3251 Οὐκοῦν
2792 3199 3037 3270 ἄμπελος
3070 3201 3168 3272 μὲν
3208 3203 3625 3273 εὐκληματοῦσα
3669 3202 3865 3275 ὐπῆρο

2267 3308 2361 3361 χεν
2383 3293 2412 3343 ό
2450 3292 2686 3362 Ἰσραήλ.
2717 3293 2935 3365 Ἐπειδὴ
2955 3294 3011 3346 δὲ
3032 3295 3445 3366 προσκέκρουκε
3474 3296 3864 3367 πολυτρόπως,

2275 3403 2293 3435 ι
2324 3384 2575 3454 Περιεῖλε
2617 3384 2825 3455 Κύριος
2868 3386 2962 3439 τὸν
3008 3387 3261 3458 φραγμὸν
3294 3389 3487 3459 αὐτῆς,
3533 3391 3630 3443 καὶ
3668 3407 3869 3462 τετρυ-

2266 3477 2503 3547 γήκασιν
2532 3476 2703 3548 αὐτὴν
2730 3478 2933 3542 πάντες
2964 3480 3014 3531 oi.
3044 3479 3561 3550 παραπορευόμενοι
3579 3481 3677 3551 τὴν
3711 3482 3862 3537 ὀδόν.

2281 3565 2617 3637 Ἐλυμήνατο
2651 3566 2825 3638 αὐτὴν
2860 3562 2922 3633 ὗς
2959 3570 3024 3621 ἐκ
3075 3568 3307 3639 δρυμοῦ,
3364 3571 3461 3623 καὶ
3499 3571 3619 3634 ὄνος
3663 3572 3865 3642 ἄγριος

2268 3658 2687 3729 κατενεμήσατο
2746 3658 2986 3729 αὐτήν.»
3056 3659 3303 3713 Τέθειται
3361 3659 3472 3731 γάρ
3522 3660 3713 3731 ὥσπερ
3780 3663 3863 3725 είς

2268 3750 2651 3821 καταπάτησιν
2687 3751 2798 3814 τοῖς
2828 3750 3103 3805 ἐθέλουσιν
3129 3751 3357 3816 ἀδικεῖν,
3404 3751 3614 3823 χοίροις
3656 3770 3717 3806 τε
3761 3754 3863 3807 καὶ

2266 3842 2409 3905 ὄνοις
2430 3841 2590 3913 νομὴ,
2614 3844 2918 3908 τουτέστιν,
2950 3844 3166 3915 ἡδοναῖς
3194 3861 3254 3897 τε
3307 3845 3403 3898 καὶ
3423 3846 3694 3913 ἀλογίαις.
3718 3847 3863 3901 Ταύ-

2266 3947 2333 4001 τῃ
2369 3949 2452 3984 τοι
2498 3932 2867 4003 μεμάρανται.
2924 3932 3071 4003 Πλὴν
3114 3934 3375 3989 ἀνέθαλεν
3425 3935 3485 3988 ἐν
3524 3935 3749 4008 Χριστῷ
3799 3937 3863 3991 τὸ

2271 4022 2615 4091 μνημόσυνον
2646 4022 2835 4077 αὐτοῦ.
2865 4023 3034 4095 Δῆλον
3063 4024 3141 4087 δὲ,
3168 4026 3249 4078 ὅτι
3288 4025 3383 4078 τοῦ
3426 4026 3645 4097 Ἰσραήλ
3666 4045 3681 4057 ο
3721 4045 3861 4099 μνη-

2270 4114 2504 4184 μόσυνον
2524 4114 2581 4167 δέ
2607 4132 2795 4186 φησιν,
2818 4115 2901 4168 ὅτι
2929 4114 3004 4186 μὴ
3034 4116 3238 4179 πάντες
3264 4117 3720 4185 πεπιστεύκασιν,
3742 4119 3859 4172 ἀλλ’

2267 4208 2351 4270 είς
2386 4208 2607 4278 μνήμην
2630 4208 2820 4279 ὥσπερ
2850 4207 3016 4262 αὐτοῦ
3055 4209 3355 4279 τετήρηται
3388 4208 3449 4262 τὸ
3478 4210 3854 4281 κατάλειμμα.

2267 4297 2462 4367 Γέγονε
2488 4298 2545 4351 δὲ
2576 4297 2655 4368 τῷ
2689 4298 2951 4370 Ἐφρατμ,
2990 4300 3111 4371 ἦτοι
3136 4299 3215 4370 τῷ
3260 4300 3478 4372 Ἰσραὴλ
3514 4302 3669 4373 παρὰ
3718 4304 3856 4358 Θεοῦ

2268 4390 2429 4462 χάρις
2456 4390 2532 4453 ὡς
2565 4387 2991 4459 οἷνοςλιϐόινου,
3034 4391 3315 4445 τουτέστιν
3338 4432 3352 4455 ,
3404 4392 3613 4463 εὐώδης
3646 4411 3710 4447 τε
3762 4397 3859 4450 καὶ

2266 4483 2472 4554 λιϐάνῳ
2510 4483 2649 4555 πρὸς
2691 4483 2956 4553 εὐοσμίαν
2997 4482 3154 4552 ὀλίγα
3203 4484 3569 4556 παραχωρῶν.
3609 4488 3767 4541 Ἔστι
3798 4488 3856 4541 δὲ

2265 4575 2505 4639 τοιοῦτος
2538 4577 2567 4628 ό
2588 4574 2718 4644 περὶ
2739 4574 2977 4647 Χριστοῦ
3007 4574 3188 4645 λόγος,
3216 4577 3311 4630 καὶ
3334 4578 3463 4648 περὶ
3488 4576 3655 4631 αὐτοῦ
3688 4595 3856 4650 φησιν

2268 4670 2297 4721 ὁ
2328 4666 2598 4739 μακάριος
2621 4666 2807 4719 Δαϐίδθ
2834 4684 2853 4718 ι
2877 4660 3033 4730 Οἷνος
3065 4667 3347 4739 εὐφραίνει
3381 4668 3612 4740 καρδίαν
3642 4669 3853 4742 ἀνθρώ-

2264 4777 2392 4827 που,
2426 4779 2445 4812 ι
2472 4752 2517 4829 ᾧ
2552 4760 2649 4813 καὶ
2680 4760 2886 4832 σφόδρα
2922 4759 3220 4830 προθύμως
3257 4760 3576 4830 ἐπείγεσθαι
3615 4764 3855 4832 προσϐα-

2262 4853 2395 4918 λεῖν,
2437 4853 2582 4925 ίερὸς
2620 4856 2770 4925 ἡμᾶς
2814 4853 3135 4925 παραθήγει
3181 4852 3374 4923 λόγος’
3416 4854 3531 4927 ἔχει
3576 4854 3687 4927 γὰρ
3727 4849 3850 4923 ὦδε,

2269 4945 2541 5015 «Φάγετε,
2592 4946 2687 4998 καὶ
2727 4944 2905 5009 πίετε,
2964 4944 3061 4997 καὶ
3092 4943 3399 5015 μεθύσθητε
3447 4948 3496 4999 οἱ
3552 4947 3849 5018 πλησίον»

2274 5037 2620 5109 Ἀπροσκορῆ
2640 5037 2749 5108 γὰρ
2768 5036 2945 5105 ἁγίοις
2964 5035 3035 5090 τά
3053 5037 3143 5092 διὰ
3169 5036 3429 5110 Χριστοῦ,
3453 5036 3547 5091 καὶ
3569 5039 3652 5102 είς
3678 5037 3853 5109 μέθην

2268 5129 2541 5200 ληφθέντα
2561 5126 2971 5199 χρησιμώτερα.

2346 5225 2405 5277 Τί
2445 5221 2608 5287 αὐτῷ
2633 5222 2721 5275 ἔτι
2749 5219 2850 5276 καὶ
2880 5216 3147 5285 ειδὼλοις
3166 5258 3183 5282 ,

2338 5314 2503 5370 ΡΞΘ’.
2554 5315 2618 5368 El
2669 5313 2779 5384 γὰρ
2820 5312 3051 5381 γένοιτο,
3075 5311 3273 5381 ξφησὶν,
3320 5309 3380 5364 ἐν
3409 5309 3720 5382 πλησμονῇ,
3760 5312 3854 5365 καὶ

2270 5408 2486 5481 μεθέξει
2514 5407 2622 5460 τῶν
2654 5405 2796 5460 οὕτω
2826 5405 3062 5468 σεπτῶν,
3088 5402 3181 5457 καὶ
3203 5400 3412 5456 ἀνωθεν
3443 5401 3685 5471 ἀγαθῶν,
3725 5404 3855 5456 ἀπο-

2267 5502 2505 5573 χωρήσει
2542 5498 2821 5562 παντελῶς
2858 5497 2953 5551 τοῦ
2990 5494 3295 5551 πλανᾶσθαι
3328 5493 3522 5561 θέλειν,
3554 5496 3650 5548 καὶ⁵
3682 5511 3852 5567 προσ-

2267 5592 2478 5646 κεῖσθαι
2509 5594 2620 5655 τοῖς
2652 5590 2837 5662 ἔργοις
2858 5588 2966 5643 τῶν
3006 5588 3149 5643 ίδίων
3192 5585 3409 5659 χειρῶν.
3437 5586 3594 5649 Τίνος
3623 5585 3733 5655 γάρ
3768 5585 3849 5637 ἔτι

2265 5687 2373 5741 τῶν
2405 5686 2625 5757 ἀγαθῶν
2658 5686 2922 5758 ὑπάρχων
2963 5684 3170 5757 ἐνδεὴς,
3208 5684 3275 5738 τὰ
3304 5683 3435 5754 παρ’
3472 5682 3659 5753 ἐτέρου
3686 5680 3850 5753 ζητή-

2922 5799 2963 5832 ³¹
2991 5796 3095 5854 Isa.
3125 5797 3257 5867 ηε.
3337 5797 3404 5830 ³³⁸
3433 5794 3601 5853 Et-cli.
3630 5811 3722 5861 ιι,
3753 5792 3846 5849 εο.
