4068 6538
247 439 364 495 39.5

1186 438 1740 497 COMMENTARIUS
1780 436 1845 491 IN
1886 435 2118 492 OSEALI
2158 438 2603 495 PROI‘HETAM.

3411 448 3516 504 326

248 573 377 621 σει;
412 556 482 609 Ἢ
513 557 608 609 καὶ
650 558 909 627 ἀνόνητος
953 559 1230 619 παντελῶς
1267 562 1376 623 τοῖς
1412 559 1841 629 πεπλανημένοις

1953 572 2191 625 [ιιιωνεινε
2235 558 2471 613 seductis
2519 574 2741 628 prorsus
2782 570 2863 615 est
2914 561 3136 618 inutile?
3187 562 3325 631 Quid
3371 566 3515 619 enim

245 651 279 719 ἡ
314 648 501 702 τοιάδε
537 649 800 719 ζήτησιςς
852 650 916 702 Τί
946 650 1056 722 γὰρ
1100 654 1133 723 ἡ
1176 652 1383 721 ἄψυχος
1423 651 1520 721 ὕλη
1570 649 1841 722 χαριεῖ-ταί

245 757 399 793 τισιν
421 757 435 804 ;
468 734 549 803 οἷς
576 741 669 793 καὶ
692 741 917 804 δικαίως
946 741 1164 810 ἐλέγετο
1189 742 1342 813 παρά
1366 742 1523 807 θεοῦ,
1563 762 1580 793 ι
1603 739 1673 794 Εὖ
1697 744 1844 812 ποιή-

247 848 405 895 σατε,
432 834 530 886 καὶ
559 832 869 896 κακώσατε,
908 834 1003 889 καὶ
1039 835 1362 905 γνωσόμεθα
1396 836 1475 888 ὅτι
1503 836 1614 888 θεοί
1644 820 1787 887 ἐστε.
1819 852 1836 884 ι

259 922 406 975 Ἀλλ’
434 924 544 977 οὐδ’
588 924 655 977 ἂν
694 926 1005 977 κακώσειαν
1035 923 1355 995 ἀνθρώπους
1386 926 1454 978 τὰ
1504 925 1843 995 χειρόκμητά

246 1031 408 1069 ποτε.
445 1016 569 1079 Πῶς
599 1015 731 1087 γάρ,
762 1019 794 1087 ἢ
822 1016 1017 1080 πόθεν;
1048 1017 1171 1070 οὔτε
1208 1017 1314 1088 μὴν
1336 1018 1573 1087 χρηστὸν
1598 1016 1629 1086 ἢ
1661 1016 1842 1085 ὀνησι-

247 1108 421 1178 φόρον
470 1124 522 1160 τι
569 1108 709 1160 δοῖεν
752 1106 819 1161 ἂν
851 1110 1058 1172 αὐτοῖς.
1122 1108 1330 1162 Οὐκοῦν
1381 1107 1704 1169 ἀκουόντων,
1750 1106 1843 1158 καὶ

251 1201 405 1268 μάλα
440 1200 667 1263 εἰκότως
687 1216 701 1231 ·
736 1219 753 1251 ι
782 1202 927 1264 Beat,
958 1200 1008 1253 οἶ
1060 1201 1153 1253 τὸν
1203 1199 1450 1271 οὐρανὸν,
1480 1200 1575 1252 καὶ
1612 1198 1709 1266 τὴν
1740 1197 1843 1267 γῆν

246 1288 354 1339 οὐκ
382 1289 668 1359 ἐποίησαν,
705 1289 1095 1343 ἀπολέσθωσαν
1126 1290 1236 1342 ἀπὸ
1272 1290 1371 1359 τῆς
1411 1290 1536 1359 γῆς,
1580 1289 1674 1341 καὶ
1714 1288 1843 1340 ὐπο-

252 1380 508 1433 κάτωθεν
546 1381 641 1433 τοῦ
688 1382 919 1451 οὐρανοῦ
961 1381 1171 1435 τούτου.
1202 1404 1221 1433 ι
1276 1382 1349 1433 Τὸ
1401 1380 1700 1449 πεποιηκὸς
1750 1376 1842 1433 οὖν

248 1471 388 1541 ἄρα,
424 1472 519 1524 καὶ
546 1474 751 1543 ἀραρὸς
782 1476 861 1536 είς
891 1473 1169 1542 ἀγάπησιν
1196 1473 1296 1543 τὴν
1317 1473 1411 1525 ἐπὶ
1446 1471 1566 1543 Θεῷ
1601 1489 1844 1542 καταση-

227 1562 440 1632 ⁴μαίνει
470 1562 660 1628 λέγων,
688 1580 708 1613 ι
736 1562 801 1615 Τί
823 1562 971 1633 αὐτῷ
999 1563 1102 1628 ἔτι,
1134 1564 1226 1616 καὶ
1255 1560 1491 1625 εἰδώλοις
1515 1578 1527 1625 ;
1560 1580 1578 1613 ι

338 1654 483 1724 Ἐγὼ
531 1656 909 1709 ἐταπείνωσα
953 1655 1159 1720 αὐτὸν,
1200 1655 1301 1710 καὶ
1342 1654 1456 1726 ἐγὼ
1494 1654 1843 1723 κατισχύσω

246 1745 462 1800 αὐτόν.

292 1837 450 1891 λΡΟἌ
498 1836 657 1905 Ἐγὼ,
689 1837 843 1906 φησὶ,
897 1837 1132 1907 δύναμαι
1166 1838 1393 1904 κακοῦν,
1433 1836 1527 1899 οὓς
1558 1838 1623 1891 ἂν
1674 1839 1839 1910 ἴδοιμι

1943 650 2168 702 materia
2198 665 2359 704 sensu
2393 651 2644 704 destituta
2694 651 3014 719 quibusdam
3061 655 3352 725 largietur?
3391 660 3517 725 qui-

1944 744 2041 795 bus
2074 751 2126 795 et
2149 742 2271 813 jure
2295 744 2572 797 dicebatur
2601 760 2628 797 ιι
2658 744 2768 797 Ι)ρο
2799 762 2811 798 :
2850 764 2871 796 ι
2916 745 3238 813 Benefacite,
3269 760 3323 804 et
3352 751 3517 806 malc-

1942 832 2124 897 l'acite,
2148 843 2202 888 et
2232 836 2465 889 sciemus
2489 836 2611 905 quia
2643 836 2714 889 dii
2736 837 2869 890 estis
2894 837 2963 892 ³³.
3003 857 3021 889 ι
3054 838 3215 907 Atqui
3243 856 3513 910 nunquam

1942 926 2143 980 facient
2170 927 2307 981 male
2336 928 2569 997 cuipiam
2598 930 2853 983 manibus
2890 927 3167 982 fabricata.
3212 930 3313 996 Qui
3371 933 3514 985 enim

1944 1018 2225 1073 facerent?
2260 1034 2430 1088 neque
2461 1036 2587 1075 vero
2624 1022 2745 1075 boni
2792 1016 3087 1090 quidpiam,
3134 1029 3225 1074 aut
3279 1023 3412 1078 utile
3460 1026 3514 1079 in

1943 1126 2268 1180 quemquam
2295 1113 2592 1167 conferent.
2624 1114 2859 1168 Audiant
2893 1114 3075 1183 igitur,
3104 1123 3158 1168 et
3180 1113 3513 1182 justissime:

1946 1205 2024 1259 Dii
2055 1205 2144 1274 qui
2181 1204 2377 1259 caelum
2403 1216 2457 1260 et
2506 1216 2703 1261 terram
2735 1222 2840 1261 non
2889 1206 3155 1272 fecerunt,
3197 1208 3516 1277 disperdan-

1944 1304 2030 1349 tur
2054 1297 2118 1351 de
2144 1306 2308 1359 terra,
2340 1306 2394 1351 et
2423 1300 2489 1352 de
2518 1298 2618 1352 sub
2644 1299 2783 1352 ctelo
2822 1299 2923 1353 isto
2967 1299 3031 1351 “.
3072 1317 3091 1349 ι
3137 1298 3288 1365 Quod
3337 1309 3515 1354 autem

1944 1389 2090 1454 fecit,
2124 1397 2177 1443 et
2211 1399 2391 1460 aptum
2415 1401 2497 1443 est
2523 1391 2669 1459 diligi
2719 1391 2897 1445 divina
2953 1391 3239 1459 charitate,
3293 1391 3514 1460 indicat,

1943 1494 2065 1533 cum
2098 1481 2172 1534 ait
2208 1496 2222 1534 :
2260 1498 2278 1531 ι
2323 1480 2457 1545 Quid
2489 1481 2583 1549 ipsi
2608 1482 2781 1535 adhuc
2809 1494 2862 1535 et
2893 1481 3081 1535 idolis?
3106 1500 3125 1533 ι

2019 1656 2127 1727 Ego
2167 1656 2441 1710 humiliari
2470 1656 2640 1721 illum,
2661 1668 2823 1726 «ego
2857 1655 3164 1724 confortabo
3190 1672 3330 1713 eum.

2016 1833 2223 1891 CLXX.
2254 1834 2385 1905 Ego,
2416 1834 2612 1904 inquit,
2642 1833 2874 1904 aﬂligere
2907 1850 3144 1904 possum,
3179 1850 3314 1905 quos
3336 1836 3518 1893 videro

250 1929 355 1998 τῆς
380 1931 462 1991 εἰς
488 1928 589 1998 ἐμὲ
622 1930 979 2000 γνησιότητος
1015 1929 1391 2001 περιορῶντας
1422 1930 1547 1993 τοὺς
1584 1909 1837 2002 τρόπους.

1953 1929 2305 1984 sinceritatem
2342 1943 2467 1999 erga
2518 1942 2605 1982 me
2652 1928 2951 1998 despicere.
2996 1929 3301 1985 Corroboro
3339 1940 3518 1986 autem

250 2020 453 2090 Νευρῶ
474 2020 528 2072 δέ
558 2020 621 2089 δὴ
650 2021 811 2073 πάλιν
842 2020 970 2083 τοὺς
994 2022 1153 2090 οἵπερ
1186 2020 1252 2075 ἂν
1291 2021 1498 2075 ἕλοιντο
1544 2022 1840 2094 κατορθοῦν

1953 2031 2151 2086 :ontra,
2185 2022 2273 2090 qui
2303 2021 2517 2075 virtutis
2541 2036 2764 2075 munere
2805 2020 2952 2090 fungi
2988 2036 3282 2091 verumque
3309 2030 3364 2077 et
3421 2038 3520 2076 na-

250 2110 481 2180 ἀρετὴν,
514 2110 606 2163 καὶ
640 2110 734 2163 τὸν
763 2109 922 2179 φύσει
952 2128 1010 2163 τε
1061 2111 1154 2164 καὶ
1198 2110 1413 2182 ἀληθῶς
1442 2112 1641 2166 είδέναι
1685 2113 1836 2166 Θεόν.

252 2199 385 2251 Οῦτ’
419 2196 512 2254 οῦν
558 2202 589 2270 ἠ
627 2201 891 2266 κάκωσις,
924 2201 1043 2272 ἢτοι
1073 2201 1135 2255 τὸ
1168 2202 1464 2272 ἀσθενῆσαι
1490 2201 1580 2255 τὸν
1626 2202 1843 2273 Ἰσραὴλ

251 2292 314 2357 ἐξ
336 2292 560 2345 ἐκείνων
585 2288 653 2362 ἦν
676 2310 686 2322 ⁸
730 2291 855 2345 οὔτε
896 2293 1002 2362 μὴν
1031 2293 1062 2363 ἠ
1099 2291 1180 2356 εῐς
1207 2310 1269 2361 γε
1295 2292 1355 2346 τὸ
1383 2292 1642 2348 δύνασθαι
1676 2311 1843 2365 μετα-

251 2383 431 2454 δρομὴ
456 2384 726 2453 δαιμόνων
751 2384 817 2437 ἂν
847 2387 1021 2438 νοοῖτο
1052 2385 1222 2451 δόσις,
1269 2385 1386 2439 ἀλλ’
1412 2386 1531 2439 ἐστι
1562 2387 1843 2441 θεόσδοτον

253 2472 482 2540 ἀγαθὸν,
509 2473 760 2546 καθάπερ
782 2475 971 2544 ἀμέλει
999 2476 1171 2529 καὶτὸ
1192 2476 1438 2532 ἀσθενεῖν
1458 2478 1567 2533 τῶν
1594 2479 1651 2544 ἐξ
1673 2480 1843 2552 ὀργῆς

254 2565 577 2634 κινημάτων
605 2565 892 2630 ἀπότευξις
916 2561 1005 2625 ἦν.
1039 2568 1225 2636 Σοφῶς
1252 2564 1346 2622 οὖν
1376 2570 1504 2643 ἄρα,
1554 2572 1648 2624 καὶ
1695 2572 1844 2641 φιλο⁹

254 2656 395 2718 θέως
441 2659 469 2709 ό
508 2658 682 2726 μέγας
722 2660 855 2727 ἡμῖν
885 2658 1077 2727 ψάλλει
1108 2659 1273 2713 Δα6ίδ
1296 2677 1311 2692 ’
1352 2680 1369 2713 ι
1408 2662 1583 2733 Ἰσχῦς
1617 2680 1717 2733 μου
1753 2666 1846 2717 καὶ

254 2747 496 2818 ὕμνησίς
525 2767 625 2819 μου
650 2752 677 2802 ό
702 2749 926 2821 Κύριος.
957 2770 975 2802 ι

346 2839 493 2909 Ἐγὼ
525 2840 603 2906 ὡς
636 2840 925 2908 ἄρκευθος
953 2841 1323 2907 πυκάζουσα,
1362 2844 1431 2907 ἐξ
1471 2845 1615 2913 ἐμοῦ
1644 2850 1676 2900 ό
1708 2864 1847 2915 καρ-

255 2931 378 2997 πός
405 2946 524 2985 σου
559 2933 821 3000 εὕρηται.

331 3024 505 3078 ΡΟΑ’.
539 3025 706 3077 Φυτὸν
740 3026 838 3095 μὲν
872 3027 906 3095 ἡ
946 3025 1236 3096 ἄρκευθος,
1270 3027 1405 3081 δασύ
1441 3045 1504 3095 γε
1544 3029 1650 3099 μὴν
1682 3029 1844 3095 οὕτω,

259 3118 357 3169 καὶ
385 3118 466 3179 είς
509 3116 687 3188 κόμην
728 3117 1066 3187 ἀμφιλαφές,
1103 3118 1178 3182 ώς
1205 3119 1381 3173 δοκεῖν
1408 3116 1547 3174 εἷναί
1584 3138 1701 3185 πως
1738 3141 1849 3193 χει-

264 3208 543 3279 ρόκμητον
574 3208 798 3281 ὀροφὴν,
842 3207 968 3261 οὔτε
1020 3210 1141 3270 ταῖς
1172 3209 1322 3281 ἡλίου
1370 3211 1549 3281 βολαῖς
1593 3231 1851 3285 παραχω-
1878 3245 1919 3301 C

263 3301 439 3373 ροῦσα
464 3301 562 3372 τὴν
586 3302 844 3366 διάδυσιν,
869 3300 991 3356 οὔτε
1028 3302 1134 3373 μὴν
1156 3306 1271 3367 ταῖς
1297 3304 1465 3357 ὑετῶν
1492 3310 1847 3377 καταφοραῖς·

261 3391 373 3446 κᾶν
420 3394 470 3444 εί
528 3392 769 3463 ῥαγδαῖοι
812 3392 914 3463 τῆς
955 3394 1059 3463 γῆς
1104 3395 1483 3465 καταχέωνταί
1534 3415 1683 3450 ποτε.
1734 3399 1851 3451 ’Ὁτι

260 3481 448 3537 τοίνυν
472 3484 576 3536 ὑπὸ
608 3483 742 3537 Θεοῦ
767 3484 1051 3552 γεγονότες
1074 3486 1525 3542 ἀνεπιϐούλευτον
1558 3489 1737 3553 ἕξουσι
1764 3490 1853 3542 τὸν

263 3574 662 3645 ἐπισκιασμὺν,
740 3576 860 3645 ἦτοι
925 3577 1025 3649 τὴν
1100 3578 1449 3649 ἐπικουρίαν,
1520 3582 1849 3651 ὑπεμφαίνει

263 3666 465 3735 λέγων’
526 3685 545 3718 ι
578 3666 719 3735 Ἐγὼ
764 3668 839 3732 ὼς
884 3668 1151 3740 ἄρκευθος
1200 3670 1579 3735 πυκάζουσα.»
1630 3675 1750 3727 Ὅτι
1795 3674 1851 3727 δὲ

265 3758 425 3811 ’πᾶσα
454 3759 803 3831 καρποφορία
830 3759 939 3813 τῶν
970 3761 1079 3815 ὑπὸ
1107 3762 1225 3831 Θεῷ
1255 3764 1451 3831 γένοιτ’
1491 3765 1558 3819 ἂν
1600 3766 1699 3837 οὐχ
1745 3766 1857 3820 ἐτέ-

270 3852 543 3922 ρως,ἢέν
569 3853 813 3924 Χριστῷ,
864 3856 956 3908 καὶ
999 3855 1086 3909 διὰ
1135 3855 1393 3927 Χριστοῦ,
1449 3858 1854 3929 πληροφορήσει

265 3942 450 4012 λέγων
472 3944 634 4007 αὐτὸς
655 3944 1029 4013 εὐαγγελικοῖς
1054 3946 1409 4018 θεσπίσμασι’
1458 3970 1476 4000 ι
1506 3947 1688 4020 Χωρὶς
1721 3948 1853 4021 ἐμοῦ

264 4032 335 4086 οὐ
377 4033 607 4090 δύνασθε
639 4039 813 4088 ποιεῖν
845 4038 1018 4094 οὐδέν.
1051 4057 1068 4088 ι
1117 4040 1337 4107 Λεγέτω
1381 4040 1444 4112 δὴ
1493 4036 1585 4093 οὖν
1632 4041 1855 4104 είκότως

267 4124 494 4195 ἑκάστῳ
515 4125 621 4177 τῶν
655 4129 1122 4189 πεπιστευκότων,
1156 4129 1315 4201 εἴπερ
1340 4148 1422 4193 τις
1465 4133 1551 4202 είη
1580 4132 1852 4204 λαμπρὸς,

267 4215 367 4269 καὶ
390 4216 741 4285 ἀξιάγαστος,
769 4220 863 4272 καὶ
885 4221 942 4273 ἐν
972 4220 1282 4291 αὐχήμασιν
1316 4223 1537 4293 ἀρετῆς,
1570 4243 1587 4274 ι
1613 4224 1701 4288 Ἐξ
1723 4225 1855 4295 ἐμοῦ

266 4308 297 4359 ὁ
322 4308 535 4376 καρπός
562 4325 652 4360 σου
676 4308 926 4380 εὕρηται.
946 4329 964 4361 ι

351 4399 448 4463 Τίς
476 4398 687 4467 σορὸς,
714 4401 811 4453 καὶ
839 4401 1091 4455 συνέσει
1118 4401 1340 4468 caiisa;
1380 4404 1417 4471 ἧ
1451 4407 1729 4470 συνετὸς,
1758 4405 1856 4459 καὶ

267 4489 666 4557 ἐπιγνώσεται
705 4493 893 4557 αὑτά;
922 4493 1071 4548 διότι
1110 4497 1327 4550 εὐθεῖαι
1362 4500 1421 4550 al
1452 4497 1577 4551 ὁδοί
1612 4498 1719 4551 τοῦ
1752 4502 1859 4553 Κυ-

1944 2119 2060 2163 tura
2098 2109 2263 2163 Deum
2293 2123 2455 2163 nosse
2483 2110 2770 2163 voluerint.
2816 2108 3001 2180 Neque
3052 2111 3215 2179 igitur
3273 2111 3514 2177 alllictio,

1942 2216 2115 2271 neque
2144 2201 2432 2255 inlirmitas
2461 2202 2625 2255 Israel
2652 2217 2717 2256 ex
2749 2201 2855 2256 illis
2883 2202 3190 2269 veniebant,
3235 2218 3407 2272 neque
3450 2206 3517 2257 ad

1942 2294 2086 2349 vires
2116 2293 2493 2348 transmutatio
2519 2294 2819 2347 daamonum
2847 2308 3042 2348 munus
3074 2294 3291 2362 intelligi
3321 2302 3513 2364 queat;

1943 2384 2035 2438 sed
2060 2394 2144 2438 est
2174 2385 2371 2438 bonum
2401 2399 2431 2437 a
2465 2384 2570 2438 Deo
2597 2385 2780 2437 datum
2828 2387 3281 2454 quemadmodum
3310 2386 3518 2440 scilicet

1943 2485 1997 2531 et
2029 2476 2292 2530 inﬁrmari
2322 2492 2388 2530 ex
2421 2478 2496 2529 ira
2535 2477 2713 2531 divina
2740 2476 3198 2546 proﬁciscebatur.
3236 2479 3520 2547 Sapienter

1947 2568 2148 2637 itaque,
2182 2578 2321 2623 etut
2349 2570 2439 2624 Dei
2472 2584 2661 2623 amans
2685 2569 2864 2637 psnllit
2892 2568 3046 2624 nobis
3075 2570 3241 2623 David
3277 2588 3291 2624 :
3325 2588 3344 2620 ι
3384 2569 3521 2624 For-

1946 2659 2142 2725 tiludo,
2171 2666 2226 2713 et
2252 2660 2367 2715 laus
2394 2676 2511 2714 mea
2548 2661 2805 2715 Dominus
2832 2661 2901 2714 ³⁵.
2931 2680 2950 2712 ι

2019 2843 2132 2913 Ego
2190 2846 2323 2897 sicut
2376 2845 2651 2913 juniperus
2705 2846 3023 2914 cooperiens,
3081 2862 3144 2899 ea:
3196 2864 3276 2901 me
3320 2847 3521 2933 ﬂuctus

1949 2946 2067 2988 tuus
2102 2940 2336 2990 inventus
2354 2946 2450 2990 est.

2019 3026 2247 3081 CLXXI.
2282 3027 2571 3097 Juuiperus
2604 3029 2768 3083 arbor
2800 3039 2903 3092 est,
2936 3039 3039 3082 tam
3078 3030 3239 3084 densa
3280 3040 3331 3084 et
3377 3029 3524 3084 fron-

1951 3119 2185 3185 dosn,ut
2213 3119 2546 3188 contignatio
2592 3119 2834 3186 quazdam
2893 3119 3197 3174 manufacta
3255 3121 3520 3186 videatur,

1951 3224 2125 3278 neque
2149 3210 2415 3265 solaribus
2443 3210 2607 3265 radiis
2631 3211 2997 3279 penetrabilis,
3033 3225 3206 3279 neque
3257 3211 3521 3265 incbriunt

1955 3303 2253 3356 deﬁuxibus
2289 3302 2492 3370 pervia,
2528 3302 2776 3371 quamvis
2826 3318 3019 3373 magno
3072 3304 3269 3372 impetu
3325 3312 3521 3357 terram

1956 3393 2315 3460 irrigaverint.
2366 3393 2472 3446 Deo
2518 3394 2678 3461 igitur
2716 3386 2987 3463 subjectos
3028 3406 3193 3448 tutam
3245 3396 3526 3449 habituros

1954 3486 2445 3551 obumbrationem,
2478 3485 2592 3539 sive
2636 3484 2890 3538 auxilium
2933 3486 3258 3545 subiudicat.
3293 3488 3475 3540 dicens
3508 3505 3521 3539 :

1961 3596 1978 3627 ι
2018 3577 2131 3646 Ego
2160 3586 2217 3630 ut
2248 3577 2526 3645 jnniperus
2573 3586 2885 3645 contegens.
2929 3593 2947 3626 ι
2989 3575 3307 3630 Universam
3348 3584 3524 3631 autem

1956 3670 2281 3725 fertilitatem
2314 3670 2420 3723 Deo
2452 3668 2812 3736 subjectorum
2851 3668 3010 3739 196
3042 3683 3147 3722 non
3182 3668 3339 3721 aliter
3366 3684 3525 3737 quam

1956 3766 2009 3819 in
2045 3764 2263 3819 Christo
2319 3772 2373 3816 et
2418 3776 2513 3829 per
2550 3759 2821 3815 Christum
2877 3770 3147 3825 constare,
3210 3760 3528 3813 testiﬁcatur

1958 3857 2091 3926 ipse,
2124 3857 2175 3909 in
2199 3854 2429 3909 oraculis
2457 3852 2785 3923 evangelicis
2823 3854 2893 3906 ita
2927 3852 3151 3921 loquens
3184 3871 3196 3906 :
3234 3872 3251 3903 ι
3286 3853 3415 3907 Sine
3445 3867 3529 3906 me

1957 3946 2091 4001 nihil
2152 3946 2375 4015 potestis
2418 3944 2599 3998 facere
2655 3944 2722 3999 ³⁸.
2763 3962 2782 3995 ι
2845 3943 3064 3996 Dicatur
3112 3942 3295 4010 itaque
3339 3942 3530 3996 merito

1957 4037 2175 4092 cuilibet
2200 4036 2532 4090 credentium
2566 4052 2579 4087 :
2611 4034 2666 4088 Si
2694 4033 2814 4102 quis
2856 4032 3102 4099 insignis,
3158 4040 3212 4084 ct
3259 4032 3529 4084 admiran-

1958 4132 2077 4193 dus,
2107 4139 2160 4183 et
2191 4130 2390 4182 virtute
2422 4136 2645 4183 ornatus
2675 4127 2856 4191 fuerit,
2895 4144 2912 4176 ι
2957 4126 3028 4179 Ex
3061 4139 3144 4178 me
3179 4124 3385 4177 fructus
3406 4130 3531 4178 tuus

1960 4223 2211 4276 inventus
2234 4231 2335 4275 est.
2369 4239 2386 4270 ι

2028 4402 2192 4456 Vens.
2225 4399 2314 4453 ID.
2348 4398 2477 4463 Quis
2498 4398 2728 4465 sapiens,
2752 4408 2798 4451 et
2824 4396 3069 4464 intelliget
3093 4394 3235 4449 ista?
3260 4404 3350 4446 aut
3376 4391 3531 4445 infel-

1960 4494 2146 4562 ligens,
2179 4502 2227 4545 et
2251 4500 2517 4559 cognoscet
2550 4491 2706 4558 ipsa?
2728 4488 2851 4559 quia
2879 4498 3030 4541 recite
3072 4487 3166 4540 vim
3200 4485 3431 4544 Domini.
3485 4496 3532 4536 ει

259 4578 432 4647 ρίου,
480 4580 580 4635 καί
623 4582 837 4636 δίκαιοι
870 4586 1270 4653 πορεύσονται
1312 4588 1381 4641 ἐν
1408 4589 1617 4655 αὑταῖς
1641 4606 1656 4620 ο
1699 4592 1753 4644 οί
1793 4588 1850 4643 δὲ

1955 4586 2090 4656 justi
2134 4582 2474 4636 ambulabunt
2512 4582 2566 4635 in
2609 4582 2718 4644 eis;
2753 4590 2807 4633 at
2840 4579 2989 4647 impii
3028 4577 3435 4645 inﬁrmabuntur
3480 4575 3535 4627 in

268 4669 513 4736 ἀσεϐεῖς
532 4670 991 4737 ἁσθενὴσουσιν
1012 4675 1082 4729 ἐν
1108 4677 1336 4743 αὐταῖς.

344 4760 513 4814 POB'.
556 4762 659 4815 Τὸν
703 4765 950 4817 συνιέντα
1004 4766 1159 4819 ταυτλ⁵
1216 4766 1375 4835 σοφόν
1440 4785 1500 4820 τε
1552 4764 1712 4831 εἶναι,
1768 4769 1863 4821 καὶ

270 4849 649 4904 συνετώτατον
706 4847 764 4904 εὖ
831 4854 975 4923 μάλα
1029 4855 1213 4925 φησίν.
1264 4858 1549 4910 Ἔκκειται
1587 4858 1694 4927 γάρ
1742 4858 1860 4926 οὐχ).

266 4944 391 5005 τοῖς
451 4942 727 4996 ἐθέλουσιν
783 4944 1014 5014 ἑτοίμως
1058 4948 1198 5000 ἐλεῖν
1238 4949 1270 5018 ἡ
1317 4948 1426 5001 τῶν
1473 4948 1633 5002 θείων
1667 4949 1862 5016 λογίων

268 5033 606 5105 κατάληψις.
654 5036 793 5091 Ἀλλ’
815 5038 925 5090 οὐδ’
957 5038 1023 5092 ἂν
1056 5039 1275 5093 δύναιτό
1302 5057 1384 5103 τις
1413 5042 1651 5095 συνιέναι
1690 5057 1859 5112 παρα·

272 5124 463 5195 δολὴν,
514 5127 608 5180 καὶ
650 5130 926 5183 σκοτεινὸν
967 5130 1144 5199 λόγον,
1188 5132 1377 5202 ῥήσεις
1411 5149 1472 5184 τε
1510 5131 1710 5201 σοφῶν,
1766 5133 1860 5184 καὶ

268 5214 600 5284 αἰνίγματα,
623 5218 764 5271 κατά
788 5219 849 5272 τὸ
877 5220 1285 5291 γεγραμμένον,
1304 5222 1352 5273 εί
1380 5220 1453 5291 μὴ
1480 5221 1568 5274 διὰ
1598 5221 1696 5292 τῆς
1716 5220 1857 5273 ἀνω-

270 5305 371 5359 θεν
409 5306 716 5378 δᾳδουχίας,
757 5310 996 5381 Χριστοῦ
1031 5311 1314 5374 καθιέντος
1355 5314 1433 5375 είς
1460 5311 1584 5365 νοῦν
1610 5313 1702 5366 καὶ
1721 5314 1858 5384 καρ-

270 5398 424 5463 δίαν,
444 5395 641 5471 οἷάπερ
658 5403 854 5456 ἀκτῖνα
871 5402 1151 5476 λαμπρὰν,
1173 5404 1271 5477 τὴν
1296 5422 1371 5458 πα
1381 5404 1427 5475 ρ’
1447 5403 1640 5458 ἑαυτοῦ
1676 5404 1853 5475 χάριν.

271 5491 536 5545 Διδάσκει
576 5492 655 5557 δὲ,
706 5496 789 5547 ὅτι
825 5496 887 5548 τὸ
934 5497 1033 5566 μὲν
1073 5496 1331 5551 δύνασθαι
1359 5498 1592 5551 διάττειν
1626 5497 1723 5567 τὴν
1769 5497 1855 5549 ἐπ’

272 5582 435 5647 εὐθὺ,
462 5585 557 5638 καὶ
589 5586 920 5643 ἀνδάνουσαν
952 5588 1030 5659 τῷ
1078 5588 1198 5660 Θεῷ
1228 5590 1433 5662 τρίϐον,
1482 5590 1858 5660 ἀταλαίπωρον

275 5675 481 5746 κομιδῇ
519 5677 622 5747 τῆς
667 5682 1027 5752 κοσμιότητος
1065 5682 1341 5752 ἐρασταῖς.
1392 5682 1505 5735 Οὐκ
1556 5681 1764 5752 ἄτραχυ
1802 5680 1857 5735 δὲ

1960 4692 2058 4730 eis.

2032 4764 2284 4820 CLXXII.
2315 4763 2416 4830 Qui
2457 4764 2573 4817 haec
2628 4760 2980 4824 intellexerit,
3030 4757 3324 4826 sapientem
3374 4763 3536 4823 atque

1962 4857 2508 4929 intelligentissimum
2536 4869 2658 4910 esse
2691 4854 2973 4909 verissime
3006 4850 3279 4920 prazdicat.
3310 4849 3519 4902 Divino-

1961 4967 2077 5007 rum
2110 4950 2305 5021 quippe
2333 4948 2676 5003 oraculorum
2714 4943 3126 5012 comprehensio
3159 4957 3265 4996 non
3318 4952 3399 4994 est
3442 4956 3538 4993 ex-

1960 5042 2127 5111 posita
2161 5039 2439 5110 quibusvis
2470 5052 2665 5105 capere
2692 5033 2870 5089 statim
2895 5031 3214 5086 volentibus.
3237 5030 3340 5084 Sed
3365 5043 3538 5097 neque

1960 5134 2128 5203 possit
2161 5133 2283 5203 quis
2313 5129 2613 5200 intelligere
2642 5123 2972 5197 parabolam,
3021 5131 3075 5176 et
3115 5135 3418 5175 sermonem
3456 5130 3537 5171 te-

1961 5225 2327 5285 nebricosum,
2357 5222 2605 5289 dictaque
2632 5218 2959 5288 sapientum,
2993 5223 3045 5269 et
3076 5213 3358 5283 aenigmata
3387 5212 3453 5275 ³⁷,
3480 5221 3537 5263 nt

1963 5317 2221 5385 scriptum
2251 5322 2355 5380 est,
2392 5311 2496 5366 nisi
2530 5312 2760 5378 desuper
2784 5306 2985 5361 lumine
3028 5304 3247 5374 prazlato
3290 5301 3538 5355 Christus

1965 5410 2019 5462 in
2055 5408 2291 5462 animum
2327 5412 2381 5459 et
2418 5418 2534 5469 cor,
2586 5402 2760 5456 instar
2810 5395 3074 5467 splendidi
3124 5395 3279 5457 radii,
3307 5392 3534 5461 gratiam

1967 5515 2117 5555 suam
2176 5497 2472 5552 demiserit.
2520 5493 2685 5548 Docet
2733 5503 2895 5561 porro
2946 5486 3220 5543 modestiae
3271 5493 3539 5535 amatores

1968 5601 2170 5645 rectam
2207 5588 2423 5655 Deoque
2446 5585 2747 5657 placentem
2772 5580 3020 5635 semitam
3050 5576 3184 5630 citra
3219 5572 3379 5625 ullam
3420 5583 3537 5622 mo-

1972 5683 2180 5737 lestiam
2220 5694 2285 5734 ac
2308 5679 2543 5733 laborem
2578 5686 2735 5745 posse
2776 5683 3028 5734 currere;
3062 5666 3218 5720 aliter
3251 5661 3431 5715 animo
3459 5658 3541 5713 af-

355 5853 402 5886 ³³
436 5854 537 5910 Isa.
562 5871 674 5923 xu,
701 5856 794 5913 25.
870 5859 915 5891 ³⁸
942 5857 1057 5915 Jer.
1094 5876 1149 5927 ι,
1194 5860 1281 5915 Η.
1359 5860 1404 5891 ³³
1432 5858 1570 5915 Psal.
1610 5875 1776 5924 cxvu,
1810 5862 1850 5910 tl

1971 5858 2016 5888 ”
2050 5855 2205 5910 Joan.
2251 5869 2339 5920 xv,
2372 5853 2423 5905 ὕ.
2502 5851 2543 5883 ³⁷
2581 5849 2739 5907 Prov.
2770 5831 2818 5913 ἰ,
2846 5846 2898 5901 6.
