4068 6542
603 428 714 489 327

1598 419 1657 473 S.
1700 414 1969 475 CYRILLI
2012 413 2485 470 ALEXANDRINI
2522 414 2839 479 ARCHEEP.

3755 422 3867 478 ωε

602 547 761 605 fectis
786 556 897 599 rem
927 551 1048 595 esse
1078 550 1346 607 asperam.
1380 534 1513 591 Nam
1548 534 1653 591 illis
1699 534 1764 590 ad
1809 534 2036 603 quodvis
2086 533 2167 587 bo-

2281 532 2339 584 τὸ
2364 534 2465 602 χρῆ
2477 533 2553 601 μά
2582 534 2699 585 ἐστι
2722 538 2836 597 τοῖς
2860 534 2957 604 οὐχ
2980 528 3082 588 ὦδε
3104 536 3284 604 ἔχουσι
3309 534 3551 607 γνώμης.
3589 536 3727 601 Τοὺς
3764 538 3867 609 μὲν

605 653 731 693 num
763 633 953 704 cupida
984 646 1046 688 ac
1073 640 1319 701 prompta
1347 644 1499 686 mens
1526 628 1665 683 vires
1684 627 1969 692 suilicit.ut
1990 641 2178 696 quam-

601 731 684 785 vis
714 724 1055 795 rapidissimo
1097 738 1257 779 cursu
1294 724 1360 778 ad
1415 721 1801 778 conﬁciendam
1838 719 1939 774 sibi
1984 720 2177 773 bonam

603 818 801 877 famam
837 816 1116 879 ferantur,
1151 814 1249 868 bos
1276 822 1453 868 autem
1486 812 1770 882 propensio
1810 822 1861 866 et
1898 810 2178 865 inclinatio

602 911 668 966 ad
692 909 984 980 nequitiam
1014 917 1068 963 et
1095 918 1397 975 peccatum,
1434 905 1646 960 timidos
1695 914 1750 958 et
1778 902 2021 957 imbelles
2051 901 2174 955 red-

604 1001 704 1065 dit,
734 1014 835 1055 nec
862 998 1123 1053 habentes
1147 1014 1175 1051 a
1212 998 1319 1052 Deo
1360 996 1500 1052 unde
1552 996 1768 1052 virtutis
1801 994 1973 1050 olIicia
2022 1007 2178 1049 exse-

604 1102 861 1162 quantur,
894 1091 1150 1161 quoniam
1178 1090 1353 1159 ipsam
1378 1105 1403 1141 a
1423 1088 1683 1158 principio
1729 1084 2174 1155 posthabuerunt.

604 1187 990 1253 Quamobrem,
1025 1184 1069 1238 si
1101 1183 1327 1238 solertes
1362 1197 1548 1236 sumus
1584 1190 1638 1236 et
1682 1180 1938 1248 sapimus,
1985 1193 2012 1230 a
2070 1178 2179 1231 Deo

606 1288 871 1345 petamus,
897 1286 955 1330 ut
983 1291 1100 1343 quae
1122 1275 1275 1328 decet
1302 1289 1461 1343 agere
1511 1272 1797 1341 possimus.
1842 1270 2025 1325 Faciet
2067 1268 2176 1323 voti

604 1377 884 1436 compotes
913 1382 1009 1436 pro
1041 1376 1210 1429 certo,
1246 1381 1365 1419 cum
1400 1365 1470 1419 sit
1506 1364 1791 1433 benignus,
1821 1370 1887 1416 ct
1915 1359 2179 1429 spirituali

608 1462 799 1512 robore
826 1472 919 1527 per
944 1456 1219 1513 Christum
1284 1471 1381 1511 nos
1432 1456 1692 1525 implebit.
1747 1452 1852 1507 Per
1900 1467 2059 1521 quem
2116 1461 2173 1507 et

604 1566 726 1605 cum
762 1565 868 1619 quo
899 1550 1007 1603 Deo
1054 1559 1109 1604 et
1138 1548 1283 1602 Patri
1321 1549 1512 1617 gloria,
1547 1562 1667 1602 cum
1722 1554 1909 1601 sancto
1944 1544 2172 1614 Spiritu,

604 1643 657 1697 in
688 1655 901 1697 omnem
934 1641 1316 1696 aeternitatem.
1349 1639 1542 1693 Amen.

618 1852 2568 1887 W

2281 626 2389 695 γὰρ
2428 629 2459 697 ἡ
2511 628 2590 689 εἰς
2639 629 2747 681 πᾶν
2781 627 2958 681 ὁτιοῦν
2996 628 3107 681 τῶν
3133 629 3356 697 ἀγαθῶν
3398 629 3584 699 ἔφεσίς
3636 647 3696 684 τε
3768 633 3868 685 καὶ

2282 718 2559 788 προθυμία
2618 718 2911 788 διανευροῖ,
2955 720 3050 771 καὶ
3107 718 3324 789 ἀσχέτῳ
3375 720 3635 790 φέρεσθαι
3686 719 3865 774 πείθει

2278 812 2464 882 δρόμῳ
2492 813 2628 883 πρὸς
2649 812 2710 865 τὸ
2745 812 2918 867 θέλειν
2948 813 3272 882 εὐδοκιμεῖν.
3313 813 3449 875 Τοὺς
3476 812 3537 865 δὲ
3567 812 3731 883 ῥοπὴ,
3768 815 3865 866 καὶ

2277 906 2550 967 διάνευσις
2588 907 2620 976 ἡ
2661 907 2740 968 εἰς
2764 904 3075 975 φαυλότητα
3107 923 3167 960 τε
3208 904 3304 959 καὶ
3331 906 3630 975 ἁμαρτίαν,
3657 906 3865 967 δειλοὺς

2278 998 2374 1049 καὶ
2416 996 2714 1067 ἀνάνδρους
2747 998 3077 1067 ὰποψήνειεν
3113 997 3202 1062 ἂν,
3225 998 3319 1051 καὶ
3345 998 3443 1050 οὑκ
3473 997 3695 1067 ἔχοντας
3714 998 3864 1066 παρὰ

2284 1087 2419 1141 Θεοῦ
2453 1087 2515 1141 τὸ
2536 1087 2835 1155 κατορθοῦν
2863 1087 3124 1141 δύνασθαι
3168 1088 3264 1159 τὴν
3311 1089 3532 1159 ἀρετὴν,
3568 1090 3651 1141 ὃτι
3690 1088 3762 1158 μὴ
3804 1091 3863 1141 ὲν

2285 1180 2480 1249 ἀρχαῖς
2516 1182 2895 1247 τετιμήκασιν.
2940 1179 3171 1239 Οὐκοῦν,
3217 1178 3373 1249 εἴπερ
3424 1179 3592 1247 ἐσμὲν
3620 1177 3860 1246 ἀγχίνοοι

2286 1273 2381 1325 καὶ
2408 1271 2581 1341 σοφοὶ,
2616 1270 2768 1340 παρὰ
2809 1270 2943 1323 Θεοῦ
2972 1270 3031 1322 τὸ
3053 1269 3313 1322 δύνασθαι
3346 1270 3475 1340 δρᾷν
3513 1269 3547 1324 ἃ
3581 1269 3860 1338 προσῆκεν

2280 1364 2612 1433 αἰτήσωμεν.
2650 1364 2935 1431 Χαριεῖται
2976 1362 3031 1414 δὲ
3050 1361 3288 1423 πάντως,
3342 1360 3721 1429 φιλάνθρωπος
3758 1360 3855 1423 ῶν,

2279 1455 2374 1507 καὶ
2403 1457 2781 1524 πνευματικῆς
2821 1453 3001 1523 ἰσχύος
3028 1452 3292 1523 ἐκπλήσει
3338 1452 3425 1505 διὰ
3460 1452 3721 1522 Χριστοῦ.
3779 1454 3857 1503 Δι’

2276 1538 2339 1599 οὗ
2387 1546 2479 1598 καὶ
2522 1546 2638 1615 μεθ’
2663 1541 2722 1599 οὗ
2763 1544 2841 1615 τῷ
2869 1544 2987 1615 Θεῷ
3024 1545 3117 1599 καὶ
3147 1545 3321 1615 Πατρὶ
3347 1546 3379 1615 ἡ
3401 1544 3547 1610 δόξα,
3584 1545 3685 1598 σὺν
3720 1544 3859 1613 ἁγίῳ

2279 1636 2577 1708 Πνεῦματι,
2610 1638 2690 1699 εἰς
2722 1638 2847 1700 τοὺς
2874 1637 3075 1700 αἰῶνας
3103 1636 3211 1689 τῶν
3232 1635 3464 1691 αἰώνων.
3508 1635 3699 1705 Ἀμήν.

2580 1850 2955 1863 “—

2573 1845 3840 1877 Ἥ

2500 1865 2567 1877 υ..

1324 2035 1552 2122 ΤΟΥ
1632 2036 1776 2120 ΕΝ
1852 2034 2217 2119 ΑΓΙΟΙΣ.
2291 2032 2726 2119 ΠΑΤΡΟΣ
2805 2031 3132 2119 ΗΜΩΝ

1551 2239 2907 2415 ΚΥΡΙΛΛΟΥ

921 2572 2211 2689 ΑΡΧΙΕΠΙΣΚΟΠΟΥ
2336 2560 3537 2717 ΑΛΕΞΑΝΔΡΕΙΑΣ,

1732 2808 2101 2864 ΕΞΙῙΓΗΣΙΣ
2145 2807 2735 2861 YHOMNIIMATIKH

1102 3006 1367 3136 ΕΙΣ
1451 3002 1797 3137 TON
1874 3002 2823 3134 ΠΡΟΦΗΤΗΝ
2896 2998 3353 3133 ΙΩΗΑ.
3446 2920 3454 2927 ’

1303 3458 1475 3634 S.
1613 3463 1811 3632 P.
1933 3461 2131 3631 N.
2271 3459 3151 3635 CYRILLI

1698 3776 2165 3833 ALEXANDRUE
2221 3780 2775 3850 ARCIIIEPISCOPI,

942 3976 1063 4065 IN
1139 3973 1611 4065 JOELEM
1689 3972 2418 4067 PROPHETAM
2499 3975 3524 4107 COMMENTARIUS,

1821 4192 2222 4243 CONTINENS
2277 4193 2502 4244 TOMOS
2537 4193 2617 4242 ΙΙ.

1009 4508 1736 4603 ΡΒΟίΕΜΙΟΜ.
1822 4616 1825 4619 δ

664 4658 824 4729 197
874 4655 915 4712 Ι.
950 4656 1204 4712 Divinum
1241 4655 1449 4714 Joelem
1478 4658 1666 4711 eadem
1719 4665 2037 4727 tempestate
2070 4674 2167 4714 νον

590 4752 878 4806 ticinatum
907 4757 1159 4820 apparet,
1192 4762 1298 4817 qua
1328 4749 1509 4803 caeteri
1541 4758 1667 4803 ante
1697 4748 1869 4819 ipsum
1897 4751 2165 4815 collocati,

588 4839 786 4905 Oseas,
817 4840 1056 4908 inquam,
1081 4848 1135 4893 et
1164 4841 1331 4894 Amos
1364 4837 1716 4907 prophetasse
1764 4838 1985 4910 intelligi
2045 4856 2167 4910 pos-

589 4938 738 4984 sunt.
776 4928 983 4985 Ποιηνωί
1010 4943 1242 4997 namque
1265 4943 1369 4983 non
1400 4936 1521 4996 post
1563 4926 1865 4993 Michaam,
1913 4931 2006 4986 sed
2048 4940 2171 4999 post

588 5020 712 5074 illos
741 5034 771 5073 a
798 5032 883 5073 me
915 5019 1219 5074 nominatos
1273 5020 1577 5089 ponendum
1630 5020 1983 5075 arbitrantur.
2016 5020 2161 5076 Con-

585 5110 857 5181 queritur.
885 5119 943 5163 ut
980 5125 1094 5164 mea
1122 5118 1205 5165 est
1228 5112 1433 5181 opinio,
1471 5126 1632 5180 super
1657 5110 1930 5176 lsraelitis,
1964 5125 2162 5180 eosque

584 5200 908 5272 gravissime
940 5200 1259 5266 insectatur,
1296 5201 1552 5270 quoniam
1602 5215 1667 5254 eo
1716 5199 1928 5254 demum
1972 5214 2160 5269 super-

585 5295 690 5347 bia:
721 5306 789 5347 ac
837 5293 1071 5362 stuporis
1130 5293 1400 5359 venerint,
1450 5304 1506 5349 et
1556 5294 1628 5348 ita
1684 5305 1898 5346 omnem
1946 5291 2156 5345 dolendi

585 5398 803 5438 sensum
832 5383 1136 5450 amiserint,
1163 5395 1222 5439 ut
1252 5385 1397 5441 nullo
1427 5386 1585 5455 plane
1621 5383 1882 5453 supplicio
1913 5398 1940 5436 a
1970 5397 2159 5453 pecca-

586 5476 657 5529 tis
688 5474 1073 5544 reprimantur,
1111 5490 1211 5531 nec
1256 5476 1391 5535 adeo
1432 5477 1659 5539 crebris,
1702 5485 1755 5535 et
1804 5484 2009 5529 tantum
2053 5492 2155 5530 non

587 5566 853 5622 acervatis
884 5566 1282 5621 calamitatibus
1311 5574 1717 5638 expugnentur,
1756 5570 1970 5638 quando
2018 5578 2155 5621 tem-

585 5673 687 5729 pus
710 5658 885 5714 adhuc
912 5659 1115 5715 nullum
1145 5660 1418 5725 inciderit,
1465 5675 1574 5730 quo
1620 5660 1704 5716 vel
1754 5661 2081 5730 aliquantum
2130 5677 2156 5713 a

589 5749 823 5806 miseriis
850 5750 1192 5821 requiescere
1219 5751 1451 5833 licuerit.
1486 5751 1712 5807 Constat
1758 5769 1916 5821 porro
1966 5753 2155 5807 Isaiam

589 5855 805 5911 quoque
832 5842 887 5897 in
940 5841 1185 5901 eamdem
1236 5844 1563 5901 sententiam
1600 5848 1859 5904 locutum.
1904 5865 1924 5898 ι
1989 5846 2157 5900 iratus

2175 4367 2246 4381 ἡ

2732 4500 3391 4591 ΠΡΟΟΙΜΙΟΝ.

2347 4656 2682 4729 Προφητεύει
2714 4658 2812 4730 μὲν
2851 4661 2880 4712 ό
2906 4659 3188 4723 θεσπέσιος
3233 4660 3382 4730 Ἰωὴλ
3411 4661 3469 4712 ὲν
3512 4660 3740 4731 χρόνοις,
3770 4661 3845 4726 ὡς

2276 4750 2439 4815 ἔοικε,
2478 4750 2598 4804 καθ’
2635 4750 2728 4814 οὓς
2768 4751 2834 4805 ἂν
2864 4753 3069 4806 νοοῖντοη
3104 4752 3198 4804 καὶ
3231 4753 3281 4804 οἱ
3312 4752 3417 4822 πρὸ
3458 4753 3624 4805 αὑτοῦ
3656 4772 3847 4822 τεταγ-

2276 4842 2446 4914 μένοι,
2467 4842 2556 4895 τὸν
2587 4842 2741 4913 Ὠσηὲ
2766 4843 2823 4897 δέ
2842 4836 3014 4913 ’φημι,
3038 4843 3131 4895 καὶ
3155 4844 3335 4912 μέντοι
3382 4845 3476 4895 καὶ
3502 4844 3595 4897 τὸν
3640 4844 3842 4915 Ἀμώς.

2270 4937 2427 4988 Δοκεῖ
2476 4935 2582 5005 γὰρ
2623 4936 2890 5007 Ἑϐραίοις
2921 4936 2982 4989 οὐ
3033 4937 3174 5006 μετά
3209 4953 3271 5003 γε
3310 4936 3401 4988 τὸν
3433 4937 3697 5005 Μιχαίαν,
3729 4937 3845 4992 ἀλλ’

2269 5029 2496 5091 ἐκείνοις
2517 5028 2677 5082 αὑτὸν
2707 5029 3062 5098 συντετάχθαι
3090 5029 3216 5084 δεῖν.
3251 5029 3627 5099 Καταγορεύει
3657 5030 3735 5094 δὲ,
3764 5030 3843 5093 ὣς

2267 5119 2329 5186 γέ
2363 5137 2452 5189 μοι
2490 5119 2762 5188 φαίνεται,
2789 5121 2897 5173 τῶν
2926 5120 2985 5186 ἐξ
3030 5121 3267 5192 Ἰσραὴλ,
3300 5122 3393 5173 καὶ
3425 5121 3683 5192 πλείστην
3707 5124 3841 5191 ὅσην

2265 5210 2441 5264 αὐτῶν
2464 5214 2693 5264 ποιεῖται
2723 5212 3015 5284 καταϐοὴν,
3038 5213 3112 5277 ὡς
3140 5216 3223 5277 εἰς
3238 5213 3394 5266 τοῦτο
3417 5213 3602 5265 λοιπὸν
3626 5214 3842 5282 ἀγερω-

2264 5303 2385 5372 χίας
2408 5304 2644 5373 ἱγμένων
2670 5304 3007 5374 ἀποπληξίας
3050 5324 3108 5359 τε
3137 5307 3232 5359 καὶ
3254 5306 3606 5375 ἀναλγησίας,
3632 5306 3707 5367 ὡς
3732 5304 3841 5357 ὑπὸ

2268 5394 2493 5464 μηδενὸς
2521 5398 2846 5467 τοπαράπαν
2876 5398 3276 5453 ἀνακόπτεσθαι
3315 5397 3424 5451 τῶν
3454 5398 3661 5460 κακῶν,
3696 5399 3837 5468 μήτε

2269 5487 2366 5558 μὲν
2394 5490 2512 5550 ταῖς
2565 5488 2706 5541 οὕτω
2736 5490 2964 5559 συχνῶς,
2996 5492 3274 5561 μονονουχὶ
3323 5490 3380 5543 δὲ
3430 5490 3523 5543 καὶ
3558 5489 3838 5560 στοιχηδὸν

2264 5580 2716 5648 ὲπενηνεγμένοις
2756 5581 3021 5650 ἡττᾶσθαι
3057 5585 3382 5652 συμφοραῖς,
3415 5582 3592 5636 καίτοι
3640 5581 3835 5652 χρόνου

2268 5667 2491 5736 μηδενὸς
2538 5670 3035 5739 παρεισδεδυκότος,
3079 5674 3200 5726 καθ’
3237 5673 3297 5727 ὃν
3348 5672 3697 5743 ἀναφαίνοιτό
3751 5689 3835 5734 τις

2258 5758 2581 5822 ἀνάπνευσις
2628 5760 2720 5812 τοῦ
2767 5761 2961 5826 κακοῦ,
2992 5764 3095 5815 κᾶν
3138 5763 3268 5831 γοῦν
3313 5764 3560 5835 βραχεῖα,
3606 5782 3833 5834 γεγενη-

2262 5847 2415 5916 μένη.
2460 5847 2775 5919 Εὐρήσομεν
2813 5852 2867 5904 δὲ
2914 5854 3009 5906 καὶ
3053 5854 3280 5907 Ἡσαΐαν
3307 5856 3393 5908 διὰ
3438 5856 3546 5909 τῶν
3585 5857 3714 5908 ἴσων
3744 5853 3831 5910 λδ-
