4068 6540
249 382 362 436 ὸῖθ

1159 366 1705 455 COMMENTARIUS
1739 398 1805 454 IN
1845 400 2110 460 JOELEM
2150 405 2595 467 PROPHETAM.

3397 420 3501 473 530

247 514 369 565 γων
403 499 872 573 ὲρχόμενον.Ἕφη
896 503 1003 575 γάρ
1023 522 1034 534 ’
1066 525 1082 557 ι
1117 509 1226 560 Καὶ
1258 508 1513 583 ἐθυμώθη
1544 512 1679 589 ὀργῇ
1713 516 1809 567 Κύ-

1929 528 2030 585 est,
2060 508 2259 590 inquit,
2286 522 2435 580 furor
2464 523 2675 597 Domini
2705 524 2941 581 Sabaoth
2963 524 3018 581 in
3040 526 3290 597 populum
3319 547 3496 600 suum,

248 608 373 661 ριος
406 591 633 646 Σαϐαὼθ
683 594 776 646 ἐπὶ
811 594 898 647 τὸν
926 595 1051 649 λαὸν
1104 599 1290 664 αὐτοῦ,
1331 603 1425 655 καὶ
1463 602 1694 658 ἐπέϐαλε
1730 605 1828 679 τὴν

245 682 411 753 χεῖρα
460 681 621 741 αὐτοῦ
656 683 743 736 ἐπ’
784 683 998 749 αὐτούς.
1044 705 1062 736 ι
1103 688 1214 740 Καὶ
1257 692 1373 759 μετ’
1418 690 1633 760 ὀλίγον·
1672 713 1691 745 ε
1745 696 1829 749 Ἐν

245 774 391 827 πᾶσι
424 772 632 837 τούτοις
658 775 756 827 οὐκ
786 772 1109 849 ἀπεστράφη
1141 780 1169 832 ὁ
1194 780 1362 851 θυμὸς
1391 784 1576 848 αὑτοῦ,
1608 786 1723 839 ἀλλ’
1749 786 1828 843 ἐτι

243 864 280 933 ή
318 865 441 935 χεὶρ
480 864 644 918 αὐτοῦ
678 865 876 938 ὑψηλή.
916 886 935 919 ι
967 869 1182 940 Συνίης,
1223 871 1370 935 ὅπως
1410 874 1568 930 τοῦτο
1609 879 1829 934 κάκεῖνο

246 953 575 1021 πεπόνθασι,
627 958 720 1010 καὶ
756 959 789 1027 ή
824 957 918 1011 τοῦ
967 961 1217 1026 παίοντος
1249 966 1368 1037 χεὶρ
1408 967 1828 1043 ἀπομεμένηκεν

243 1041 454 1115 ὑψηλὴ,
490 1046 567 1125 ὡς
592 1047 714 1100 ὅσον
740 1047 891 1103 οὔπω
918 1052 1010 1104 καὶ
1035 1054 1226 1123 ἐτέρας
1253 1055 1436 1120 αὐτοῖς
1456 1041 1827 1116 ὲπαπειλοῦσα

245 1134 488 1207 πληγάς.
520 1137 731 1209 Ὀνπερ
766 1141 877 1215 γὰρ
919 1141 1117 1211 τρόπον
1142 1146 1210 1199 τὰ
1235 1147 1344 1200 τῶν
1385 1148 1571 1204 παθῶν
1601 1151 1827 1209 δυσίατα

243 1228 311 1280 οὗ
352 1230 480 1298 μιᾶς
525 1228 638 1283 ἔσθ’
676 1230 765 1284 ὅτε
794 1231 962 1285 δεῖται
1007 1235 1203 1306 τομῆς,
1238 1237 1353 1292 ἀλλ’
1397 1240 1478 1294 ἔτι
1528 1242 1824 1300 πλειόνων⁶

241 1317 393 1372 οῦτω
436 1322 529 1373 καὶ
563 1321 592 1372 ὁ
621 1321 957 1393 ἀνθρώπινος
995 1324 1120 1389 νοῦς
1152 1329 1231 1391 είς
1262 1327 1375 1393 ἕξιν
1405 1332 1555 1402 ἥκων
1591 1334 1828 1407 ἀναλγη-

247 1409 396 1472 σίας,
433 1410 764 1483 συχνοτέρας
782 1413 952 1469 δεῖται
986 1416 1222 1488 πληγῆς,
1256 1421 1691 1499 ἀνακομιζούσ-ης
1726 1430 1823 1499 μό-

244 1502 336 1564 λις
367 1503 448 1565 εἷς
475 1519 539 1570 γε
566 1503 825 1559 δύνασθαι
865 1506 1051 1561 λοιπὸν
1082 1510 1382 1583 ἀναμαθεῖν
1425 1518 1741 1587 ἐπείγεσθαι
1764 1524 1825 1577 τὸ

242 1592 441 1645 τελοῦν
459 1594 539 1656 εἰς
564 1593 770 1665 ὄνησιν.
815 1596 999 1650 Ἐοικε
1019 1598 1198 1655 τοίνυν
1233 1601 1407 1674 Ἰωήλ,
1445 1606 1519 1671 ὡς
1548 1608 1641 1663 ἐπὶ
1674 1611 1825 1668 πλεί-

244 1701 407 1747 σταις
445 1684 548 1754 ήδη
605 1686 842 1756 πληγαῖς
877 1689 1231 1761 ἀνουθετήτου
1295 1700 1667 1769 μεμενηκότος
1728 1702 1823 1757 τοῦ

252 1774 500 1846 Ἰσραὴλ,
551 1777 819 1832 ποιεῖσθαι
864 1779 1044 1849 σοφῶς
1076 1781 1177 1853 τὴν
1222 1784 1531 1859 ἐπίπληξιν.
1575 1792 1823 1862 Συμὸου-

240 1864 397 1918 λεύει
414 1883 474 1919 τε
496 1866 632 1938 ἅμα,
656 1868 725 1925 τὰ
739 1870 934 1940 αἰσχίω
957 1871 1242 1942 μεθέντας,
1264 1882 1592 1953 μεταφοιτᾷν
1607 1884 1820 1940 ἑλέσθαι

238 1959 388 2028 πρὸς
424 1960 484 2013 τὸ
523 1960 716 2031 ἡδύνον
762 1962 914 2019 Θεόν.
962 1965 1306 2038 Προσεπάγει
1351 1987 1415 2039 γε
1448 1974 1554 2046 μὴν
1591 1980 1685 2029 καὶ
1711 1979 1820 2032 τῶν

234 2050 325 2123 ὅτι
358 2050 593 2120 μάλιστα
640 2054 910 2123 φιλτάτων
958 2057 1141 2122 αὐτοῖς
1178 2060 1277 2133 τὴν
1316 2063 1629 2137 ὑπόσχεσιν,
1663 2070 1819 2144 εἴπερ

234 2140 451 2194 ἕλοιντο
485 2148 787 2212 μετανοεῖν.
819 2146 928 2203 Καὶ
952 2149 1034 2201 ὅτι
1079 2151 1320 2222 χρηστῷ,
1352 2156 1444 2207 καὶ
1474 2140 1818 2234 ήμερωτάτιξ)

234 2234 656 2304 περιτεύξονται
672 2235 750 2307 τῷ
770 2239 1040 2311 Δεσπότῃ,
1065 2242 1246 2297 δίδωσι
1270 2246 1511 2319 θαρρεῖν.
1529 2247 1695 2317 Οὗτος
1719 2256 1817 2325 μὲν

231 2320 336 2376 οὖν
369 2325 489 2388 ὅλος
522 2327 622 2397 τῆς
661 2330 995 2400 προφητείας
1037 2332 1067 2384 ό
1105 2336 1323 2400 σκοπός.
1358 2338 1603 2395 Ἕκαστα
1629 2343 1686 2396 δὲ
1709 2320 1817 2399 τῶν

232 2416 328 2483 ἐφ’
358 2417 485 2488 ἑξῆς
524 2418 627 2472 ἀνά
661 2420 824 2491 μέρος
864 2422 1116 2495 ἐροῦμεν,
1146 2430 1266 2490 ταῖς
1304 2429 1411 2482 τῶν
1444 2435 1815 2492 ποοκειαένων

232 2507 495 2579 θεωρίαις
521 2510 796 2581 ἑπόμενοι.

568 2636 950 2725 ΤΟΜΟΣ
1014 2641 1483 2733 ΠΡΩΤΟΣ.

828 2795 1055 2850 ΚΕΦΑᾹ
1066 2840 1081 2854 .
1122 2798 1200 2852 A'.

300 2902 497 2970 Λόγος
543 2905 786 2974 ΚιῬὶου,
827 2906 896 2972 ὃς
953 2907 1205 2978 ἐγενήθη
1262 2911 1413 2980 πρὸς
1458 2913 1650 2985 Ἰωὴλ,
1703 2915 1810 2971 τὸν

224 2989 340 3043 τοῦ
374 2993 675 3060 Βαθουήλι

304 3082 381 3135 B’.
417 3083 587 3152 Λόγον
636 3086 770 3139 Θεοῦ
812 3106 945 3159 φησι
992 3071 1324 3164 ⁸γεγενῆσθαι
1363 3097 1497 3168 πρὸς
1548 3098 1737 3151 ἑαυτὸν
1778 3102 1807 3154 ὁ

1932 610 1983 664 e't
2014 613 2257 667 extendit
2289 616 2507 670 m‘anum
2549 632 2699 672 suam
2746 632 2907 688 super
2935 633 3056 674 eum
3106 620 3170 689 ³⁸,
3214 640 3232 674 ι
3272 633 3380 683 etc.
3434 626 3502 680 Et

1932 701 2090 770 paulo
2116 711 2239 773 post
2271 722 2287 759 :
2320 723 2339 756 ι
2376 703 2431 758 1η
2465 706 2547 761 his
2573 704 2821 761 omnibus
2846 723 2950 763 non
2978 709 3139 781 198
3168 723 3248 768 est
3279 729 3501 773 aversus

1931 794 2079 848 furor
2102 794 2237 863 eius,
2268 798 2362 851 sed
2396 797 2568 853 adhuc
2599 814 2789 854 manus
2807 797 2922 868 ejus
2947 803 3154 857 excelsa
3186 804 3282 859 ³⁹.›
3314 808 3501 862 Anim-

1929 882 2165 941 advertis
2221 889 2489 956 quomodo
2523 888 2667 943 aliud
2716 889 2966 961 aliudque
2982 893 3179 948 malum
3209 900 3497 967 perpessis.
3530 900 3531 905 “

1929 974 2119 1055 manus
2145 974 2389 1033 ferientis
2416 978 2590 1034 adhuc
2634 994 2897 1050 suspensa
2933 988 3309 1051 permanserit,
3342 991 3495 1057 quasi

1923 1050 2144 1135 jainjam
2208 1067 2392 1138 plagas
2448 1085 2614 1126 novas
2672 1050 2966 1130 inflictnra.
3036 1050 3496 1142 Quemadmodum

1928 1153 2070 1208 enim
2102 1157 2168 1211 ad
2196 1161 2411 1214 morbos
2430 1172 2620 1215 curatu
2651 1161 2898 1219 diﬁiciles
2927 1179 3032 1219 non
3076 1182 3235 1221 unam
3291 1179 3494 1225 tantum

1928 1246 2245 1313 sectionem,
2279 1250 2373 1304 sed
2415 1250 2594 1320 plures
2644 1254 2913 1309 interdum
2957 1273 3179 1313 necesse
3225 1268 3306 1314 est
3343 1262 3497 1317 adhi-

1928 1331 2085 1399 bere,
2135 1334 2205 1389 ita
2250 1352 2403 1392 mens
2438 1338 2701 1404 humana,
2738 1341 3046 1400 indolentia
3081 1357 3297 1418 torpore
3330 1366 3493 1421 supe-

1928 1433 2082 1490 rata,
2130 1419 2478 1495 frequentiori
2515 1430 2669 1501 plaga
2718 1437 2983 1502 tangenda
3026 1444 3130 1503 est,
3174 1434 3231 1493 ut
3274 1419 3491 1498 tandem

1928 1523 2197 1581 revocata,
2233 1515 2299 1570 de
2343 1516 2555 1586 integro
2587 1520 2793 1576 discere
2852 1534 3016 1593 queat
3062 1541 3167 1596 quo
3227 1541 3386 1598 pacto
3439 1534 3492 1588 in

1926 1610 2201 1669 posterum
2231 1604 2487 1662 utilitates
2512 1623 2637 1664 suas
2685 1624 3060 1683 persequatur.
3110 1618 3332 1677 Videtur
3365 1639 3493 1693 ergo
3524 1636 3529 1641 '

1925 1693 2040 1750 Joel
2091 1695 2389 1765 lsraelitas,
2426 1708 2680 1769 tanquam
2733 1705 2823 1774 qui
2879 1709 3242 1777 compluribus
3313 1713 3523 1772 aﬂecti'

1925 1785 2240 1843 vulneribus
2272 1790 2621 1846 admonitioni
2668 1793 2842 1851 locum
2875 1800 3099 1853 necdum
3154 1804 3490 1874 reliquerint,
3520 1824 3523 1833 ‘

1857 1865 1900 1920 Β
1930 1878 2205 1947 sapienter
2255 1879 2564 1954 obiurgare.
2625 1883 2828 1941 Suadet
2875 1888 3112 1945 item-ea
3154 1865 3523 1968 illis-ample;

1927 1971 2141 2034 ctenda,
2182 1984 2302 2041 quae
2335 1973 2502 2027 Deum
2554 1975 2783 2043 leniant,
2817 1987 2872 2032 et
2916 1994 3095 2035 rerum
3126 1987 3492 2052 optatissima-

1931 2076 2045 2114 rum
2075 2063 2340 2130 promissa
2366 2063 2633 2137 adjungit,
2668 2069 2711 2122 si
2754 2071 2820 2124 ad
2865 2073 3240 2140 paenitentiam
3274 2080 3403 2134 dare
3430 2095 3490 2136 se

1928 2153 2211 2222 voluerint,
2244 2156 2777 2230 clementissimoque
2822 2178 2887 2218 ac
2929 2165 3218 2222 mitissimo
3260 2170 3487 2227 Domino

1926 2257 2141 2311 usuros,
2172 2245 2422 2300 ﬁduciam
2456 2246 2649 2318 injicit.
2682 2250 2859 2322 Atque
2889 2253 2977 2309 hic
3008 2265 3153 2311 totus
3190 2261 3487 2330 prophetiae
3514 2294 3517 2297 -

1924 2350 2120 2406 scopus
2146 2352 2211 2392 ac
2247 2338 2369 2393 ﬁnis
2391 2349 2496 2395 est.
2530 2340 2791 2414 Deinceps
2824 2347 3053 2418 singula,
3098 2364 3164 2405 eo
3198 2366 3304 2419 quo
3357 2368 3486 2423 pro-

1922 2426 2093 2494 posita
2129 2435 2254 2483 sunt
2290 2431 2482 2486 ordine
2507 2435 2936 2505 considerantes,
2982 2443 3346 2508 particulatim
3390 2461 3478 2505 ex-

1924 2517 2150 2587 planare
2178 2522 2578 2592 aggrediemur.

2248 2648 2652 2744 TOMUS
2723 2641 3136 2750 PRIOR.

2594 2798 2745 2855 CAP.
2786 2800 2827 2857 1.

1987 2905 2153 2962 Vsus.
2179 2907 2229 2961 1.
2266 2906 2495 2963 Verbum
2529 2909 2743 2967 Domini
2765 2916 2904 2984 quod
2931 2917 3131 2988 factum
3155 2930 3228 2976 est
3253 2923 3324 2977 ad
3340 2923 3480 2993 Joei',

1913 2998 2082 3069 ﬁlium
2116 2998 2362 3054 Bathuel.

1982 3088 2049 3143 ΙΙ.
2092 3090 2326 3145 Verbum
2381 3092 2474 3147 Dei
2519 3095 2585 3148 ad
2627 3110 2686 3150 se
2731 3095 2932 3151 factum
2978 3102 3054 3153 ait
3094 3103 3372 3173 propheta,
3426 3118 3485 3161 ut

225 3174 538 3242 προφήτης,
570 3176 656 3229 ἵνα
692 3180 757 3248 τῇ
794 3182 1097 3253 προφητείᾳ
1129 3184 1227 3253 τὴν
1278 3186 1457 3239 πίστιν
1486 3188 1807 3259 προσνέμωο

227 3280 334 3289 ---η
408 3267 685 3289 1.---1-..,
729 3271 753 3289 θ
804 3288 807 3289 ,
890 3272 901 3289 ρ
960 3288 967 3289 ,
1202 3276 1215 3289 ι
1329 3277 1351 3289 Α
1410 3281 1462 3289 ..
1556 3280 1568 3289 ι
1728 3281 1751 3289 .-

1914 3182 2355 3252 prmdictionibus
2399 3181 2515 3253 ejus
2562 3186 2718 3241 ﬁdem
2771 3191 3110 3259 tribuamus,
3160 3195 3357 3250 animis
3419 3209 3480 3252 ut

224 3280 355 3336 μεν,
403 3267 687 3337 ἀραρότως
725 3271 1077 3341 διακείμενοι,
1130 3276 1224 3331 καὶ
1264 3277 1683 3352 τεθαρρηκότες,
1725 3281 1807 3333 ὅτι

1914 3273 2071 3329 decet
2119 3273 2319 3343 affecti,
2358 3286 2414 3331 et
2457 3278 2812 3347 confidentes,
2844 3283 3021 3336 omnia
3061 3298 3180 3352 qua:
3228 3302 3479 3356 pramun-

219 3358 450 3421 πὰντως
476 3359 553 3422 είς
589 3362 762 3428 πέρας
788 3364 1079 3435 ἐκϐήσεται
1103 3367 1171 3422 τὰ
1194 3370 1631 3441 προηγγελμένα.
1662 3371 1805 3442 Πρὸς

214 3446 390 3501 τοῦτο
418 3449 567 3518 ἡμᾶς
604 3452 829 3519 ὲμπεδοῖ
853 3454 1025 3525 λέγων
1048 3458 1139 3510 καὶ
1170 3458 1331 3524 αὐτὸς
1353 3462 1381 3513 ὁ
1421 3461 1610 3532 Σωτήρ
1631 3477 1645 3491 ·
1686 3479 1705 3513 ι
1741 3461 1805 3513 Οί

217 3538 377 3608 λόγοι
406 3558 507 3611 μου
533 3541 593 3594 οὐ
630 3542 705 3615 μή
731 3546 1063 3616 παρέλθωσι.
1101 3568 1122 3601 ι
1157 3550 1360 3621 Χρῆμα
1389 3550 1498 3622 γὰρ
1529 3551 1650 3625 οὐχὶ
1676 3550 1805 3621 ψευ-

214 3630 421 3694 δδεπὲς
448 3633 481 3705 ἡ
524 3632 771 3704 ἀλήθεια,
806 3637 897 3689 καὶ
924 3639 1061 3709 ὅπερ
1090 3639 1156 3694 ἂν
1188 3640 1321 3715 λέγῃ
1340 3644 1368 3697 ὁ
1390 3640 1543 3706 θεὸς,
1574 3634 1802 3714 ἀτρεκὲς

215 3722 379 3775 ἔσται
407 3724 641 3789 πάντως.
678 3727 850 3791 Αὐτὸς
886 3729 993 3801 γάρ
1030 3733 1178 3785 ἐστιν
1203 3735 1230 3785 ὁ
1260 3732 1421 3785 ἱστῶν
1460 3734 1647 3804 ῥήσεις
1679 3751 1802 3788 παι-

214 3811 315 3875 ᾶνς
350 3814 538 3878 αὑτοῦ,
572 3817 667 3870 καὶ
688 3817 787 3888 τὴν
812 3817 1004 3891 βουλὴν
1030 3822 1135 3875 τῶν
1174 3822 1420 3891 ἀγγέλων
1462 3822 1627 3878 αὑτοῦ
1663 3824 1798 3896 ἀλη-

216 3903 421 3960 θεύων.
454 3907 663 3962 Οὐκοῦν
691 3911 1106 3981 εὐτεχνέστατα,
1140 3916 1231 3967 καὶ
1262 3915 1441 3984 σοφῶς
1473 3914 1673 3982 ἐξαιτεῖ
1698 3915 1799 3988 τὴν

214 3996 411 4049 πίστιν
437 3999 563 4062 τοὺς
582 4000 986 4068 ἀκροωμένους,
1017 4005 1097 4056 ὅτι
1126 4005 1200 4079 μὴ
1222 4005 1364 4059 κατά
1383 4023 1534 4070 τινας
1561 4009 1645 4078 είη
1666 4006 1799 4078 ψευ-

210 4087 442 4158 δοεπὴς,
482 4088 517 4160 ἢ
550 4091 616 4143 ὲκ
646 4093 872 4163 καρδίας
908 4094 968 4147 τὸ
996 4094 1184 4147 δοκοῦν
1229 4095 1545 4167 ἀναφέρων,
1586 4096 1702 4151 ἀλλ’
1731 4099 1796 4155 ὲκ

214 4178 495 4247 στόματος
522 4180 921 4253 Κυρίου-λαλῶν
943 4184 1001 4238 ἐν
1021 4183 1307 4255 πνεύματι,
1341 4185 1650 4255 σαφέστατα
1674 4186 1797 4241 διει-

213 4270 362 4330 πὼν.
398 4272 726 4343 Πρόσκειται
771 4275 827 4329 δὲ
873 4276 1185 4345 ἀναγκαίως
1220 4295 1239 4329 ι
1270 4279 1299 4330 ὀ
1346 4276 1609 4348 Βαθουὴλ,
1652 4297 1670 4328 ι
1709 4279 1793 4337 ῖνα

215 4361 298 4430 μή
336 4377 424 4423 τις
466 4360 667 4439 ἕτερος]ι
690 4362 818 4433 παρ’
851 4363 1012 4416 αὐτὸν
1060 4366 1231 4417 νοοῖτο
1262 4364 1353 4418 τὸν
1401 4365 1572 4436 Ἰωήλ.
1599 4367 1793 4421 Πολλοὶ

214 4452 322 4521 μὲν
345 4451 455 4523 γὰρ
483 4453 872 4525 ἀναμφιλόγως
908 4458 974 4527 τῇ
1004 4455 1229 4530 τοιαύτῃ
1256 4456 1445 4527 κλήσει
1476 4458 1793 4527 κατωνομά-

1915 3364 2142 3430 tiantur,
2189 3374 2471 3422 eventura.
2524 3369 2583 3423 In
2617 3369 2721 3425 hoc
2768 3386 2866 3426 nos
2911 3372 3038 3427 item
3077 3373 3327 3431 Salvator
3365 3379 3480 3448 ipse

1913 3454 2221 3523 conﬁrmat,
2278 3457 2569 3527 inquiens:
2628 3476 2651 3512 ι
2686 3459 2862 3516 Verba
2920 3477 3039 3517 mea
3092 3481 3196 3519 non
3260 3478 3478 3537 praeter.

1912 3547 2065 3602 ibunt
2107 3546 2176 3603 ‘°.
2210 3568 2230 3601 ι
2275 3548 2492 3606 Veritas
2546 3552 2746 3623 quippe
2798 3568 2903 3608 non
2941 3562 3025 3608 est
3067 3556 3383 3628 falsiloqua;
3423 3571 3480 3616 et

1909 3640 2051 3708 quod
2080 3639 2220 3695 Deus
2249 3641 2467 3707 dixerit,
2496 3644 2804 3700 certissimo
2833 3645 2955 3713 ﬁet;
2975 3636 3088 3716 ipse
3115 3649 3475 3719 estsiquidem

1914 3740 1935 3781 ‹
1968 3730 2237 3787 suscitans
2264 3733 2489 3787 verbum
2523 3735 2667 3789 servi
2700 3735 2806 3801 sui,
2846 3744 2902 3790 et
2937 3737 3222 3793 consilium
3259 3742 3501 3796 nuntio-'

1909 3833 2030 3874 rum
2097 3835 2319 3877 suorum
2370 3823 2661 3879 veriticans
2704 3824 2772 3879 “.
2821 3844 2840 3877 ι
2876 3825 3237 3894 Quamobrem
3281 3832 3468 3887 scitis-

1907 3911 2045 3965 sime
2098 3913 2335 3982 postulat
2388 3916 2668 3972 audientes
2730 3916 2951 3972 credere
2982 3957 2998 3983 ,
3051 3934 3156 3974 non
3217 3935 3275 3975 se
3320 3936 3474 3977 more

1903 4003 2261 4070 quorumdam
2290 4006 2635 4076 vaniloquum
2670 4022 2793 4062 esse
2816 4007 2882 4071 δ’,
2918 4024 3018 4064 nec
3057 4010 3122 4064 de
3157 4012 3321 4065 corde
3348 4028 3471 4077 suo,

1904 4095 2047 4162 quod
2108 4094 2211 4148 sibi
2253 4095 2427 4150 visum
2487 4097 2561 4152 sit
2616 4098 2967 4167 depromere,
3018 4114 3205 4155 verum
3257 4116 3322 4156 ex
3376 4116 3473 4157 ore

1905 4184 2170 4251 Domini,
2237 4186 2289 4241 in
2340 4188 2531 4255 spiritu
2596 4189 2760 4244 verba
2816 4188 2997 4245 facere
3033 4230 3048 4254 ,
3114 4191 3473 4261 liquidissima

1906 4276 2245 4333 testiﬁcatur.
2310 4278 2630 4334 Necessario
2692 4289 2870 4334 autem
2915 4280 3162 4350 addidit,
3216 4300 3237 4335 ι
3298 4283 3505 4339 tilinni'

1899 4365 2166 4435 Bathuel,
2215 4388 2235 4420 ι
2288 4385 2354 4423 ne
2399 4369 2536 4424 alius
2573 4370 2839 4439 quispiam
2891 4387 2919 4424 a
2963 4374 3111 4428 .Ioele
3166 4373 3272 4429 isto
3320 4376 3467 4429 θεοῖο

1899 4469 2139 4528 peretur.
2200 4461 2352 4515 Multi
2399 4462 2546 4515 enim
2588 4463 2708 4516 sine
2747 4465 3114 4516 controversia
3147 4505 3164 4530 ,
3223 4480 3322 4519 nec
3386 4475 3467 4517 ta-

209 4540 412 4604 ζοντοο
454 4543 711 4612 γεγόνασι
745 4546 802 4599 δὲ
838 4545 899 4598 οὐ
939 4546 1137 4609 πάντες
1188 4550 1251 4599 ἐκ
1289 4548 1551 4619 Βαθουήλ.
1587 4548 1789 4619 Ἀσφα-

1914 4565 2018 4605 nen
2068 4566 2256 4606 omnes
2303 4566 2334 4606 a
2380 4551 2639 4607 Bathuele
2680 4554 3054 4623 progenerati,
3105 4554 3209 4608 hoc
3268 4570 3465 4610 nomen

210 4630 369 4695 λείας
395 4632 460 4703 δὴ
485 4629 599 4701 οὖν,
626 4636 701 4699 ὡς
725 4630 960 4707 ἐγῷμαι,
993 4636 1152 4707 χάριν
1177 4640 1600 4712 προσενήνεκται
1631 4642 1792 4696 πάλιν

1914 4641 2183 4708 gerebant.
2222 4639 2399 4695 Certae
2442 4641 2607 4711 igitur
2652 4641 3017 4697 distinctionis
3059 4659 3240 4711 causa,
3268 4651 3329 4698 ut
3361 4659 3465 4711 ego

208 4724 239 4776 ὁ
263 4722 536 4793 Βαθουήλ.

299 4810 629 4866 ’Δκούσατε
675 4814 884 4879 ταῦτα,
929 4819 981 4870 οἱ
1009 4818 1414 4886 πρεσϐύτεροι,
1448 4818 1546 4873 καί
1593 4819 1794 4875 ἐνωτί-

208 4905 435 4966 σασθε,
468 4902 691 4971 πάντες
717 4908 771 4959 οι
816 4907 1233 4974 κατοικοῦντες
1258 4908 1374 4977 τὴν
1412 4907 1561 4979 γῆνο
1600 4913 1652 4964 εὶ
1698 4911 1792 4978 γέ-

208 5007 357 5063 γονε
400 4995 643 5052 τοιαῦτα
688 4997 757 5049 ἐν
788 4997 916 5063 ταῖς
962 4999 1207 5069 ἡμέραις
1250 5001 1434 5070 ὑμῶν,
1467 5004 1505 5070 ἢ
1542 5005 1612 5056 ἐν
1660 5004 1788 5072 ταῖς

208 5081 465 5151 ἡμέραις
494 5081 614 5137 τῶν
654 5086 926 5153 πατέρων
968 5087 1153 5157 ὑμῶν.
1198 5090 1376 5159 ’Υπὲρ
1418 5090 1616 5144 αὐτῶν
1663 5092 1788 5158 τοῖς

204 5171 448 5238 τέκνοις
494 5172 660 5243 ὑμῶν
692 5175 1080 5247 διηγήσασθε,
1124 5180 1222 5233 καὶ
1272 5181 1345 5236 τὰ
1388 5181 1567 5235 τέκνα
1622 5183 1788 5253 ὑμῶν

205 5260 338 5326 τοῖς
382 5261 614 5332 τέκνοις
661 5266 882 5336 αὐτῶν,
911 5269 1105 5324 καὶτὰ
1136 5273 1316 5326 τέκνα
1354 5273 1551 5327 αὐτῶν
1573 5277 1661 5342 εἰς
1697 5294 1787 5345 γει

203 5351 360 5405 νεὰν
393 5352 622 5422 ἑτέραν.

308 5444 383 5498 Γ’.
434 5446 733 5519 Ἀποφέρει
784 5451 925 5520 πρὸς
971 5453 1307 5525 ἀρχαιότητα
1352 5456 1556 5527 καιρῶν
1601 5476 1658 5512 τε
1698 5458 1792 5511 καὶ

205 5535 438 5605 μνήμης
474 5538 603 5601 τοὺς
634 5542 1031 5610 γεγηρακότας,
1069 5546 1163 5598 καὶ
1190 5544 1587 5616 διενθυμεῖσθαι
1617 5565 1789 5619 προσ-

209 5624 426 5694 τέταχε,
458 5627 589 5680 πότε
616 5628 681 5698 δὴ
719 5629 828 5700 ἄρα
850 5632 945 5684 καὶ
984 5631 1076 5684 ἐπὶ
1116 5634 1226 5686 τίσι
1255 5632 1534 5688 τεθέανται
1573 5635 1643 5687 τὰ
1676 5636 1787 5700 ica,

1898 4730 2098 4795 sentio,
2150 4731 2389 4784 additum
2438 4731 2788 4786 nihilominus
2817 4742 2900 4787 est
2942 4730 3214 4788 Batbuelis
3245 4749 3463 4789 nomen.

1972 4818 2133 4876 Vens.
2162 4820 2214 4887 2,
2249 4822 2304 4875 '5.
2340 4823 2530 4876 Audite
2578 4821 2710 4886 haec,
2748 4840 2916 4887 senes,
2950 4834 2997 4877 et
3028 4825 3245 4879 auribus
3278 4826 3467 4895 'perci-

1895 4912 2024 4979 pite,
2049 4927 2227 4964 omnes
2254 4912 2551 4966 habitantes
2580 4921 2813 4977 terram;
2846 4915 2891 4967 si
2926 4914 3066 4981 facta
3099 4922 3220 4969 sunt
3251 4916 3383 4970 talia
3410 4917 3465 4970 in

1897 5001 2077 5054 diebus
2102 5003 2305 5066 vestris,
2340 5012 2428 5055 aut
2473 5003 2527 5055 in
2556 5004 2736 5056 diebus
2769 5013 2979 5072 patrum
3022 5016 3325 5060 vestrorum.
3361 5005 3468 5061 Su-

1895 5106 1986 5157 per
2022 5091 2085 5143 iis
2111 5090 2272 5161 199
2293 5091 2419 5159 ﬁliis
2452 5093 2635 5146 vestris
2676 5105 2905 5158 narrate,
2943 5106 2990 5148 et
3023 5096 3121 5164 ﬁlii
3148 5099 3304 5150 vestri
3335 5096 3465 5165 ﬁliis

1896 5181 2029 5245 suis,
2060 5190 2108 5234 et
2130 5181 2232 5249 ﬁlii
2255 5197 2437 5236 eorum
2470 5184 2524 5236 in
2549 5187 2933 5253 generationem
2966 5185 3209 5241 alterunt.

1934 5448 2214 5509 IIlJEtate
2244 5451 2520 5507 confectos
2543 5452 2883 5522 antiquorum
2912 5462 3207 5523 temporum
3238 5465 3292 5509 et
3312 5465 3457 5509 vete-

1889 5542 1965 5596 ris
1996 5542 2269 5597 meinoria:
2289 5541 2724 5606 commonefacit,
2757 5544 3099 5612 cogitarcque
3140 5557 3325 5599 secum
3365 5545 3457 5609 jn-
3526 5578 3531 5585 .

1886 5637 2001 5704 bet,
2037 5635 2338 5706 ecquando,
2371 5645 2435 5690 et
2467 5635 2520 5689 in
2549 5636 2743 5704 quibus
2766 5635 2968 5691 similes
3001 5637 3336 5691 calamitates
3365 5644 3462 5693 aut

276 5786 321 5819 ³⁸
364 5785 464 5843 lsa.
500 5804 552 5855 ν,
584 5789 674 5844 25.
753 5792 798 5823 "
840 5792 969 5849 ibid.
1046 5793 1091 5825 ‘°
1132 5794 1320 5849 Matth.
1360 5812 1504 5861 xxiv,
1541 5797 1628 5852 55.
1707 5799 1748 5830 ⁸¹
1776 5796 1809 5853 Ιι

1914 5812 2057 5862 xuv,
2090 5796 2176 5851 26.
2256 5799 2301 5830 ’θ’
2335 5796 2445 5854 Jcr.
2474 5812 2632 5860 χχιιι,
2673 5800 2755 5854 16.

533 5883 807 5947 Ριιτιιοι.
858 5886 974 5945 Gn.
1066 5886 1290 5947 LXXI.

3037 5886 3100 5952 11
