4068 6550
599 356 699 414 331

1604 347 1662 401 S.
1704 346 1975 402 CYRIIJJ
2017 344 2486 402 ALEXANDRINI
2526 344 2843 401 ARCHH‘J’.
3762 353 3851 411 339

600 473 847 548 patribus
871 484 1081 537 eorum,
1112 478 1205 524 aut
1231 467 1366 541 ipsis
1398 466 1633 540 posteris
1683 481 1713 520 a
1776 465 1885 522 Deo
1924 466 2192 521 irascente

2303 465 2408 526 τοῖς
2433 463 2709 535 πατράσιν
2730 463 2935 529 αὐτῶν,
2964 463 3132 536 ἤγουν
3154 465 3263 528 τοῖς
3285 463 3364 518 ἔτι
3389 467 3615 520 κατόπιν
3639 467 3701 519 ὲκ
3728 467 3851 535 θείες

600 568 905 637 importata;
934 561 1062 619 sint.
1086 560 1465 634 Reputandum
1513 559 1682 631 igitur
1710 557 1808 623 ait,
1849 567 2032 613 utrum
2077 571 2187 613 non

600 674 737 716 nova
761 656 1113 723 etinusitata,
1146 670 1245 711 nec
1274 655 1365 709 ulli
1396 653 1628 709 fortasse
1678 652 1979 724 priscorum
2015 649 2189 706 homi-

600 767 726 808 num
749 750 965 822 cognita
990 760 1307 805 narraturus
1325 750 1414 804 sit.
1440 747 1647 804 Debere
1675 747 1841 802 etiam
1893 744 1948 800 in
1990 742 2190 814 primis

597 854 825 901 cmteros
846 842 922 898 ait
945 841 1271 913 disquirere,
1297 856 1424 896 num
1471 840 1602 912 quid
1638 835 2009 909 hujuscemodi
2045 837 2191 906 ipso-

599 954 718 994 rum
750 935 1074 993 memoriam
1103 936 1411 1006 contigerit,
1433 943 1487 989 et
1522 933 1639 991 fore
1664 932 1947 989 materiam
2002 945 2191 986 narra-

597 1033 764 1089 tionis
788 1032 1150 1103 scmpiternae,
1171 1042 1291 1100 qua:
1313 1043 1417 1084 non
1454 1042 1637 1094 unam,
1668 1040 1769 1082 nec
1793 1026 1949 1091 duas,
1966 1032 2059 1079 aut
2077 1034 2190 1078 tres

596 1126 974 1195 generationes
994 1122 1281 1194 pervadat,
1312 1120 1407 1176 sed
1430 1118 1655 1175 multum
1702 1118 1883 1189 potius
1944 1117 2187 1172 excedat.

599 1219 755 1274 Sicut
784 1218 928 1273 enim
965 1215 1251 1271 illustrium
1290 1228 1496 1275 rerum.
1526 1222 1582 1267 et
1630 1211 1861 1267 fortasse
1897 1207 2192 1265 delectabio

599 1312 733 1367 lium
761 1323 977 1381 quoque
1007 1306 1397 1377 expositiones,
1429 1305 1723 1359 multorum
1752 1304 1978 1358 auribus
2000 1303 2192 1372 dignas

601 1404 961 1467 amrmamns;
993 1401 1070 1455 ita
1105 1398 1459 1455 nihilominus
1484 1397 1843 1453 memoranda
1888 1395 2018 1463 .inre
2058 1410 2190 1450 cen-

600 1503 809 1558 sentur,
834 1506 1095 1565 quaecum
1116 1490 1362 1548 adversis
1410 1489 1628 1547 casibus
1681 1498 1735 1546 et
1785 1487 2192 1543 calamitatibus

2295 554 2467 626 ὀργῆς
2499 554 2932 627 ὲπενηνεγμέναο
2966 555 3385 627 ἀναλογίζεσθαι
3410 574 3469 611 τε
3500 557 3609 612 δεῖν
3648 559 3747 630 ἔφη
3765 561 3851 617 λοι-

2296 648 2418 712 πὸν,
2450 647 2499 700 εί
2531 647 2607 720 μὴ
2641 647 2768 714 ξένα
2793 648 2888 701 καὶ
2915 648 3059 720 ἀήθη
3088 649 3158 704 τά
3194 649 3538 722 διηγήματα,
3568 651 3664 704 καὶ
3705 653 3853 707 οὐδενί

2296 756 2383 791 πω
2409 738 2553 810 τάχα
2584 738 2695 793 τῶν
2734 739 2902 794 πάλαι
2951 742 3349 813 διεγνωσμένα.
3382 743 3628 798 Συνιέναι
3665 760 3726 813 γε
3766 749 3852 819 μὴν

2296 826 2355 886 εὖ
2368 831 2532 902 ,μάλα
2554 834 2855 905 προσήκειν
2882 833 3124 897 καὶτοὺς
3145 835 3367 907 ἑτέρους
3414 836 3567 907 φησι,
3589 838 3639 891 εί
3662 833 3853 895 minus:

2295 922 2521 993 γέγονεν
2566 923 2656 977 ἐπ’
2691 924 2873 977 αὐτῶν
2905 942 2920 956 ·
2966 924 3187 980 ἔσεσθαι
3228 928 3293 981 δὲ
3334 928 3428 981 καὶ
3475 927 3727 983 ὑπόθεσιν
3755 932 3854 986 ἀτε-

2295 1014 2570 1084 λευτήτων
2598 1014 2975 1087 διηγημάτων,
3006 1017 3105 1071 οὒκ
3153 1019 3394 1091 είςμίαν
3421 1019 3733 1091 διήκουσαν,
3752 1023 3853 1078 οὕτε

2308 1100 2416 1177 μὴν
2468 1108 2548 1173 είς
2593 1107 2686 1162 δύο
2732 1110 2825 1163 καὶ
2875 1111 3025 1181 τρεῖς
3075 1113 3311 1179 ⁹γενεάς,
3358 1112 3763 1169 διεκϐαίνουσαν
3808 1118 3853 1171 δὲ

2301 1198 2524 1269 μᾶλλον,
2554 1202 2654 1254 καὶ
2684 1202 2765 1263 είς
2802 1200 2863 1254 τὸ
2902 1200 3169 1256 ἐπέκεινα
3222 1202 3381 1258 πολύ.
3412 1203 3627 1275 Ὠσπερ
3668 1207 3767 1278 γὰρ
3801 1226 3855 1261 τι

2297 1290 2526 1365 λαμπρά
2571 1293 2685 1347 τῶν
2718 1294 3090 1365 διηγημάτων
3130 1294 3467 1361 ἀξιάκουστά
3504 1314 3688 1369 φαμεν
3742 1295 3853 1354 εἶναι

2295 1382 2409 1447 τοῖς
2444 1384 2681 1449 πολλοῖς,
2720 1386 2816 1439 καὶ
2841 1379 2921 1448 οἷς
2959 1385 3025 1439 ἂν
3060 1385 3246 1439 ἕποιτο
3285 1386 3449 1456 τυχᾶν
3479 1389 3575 1441 καὶ
3611 1388 3671 1441 τὸ
3697 1388 3853 1461 ἐφήδε-

2302 1475 2424 1529 σθαι
2469 1475 2609 1529 δεῖν’
2663 1474 2837 1539 οὕτως
2888 1477 3363 1549 άξιομνημόνευτά
3412 1473 3702 1543 πως-θεῖναι
3738 1480 3856 1534 δοκεῖ

600 1587 887 1657 conjuncta
915 1594 1060 1640 sunt.
1085 1582 1223 1640 Nam
1246 1593 1299 1641 et
1334 1585 1451 1639 haec
1502 1591 1713 1639 tantum
1738 1596 1851 1636 non
1880 1580 2195 1651 exprimunt

2303 1570 2395 1622 καὶ
2421 1567 2489 1622 τὰ
2537 1570 2620 1632 είς
2661 1567 2812 1639 λῆξιν
2869 1570 3078 1639 ἥκοντα
3111 1570 3408 1643 συμφορῶν
3446 1588 3507 1625 τε
3548 1572 3642 1627 καὶ
3681 1573 3853 1626 παθῶν.

602 1681 885 1736 veritatem
913 1677 1333 1748 quodammodo,
1370 1676 1751 1744 molestinsque
1783 1688 1899 1743 iper
1922 1687 2191 1729 summam

2303 1661 2598 1733 Μονονουκὶ
2631 1661 2738 1733 γὰρ
2772 1661 3169 1717 καταϐιάσεταί
3199 1680 3315 1728 πως
3347 1664 3444 1719 καὶ⁷
3472 1664 3541 1719 τά
3576 1666 3746 1719 τοιάδε
3779 1667 3855 1737 τὴν

604 1771 996 1845 impudentiam
1022 1770 1302 1837 instantia,
1341 1769 1611 1826 recenseri
1645 1766 1921 1838 postulant
1980 1776 2039 1822 et
2068 1780 2191 1822 eum

2303 1752 2576 1845 ἀλήθειαν,
2606 1754 2699 1807 καὶ
2724 1756 3133 1828 φορτικωτέραν
3156 1756 3258 1829 τὴν
3282 1755 3591 1829 προσϐολὴν
3612 1757 3790 1827 ἔχοντα
3806 1761 3854 1813 ὲκ

605 1844 840 1922 maxime
865 1864 1170 1937 insignibus
1194 1865 1263 1919 de
1300 1862 1467 1934 gloria
1537 1862 1893 1917 contendunt.
1913 1860 2090 1930 Atque
2129 1868 2189 1912 ut

2303 1844 2493 1916 πολλῆς
2546 1846 2688 1915 ἄγαν
2743 1846 3155 1917 ἀναισχυντίας,
3217 1847 3361 1914 ἀξιοῖ
3411 1847 3852 1919 μνημονεύεσθαι,

603 1960 744 2014 bona
781 1996 797 2023 ,
834 1957 940 2023 sic,
968 1956 1182 2026 opinor,
1207 1953 1523 2008 et-infausta
1548 1967 1611 2008 ac
1638 1952 1845 2019 tristia,
1887 1967 1992 2007 non
2025 1950 2196 2006 inuti-

605 2049 732 2106 liter
752 2055 1266 2106 commemorantur.
1297 2045 1388 2100 llla
1418 2044 1683 2115 siquidem
1712 2046 1777 2099 ad
1800 2044 2017 2100 virtutis
2046 2058 2197 2099 amo-

606 2158 722 2200 rem
743 2141 1109 2203 auscultantes
1136 2148 1370 2205 acuunt;
1393 2140 1529 2203 haec,
1564 2137 1701 2193 mala
1755 2146 2043 2208 antequam
2098 2152 2197 2193 ve-

606 2236 761 2291 niant
790 2233 1230 2302 sentianturqne,
1274 2231 1552 2300 deprecari
1584 2230 1815 2295 docent;
1842 2238 1897 2283 et
1946 2243 2045 2297 per
2080 2242 2199 2297 quia

607 2324 697 2379 alii
725 2338 911 2394 pmuas
935 2331 1315 2393 susceperunt,
1348 2320 1909 2392 pcreademparilms
1939 2334 1998 2374 se
2026 2318 2192 2375 scele-

604 2418 757 2473 ribus
784 2416 1000 2471 irretire
1024 2415 1301 2486 cupientes
1332 2431 1436 2469 non
1459 2414 1664 2471 sinunt.

682 2689 846 2744 Vsus.
873 2689 928 2742 4.
961 2685 1188 2741 Residua
1208 2701 1378 2741 eruca:
1407 2682 1629 2739 comedit
1665 2680 1887 2743 locusta,
1920 2695 1966 2735 et
1992 2682 2205 2736 rrsidua

607 2783 826 2836 locustae
860 2780 1077 2834 comedit
1112 2778 1359 2843 bruchus,
1417 2785 1466 2832 et
1503 2774 1713 2830 residua
1756 2774 1939 2828 bruchi
1984 2776 2203 2829 comedit

610 2875 828 2945 rubigo.

683 3052 1006 3121 1V.Semper
1024 3050 1261 3107 involuta
1278 3060 1360 3106 est
1385 3048 1634 3106 nonnihil
1653 3056 1961 3105 sanctorum
1976 3043 2205 3118 prophe-

613 3152 789 3196 tarum
823 3140 1020 3206 oratio,
1047 3148 1102 3196 et
1129 3150 1348 3195 narratu
1386 3140 1699 3196 tristissima
1757 3140 1900 3195 haud
1950 3137 2086 3193 satis
2136 3136 2205 3191 lio

2296 1937 2394 1990 καὶ
2437 1939 2557 2000 ταῖς
2588 1936 2699 1991 τῶν
2749 1938 3021 2009 μεγίστων
3050 1939 3229 2005 δόξαις
3261 1940 3574 2010 φιλονεικεῖ.
3612 1941 3757 2011 Ἔχει
3788 1942 3852 2005 δὲ,

2299 2028 2486 2101 ὥσπερ
2516 2029 2586 2084 τά
2622 2030 2863 2102 χρηστά,
2890 2030 2990 2101 τὴν
3026 2032 3246 2103 μνήμην
3286 2032 3390 2085 οὐκ
3437 2030 3665 2104 ἀκερδῆ,
3694 2032 3852 2097 οὕτως,

2298 2118 2472 2193 οἶμαι,
2503 2122 2598 2176 καὶ
2626 2122 2693 2176 τά
2728 2122 2894 2178 σκαιά
2917 2140 3021 2176 που
3048 2124 3144 2177 καλ⁸
3186 2123 3507 2197 σκυθρωπά.
3539 2124 3620 2176 Τά
3663 2124 3855 2196 μὲνγὰρ

2300 2216 2380 2278 είς
2406 2214 2592 2284 ἔφεσιν
2623 2214 2827 2285 ἀρετῆς
2858 2214 3171 2287 παραθήγει
3201 2217 3328 2281 τοὺς
3370 2216 3776 2287 ἀκροωμένους·
3803 2218 3854 2269 τά

2301 2306 2357 2361 δὲ
2384 2300 2491 2378 πρὸ
2529 2306 2719 2377 ἐφόδου
2765 2306 2866 2377 τὴν
2895 2306 3001 2361 τῶν
3030 2307 3217 2361 κακῶν
3262 2310 3458 2379 πεῖραν
3504 2309 3853 2378 παραιτεῖσθαι

2300 2399 2543 2455 διδάσκει
2562 2417 2575 2431 ο
2601 2401 2696 2455 καὶ
2721 2400 2786 2453 δι’
2810 2394 2886 2457 ὧν
2902 2402 3090 2475 ἕτεροι
3116 2401 3542 2473 τετιμώρηνται,
3577 2401 3666 2455 διά
3685 2403 3854 2457 τούτων

2303 2490 2485 2546 αὐτῶν
2529 2492 2593 2547 τὸ
2643 2495 2757 2558 τοῖς
2802 2493 2940 2559 ῐσοις
2990 2494 3255 2549 ὲναλῶναι
3305 2492 3490 2565 ζητεῖν
3536 2495 3640 2549 οὐκ
3695 2494 3854 2567 ἀνρὶησξ

2302 2602 2476 2649 τινας.

2380 2678 2455 2732 Τὰ
2482 2678 2819 2733 κατάλοιπα
2842 2678 2955 2749 τῆς
2984 2678 3227 2750 κάμπης
3264 2681 3603 2751 κατέφαγεν
3628 2692 3664 2747 η
3694 2679 3853 2749 ἀκρίς,

2306 2768 2404 2822 καί
2430 2769 2502 2822 τὰ
2532 2770 2870 2826 κατάλοιπα
2896 2771 3005 2841 τῆς
3028 2772 3273 2841 ἀκρίδος
3295 2773 3632 2843 κατέφαγεν
3658 2774 3689 2826 ὀ
3706 2772 3854 2839 ,ϐροῦ-

2306 2877 2435 2929 κος,
2468 2862 2561 2915 καὶ
2596 2862 2669 2917 τὰ
2704 2862 3043 2919 κατάλοιπα
3088 2864 3195 2919 τοῦ
3240 2864 3515 2934 βρούχου
3554 2863 3855 2934 κατέφαγεν

2304 2953 2343 3021 ἡ
2374 2950 2648 3024 ὲρυσίϐη.

2376 3046 2451 3103 A'.
2483 3049 2807 3121 Κέκρυπταί
2839 3068 2957 3115 πως
2995 3051 3081 3104 ἀεὶ
3105 3049 3211 3103 τῶν
3239 3046 3411 3118 ἁγίων
3436 3047 3723 3121 προφητῶν
3750 3048 3775 3100 ὁ
3794 3046 3856 3099 M-

2306 3156 2423 3209 γος,
2446 3140 2541 3194 καὶ
2565 3141 2635 3195 τά
2657 3142 2865 3213 σφόδρα
2887 3142 3184 3215 σκυθρωπά
3218 3140 3326 3195 τῶν
3354 3140 3705 3212 διηγημάτων
3729 3138 3856 3207 ὀκνη-

612 3234 802 3289 benter
840 3232 1167 3305 proferunt;
1205 3246 1340 3288 neve
1392 3231 1674 3289 audientes
1731 3229 2045 3287 effrenatius
2093 3229 2198 3283 ira-

2309 3232 2419 3303 ρῶς
2452 3232 2771 3305 ἐκφέρουσι,
2822 3234 2917 3288 καὶ
2949 3234 3037 3288 διά
3077 3233 3176 3298 τὰς
3228 3232 3335 3287 τῶν
3377 3232 3737 3305 ἀκροωμένων
3764 3231 3854 3284 ds.-

613 3337 854 3392 scantur,
890 3340 1026 3396 quas
1074 3333 1321 3395 possunt,
1381 3325 1729 3381 obscuritatis
1778 3325 1996 3379 umbras
2038 3321 2200 3377 indu-

612 3426 781 3484 cunt;
823 3417 1110 3490 aenigmata
1162 3418 1328 3472 etiam
1377 3423 1432 3471 et
1480 3415 1762 3488 parabolas
1830 3412 2204 3484 excogitantes

612 3525 719 3567 non
768 3508 1114 3565 mediocriter
1162 3516 1419 3579 prosunt;
1482 3521 1864 3578 nonnunquam
1915 3516 1970 3562 et
2014 3519 2204 3560 exem—

613 3602 699 3674 pla
780 3610 1081 3675 opportuna
1159 3601 1413 3657 afferunt.
1480 3598 1573 3655 Sic
1642 3600 1783 3669 apud
1864 3596 2200 3655 Ezechielem

619 3713 641 3750 ι
680 3695 870 3765 Aquila
896 3694 1141 3765 grandis,
1178 3708 1498 3765 magnarum
1539 3692 1771 3758 alarum,
1802 3709 1821 3744 ι
1861 3689 2202 3760 proponitur,

618 3805 639 3840 ι
662 3787 823 3857 longo
853 3786 1220 3841 membrorum
1244 3785 1427 3851 ductu,
1460 3795 1516 3842 et
1540 3784 1695 3857 plena
1726 3783 1943 3855 plumis,
1972 3796 2093 3852 qua:
2115 3779 2205 3835 ha-

614 3876 707 3933 bet
734 3877 953 3932 ductum
986 3876 1220 3932 intrandi
1276 3877 1343 3931 ad
1406 3877 1696 3942 Libanum,
1746 3882 1803 3929 et
1856 3874 1976 3928 tulit
2027 3872 2203 3928 electa

613 3969 1141 4027 cedri.Summitates
1171 3968 1553 4025 teneritudinis
1576 3968 1695 4039 ejus
1721 3967 1993 4030 avulsil,et
2022 3976 2201 4023 trans-

616 4062 857 4135 portavit
913 4076 1009 4118 eas
1034 4062 1087 4118 in
1121 4070 1321 4116 terram
1374 4062 1630 4117 Chanaan
1656 4060 1725 4115 ”.
1763 4080 1782 4114 ι
1813 4059 2203 4132 Subsignilicao

614 4155 695 4211 vit
714 4154 858 4210 enim
888 4153 1080 4219 Assur,
1111 4153 1411 4225 principem
1460 4163 1619 4209 terrae
1679 4151 2004 4224 Babyloniae,
2036 4152 2204 4222 200

616 4245 711 4316 qui
739 4244 1193 4315 exitniasquaeque
1244 4261 1312 4301 ex
1353 4246 1519 4301 Israel
1567 4244 1813 4315 diripuit,
1877 4242 2205 4313 domumque

614 4337 819 4392 avexit.
848 4336 928 4391 Ac
966 4335 1284 4392 sterilitates
1340 4336 1555 4405 quidem
1610 4350 1885 4406 agrorum,
1934 4333 2205 4389 fructuum

614 4439 955 4486 maturorum
991 4428 1297 4499 penuriam,
1345 4442 1541 4482 sazvam
1614 4442 1760 4498 saepe
1800 4436 1854 4482 et
1894 4427 2202 4482 diuturnam

614 4519 816 4576 famem
847 4533 944 4592 per
970 4517 1210 4575 Judaam
1231 4517 1526 4585 exstitisse,
1573 4533 1729 4575 sacra
1774 4518 2053 4589 Scriptura
2120 4532 2206 4573 re-

2306 3324 2538 3390 θάσσσυς
2579 3327 2751 3397 ὀργὰς
2797 3329 2916 3392 ταῖς
2968 3326 3346 3399 ἐνδεχομέναις
3388 3326 3675 3397 ἀσαφείαις
3715 3342 3851 3378 κατα⁹

2308 3415 2641 3482 σκιάζουσιν.
2676 3417 2987 3489 Αἰνίγματα
3018 3418 3074 3471 δὲ
3123 3420 3217 3473 καὶ
3260 3418 3577 3489 παραϐολάς
3620 3416 3853 3471 ἀναπλάτα

2303 3526 2507 3573 τοντες,
2528 3508 2829 3580 ὠφελοῦσιν
2844 3510 2903 3563 οὺ
2935 3509 3191 3581 μετρίως.
3215 3512 3377 3564 Ἔστι
3396 3510 3451 3564 δὲ
3474 3510 3658 3575 αὐτοῖς
3680 3511 3706 3563 ὀ
3724 3510 3850 3577 λόγος

2306 3600 2401 3655 καὶ
2430 3600 2520 3656 διά
2556 3600 2844 3674 χρησίμων
2874 3602 2984 3655 ἔσθ’
3030 3603 3118 3656 ὅτε
3153 3602 3637 3675 παραδειγμάτων.
3678 3604 3855 3655 Ὀποῖόν

2305 3690 2421 3743 ἐστι
2454 3690 2547 3743 καὶ
2586 3690 2645 3743 τὺ
2670 3691 2818 3763 παρὰ
2844 3691 2938 3744 τοῦ
2982 3691 3242 3764 Ἰεζεχιὴλ
3272 3695 3549 3765 areius-ww
3591 3712 3611 3746 ι
3651 3693 3707 3747 ὐ
3731 3694 3854 3754 dati;

2306 3781 2335 3833 6
2370 3779 2564 3850 μέγας,
2597 3782 2624 3833 ὁ
2664 3781 3178 3854 ¹μεγαλοπτέρυγος,
3209 3786 3237 3837 ὁ
3286 3785 3493 3857 μακρὸς
3537 3788 3603 3858 τῇ
3650 3785 3855 3845 ἐκτάσει,

2307 3870 2401 3924 καὶ
2433 3872 2647 3944 πλήρης
2681 3872 2909 3943 ὀνύχων,
2937 3873 2994 3937 ὃς
3032 3873 3143 3945 ἔχει
3176 3876 3235 3929 τὸ
3274 3876 3465 3948 ἧγημα
3514 3878 3763 3931 εἰσελθεῖν
3792 3880 3854 3939 εἰς

2306 3960 2397 4015 τὸν
2439 3963 2691 4026 Λίϐανον,
2738 3964 2833 4016 καὶ
2872 3964 3029 4018 ἔλαϐε
3058 3966 3125 4018 τὰ
3161 3967 3393 4021 ἐκλεκτά
3433 3968 3532 4038 τῆς
3560 3969 3762 4039 κέδρου.
3789 3968 3852 4019 Ti

2306 4053 2452 4124 ἄκρα
2483 4054 2579 4125 τῆς
2613 4054 2953 4123 ἁπαλότητος
2993 4056 3277 4120 ἀπέκνισε,
3311 4058 3403 4110 καὶ
3431 4058 3659 4129 ἤνεγκεν
3692 4058 3854 4119 αὐτοὺς

2307 4146 2389 4209 είς
2410 4145 2509 4217 τὴν
2539 4149 2643 4219 γῆν
2688 4146 2927 4202 Χαναὰν.
2967 4166 2985 4199 ι
3028 4148 3329 4220 ’Υπεδήλου
3369 4151 3478 4222 γάρ
3519 4150 3755 4221 Ἀσσοὺρ,
3785 4150 3854 4203 τὸν

2306 4237 2404 4306 τῆς
2435 4237 2792 4291 Βαϐυλωνίων
2834 4239 3070 4309 ἄρχοντα
3106 4239 3232 4310 γῆς,
3257 4240 3351 4294 τὸν
3394 4242 3749 4315 ἀποκείραντα
3768 4243 3854 4294 τῶν

2306 4327 2366 4393 ἒξ
2404 4328 2620 4402 Ἰσραὴλ
2646 4330 2715 4383 τὰ
2736 4330 3008 4403 ἐξαίρετα,
3043 4333 3138 4385 καὶ
3160 4333 3300 4386 οίκοι
3336 4333 3639 4404 μεταθέντα
3660 4334 3715 4387 τὸ
3733 4334 3855 4403 διηρ-

2307 4418 2609 4491 πασμένον.
2648 4422 2759 4475 Καὶ
2784 4424 2866 4476 ὅτι
2901 4425 3000 4495 μὲν
3027 4425 3312 4494 γεγόνασιν
3344 4417 3568 4499 ἀφορίαι
3591 4445 3651 4481 τε
3681 4425 3850 4499 ἀγρῶν,

2307 4510 2530 4577 ἐνδειαι,
2568 4511 2678 4565 τῶν
2720 4512 2966 4585 ὠρίμων,
2996 4516 3090 4569 καὶ
3136 4516 3285 4586 λιμοὶ
3326 4517 3643 4582 πλειστάκις
3664 4519 3853 4588 amni;

615 4612 741 4669 fert.
800 4612 1107 4679 Quinetiam
1133 4610 1350 4680 quidam
1382 4611 1524 4667 fame
1540 4610 1796 4667 macerati
1827 4625 1893 4666 eo
1924 4610 2198 4679 angustia-

2305 4619 2363 4656 τε
2397 4603 2492 4657 καὶ
2524 4604 2730 4673 κατάγε
2761 4604 2862 4678 τὴν
2898 4606 3158 4661 Ἰουδαίαν
3184 4607 3389 4681 χώραν,
3423 4609 3527 4681 ἔφη
3560 4610 3621 4664 τὸ
3647 4609 3849 4681 Γράμμα

615 4719 735 4759 rum
759 4702 936 4759 adacti
973 4710 1119 4767 sunt,
1153 4711 1212 4757 ut
1236 4712 1396 4774 caput
1424 4702 1567 4758 asini
1612 4701 2004 4775 quinquaginta
2059 4701 2198 4758 siclis

2308 4696 2370 4749 τὸ
2428 4697 2593 4767 ἱερόν.
2628 4696 2765 4768 Ἤδη
2823 4698 2933 4771 γάρ
2978 4716 3121 4763 τινες
3164 4699 3323 4770 λιμοῦ
3365 4702 3752 4773 κατατήκοντος
3791 4701 3853 4761 εἰς

615 4803 861 4851 emerent
893 4794 964 4849 “.
987 4792 1375 4850 Calamitosum
1407 4804 1618 4863 tempus
1638 4794 1935 4849 ostendunt
1990 4807 2198 4864 quoque

2303 4787 2461 4842 τοῦτο
2483 4788 2731 4861 ἀνάγκης
2753 4793 3163 4863 κεχωρήκασιν,
3182 4792 3323 4847 ὥστε
3353 4794 3476 4849 ϐνου
3501 4796 3732 4865 κεφαλὴν
3752 4810 3853 4845 πεν·

614 4899 779 4956 super
806 4882 1105 4940 infantibus
1146 4884 1388 4939 rixantes
1446 4884 1565 4938 dure
1618 4882 1968 4939 mulierculae.
2016 4882 2198 4939 Altero

2303 4881 2535 4951 τήκοντα
2568 4881 2831 4954 πρίασθαι
2852 4883 3071 4939 σίκλων.
3092 4885 3448 4956 Παραδείξειε
3478 4886 3521 4940 δ’
3551 4887 3616 4941 ἄν
3632 4887 3720 4958 τὴν
3738 4883 3853 4939 κατὰ

617 4978 760 5033 enim
794 4977 1101 5046 absumpto,
1136 4976 1202 5033 de
1222 4976 1398 5033 altero
1430 4976 1830 5048 vivojudicium
1861 4991 1891 5031 a
1928 4991 2053 5046 rege
2108 4991 2198 5043 pe-

2304 4973 2529 5045 καιροὺς
2580 4974 2904 5046 ἀγριότητα,
2951 4977 3215 5049 περὶτῶν
3261 4979 3490 5032 παιδίων
3531 4977 3852 5050 μεμαχημένα

623 5067 813 5131 tebant
836 5067 903 5121 ".
934 5065 1113 5133 Quare
1143 5068 1189 5123 si
1211 5082 1461 5138 agrorum
1499 5068 1939 5133 infecunditates,
1992 5075 2046 5121 et
2086 5065 2201 5121 fru-

619 5169 800 5216 ctuum
829 5160 959 5216 vitia
991 5159 1339 5232 propheticus
1368 5174 1548 5215 sermo
1577 5160 1736 5215 nobis
1768 5173 1865 5228 per
1902 5157 2023 5213 haec
2055 5156 2201 5213 inte—

618 5263 874 5324 gumenta
907 5254 1135 5321 indicat,
1164 5254 1323 5311 etiam
1355 5254 1435 5310 sic
1458 5267 1544 5309 res
1570 5250 1909 5308 intoleranda
1940 5250 2203 5321 intelliga-

623 5358 728 5403 tur.
757 5344 893 5402 Nam
917 5348 1205 5419 gradatim,
1261 5348 1377 5401 sine
1416 5344 1701 5402 intervallo
1742 5343 1903 5415 longe
1950 5342 2202 5413 plurimis

617 5448 674 5494 et
698 5438 1023 5495 immanibus
1056 5438 1395 5496 detrimentis
1418 5436 1732 5502 deformari,
1772 5435 2044 5507 quomodo
2094 5450 2200 5490 non

620 5544 948 5601 magnopere
981 5529 1404 5597 intolerandum,
1427 5540 1483 5586 et
1535 5529 1751 5586 silentio
1806 5530 1983 5599 potius
2039 5543 2199 5597 quam

621 5618 931 5675 narratione
960 5618 1185 5691 dignum
1212 5618 1339 5675 est?
1363 5618 1513 5687 Quod
1546 5620 1589 5676 si
1618 5634 1682 5675 ex
1716 5619 1877 5676 dictis
1913 5618 2203 5677 involutio-

687 5793 737 5829 “
775 5794 971 5854 Ezccb.
1014 5812 1146 5867 xm,
1174 5796 1224 5851 7.
1304 5796 1349 5829 “
1386 5795 1453 5853 IV
1492 5798 1619 5869 Reg.
1667 5812 1738 5863 vt,
1770 5797 1862 5854 25.

2307 5066 2527 5134 γύναια.
2569 5067 2723 5121 Ἐπεὶ
2759 5068 2868 5140 γὰρ
2891 5070 3347 5141 κατεδηδόκεισαν
3372 5072 3431 5124 αί
3453 5071 3549 5125 δύο
3569 5073 3626 5125 τὸ
3658 5072 3727 5134 ἓν,
3749 5068 3852 5138 περὶ

2306 5157 2401 5211 τοῦ
2435 5157 2638 5223 ζῶντος
2673 5158 2989 5224 δικάζεσθαι
3032 5161 3184 5232 παρὰ
3215 5165 3332 5226 τοῖς
3363 5163 3651 5235 κρατοῦσιν
3681 5160 3849 5233 ἠξίουν.

2306 5248 2537 5314 Οὐκοῦν,
2585 5251 2635 5303 εί
2664 5250 2762 5322 μὲν
2800 5251 2985 5323 ἀγρῶν
3018 5252 3271 5325 ἀφορίας,
3319 5254 3415 5307 καὶ
3453 5254 3677 5324 καρπῶν
3709 5266 3849 5306 κατα-

2307 5343 2515 5416 φθοράς
2560 5346 2587 5399 ὁ
2623 5346 2960 5417 προφητικδς
2992 5348 3123 5417 ἡμῖν
3166 5349 3222 5399 ὲν
3252 5346 3463 5411 τούτοις
3492 5343 3848 5416 κατασημαίνιι

2305 5435 2486 5505 λόγος,
2521 5438 2696 5491 νοοῖτο
2743 5437 2935 5509 χρῆμα
2983 5437 3077 5492 καὶ
3121 5437 3299 5501 οὕτως
3337 5438 3641 5509 ἀφόρητον·
3670 5437 3725 5490 τὸ
3762 5433 3847 5503 γὰρ

2308 5528 2507 5601 ἐφεξῆς
2542 5530 2636 5584 καὶ
2667 5530 2889 5601 ἀμέσως
2913 5530 3193 5594 πλείσταις
3217 5548 3276 5584 τε
3307 5532 3462 5596 ὅσαις
3500 5532 3591 5585 καὶ
3623 5528 3847 5602 χαλεπαῖς

2310 5620 2727 5687 καταικίζεσθαι
2781 5621 3037 5694 πληγαῖς,
3070 5624 3189 5687 πῶς
3226 5623 3288 5675 οὐ
3338 5623 3615 5677 δύσοιστον
3663 5617 3843 5691 κομιδῇ.

1970 5800 2015 5832 ⁸⁸
2057 5799 2184 5856 ibid.
2226 5798 2317 5866 26,
2335 5798 2426 5853 ΞΒ.
