4068 6542
520 420 625 477 555

1506 368 1877 471 8.ὈῩΒΙΙ.1.Ι
1919 409 2391 468 ALEXANDRINI
2430 406 2748 468 ARCHIEP.

3664 402 3769 459 336

518 540 663 594 modi
690 538 921 607 pestium
947 536 1317 605 depascuntur
1340 536 1738 605 quodaminodo
1767 551 1890 606 quae
1924 537 1977 589 in
1997 552 2094 589 no»

2214 535 2405 603 ιακῶν,
2439 532 2867 590 καταϐόσκονταί
2890 547 3007 593 πως
3043 529 3111 581 τά
3140 530 3197 579 ὲν
3226 527 3358 596 ἡμῖν
3382 522 3575 590 ⁴ὀιγαθὰ
3605 540 3773 593 πονη-

517 629 601 684 bis
630 626 813 683 insunt
834 627 996 688 bona,
1031 608 1183 695 pra'vi
1211 635 1262 680 et
1289 624 1548 679 immundi
1574 625 1843 680 exercitus
1861 624 2097 678 animum

518 718 831 782 subeuntes,
865 725 919 771 ct
943 715 1326 770 insatiabiliter
1352 730 1676 770 consumere
1725 714 1903 770 omnia
1930 713 2095 769 soliti.

517 810 667 868 Bona
696 820 781 867 est
812 811 975 880 igitur
1010 809 1279 866 custodia.
1316 807 1428 863 Nec
1455 824 1645 877 parum
1684 822 1782 862 nos
1810 808 1964 878 juvat
1995 806 2099 879 Pa-

519 900 855 957 rmmiastes:
889 919 909 953 ι
934 899 990 954 Si
1013 898 1236 970 spiritus
1262 906 1583 966 potestatem
1606 897 1877 959 habentis,
1902 896 2097 965 inquit,

402 1038 405 1041 ,
515 991 825 1065 ascenderit
849 1005 1011 1061 super
1039 1000 1109 1055 te,
1132 990 1304 1045 locum
1346 997 1494 1043 tuum
1543 1003 1611 1044 ne
1658 987 1949 1053 dimiseris,
1973 988 2099 1056 quia

516 1086 727 1141 Curatio
747 1083 912 1139 faciet
953 1099 1170 1139 cessare
1203 1092 1419 1153 peccata
1462 1082 1694 1136 maxima
1731 1082 1799 1136 “.
1842 1099 1863 1133 ι
1898 1081 2101 1150 Repre-

518 1176 701 1232 bensae
740 1176 890 1230 enim
938 1175 1006 1232 ab
1057 1175 1212 1230 initio
1263 1174 1467 1230 vitiosa:
1501 1172 1812 1230 allectiones
1845 1173 2101 1229 sedantur

2207 629 2298 699 ραι
2345 629 2440 680 καὶ
2470 626 2771 692 ἀκάθαρτοι
2819 620 3080 692 δυνάμεις
3109 619 3189 679 είς
3219 615 3343 669 νοῦν
3379 612 3772 684 ἐμπίπτουσαι,

2200 721 2295 775 καὶ
2335 722 2634 789 ἀπλήστοις
2659 715 2838 770 ὀδοῦσι
2870 714 3115 783 δαπανᾷν
3149 707 3469 778 εἰθισμέναι.
3506 705 3660 773 Καλή
3699 721 3778 758 τοι

2200 812 2309 881 γὰρ
2368 808 2462 865 οὖν
2510 812 2543 881 ἡ
2586 808 2876 876 ἀσφάλεια.
2918 806 3030 859 Καὶ
3079 804 3144 875 δὴ
3195 802 3290 855 καὶ
3339 799 3580 868 ὀνίνησιν
3632 797 3779 866 ἡμᾶς

2200 898 2261 953 οἳ)
2295 900 2532 972 μετρίως
2556 902 2586 953 ό
2620 896 3051 972 Παροιμιαστὴς,
3081 893 3286 961 λέγων·
3334 908 3354 942 ι
3394 889 3523 942 Ἐάν
3561 885 3780 957 πνεῦμα

2201 991 2295 1045 τοῦ
2326 991 2732 1058 ὲξουσιάζοντος
2763 988 2938 1060 ἀναϐῇ
2965 989 3061 1040 ἐπὶ
3092 985 3174 1049 σὲ,
3198 982 3364 1037 τόπον
3387 997 3482 1034 σου
3504 979 3591 1050 μὴ
3613 978 3780 1047 ἀφῇς,

2200 1083 2282 1137 ὅτι
2316 1083 2454 1153 ἴαμα
2500 1079 2846 1135 καταπαύσει
2895 1075 3172 1149 ἁμαρτίας
3213 1072 3475 1145 μεγάλας.
3514 1091 3534 1122 ›
3575 1071 3783 1123 Ἐπιτι-

2204 1173 2430 1245 μώμενα
2468 1174 2579 1246 γὰρ
2611 1175 2671 1227 ὲν
2717 1174 2913 1244 ἀρχαῖς
2948 1170 3020 1224 τὰ
3080 1168 3248 1239 πάθη,
3286 1164 3553 1220 παύονται
3589 1181 3650 1216 τε
3689 1162 3785 1216 καὶ

517 1278 573 1326 et
629 1269 1086 1339 comprimuntur.
1143 1267 1239 1321 Sin
1317 1266 1470 1336 quasi
1552 1266 1716 1321 latum
1782 1273 1837 1320 et
1898 1265 2101 1335 absque

2214 1264 2623 1321 ivaxémowat.
2648 1263 2931 1320 ’Πλατεῖαν
2969 1260 3027 1314 δὲ
3053 1258 3243 1330 ὥσπερ
3278 1256 3376 1311 καὶ
3418 1252 3780 1320 ἀνουθέτητον

518 1361 888 1419 admonitione
939 1358 1007 1415 ad
1062 1360 1332 1416 deteriora
1378 1373 1726 1429 progressum
1784 1356 2098 1413 nactzelue-

520 1455 655 1519 rint,
705 1461 873 1509 totam
929 1452 1165 1507 animam
1212 1466 1308 1520 per
1347 1451 1527 1507 omnia
1551 1449 2099 1515 diltuiiaint,etratio~

518 1548 604 1603 nis
632 1545 1155 1605 animadversionem
1184 1544 1414 1613 amplius
1440 1559 1544 1599 non
1587 1544 1889 1613 patiuntur.

594 1639 757 1693 Vsus.
785 1637 843 1697 5.
871 1635 1202 1705 Resipiscite,
1226 1635 1375 1699 ebrii,
1395 1652 1428 1689 α
1447 1636 1566 1689 vino
1590 1644 1785 1701 vestro,
1802 1644 1849 1687 et
1879 1633 2097 1701 p!orate.

521 1730 791 1801 Plaugite,
835 1746 1013 1784 omnes
1062 1729 1154 1798 qui
1205 1728 1380 1784 bibitis
1426 1728 1601 1782 vinum
1642 1728 1711 1780 ad
1765 1728 2099 1792 ebrietatem;

519 1824 769 1892 quoniam
806 1819 989 1876 ablata
1029 1830 1102 1875 est
1146 1819 1210 1874 ab
1262 1834 1351 1873 ore
1408 1827 1578 1873 vestro
1606 1817 1805 1873 .taztiu'a
1871 1831 1919 1871 et
1968 1832 2101 1887 gau-

514 1916 689 1969 dium.

594 2008 657 2061 V.
679 2006 822 2062 Citra
854 2005 1126 2075 negotium
1158 2018 1366 2070 rursus,
1398 2011 1458 2060 ut
1505 2002 1763 2068 arbitror,
1785 2001 1912 2061 hinc
1933 2001 2098 2056 etiam

520 2099 805 2170 perspicue
832 2098 1015 2153 videas
1051 2097 1213 2171 divini
1238 2094 1393 2157 Pauli,
1424 2094 1772 2163 sapientiam.
1800 2092 1905 2148 Per
1938 2091 2097 2148 ﬁdem

524 2197 576 2248 in
616 2191 890 2247 Christum
930 2191 1082 2260 quasi
1133 2204 1334 2259 sagena
1388 2188 1664 2244 conclusis
1717 2186 1851 2241 alias
1881 2185 2098 2255 quidem

522 2282 835 2338 salutariter
861 2279 1128 2335 acclamat
1158 2297 1171 2333 :
1206 2296 1224 2330 ι
1249 2275 1442 2348 Surge,
1471 2278 1562 2346 qui
1591 2276 1856 2332 dormis"
1875 2292 1933 2341 ;λι
1970 2274 2103 2330 alias

524 2389 708 2430 rursus
722 2374 788 2429 ad
820 2373 1061 2427 laborum
1092 2371 1404 2440 patientiam
1427 2369 1589 2439 202
1627 2366 2103 2423 adamandamim—

524 2465 750 2536 pellens,
793 2464 865 2519 ita
898 2463 1173 2534 loquitur:
1213 2481 1231 2513 ι
1299 2461 1353 2515 Ιιι
1406 2459 1686 2529 disciplina
1740 2469 2100 2528 perseverate.

523 2558 807 2627 Tanquam
827 2557 953 2612 ﬁliis
976 2555 1131 2611 vobis
1162 2554 1396 2612 oﬂ'ertse
1426 2553 1596 2610 Deus:
1622 2553 1743 2623 quis
1771 2551 1916 2607 enim
1943 2550 2101 2616 lilius,

522 2667 683 2724 quem
715 2666 822 2705 non
848 2650 1075 2720 corripit
1131 2657 1286 2718 pater
1313 2647 1399 2702 l""t
1424 2664 1451 2699 φ
1496 2644 1738 2702 Percutit
1782 2644 1926 2703 enim
1973 2657 2105 2712 pec-

524 2753 776 2807 catores,
809 2751 1063 2810 tanquam
1093 2755 1199 2795 non
1247 2738 1458 2804 volens,
1498 2740 1627 2807 quia
1666 2736 1788 2806 pius
1810 2744 1894 2793 est
1928 2734 2105 2800 Deus;

2122 1881 2173 1936 Β

2202 1356 2252 1408 εί
2291 1354 2509 1409 λάϐοιεν
2553 1353 2653 1424 τὴν
2691 1354 2771 1415 είς
2802 1350 2872 1404 τὰ
2907 1349 3075 1421 χείρω
3106 1347 3363 1418 πρόοδον,
3395 1341 3629 1412 .6111966
3660 1340 3783 1393 ὅλου

2201 1447 2664 1520 καταδράττονται
2703 1444 2805 1513 τῆς
2841 1442 3041 1514 ψυχῆς,
3076 1438 3171 1492 καὶ
3196 1436 3456 1507 λογισμοῦ
3493 1433 3588 1488 τοῦ
3629 1431 3789 1487 κολά-

2202 1540 2384 1607 ζοντος
2413 1540 2513 1594 οὐκ
2543 1538 2847 1609 ἀνέχονται.

2284 1631 2646 1700 Ἔκνήψατε,
2669 1631 2725 1683 οὶ
2750 1630 3099 1698 μεθύοντες,
3135 1622 3203 1688 ἐξ
3226 1622 3395 1676 οἴνου
3435 1615 3655 1681 αὐτῶν,
3686 1616 3786 1670 καὶ

2203 1724 2533 1779 κλαύσατε.
2563 1719 2936 1790 Θρηνήσατε,
2976 1714 3210 1779 ,πάντες
3238 1714 3293 1766 ol
3317 1710 3600 1774 πίνοντες
3617 1703 3791 1761 οἶνον

2201 1818 2290 1881 είς
2321 1814 2514 1885 μέθην
2533 1829 2547 1844 ο
2576 1812 2668 1866 ὅτι
2691 1804 2914 1881 ἐξῆρθη
2942 1809 3011 1862 ἐκ
3049 1808 3349 1876 στόματος
3386 1800 3553 1872 ὑμῶν
3576 1802 3790 1869 εὐφρο-

2200 1907 2361 1974 σύνη
2389 1904 2489 1959 καί
2521 1902 2700 1974 χαρά.

2272 1998 2350 2052 Ε’.
2394 1996 2661 2069 ’Δμογητὶ
2698 1995 2763 2067 δὴ
2798 1992 2963 2048 πάλιν
2984 1989 3296 2057 κάντεῦθεν,
3326 1984 3500 2059 οἶμαι,
3536 1987 3623 2049 τίς
3650 1999 3787 2037 ua:-

2201 2092 2431 2164 αθρήσει
2464 2088 2669 2158 σαφῶς,
2706 2088 2781 2152 ὡς
2813 2086 2975 2157 σοφὸς
3014 2080 3086 2157 ἦν
3126 2083 3267 2152 άγαν
3300 2083 3329 2135 ὁ
3366 2080 3508 2142 θεῖος
3551 2076 3786 2141 Παῦλος,

2202 2186 2315 2247 τοῖς
2355 2181 2447 2236 διὰ
2488 2180 2729 2242 πίστεως
2760 2178 2859 2249 τῆς
2908 2179 2988 2240 εἰς
3016 2174 3251 2247 Χριστὸν
3299 2167 3794 2241 σεσαγηνευμένοις

2203 2282 2283 2344 είς
2334 2260 2609 2350 σωτηρίαν
2664 2272 2953 2344 ὲπιφωνῶν
2995 2288 3055 2324 τε
3098 2269 3197 2324 καὶ
3242 2267 3436 2335 λέγων,
3470 2264 3605 2317 ποτὲ
3658 2262 3788 2333 μέν⁸

2213 2368 2519 2441 ιἘγειραι,
2553 2369 2582 2421 ό
2615 2365 2892 2422 καθεύδων
2908 2381 2922 2396 ·
2952 2383 2970 2416 ι
2995 2361 3124 2417 ποτὲ
3147 2362 3204 2415 δὲ
3236 2356 3301 2414 αὖ
3324 2360 3417 2414 καὶ
3442 2358 3503 2411 τὸ
3530 2358 3590 2410 ὲν
3612 2356 3795 2417 πόνοις

2206 2462 2481 2534 τληπαθὲς
2529 2460 2751 2531 ἀγαπᾷν
2787 2455 3119 2521 ἀναπείθων,
3157 2453 3415 2525 ταύτῃτοι
3448 2450 3540 2505 καὶ
3578 2449 3793 2514 λέγων’

2212 2554 2325 2609 «Et
2364 2552 2614 2607 παιδείαν
2651 2545 3236 2620 ύπομένετε,ὼςνυίοῖς
3267 2546 3397 2616 ὑμῖν
3422 2542 3797 2613 προσφέρεται

2208 2650 2238 2700 ό
2270 2646 2404 2709 Θεός
2426 2663 2440 2677 ο
2464 2644 2549 2708 τίς
2581 2644 2690 2715 γάρ
2722 2643 2872 2696 ἐστιν
2899 2642 3035 2707 υίὸς,
3060 2641 3119 2693 ὃν
3140 2640 3202 2692 ού
3229 2627 3474 2692 παιδεύει
3514 2635 3738 2705 πατήρς
3772 2652 3791 2684 ι

2210 2735 2525 2792 Καταπαίει
2547 2734 2656 2806 γὰρ
2679 2733 2868 2804 ὥσπερ
2907 2732 3032 2795 τοὺς
3054 2728 3469 2802 ἁμαρτάνοντας
3495 2725 3595 2795 οὐχ
3630 2723 3798 2785 ἑκὼν,

527 2835 624 2891 sed
654 2833 807 2889 velut
834 2843 1081 2894 coactus,
1126 2837 1454 2885 convertens
1486 2842 1603 2894 eos,
1662 2836 1717 2881 et
1748 2828 1816 2882 de
1844 2823 2109 2895 supplicio

2221 2826 2402 2881 καίτοι
2429 2824 2814 2896 φιλάνθρωπος
2840 2822 2938 2887 ὢν,
2968 2823 2997 2875 ό
3023 2819 3172 2886 Θεὸς,
3210 2818 3325 2873 ἀλλ’
3344 2819 3420 2882 ὡς
3450 2817 3511 2884 ἐξ
3530 2816 3801 2884 ἀνάγκης.

528 2929 631 2985 illis
654 2927 872 2983 modum
893 2924 1080 2979 auxilii
1098 2922 1374 2987 elﬁciens;
1411 2907 1862 2991 quemadmodum
1904 2917 2110 2974 scilicet

2214 2918 2579 2989 ἐπιστρέφων,
2603 2916 2703 2971 καὶ
2722 2917 2928 2985 τρόπον
2949 2914 3131 2976 αὐτοῖς
3160 2911 3483 2982 ἐπικουρίας
3506 2909 3568 2962 τὸ
3604 2908 3805 2980 χρῆμα

529 3021 653 3078 boni
679 3033 894 3091 quoque
917 3016 1108 3073 medici
1130 3013 1518 3087 aegrotantibus
1545 3026 1806 3082 perquam
1853 3010 2003 3064 acria
2057 3017 2110 3063 et

2224 3011 2583 3081 ποιούμενος·
2646 3007 2897 3078 καθάπερ
2944 3005 3137 3076 ἀμέλει
3180 3003 3275 3058 καὶ
3316 3004 3370 3057 οἱ
3405 3005 3505 3072 τῆς
3550 3000 3805 3074 ἰατρικῆς

531 3112 776 3170 insuavia
810 3090 1220 3166 medicamenta
1278 3108 1609 3169 ministrant,
1647 3113 1706 3159 ut
1747 3102 1948 3158 doloris
1978 3100 2110 3157 tole-

2215 3103 2586 3172 ἐπιστήμονες
2629 3100 2745 3162 τοῖς
2780 3095 3130 3171 ἀρρωστοῦσι
3188 3093 3533 3167 προσάγουσι
3590 3092 3693 3147 καὶ
3728 3090 3801 3146 τὰ

532 3205 705 3262 rantia
739 3204 985 3259 morbum
1013 3200 1265 3271 depellat.
1297 3182 1594 3256 Considera
1617 3194 1767 3252 enim
1824 3208 1933 3265 quo
1955 3204 2110 3265 pacto

2217 3193 2424 3264 σφόδρα
2455 3190 2865 3246 καταδάκνοντα
2892 3187 3004 3242 τῶν
3026 3186 3361 3259 φαρμάκων,
3390 3185 3581 3240 ἄκεσιν
3616 3184 3806 3248 αὐτοῖς

530 3294 733 3367 ﬂagella
753 3294 915 3364 prius
943 3299 1247 3354 ostentans,
1273 3298 1329 3345 et
1350 3288 1479 3359 quid
1506 3288 1587 3342 ira
1607 3286 1679 3342 sit
1719 3286 1932 3341 factura
1983 3293 2109 3339 ante

2218 3283 2313 3338 τοῦ
2368 3283 2577 3346 πάθους
2614 3282 2675 3335 τὸ
2723 3280 2835 3334 δεῖν
2886 3279 3123 3350 ἀλγῆσαι
3156 3276 3493 3345 ποιούμενοι.
3530 3274 3649 3329 Θέα
3694 3276 3806 3346 γάρ

531 3391 931 3451 demonstrans,
970 3392 1173 3437 tantum
1211 3396 1318 3437 non
1353 3399 1374 3433 ι
1411 3394 1568 3436 camo
1595 3388 1650 3433 et
1680 3378 1832 3434 freno
1864 3374 2110 3432 maxillas

2222 3378 2371 3440 ὅπως
2409 3375 2507 3440 τὰς
2539 3375 2808 3445 μάστιγας
2841 3369 3257 3443 προῦποδείξας,
3296 3369 3392 3423 καὶ
3416 3368 3809 3441 προαναφῆνας

529 3494 716 3536 corum
747 3477 817 3545 ",
848 3495 866 3529 ι
897 3484 957 3533 ιιι
984 3476 1240 3546 scriptum
1282 3482 1387 3539 est,
1423 3470 1786 3540 constringat,
1822 3478 1881 3526 et
1906 3477 2113 3524 retror-

531 3585 647 3624 sum
679 3566 1079 3639 quodanimodo
1131 3564 1387 3621 incedere
1439 3562 1630 3632 jubeat
1673 3562 1889 3614 animos
1946 3557 2013 3613 ad
2059 3557 2111 3612 id

531 3662 675 3732 quod
710 3664 1007 3729 praestabat
1031 3667 1087 3714 et
1134 3655 1579 3713 decentissimum
1604 3662 1724 3707 erat
1757 3650 2111 3720 applicantes.

539 3774 557 3807 ι
604 3746 1077 3824 Expergiscimini,
1097 3748 1234 3804 ebrii
1258 3761 1291 3802 a
1320 3745 1446 3800 vino
1480 3753 1684 3799 vestro.
1712 3759 1732 3793 ι
1788 3740 1956 3795 Audis
1980 3754 2113 3808 quo-

533 3848 696 3903 modo
737 3854 797 3899 ut
828 3843 967 3898 ﬁlios
1032 3849 1210 3895 mente
1242 3846 1473 3900 emotos,
1515 3842 1572 3890 et
1620 3833 1733 3903 jam
1792 3831 2115 3889 temulentos

534 3938 793 4006 deinceps
889 3933 1159 4004 objurgat.
1235 3928 1502 3997 Quoniam
1574 3926 1621 3981 si
1699 3923 2012 3994 vigilassent
2083 3936 2115 3976 ιι

538 4028 824 4101 principio,
854 4026 969 4083 sola
1008 4038 1174 4080 eruca
1201 4020 1376 4093 puniti
1402 4018 1533 4075 satis
1560 4016 1812 4072 fuissent.
1850 4014 1955 4071 Sed
1987 4012 2114 4082 quia

537 4122 711 4192 prima
736 4133 893 4189 poena
913 4118 1150 4187 irrogata
1183 4112 1456 4171 obﬁrmati
1485 4116 1822 4172 manserunt,
1862 4105 2115 4175 adjuncta

536 4223 622 4270 est
655 4214 850 4276 altera,
874 4218 929 4265 et
955 4219 1074 4280 post
1100 4209 1241 4265 banc
1270 4204 1452 4271 tertia,
1492 4213 1738 4271 etusque
1766 4200 1834 4255 ad
1865 4206 2114 4269 quartam

538 4306 773 4375 denique
800 4310 1017 4358 ventum
1062 4308 1168 4355 est.
1228 4295 1616 4352 Verumtamen
1649 4292 1845 4349 saltem
1873 4304 1998 4348 sero
2030 4304 2118 4345 ex-

537 4396 898 4467 pergefactos,
933 4402 989 4448 et
1037 4391 1436 4461 resipiscentes,
1494 4397 1551 4442 et
1605 4386 1759 4455 quasi
1797 4383 2114 4439 ebrietatem

537 4486 826 4558 quamdam
861 4484 1057 4540 mentis
1083 4483 1319 4539 studium
1342 4483 1411 4536 ad
1442 4479 1772 4550 voluptatem
1799 4476 2116 4534 etinsauam

2229 3469 2299 3524 τὰ
2343 3468 2403 3536 ἐξ
2453 3467 2646 3540 ὀργῆς,
2686 3466 2971 3538 μονονουχὶ
3013 3483 3032 3516 ι
3081 3460 3285 3534 χαλινῷ
3347 3462 3444 3515 καὶ
3494 3460 3660 3531 κημῷ
3708 3461 3809 3522 τὰς

2221 3562 2475 3632 σιαγόνας
2504 3559 2706 3625 αὐτῶν,
2736 3577 2754 3611 ι
2786 3557 2927 3613 κατὰ
2968 3556 3030 3610 τὸ
3072 3554 3489 3627 γεγραμμένον,
3515 3553 3678 3623 ἄγχει
3711 3552 3809 3606 καὶ

2219 3655 2411 3709 άνόπιν
2447 3652 2640 3724 ὥσπερ
2685 3650 2823 3706 ίέναι
2856 3648 3090 3715 κελεύει,
3135 3646 3522 3719 μετατιθέντας
3562 3646 3656 3698 τὸν
3681 3643 3809 3698 νοῦν

2220 3747 2313 3800 ὲπι
2348 3745 2467 3799 τόδε
2494 3744 2802 3805 ἀνελέσθαι,
2836 3742 2975 3813 ὅπερ
3000 3736 3069 3812 ἦν
3099 3738 3325 3811 ἄμεινόν
3350 3755 3409 3792 τι
3436 3737 3531 3792 καὶ
3572 3755 3806 3809 πρεπωο

2220 3836 2492 3890 δέστατον.
2520 3854 2539 3887 ι
2561 3833 2859 3904 Ἐκνήψατε
2884 3832 3075 3903 γὰρ,οί
3107 3829 3421 3900 μεθύοντες,
3439 3828 3499 3893 ἐξ
3526 3829 3672 3882 οἴνου
3703 3829 3807 3881 αύ-

2221 3928 2353 3982 τῶν.
2385 3946 2405 3980 ι
2466 3926 2743 3991 Ἀκούεις,
2790 3926 2937 3989 ὅπως
2978 3924 3053 3987 ὡς
3099 3922 3313 3986 τέκνοις
3356 3922 3676 3993 ἐξεστηκόσι
3714 3923 3813 3976 καὶ

2222 4019 2323 4090 ἤδη
2363 4017 2760 4090 μεμεθυμένοις
2794 4016 3118 4087 ἐπιπλήττει
3153 4015 3358 4069 λοιπόν.
3402 4015 3492 4078 Ὠς
3523 4013 3682 4085 εῐπερ
3709 4015 3809 4068 ἐκ·

2222 4110 2452 4182 νήψειαν
2485 4112 2545 4164 ἐν
2589 4111 2807 4182 ἀρχαῖς,
2842 4109 3078 4181 ἡρκεσεν
3112 4107 3188 4161 ἂν
3235 4107 3359 4177 δίκη
3391 4107 3576 4170 αὐτοῖς
3618 4106 3714 4161 καὶ
3739 4106 3811 4160 τά

2223 4203 2287 4254 ὲκ
2312 4203 2480 4273 μόνης
2510 4201 2610 4272 τῆς
2636 4202 2869 4270 κάμπης
2889 4217 2903 4231 ο
2929 4199 3051 4253 ἐπεὶ
3079 4199 3137 4252 δὲ
3166 4198 3432 4253 ἀνάλωτοι
3466 4198 3812 4269 μεμενήκασι

2222 4296 2322 4365 τῆς
2348 4293 2573 4365 πρώτης
2603 4292 2774 4364 ὀργῆς
2804 4293 2975 4363 αὐτῆς
3002 4292 3459 4362 ἐπενηνεγμένης,
3486 4289 3810 4360 προστέθειο

2222 4402 2312 4439 ται
2341 4385 2437 4439 καὶ
2485 4383 2736 4454 δευτέρα,
2783 4384 2879 4437 καὶ
2927 4383 3047 4453 μετ’
3080 4380 3294 4451 ἐκείνην
3333 4382 3367 4448 ἡ
3403 4380 3588 4451 τρίτη,
3618 4380 3815 4451 προϐέ-

2189 4553 2193 4558 .
2225 4475 2362 4546 ϐηκε
2398 4475 2455 4529 δὲ
2493 4474 2657 4547 μέχρι
2677 4474 2969 4546 τετάρτης.
3014 4474 3159 4545 Πλὴν
3189 4471 3321 4542 γοῦν
3363 4472 3467 4525 κᾶν
3492 4471 3592 4542 ὀψὲ
3626 4471 3813 4541 διεγη-

538 4577 800 4648 peccandi
840 4576 1117 4633 libidinem
1150 4575 1485 4640 deserentes,
1517 4571 1725 4628 sentire
1777 4568 2003 4640 posthac
2026 4581 2110 4624 ca-

2226 4568 2555 4639 γερμένους,
2592 4567 2688 4619 καὶ
2731 4567 3126 4636 ἀνανήφοντας,
3156 4564 3250 4617 καὶ⁸
3277 4563 3442 4616 οίονεί
3483 4579 3610 4615 τινα
3639 4562 3813 4632 μέθην

538 4684 629 4723 sus
655 4667 957 4739 prmteritos
975 4666 1147 4735 jubet,
1175 4665 1465 4737 gemitibus
1496 4672 1553 4719 et
1602 4662 1860 4734 lacrymis
1903 4668 2127 4731 promer

540 4758 773 4814 admissa
799 4756 1162 4826 indulgentes.

578 5023 905 5081 'Sciendum
937 5038 1117 5093 porro,
1153 5020 1317 5077 etiam
1358 5018 1651 5087 unicuique
1678 5025 1920 5072 nostrum
1971 5015 2118 5070 velut

541 5117 821 5189 proprium
850 5116 1117 5187 quoddam
1138 5113 1319 5169 vinum
1348 5127 1487 5181 esse,
1528 5110 1673 5181 quod
1718 5124 1815 5165 cor
1866 5108 2120 5165 inebriat.

545 5211 848 5266 Dividimur
898 5208 1076 5272 enim,
1127 5216 1185 5262 ut
1242 5206 1314 5261 ita
1351 5208 1568 5270 dicam,
1610 5202 1908 5259 secundum
1974 5218 2121 5257 mor-

544 5304 643 5358 bos
679 5303 1003 5357 animorum.
1041 5298 1121 5353 Ex
1159 5298 1314 5354 nobis
1357 5298 1495 5353 alius
1529 5303 1728 5367 praeter
1763 5301 1958 5349 ctetera
2004 5295 2133 5349 vitia

543 5412 639 5452 sua
670 5396 738 5450 ad
766 5395 1049 5449 avaritiam
1105 5392 1351 5463 rapitur;
1408 5389 1546 5445 alter
1607 5386 1749 5459 sapit
1795 5401 1918 5457 qua:
1949 5388 2133 5442 mundi

547 5498 695 5554 sunt,
723 5497 778 5542 et
801 5502 930 5542 cura
959 5487 1142 5542 carnis
1172 5490 1424 5554 aegrotat,
1452 5480 1662 5536 deliciis
1689 5488 1743 5535 et
1768 5478 2135 5547 voluptatibus

546 5582 834 5635 immersus
861 5595 877 5644 ;
909 5578 1045 5633 alius
1069 5578 1373 5644 cuicunque
1403 5572 1622 5628 demum
1657 5571 1750 5627 alii
1802 5581 2022 5641 peccato
2075 5585 2135 5625 se

548 5671 733 5726 tradit.
758 5669 839 5725 Ad
865 5668 1129 5739 ﬂagitiosa
1157 5675 1336 5723 autem
1369 5675 1424 5722 et
1445 5666 1677 5735 impura,
1708 5666 1922 5734 Deoque
1947 5663 2130 5719 odiosa

2224 4659 2406 4722 ίὲντας
2436 4658 2529 4712 τοῦ
2560 4656 2655 4711 νοῦ
2693 4656 2794 4727 τὴν
2824 4655 3156 4727 φιληδονίαν,
3190 4656 3285 4709 καὶ
3312 4653 3372 4707 τὸ
3413 4653 3661 4717 ἐκτόπως
3698 4654 3814 4706 ἑλέ-

2224 4752 2349 4805 σθαι
2396 4749 2760 4822 πλημμελεῖν,
2812 4750 2893 4812 είς
2926 4747 3180 4818 αἴσθησιν
3228 4747 3338 4800 τῶν
3385 4744 3815 4816 συμϐεϐηκότων

2218 4840 2514 4911 ἀφικέσθαι
2556 4839 2770 4895 κελεύει
2821 4838 3029 4906 λοιπὸν,
3070 4838 3354 4900 κλαίοντας
3394 4837 3488 4891 καὶ⁵
3539 4834 3816 4907 κατοιμώ-

2220 4931 2412 4997 ζοντας
2437 4932 2533 4988 ἐπὶ
2560 4934 2683 4996 ταῖς
2708 4930 2859 5001 σφῶν
2888 4930 3068 4986 αὐτῶν
3091 4929 3410 5000 ἁμαρτίαις.

2315 5023 2511 5079 Ἰστέον
2538 5024 2622 5087 δὲ,
2652 5024 2734 5077 ὅτι
2770 5024 2863 5078 καὶ
2897 5022 3115 5092 ἑκάστῳ
3142 5020 3301 5092 ἡμῶν
3330 5015 3472 5082 οἶνος
3514 5018 3706 5089 ὥσπερ
3732 5036 3817 5080 τις

2231 5118 2380 5172 ἐστὶν
2419 5116 2607 5181 ίδικὸς,
2634 5117 2664 5170 ὁ
2690 5113 3129 5187 καταμεθύσκων
3148 5112 3398 5183 καρδίαν.
3434 5110 3817 5181 Καταμεριξό-

2234 5210 2374 5279 μεθα
2401 5208 2533 5279 γάρ,
2577 5208 2645 5262 ἵν’
2673 5206 2847 5271 οὕτως
2880 5207 3039 5271 εἴπω,
3080 5204 3151 5259 τὰ
3190 5202 3360 5274 πάθη,
3402 5202 3497 5257 καὶ
3527 5203 3558 5254 ό
3592 5202 3693 5273 μέν
3732 5217 3815 5261 τις

2233 5302 2392 5372 ἡμῶν
2437 5302 2799 5357 άπονένευκεν
2829 5299 3098 5371 άχαλίνως
3134 5298 3217 5360 είς
3262 5294 3630 5368 φιλαργυρίαν
3675 5293 3821 5363 μετὰ

2230 5392 2325 5446 τοῦ
2353 5393 2447 5448 καὶ
2477 5392 2643 5465 ἕτερα
2666 5395 2871 5447 νοσεῖν
2897 5392 3085 5463 ἕτερος
3110 5390 3167 5443 δὲ
3192 5384 3258 5444 αὖ
3283 5388 3595 5458 πεφρόνηκε
3624 5385 3693 5440 τά
3719 5384 3815 5438 τοῦ

2233 5482 2464 5555 κόσμου.
2500 5483 2595 5537 καὶ
2636 5480 3069 5553 κατηρρώστησε
3116 5479 3215 5548 τὴν
3259 5476 3639 5548 φιλοσαρκίαν,
3686 5492 3819 5544 τρυε

2232 5576 2381 5642 φαίς,
2416 5574 2512 5630 καὶ
2558 5573 2891 5645 φιληδονίαις
2938 5570 3249 5641 ὁλοτρόπως
3292 5567 3720 5639 προσκείμενος·
3756 5565 3817 5629 δς

2230 5666 2288 5718 δὲ
2342 5666 2423 5729 εἰς
2475 5665 2667 5734 ἑτέραν
2724 5662 2971 5735 ἡντινοῦν
3020 5660 3475 5732 άποδεδράμηκεν
3514 5657 3815 5730 ἁμαρτίαν.

617 5845 665 5877 ⁸⁴⁵
711 5843 890 5901 Ecclc.
926 5860 983 5912 χ,
1022 5844 1075 5901 ll.
1153 5844 1199 5877 "
1239 5841 1418 5915 pres
1477 5856 1528 5908 ν,
1575 5840 1666 5897 14.
1740 5839 1789 5871 ⁵⁶
1826 5837 1988 5895 llcbr.
2031 5854 2106 5893 xu

2214 5884 2215 5889 η
2289 5840 2333 5871 "
2367 5838 2510 5895 Psal.
2552 5854 2699 5905 xxxx,
2740 5840 2791 5894 9.
