4068 6552
307 414 421 470 $37
1207 406 1763 470 COMMENTARIUS
1800 410 1868 466 IN

1971 408 2174 465 DELEM
2214 401 2653 463 PROPHETAM.
3140 444 3143 447 -
3475 410 3577 469 558

313 531 475 600 Ἶμεν
514 529 570 584 δὲ
602 528 667 600 δὴ
702 528 838 601 πρὸς
866 528 934 583 τὰ
967 527 1196 601 βδελυρὰ
1232 530 1328 584 καὶ
1366 529 1595 602 θεομισῆ
1635 529 1744 583 τῶν
1781 545 1870 582 πα-

1994 521 2311 595 piaculaalii
2341 520 2581 591 segnius,
2606 519 2695 576 alii
2719 528 2827 575 tota
2858 521 3185 592 appetitione
3219 520 3575 597 ruimus,cum

308 619 448 684 θῶν,
470 621 523 673 ot
546 619 647 690 μὲν
669 622 730 673 οὺ
755 618 876 675 λίαν
900 618 1371 689 ἐσπουδασμένως,
1389 621 1507 675 οίδὲ
1530 620 1676 683 ὅλαις
1702 621 1870 690 ὁρμαῖ

2003 626 2132 670 nutu
2165 624 2219 669 et
2237 612 2549 669 incitatione
2576 611 2770 667 mentis
2797 612 3176 682 incastigabili.
3198 614 3310 670 llac
3327 615 3393 670 de
3413 629 3574 671 causa

308 709 611 781 χρώμενοι,
642 710 735 764 καὶ
766 709 1130 782 ἀνουθέτητον
1159 690 1374 781 ἔχοντες
1403 712 1501 782 τῆς
1530 710 1767 775 διανοίας
1800 709 1870 782 τὴ

2000 706 2259 777 propheta
2279 703 2543 760 exclamat
2572 719 2587 756 :
2627 722 2647 754 ι
2678 702 3147 774 Expergiscimini,
3187 707 3323 763 ebrii
3385 724 3416 763 a
3450 710 3573 783 vino

312 801 513 871 ῥοπήν.
539 800 808 875 Ταύτῃτοί
854 818 1020 872 φησιν
1044 802 1073 854 ὁ
1101 802 1390 872 προφήτης
1412 816 1424 830 ”
1458 824 1476 854 ι
1499 800 1824 871 Ἐκνήψατε,
1846 817 1870 861 ο

2000 810 2240 854 vestro.»
2277 797 2481 853 Suadet
2510 805 2688 851 autem
2721 796 2905 851 vinmn
2936 799 3002 851 ad
3031 798 3348 856 ebrietatem
3380 800 3573 859 biben-

312 889 632 959 μεθύοντες,
658 888 718 955 ἑξ
734 892 878 947 οῖνου
904 891 1143 947 αὐτῶν.»
1170 891 1533 963 Συμϐουλεύει
1555 891 1610 944 δὲ
1630 893 1711 946 ὅτι
1735 906 1898 963 προσ·

308 982 441 1053 ήκει
469 983 944 1056 κατολοφύρεσθαι
972 986 1098 1050 τοὺς
1132 985 1388 1048 πίνοντας
1411 983 1554 1040 οἶνον
1593 986 1673 1049 είς
1700 983 1891 1055 μέθην.

320 1068 413 1136 Ὠς
437 1074 545 1147 γὰρ
577 1074 715 1146 ἔφην
735 1076 960 1147 ἀρτίως,
981 1077 1043 1130 οὐ
1070 1076 1233 1149 μέχρι
1254 1076 1415 1149 κόρου
1446 1076 1540 1133 καὶ
1560 1076 1895 1146 αὐταρκείας

304 1164 502 1220 ἱστῶσι
558 1168 660 1239 τὴν
702 1168 1042 1238 φιληδονίαν,
1081 1169 1197 1223 ἀλλ’
1240 1163 1350 1244 οἷον
1401 1170 1482 1233 είς
1517 1169 1688 1241 μέθην
1729 1169 1891 1223 ἐκπί-

302 1273 486 1323 νουσι,
517 1259 611 1313 καὶ
637 1258 839 1323 παντὸς
876 1260 1133 1315 ἐπέκεινα
1167 1261 1384 1317 πίνουσι
1423 1262 1649 1334 μέτρου.
1687 1260 1888 1316 Τούτου

301 1351 417 1405 ἀπὸ
442 1352 537 1407 τοῦ
563 1354 834 1423 στόματος
859 1356 1174 1427 ἀφῃρῆσθαι
1206 1372 1338 1426 φησι
1367 1355 1541 1428 χαρὰν
1578 1355 1675 1410 καὶ
1699 1356 1891 1427 εὐφρο-

302 1444 497 1516 σύνην.
540 1445 817 1517 Ἀληθεύει
850 1447 959 1518 γὰρ
983 1449 1011 1499 ὁ
1038 1448 1296 1519 Χριστὸς,
1325 1448 1409 1502 ὅτι
1442 1448 1668 1513 πάντως
1705 1450 1753 1502 oi
1790 1448 1889 1519 μὲν

298 1536 400 1590 νῦν
455 1537 779 1603 πενθοῦντες
831 1539 1373 1611 παρακληθήσονται.
1393 1540 1622 1609 Ἔψεται
1675 1540 1732 1594 δὲ
1775 1544 1889 1605 τοῖς

296 1629 521 1683 εἰωθόσι
550 1633 761 1703 τρυφᾷν
792 1631 854 1685 τὸ
875 1633 1074 1703 χρῆναι
1113 1632 1494 1704 δακρυρροεῖν,
1523 1633 1604 1686 ὅτι
1626 1635 1725 1703 τῆς
1754 1633 1885 1702 ἀγε-

298 1722 509 1793 ρωχίας
539 1722 600 1776 τὸ
633 1723 809 1794 πέρας
836 1723 1036 1796 θρῆνος
1063 1723 1236 1789 ἔσται,
1268 1725 1363 1777 καὶ
1396 1724 1656 1794 οἰμωγαὶ,
1682 1726 1778 1780 καὶ
1806 1728 1886 1790 είς

291 1800 576 1884 πέταυρον
612 1815 740 1887 ᾅδου
771 1814 1133 1881 καταϐιϐάζει
1167 1817 1293 1880 τοὺς
1320 1816 1655 1885 ἀγαπῶντας
1688 1819 1881 1890 αὐτήν.

2002 891 2143 946 tibus
2169 887 2632 956 lamentationem,
2661 896 2720 942 ut
2772 902 2885 943 rem
2938 890 3378 946 convenientem.
3424 892 3574 949 Sicut

1997 983 2139 1038 enim
2155 983 2267 1053 jam
2303 981 2436 1048 dixi,
2474 995 2578 1035 non
2610 987 2871 1051 quantum
2927 981 3064 1037 satis
3111 992 3198 1038 est
3244 982 3583 1053 voluptatem-

1997 1083 2333 1144 sequuntur;
2358 1073 2453 1128 sed
2482 1071 2627 1127 velut
2654 1074 2720 1126 ad
2752 1071 3072 1128 ebrietatem
3114 1082 3330 1143 potant,
3360 1084 3416 1131 et
3458 1092 3574 1131 om-

1994 1184 2093 1224 nes
2114 1168 2314 1235 li_mites
2346 1166 2579 1222 bibendo
2610 1165 2985 1236 egrediuntur.
3004 1165 3050 1220 A
3080 1165 3173 1222 tali
3209 1181 3308 1223 ore
3335 1168 3571 1225 ablatum

1994 1276 2114 1317 esse
2139 1262 2215 1315 ait
2246 1260 2497 1331 gaudium
2529 1266 2586 1313 et.
2615 1258 2881 1313 laetitiam.
2910 1256 3095 1314 Verax.
3126 1260 3270 1315 enim
3298 1270 3381 1315 est
3416 1260 3575 1316 Chri-

1992 1354 2059 1410 sti
2113 1352 2357 1417 verbum,
2385 1353 2475 1421 qui
2536 1366 2679 1407 nunc
2724 1352 2928 1419 lugent,
2972 1352 3193 1406 omnino
3235 1353 3570 1408 consolatus»

1993 1445 2060 1502 iri
2091 1444 2159 1498 ⁵⁸.
2190 1444 2349 1514 203
2375 1444 2600 1508 Contra,
2627 1453 2917 1498 consuetos
2938 1423 3121 1499 vivere
3144 1444 3197 1499 in
3219 1443 3570 1515 jucunditati-

1990 1538 2113 1604 bus,
2146 1537 2414 1606 lacrytnas
2446 1533 2673 1591 fundere
2705 1535 2999 1604 oportebit,
3031 1536 3158 1606 quia
3216 1538 3481 1607 superbize
3516 1541 3571 1593 ft-

1991 1630 2076 1686 nis
2109 1638 2163 1683 et
2192 1638 2494 1684 extremum
2529 1626 2782 1697 lacryma:
2805 1635 2934 1681 sunt
2961 1637 3014 1682 et
3052 1628 3306 1700 gemitus,
3331 1641 3385 1685 et
3404 1646 3463 1685 se
3483 1633 3566 1686 di-

1988 1721 2215 1794 ligentes
2241 1720 2309 1775 ad
2328 1703 2529 1775 inferni
2555 1717 2782 1789 laqueos
2827 1726 2882 1773 el.
2920 1734 3167 1775 carceres
3200 1720 3437 1777 deducit.
3466 1722 3570 1778 Ve-

1989 1828 2083 1870 rus
2103 1824 2184 1869 est
2204 1814 2368 1869 etiam
2401 1811 2568 1867 David
2605 1830 2620 1867 :
2658 1831 2676 1864 ‹
2714 1809 2829 1866 Νοη
2856 1818 2938 1866 est
2973 1811 3027 1865 in
3087 1822 3259 1868 morte
3317 1813 3409 1884 qui
3456 1828 3567 1870 nte-

306 1878 595 1979 ’ᾼληθεύει
614 1878 671 1962 δὲ
706 1910 802 1964 καὶ
825 1909 1011 1976 Δαϐὶδ,
1036 1878 1164 1964 ὅταν
1193 1878 1328 1980 λένῃ
1358 1878 1494 1980 πρὸς
1522 1878 1658 1966 Θεόν
1677 1929 1690 1944 ⁸
1727 1932 1744 1966 t
1770 1878 1870 1968 θύα

1987 1923 2106 1964 mor
2129 1905 2202 1963 sit
2260 1904 2435 1971 tui”;
2480 1923 2500 1956 ι
2543 1912 2599 1959 et
2655 1903 2851 1959 iterum
2889 1922 2903 1958 :
2948 1921 2966 1955 ι
3016 1902 3133 1959 Non
3184 1906 3329 1961 enim
3366 1908 3562 1964 mortui

291 2000 447 2053 ἔστιν
480 2002 540 2054 ὲν
576 2000 653 2073 τῷ
677 2002 894 2075 θανάτῳ
922 2006 951 2058 ὁ
982 2003 1337 2076 μνημονεύων
1370 2021 1463 2058 σου
1485 2024 1532 2059 ἰ
1566 2006 1665 2061 καὶ
1696 2006 1880 2075 πάλιν,

296 2111 321 2144 s
343 2095 422 2147 Οὐ
455 2094 563 2164 γὰρ
584 2096 635 2148 oi
661 2098 849 2167 νεκροὶ
887 2097 1163 2151 αίνέσουσί
1203 2114 1283 2166 σε,
1316 2098 1513 2171 Κύριε,
1539 2100 1658 2154 οὐδὲ
1681 2101 1883 2166 πάντες

286 2187 344 2239 oi
373 2187 796 2251 καταϐαίνοντες
847 2190 928 2253 εἰς
978 2188 1133 2261 ᾅδην.
1183 2191 1325 2244 Ἀλλ’
1367 2193 1531 2263 ἡμεῖς
1573 2192 1624 2245 οἱ
1678 2193 1885 2258 ζῶντες

286 2279 665 2350 εύλογήσομέν
692 2298 774 2345 σε,
794 2280 973 2353 Κύριε
994 2297 1010 2314 ο
1038 2300 1059 2335 ι
1090 2283 1155 2336 Εἰ
1189 2283 1248 2337 δὲ
1269 2283 1333 2355 δὴ
1360 2284 1471 2337 τῶν
1500 2286 1879 2356 προκειμένων

285 2374 325 2442 ἡ
354 2372 588 2443 δύναμις
627 2371 721 2426 καῖ
751 2374 1134 2447 γεωδεστέρως
1158 2377 1349 2430 νοοῖτο.
1384 2376 1450 2429 El
1478 2375 1877 2449 δεδαπάνηνται

282 2464 379 2518 διὰ
414 2466 515 2533 τῆς
540 2467 771 2537 κάμπης
805 2467 902 2521 καὶ
930 2466 1039 2520 τῶν
1068 2466 1272 2537 ἑτέρων
1297 2466 1366 2521 τὰ
1396 2467 1499 2538 τῆς
1539 2468 1877 2541 εὐφροσύνης

282 2557 462 2622 αἴτια,
490 2559 707 2622 πάντως
742 2576 844 2613 που
888 2562 1009 2623 ταῖς
1033 2558 1360 2630 εὐκαρπίαις
1400 2558 1753 2614 συνδιολεῖται
1780 2563 1876 2615 καὶ

279 2647 320 2718 ἡ
348 2648 460 2700 τῶν
491 2650 840 2702 πεπονθότων
862 2649 1172 2720 εὐφροσύνη
1203 2650 1299 2704 καὶ
1321 2650 1487 2722 χαρά.
1514 2651 1874 2721 Ἐπιστυγνά-

279 2738 402 2804 ζειν
428 2740 537 2811 γὰρ
562 2741 861 2811 ἀναγκαῖον
902 2745 1016 2806 τοῖς
1067 2742 1308 2812 ἀνιαρῶς
1357 2742 1575 2813 ἔχουσιν
1600 2744 1680 2808 είς
1717 2762 1783 2814 γε
1812 2746 1873 2800 τὸ

275 2824 563 2892 δύνασθαι,
601 2828 764 2899 φημὶ,
794 2831 967 2901 πικρᾷ
991 2847 1050 2883 τε
1101 2830 1194 2883 καὶ
1217 2831 1486 2904 ἁφορήτῳ
1513 2832 1665 2907 λύπῃ
1697 2852 1870 2890 κατα-

275 2918 448 2989 τῖ,ξαι
468 2920 715 2991 σαρκίον.

352 3094 478 3148 Ὅτι
507 3095 684 3160 ἔθνος
702 3095 883 3163 ἀνέϐη
920 3095 1019 3149 ἐπὶ
1052 3096 1169 3165 τὴν
1194 3094 1309 3167 γῆν
1322 3116 1445 3166 μου
1465 3100 1725 3170 ίσχυρὸν
1767 3103 1865 3157 καὶ

1983 1998 2280 2054 laudabunt
2307 2007 2380 2063 te,
2397 1996 2645 2061 Domine,
2676 2009 2849 2066 neque
2883 2011 3073 2051 omnes
3101 1996 3195 2065 qui
3230 1997 3565 2052 descendunt

1981 2091 2037 2147 in
2073 2089 2369 2147 infernum.
2406 2089 2512 2144 Sed
2536 2103 2636 2145 nos
2664 2088 2756 2158 qui
2793 2088 3045 2156 vivimus,
3078 2087 3458 2145 lienedicemus
3490 2100 3562 2156 te,

1980 2183 2210 2243 Domine
2238 2182 2305 2235 °°.
2348 2200 2367 2233 ι
2393 2180 2544 2247 Quod
2585 2180 2629 2235 si
2670 2180 2870 2251 placet,
2917 2180 3313 2250 propositorum
3371 2181 3563 2236 verbu-

1978 2291 2097 2332 rum
2121 2274 2388 2331 sententia
2425 2272 2598 2342 magis
2636 2282 2847 2326 terrene
2869 2271 3216 2340 intelligatur.
3243 2272 3297 2326 Si
3322 2288 3416 2342 per
3435 2288 3563 2329 eru-

1976 2381 2096 2426 cam
2113 2375 2170 2424 et
2197 2367 2298 2427 alia
2317 2366 2532 2436 frugum
2561 2362 2897 2420 incommoda
2923 2379 3098 2417 causa:
3149 2365 3388 2434 ipsorum
3423 2366 3559 2419 laeti-

1976 2460 2064 2515 tiae
2114 2468 2449 2526 consumptae
2495 2464 2643 2519 sunt,
2703 2469 2928 2524 prorsus
2987 2455 3168 2523 utique
3231 2471 3352 2509 cum
3400 2456 3559 2512 uber-

1974 2557 2086 2606 tate
2118 2551 2390 2605 fructuum
2418 2562 2603 2603 eorum
2638 2546 2731 2617 qui
2766 2554 2911 2599 tanta
2944 2546 3221 2616 voluptate
3249 2536 3557 2604 abicieban-

1974 2652 2085 2709 tur,
2106 2642 2358 2710 gaudium
2402 2651 2456 2695 et
2476 2640 2665 2696 laetitia
2692 2649 2999 2695 evanescet.
3034 2639 3266 2698 Necesse
3304 2654 3389 2698 est
3411 2645 3554 2699 enim

1971 2734 2282 2792 contristari
2320 2734 2393 2790 ob
2424 2746 2629 2801 eaquae
2659 2732 2835 2787 tristia
2894 2733 3167 2798 accidunt,
3199 2743 3253 2789 et
3284 2735 3556 2791 tristitiam

1969 2838 2232 2898 generare
2261 2832 2680 2889 consueyerunt,
2717 2838 2819 2879 nec
2852 2823 3085 2879 invalida
3132 2835 3280 2892 sunt,
3309 2828 3554 2897 inquam,

1969 2929 2027 2972 ut
2046 2919 2319 2973 acerbo’et
2350 2915 2673 2971 intolerabili
2720 2915 2969 2972 cruciatu
2996 2917 3349 2974 carunculam
3407 2918 3557 2976 labe-

1967 3010 2146 3064 facere
2166 3018 2389 3078 queant.
3104 3064 3107 3067 λ

2037 3103 2204 3158 Vsus.
2227 3101 2281 3165 6,
2313 3098 2365 3153 7.
2402 3096 2536 3155 Gens
2557 3100 2695 3151 enim
2729 3099 2962 3159 ascendit
2989 3116 3145 3170 super
3171 3111 3371 3169 terram
3388 3121 3555 3158 nteant

274 3186 711 3255 ἀναρίθμητον.
737 3174 804 3241 ΟΞ
828 3188 1071 3254 ὀδόντες
1100 3189 1288 3245 αὐτοῦ
1322 3190 1566 3259 ὀδόντες
1592 3194 1863 3262 λέοντος,

1971 3192 2119 3261 fortis
2148 3201 2194 3245 et
2213 3188 2632 3244 innumerabilis.
2657 3188 2845 3242 Dentes
2866 3188 2992 3251 eius
3040 3202 3094 3257 ut
3148 3193 3325 3247 dentes
3362 3196 3553 3261 (aetiis,

274 3277 380 3331 καὶ
421 3279 479 3332 αι
504 3280 695 3347 μύλαι
723 3278 931 3334 αὐτοῦ
956 3280 1254 3350 σκύμνου.
1285 3281 1493 3338 Ἐθετο
1524 3282 1641 3351 τὴν
1675 3284 1865 3355 ἄμπε-

1971 3296 2017 3339 et
2035 3284 2261 3337 molares
2284 3281 2395 3350 ejus
2414 3290 2469 3334 ut
2492 3279 2656 3333 catuli
2682 3278 3075 3345 leonis.Posuit
3135 3282 3337 3338 vineam
3387 3302 3553 3347 meam

273 3369 397 3423 ,ἱόν
427 3388 549 3440 μου
578 3372 667 3437 είς
708 3370 1074 3440 ἀφανισμὸν,
1114 3372 1213 3427 καὶ
1252 3372 1359 3437 τὰς
1400 3372 1598 3441 συκᾶς
1622 3393 1740 3445 μου
1779 3379 1865 3442 εἰς

274 3462 722 3532 συγκλασμὸν,
755 3462 1020 3530 ἐρευνῶν
1049 3463 1465 3534 ὲξγιρεύνησεν
1510 3466 1722 3535 αὐτὴν,
1768 3467 1866 3521 καὶ

272 3550 691 3621 ἐξεῤῥίζωσεν,
721 3552 1014 3610 ἐλεύκανε
1040 3556 1114 3609 τὰ
1140 3556 1415 3626 κλήματα
1438 3556 1651 3626 αὐτῆς.

352 3648 447 3712 ς’.
487 3644 846 3715 ’Δμιλλᾶσθαι
885 3646 1088 3717 τρόπον
1130 3647 1253 3700 τινὰ
1285 3650 1398 3712 τοῖς
1434 3647 1859 3719 συμϐεϐηκόσιν,

270 3736 447 3807 ἤγουν
504 3735 722 3790 ἔσεσθαι
767 3737 1274 3809 προσδοκωμένοις,
1323 3740 1417 3793 καὶ
1474 3739 1534 3792 τὸ
1598 3738 1691 3793 ἐπὶ
1741 3744 1861 3805 ταῖς

254 3825 685 3896 ’μεταγνώσεσιν
713 3827 915 3882 ἐθέλων
941 3827 1198 3899 δάκρυον,
1234 3829 1525 3899 ἀφηγείται
1556 3831 1770 3893 λεπτῶς
1794 3834 1863 3885 τὰ

271 3919 528 3988 ἐσόμενα,
563 3919 659 3972 καὶ
693 3918 802 3973 τῶν
836 3919 1178 3991 σκυθρωπῶν
1217 3922 1316 3988 τὴν
1351 3920 1539 3991 ἔφοδον
1576 3925 1860 3994 μονονουχὶ

270 4011 372 4066 καὶ
400 4012 459 4064 ὲν
472 4011 592 4081 ὄψει
619 4011 810 4076 τιθεὶς,
833 4012 1015 4066 δίδωσί
1040 4014 1221 4076 τιτοῖς
1247 4014 1564 4084 παιομένοις
1594 4015 1687 4068 καὶ
1720 4015 1853 4087 θρή-

268 4122 446 4176 νημα,
489 4105 585 4159 καὶ
614 4106 778 4159 οἱονεὶ
807 4104 998 4176 γοερὸν
1035 4105 1341 4159 ἐκδιδάσκει
1375 4104 1535 4176 μέλος
1578 4108 1703 4172 τοὺς
1740 4108 1859 4161 ὀδύ-

271 4196 466 4265 ρεσθαι
502 4195 990 4268 κεκελευσμένους,
1021 4196 1196 4250 ἐκεῖνό
1216 4215 1279 4251 τε
1309 4197 1489 4267 λέγειν
1516 4198 1700 4255 λοιπὸν
1729 4201 1858 4254 ἀνα-

268 4286 477 4350 πείθει,
503 4288 587 4339 an
615 4306 637 4337 ε
656 4287 850 4350 Ἔθνος
891 4286 1060 4355 ἀνέϐη
1099 4287 1194 4339 ἐπὶ
1217 4286 1315 4357 τὴν
1344 4288 1451 4356 γῆν
1484 4306 1585 4358 μου
1635 4288 1857 4361 ἰσχυρὸν

266 4379 367 4433 καὶ
390 4380 763 4450 ἀναρίθμητον
783 4395 804 4410 '
823 4399 840 4433 ι
872 4380 967 4432 καὶ
995 4380 1119 4434 ὅσον
1137 4381 1261 4449 ἥκει
1277 4382 1355 4444 εἰς
1383 4380 1609 4435 ὀδόντων
1635 4382 1843 4453 ἀκμὰς,

264 4469 453 4524 λέουσί
491 4488 551 4524 τε
588 4471 683 4526 καὶ
724 4473 985 4543 σκύμνοις
1029 4472 1189 4540 ὀλίγα
1240 4476 1580 4544 παραχωρεῖς
1619 4473 1850 4545 ’ἀληθὲς

1969 3378 2023 3430 in
2064 3375 2489 3444 dissipationsm,
2535 3382 2581 3424 et
2639 3372 2770 3441 ﬁcus
2816 3389 2959 3427 meas
2996 3374 3057 3429 in
3106 3375 3557 3445 confractioucm;

1967 3478 2206 3522 scrutans
2228 3474 2493 3521 scrutatus
2548 3474 2623 3519 est
2681 3480 2819 3530 eam,
2866 3469 2915 3519 et
2962 3467 3551 3533 sradicauit,dealbavit

1966 3577 2139 3615 ramos
2159 3559 2292 3630 ejus.
3394 3563 3403 3571 ‘

2039 3651 2472 3708 VLGontendere
2491 3651 2672 3723 aliquo
2686 3652 2843 3707 modo
2859 3665 2982 3707 cum
3009 3650 3357 3716 eventis,sive
3375 3654 3550 3721 potius

1965 3759 2087 3799 cum
2121 3744 2205 3799 bis
2235 3758 2354 3812 quae
2377 3753 2635 3800 eventura
2654 3752 3065 3811 exspectantur,
3110 3752 3166 3799 et
3188 3758 3252 3800 ex
3283 3744 3549 3813 paeniten-

1967 3838 2039 3891 tia
2060 3835 2242 3891 ﬂetum
2272 3835 2471 3891 elicere
2489 3835 2736 3905 cupiens,
2771 3835 3019 3890 minutim
3075 3834 3256 3891 futura
3306 3844 3548 3900 enarrat,

1964 3935 2018 3980 et
2042 3940 2223 3980 rerum
2270 3925 2642 3981 tristiﬁcarum
2696 3925 2975 3981 incursum
3026 3927 3411 3996 propemodum
3448 3928 3549 3982 sub

1965 4027 2239 4087 aspectum
2273 4015 2593 4084 subiiciens,
2629 4017 2693 4072 iis
2725 4016 2832 4087 qui
2873 4017 3165 4072 multantur
3253 4017 3548 4075 lamentqu

1963 4108 2289 4177 suppeditat,
2313 4116 2379 4163 et.
2400 4121 2536 4177 quos
2562 4108 2628 4164 ad
2662 4109 2981 4178 plorandum
3012 4109 3287 4173 invitarat,
3335 4125 3430 4166 eos
3457 4110 3541 4164 lu-

1961 4200 2131 4269 gubre
2156 4212 2375 4252 carmen
2411 4199 2590 4264 docet,
2614 4198 2756 4268 quod
2786 4199 2839 4254 in
2876 4208 3150 4269 posterum
3178 4216 3440 4270 usurpare
3454 4217 3549 4258 vo-

1960 4290 2114 4346 cibus
2139 4290 2408 4346 hortatur.
2447 4307 2467 4343 ι
2504 4289 2648 4346 Gens
2680 4292 2924 4347 ascendit
2955 4307 3117 4360 super
3141 4302 3343 4348 terram
3373 4310 3545 4349 meam

1961 4381 2117 4438 fortis
2143 4389 2200 4436 et
2226 4380 2658 4448 innumerabilis,
2700 4398 2982 4453 rquaaque
3009 4385 3402 4451 dentiutnacie,
3430 4388 3547 4447 leo-

1958 4473 2121 4528 nibus
2141 4481 2197 4527 et
2217 4471 2650 4527 catulisleonum
2678 4488 2867 4539 parum
2899 4474 3168 4528 concedit.
3223 4475 3415 4530 Verum
3443 4478 3546 4532 hoc

269 4564 373 4635 μὲν
401 4558 493 4618 οὖν
518 4563 577 4616 τὸ
610 4564 821 4635 χρῆμα,
862 4564 968 4618 κᾶν
1006 4565 1053 4617 εἰ
1082 4564 1174 4617 ἐπὶ
1214 4565 1433 4636 ἀκρίδος
1464 4566 1643 4635 τυχὸνκ
1656 4570 1849 4630 νοοῖτο,

1971 4561 2338 4630 ask-quamvis
2356 4561 2427 4616 de
2450 4561 2656 4616 locusta
2678 4563 2843 4626 forte,
2874 4576 2940 4616 ae
2960 4567 3026 4617 de
3048 4564 3272 4628 brucho,
3300 4577 3353 4619 et
3378 4582 3542 4623 eruca

266 4656 504 4728 βρούχου
551 4674 612 4710 τε
653 4657 750 4709 καὶ
798 4656 1048 4725 κάμπης.
1095 4657 1341 4725 Ἀμαχον
1392 4656 1502 4727 γὰρ
1547 4657 1609 4710 τὸ
1663 4659 1869 4729 χρῆμά.

262 4750 407 4810 ἐστι,
430 4749 524 4802 καὶ
552 4747 996 4816 ἁκαταγώνιστος
1027 4747 1222 4819 κομιδῇ
1259 4749 1368 4801 τῶν
1397 4748 1656 4804 τοιούτων
1698 4753 1732 4819 ἡ
1766 4751 1857 4820 ἐφ·

260 4839 407 4905 οδος,
430 4835 587 4911 ἱκανή
617 4857 680 4893 τε
703 4839 871 4912 ἄρδην
899 4839 1161 4893 ἀπολέσαι
1175 4840 1246 4894 τὰ
1274 4842 1331 4894 ἐν
1360 4842 1854 4913 ἀγροῖς,.καρπούς

258 4949 347 4997 τε,
386 4934 569 5005 φημὶ,
626 4933 721 4986 καὶ
772 4934 945 4987 πόαν·
1003 4932 1368 5002 καταφθεῖραι
1422 4950 1482 4987 τε
1541 4937 1714 4999 συκᾶς
1762 4938 1857 4989 καὶ

260 5024 568 5095 ἀμπέλους,
608 5025 770 5096 ψιλὴν
809 5025 865 5077 δὲ
910 5026 1004 5078 καὶ
1050 5024 1261 5095 ἀκαλλῆ
1294 5026 1392 5094 τῆς
1441 5026 1681 5099 ἀρούρας
1714 5028 1852 5083 ἁπο-

261 5116 431 5185 φῆναι
468 5117 567 5186 τὴν
591 5116 733 5179 ὄψιν.
768 5118 832 5170 Εἰ
856 5117 911 5170 δὲ
941 5116 1006 5188 δὴ
1034 5118 1419 5188 περιτρέποιτο
1442 5118 1605 5172 πάλιν
1640 5121 1669 5173 ὁ
1690 5119 1851 5188 λόγος

265 5207 350 5270 είς
364 5206 463 5277 τὴν
481 5206 590 5259 τῶν
616 5206 1047 5278 πεπορθηκότων
1073 5207 1489 5279 ἀπανθρωπίαν,
1513 5210 1609 5264 καὶ
1630 5210 1849 5282 ὁλοτελῆ

260 5298 365 5369 τῆς
396 5296 580 5368 χώρας
611 5298 709 5368 ὲρή
720 5314 913 5367 μωσιν,
942 5298 1270 5368 ὑποφήνειεν
1298 5297 1365 5350 ἂν
1402 5296 1587 5370 ἕτερον
1614 5298 1787 5364 οὐδὲν,
1815 5298 1847 5370 ἧ

258 5392 347 5444 ὅτι
372 5393 522 5444 πᾶσα
544 5391 644 5461 μὲν
668 5389 854 5453 αὐτοῖς
880 5388 1157 5445 ἀπόλωλεν
1187 5390 1220 5461 ἡ
1250 5388 1423 5461 χώρα,
1449 5388 1851 5461 δεδαπάνηνται

255 5482 319 5537 δὲ
358 5483 543 5537 καἱοὶ
596 5482 928 5555 προῦχοντες
991 5484 1123 5553 παρ’
1175 5481 1398 5547 αὐτοῖς,
1453 5481 1582 5553 δόξῃ
1630 5499 1689 5535 τε
1754 5485 1851 5536 καὶ

255 5576 480 5648 πλούτῳ
500 5577 561 5630 τὸ
590 5576 698 5630 τῶν
726 5576 994 5647 ἀγελαίων
1020 5574 1375 5648 ύπερθέοντες
1407 5576 1607 5647 μέτρον
1643 5575 1759 5647 (ὡς
1788 5579 1848 5629 ἐν

252 5667 413 5735 τάξει
456 5668 695 5723 νοεῖσθαι
742 5669 914 5741 συκῆς
955 5687 1014 5723 τε
1060 5668 1155 5724 καὶ
1185 5668 1489 5739 ἀμπέλου),
1532 5668 1671 5740 πλὴν
1712 5668 1846 5721 ὑπο-

330 5845 382 5878 ”
415 5844 618 5903 Matth.
645 5861 696 5913 ν,
739 5846 793 5903 5.
869 5846 913 5878 ⁵⁸
948 5844 1091 5903 Psal.
1128 5862 1199 5913 vt,
1238 5846 1290 5903 6.
1320 5848 1360 5879 ⁸ο
1384 5845 1527 5902 Psal.
1569 5863 1718 5915 cxttt,
1764 5846 1941 5915 17,18.

1953 4652 2610 4724 accipiatur;.expugnari
2637 4653 2902 4723 siquidem
2935 4666 3227 4723 nequeunt,
3255 4664 3308 4709 et
3354 4672 3542 4713 eorum

1953 4744 2239 4816 impressio
2266 4760 2487 4815 prorsus
2512 4752 2613 4801 est-
2630 4744 3010 4813 insuperabilis
3044 4756 3207 4816 atque
3233 4749 3298 4802 ad
3312 4752 3510 4817 pertlen

1954 4839 2053 4894 das
2082 4838 2226 4894 ruris
2251 4851 2383 4908 opes
2402 4837 2681 4893 universas
2703 4838 2920 4905 sullicit,
2948 4840 3013 4891 ad
3046 4838 3263 4894 fructus
3313 4850 3367 4894 et
3418 4842 3543 4896 lier-

1958 4929 2075 4996 bas,
2108 4929 2351 5001 inquam,
2372 4939 2426 4985 et
2458 4930 2526 4984 ad
2580 4929 2736 4997 ﬁcus,
2784 4931 3034 5000 vitesque
3089 4935 3541 5003 corrumpcntlas,

1959 5023 2026 5077 ad
2078 5023 2385 5077 nudandam
2447 5022 2679 5092 denique
2724 5031 2779 5078 et
2832 5022 3238 5080 deformandam
3288 5038 3539 5094 agrorum

1954 5113 2169 5172 faciem.
2232 5114 2388 5181 Quod
2442 5114 2489 5172 si
2543 5114 2708 5170 verba
2758 5115 3035 5184 prophetae
3079 5115 3147 5169 ad
3199 5124 3537 5171 vastatorem

1955 5207 2330 5262 crudelitatem
2364 5215 2418 5263 et
2447 5222 2713 5262 summam
2742 5208 2979 5278 regionis
3011 5208 3355 5265 solitudinem
3381 5224 3536 5265 revo-

1954 5314 2159 5366 cemus,
2202 5301 2349 5355 aliud
2380 5300 2511 5355 nihil
2546 5300 2989 5365 subindicabunt,
3055 5315 3217 5371 quam
3271 5302 3365 5356 toti
3414 5316 3539 5369 pro-

1955 5394 2147 5451 vinciae
2184 5394 2480 5465 perniciem
2517 5408 2613 5450 eos
2671 5394 2939 5461 attulisse,
2971 5402 3024 5450 et
3084 5394 3350 5465 primores
3414 5407 3537 5449 con-

1954 5497 2199 5558 sumptos
2226 5503 2368 5544 esse.
2405 5486 2506 5555 Qui
2542 5502 2848 5556 quanquam
2879 5486 3047 5557 gloria
3092 5494 3147 5541 et
3171 5485 3375 5567 divitiis
3434 5482 3536 5551 ple-

1954 5580 2198 5635 beiorum
2234 5581 2510 5635 modulum
2545 5582 2871 5637 excederent
2890 5580 2972 5649 (ut
3001 5588 3259 5648 utrosque
3281 5591 3377 5646 per
3400 5574 3533 5631 licus

1953 5680 2007 5725 et
2030 5673 2162 5727 vites
2181 5671 2589 5744 intelligamus),
2608 5672 3246 5728 nibilominusemarcere
3258 5665 3531 5733 debuisse,
