4068 6544
526 415 631 475 559

1530 417 1589 473 S.
1631 418 1912 477 CYRILLI
1953 415 2423 476 ALEXANDle
2461 416 2781 474 ARCIIIEP.

3678 419 3785 477 διο

522 533 665 589 sicut
688 532 742 588 iu
772 531 902 602 ipsis
924 531 1087 605 204
1133 531 1331 589 vitibus
1380 535 1481 590 sub
1511 551 1733 594 sensum
1781 536 2101 595 cadentibus

2209 538 2385 607 μεῖναι
2412 536 2503 591 τὸν
2528 534 2851 609 μαρασμόνο
2884 534 3131 606 καθάπερ
3152 533 3346 605 ἀμέλει
3370 534 3465 589 καὶ
3484 534 3574 588 ἐπ’
3604 536 3787 592 αὐτῶν

523 623 641 678 ﬁeri
670 637 774 678 non
811 623 1140 693 ignoramus,
1171 626 1216 680 si
1261 640 1355 683 eas
1396 626 1729 684 locustarum
1752 628 1943 686 dentes
1971 630 2103 686 atti-

523 714 721 785 gerint.
746 712 958 784 Stirpes
987 716 1155 784 enim,
1178 732 1364 773 earum
1414 720 1696 776 humorem
1753 732 2102 793 exsugentes,

521 813 577 859 et
603 803 711 858 vim
745 818 963 859 omnem
1005 805 1223 860 vitalem
1278 808 1659 875 absorbentes,
1715 809 1866 866 brevi
1926 809 2103 867 arefa-

522 895 693 950 ciunt.
724 894 852 951 inde
896 896 1059 952 etiam
1091 906 1191 964 est,
1221 898 1362 967 quod
1391 899 1515 956 vitis
1568 902 1690 956 alba
1751 901 2101 974 conspicitur.

522 987 712 1054 Itaque
736 988 927 1044 dentes
950 988 1189 1046 hostium
1214 993 1673 1059 consumentium,
1713 991 1891 1049 locum
1917 993 2104 1049 vitium

525 1089 798 1148 tenentes,
835 1089 929 1136 aut
974 1082 1139 1138 etiam
1194 1083 1404 1139 licubus
1439 1084 1850 1155 respondentes,
1890 1086 2106 1155 penitus

523 1182 1000 1242 consumpserunt,
1062 1183 1118 1231 et
1177 1175 1499 1246 quisquilias
1569 1177 1943 1243 reddiderunt,
2010 1187 2106 1233 aut

525 1262 717 1331 gladiis
750 1272 1073 1334 mactantes,
1139 1275 1234 1322 aut
1283 1267 1564 1324 servitutis
1613 1268 1748 1341 iugo
1794 1268 2107 1326 submitten-

525 1364 629 1413 tes.

595 1539 1173 1613 Poteritquispiam,si
1230 1542 1604 1610 lihuerit,htee
1666 1544 1794 1601 item
1824 1545 1888 1600 de
1919 1559 2107 1616 pecca-

527 1633 740 1689 toribus
804 1634 1177 1705 interpretari,
1209 1638 1262 1692 in
1315 1652 1546 1707 quorum
1598 1644 1809 1691 mentes
1835 1646 1889 1689 et
1912 1635 2103 1702 corda,

529 1722 675 1778 velut
699 1723 943 1790 locustae,
969 1726 1158 1783 bruchi
1179 1737 1234 1782 et
1263 1743 1466 1793 erucas,
1482 1728 1954 1796 irrepuntsemper
1981 1724 2106 1779 mali

527 1816 753 1885 spiritus
777 1828 832 1871 et
853 1819 1165 1886 passionum
1194 1820 1423 1876 diversze
1453 1820 1664 1889 species
1717 1827 1880 1886 atque
1937 1816 2104 1880 modi,

526 1926 731 1979 eosque
756 1912 1111 1982 despicabiles
1157 1923 1212 1968 et
1260 1914 1609 1984 turpissimos
1660 1912 1833 1968 videri
1877 1910 2105 1978 faciunt,

526 2004 695 2071 quiet
722 2003 937 2073 pietatis
969 2006 1155 2061 ﬂorem
1183 2008 1486 2071 amiserint,
1542 2015 1595 2060 et
1637 2005 1844 2060 nullum
1882 2004 2107 2074 iustitia;

526 2108 749 2162 germen
779 2096 1107 2164 possideant.
1140 2096 1234 2151 His
1280 2111 1408 2169 ergo
1457 2096 1768 2151 aﬂirmarim
1817 2096 2108 2151 convenire

527 2202 801 2256 perennes
837 2168 1126 2260 lacrymas,
1150 2198 1204 2244 et
1251 2168 1691 2244 lamentationem
1740 2203 1921 2243 curant
1972 2186 2102 2252 Dee,

526 2296 594 2335 ac
632 2280 957 2336 desiderium
999 2280 1231 2336 assiduis
1276 2279 1527 2350 precibus
1582 2282 1776 2344 veniae,
1823 2291 1877 2334 et
1912 2277 2032 2348 opis
2074 2293 2107 2332 ιι

525 2372 639 2427 Deo
662 2372 1043 2442 impetrandae;
1079 2383 1137 2427 ut
1160 2387 1469 2442 quanquam
1497 2386 1620 2428 sero
1661 2373 1901 2437 tandem,
1934 2380 1990 2427 et
2019 2370 2107 2425 vix

525 2463 800 2532 sapientes
831 2478 896 2519 ac
927 2463 1136 2520 robusti
1160 2465 1410 2528 evadant,
1432 2464 1645 2519 liberati
1680 2463 1768 2531 iis,
1794 2463 1847 2517 in
1878 2478 1999 2532 qua:
2029 2463 2111 2517 in-

525 2552 790 2608 ciderunt.
821 2552 1044 2623 Spectat
1073 2563 1130 2609 et
1170 2554 1274 2609 hoc
1301 2554 1368 2608 ad
1399 2566 1493 2608 eos
1521 2566 1750 2621 quorum
1796 2552 2010 2607 animus
2040 2555 2108 2606 ad

523 2659 791 2701 novarum
822 2645 1136 2716 opinionum
1170 2645 1425 2701 doctores
1479 2654 1533 2700 et
1589 2645 1802 2700 sincera
1854 2644 2110 2699 Ecclesia:

524 2737 775 2809 dogmata
804 2737 1172 2793 adulterantes
1198 2736 1497 2793 audiendos
1530 2735 1823 2791 declinavit
1854 2754 1872 2790 ξ
1894 2736 1960 2790 de
1984 2736 2109 2804 qui-

523 2829 628 2885 bus
657 2829 872 2885 dicatur
892 2829 1246 2885 meritissimo
1274 2846 1292 2883 :
1351 2846 1371 2880 ι
1412 2827 1610 2882 Dentes
1652 2840 1861 2892 eorum,
1920 2826 2110 2881 dentes

523 2921 740 2978 leonum
770 2929 826 2976 et
846 2921 1078 2977 molares
1100 2918 1401 2976 catulorum
1446 2918 1686 2975 leonum.
1717 2937 1737 2970 ι
1787 2917 1971 2973 Genus
2015 2916 2111 2971 bo-

522 3011 731 3071 minum
754 3012 863 3068 Deo
893 3012 1151 3077 invisum,
1182 3010 1545 3067 adulterinum
1569 3018 1734 3079 atque
1762 3008 2106 3079 pestiferum,

521 3105 914 3177 simpliciorurn
944 3113 1155 3161 mentes
1214 3104 1327 3160 suis
1377 3101 1701 3159 commentis
1761 3102 2030 3157 devorans
2056 3110 2111 3155 et

2133 1879 2182 1940 B

2204 627 2405 680 νοεῖται
2427 625 2538 681 τῶν
2564 624 2838 698 αἰσθητῶν
2886 624 3171 696 ἀμπέλων,
3194 626 3243 678 εί
3275 624 3383 679 τῶν
3417 625 3657 697 ἀκρίδων
3676 631 3784 693 τοῖς

2203 716 2385 772 ὀδοῦσι
2414 718 2654 790 συμϐαίη
2700 719 3038 789 περιπεσεῖν.
3078 716 3429 773 Ἐκπίνουσαι
3461 718 3574 790 γάρ
3598 717 3700 790 τὴν
3726 720 3787 773 ὲν

2203 811 2319 873 τοῖς
2345 812 2532 878 φυτοῖς
2568 807 2797 879 ίκμάδα,
2831 806 2929 862 καί⁸
2971 809 3154 863 πᾶσαν
3180 808 3366 873 αὐτοῖς
3388 808 3489 880 τὴν
3525 808 3786 875 ζωοποιὶιν

2204 898 2616 971 ἀναῤῥοφοῦσαι
2657 899 2914 970 δύναμιν,
2937 899 3038 953 οὐκ
3083 900 3167 963 είς
3208 900 3429 971 μακρὰν
3481 900 3784 973 ἀποξηραί-

2205 1006 2392 1045 νουσιο
2421 989 2679 1064 ταύτῃτοι
2715 992 2813 1045 καὶ
2837 991 3036 1063 λευκὴν
3063 989 3298 1062 ὁρᾶσθαι
3336 982 3788 1063 παρασκευάζου-

2208 1100 2313 1139 σιν.
2337 1084 2547 1139 Οὐκοῦν
2574 1085 2625 1138 οἱ
2658 1084 2869 1148 ὀδόντες
2895 1082 3004 1138 τῶν
3029 1083 3397 1138 δαπανώντων
3428 1083 3641 1156 ἐχθρῶν
3662 1086 3789 1148 τοὺς

2206 1177 2265 1231 ὲν
2291 1176 2443 1242 τάξει
2474 1175 2763 1247 κειμένους
2795 1175 3072 1247 ἀμπέλων,
3098 1177 3133 1247 ἢ
3178 1175 3275 1229 καὶ
3317 1177 3378 1230 ὲν
3419 1177 3549 1231 εῖδει
3583 1176 3786 1240 συκῶν,

2206 1269 2289 1332 είς
2315 1268 2486 1339 ἀκρον
2516 1268 2946 1339 δεδαπανήκασι,
2977 1268 3071 1321 καὶ
3101 1269 3182 1331 είς
3205 1267 3537 1339 ἀχρειότητα
3574 1270 3788 1338 πεπόμ-

2207 1377 2343 1430 φασι
2376 1360 2638 1431 παντελῆ,
2659 1361 2694 1431 ἢ
2719 1359 2897 1430 ξίφεσι
2924 1359 3391 1429 καταπαίοντες,ἢ
3421 1361 3517 1415 καὶ
3549 1363 3662 1425 τοῖς
3690 1362 3789 1431 τῆς

2205 1453 2449 1517 δουλείας
2476 1452 2888 1521 καθυπάγοντες
2918 1452 3124 1520 ζυγοῖς.

2289 1546 2598 1614 Ἐκδέξεται
2632 1546 2690 1599 δέ
2723 1563 2826 1611 τις,
2852 1548 3010 1619 είπερ
3041 1547 3216 1600 ἕλοιτο
3244 1548 3390 1599 νοεῖν
3417 1545 3514 1598 καὶ
3540 1558 3788 1614 πνευμα-

2206 1637 2402 1705 τικῶς,
2431 1638 2524 1692 καὶ
2554 1639 2642 1692 ἐπ’
2672 1637 2975 1709 ἀνθρώπων
3015 1636 3364 1707 ἁμαρτωλῶν
3382 1635 3453 1689 τὰ
3478 1634 3660 1689 τοιάδε
3687 1635 3791 1688 πά-

2208 1732 2313 1788 λιν.
2346 1726 2443 1795 Οἴς
2468 1733 2548 1794 εἰς
2576 1731 2701 1785 νοῦν
2733 1733 2831 1784 καὶ
2862 1730 3115 1804 καρδίαν,
3153 1730 3229 1794 ὡς
3258 1731 3317 1783 ὲν
3354 1728 3577 1801 ἀκρίδος
3603 1727 3790 1798 τρόπῳ

2209 1824 2306 1879 καὶ
2336 1823 2587 1896 βρούχου,
2612 1825 2708 1877 καὶ
2737 1823 2921 1894 μέντοι
2965 1824 3059 1877 καὶ
3093 1822 3343 1894 κάμπης,
3378 1819 3653 1877 είσδύεταί
3675 1836 3792 1883 πως

2207 1916 2295 1970 ἀεὶ⁸
2321 1916 2388 1969 τὰ
2420 1914 2632 1987 πονηρά
2672 1916 2957 1986 πνεύματα
2976 1955 2990 1977 ,
3018 1915 3113 1969 καὶ
3142 1914 3280 1967 αύτά
3310 1913 3368 1967 δὲ
3410 1910 3665 1980 πολυειδῆ
3701 1911 3791 1965 καὶ

2208 2008 2525 2081 πολύτροπα
2549 2007 2721 2080 πάθη,
2754 2007 2848 2061 καὶ
2890 2007 2954 2078 δὴ
2991 2008 3086 2060 καὶ
3129 2006 3384 2078 ἀχρείους
3424 2004 3517 2058 καὶ
3558 2002 3788 2057 ἁκαλλε-

2208 2100 2440 2163 στάτους
2464 2099 2698 2170 ὁρᾶσθαι
2731 2100 2896 2163 ποιεῖ,
2928 2098 3024 2152 καὶ
3050 2100 3149 2169 τῆς
3181 2097 3464 2160 εὐσεϐείας
3492 2095 3593 2167 τὴν
3625 2095 3793 2165 ἄνθην

2207 2191 2674 2263 ἀποϐεϐληκότας,
2699 2190 2795 2245 καὶ
2828 2189 2978 2244 οὐδὲν
3017 2188 3239 2260 ἔχοντας
3265 2190 3322 2242 ὲν
3352 2189 3567 2251 ἑαυτοῖς
3590 2188 3794 2242 δικαιο-

2209 2284 2375 2354 σύνης
2407 2282 2712 2353 βλάστημα.
2748 2282 2919 2353 Φαίην
2949 2281 2994 2335 δ’
3024 2280 3112 2343 ἂν,
3157 2282 3241 2334 ὅτι
3290 2280 3492 2350 πρέποι
3518 2280 3584 2334 ἃν
3611 2279 3794 2342 αὐτοῖς

2207 2375 2271 2429 τὸ
2317 2375 2529 2429 κλαίειν
2563 2373 2979 2444 ἀκαταλήκτως,
3013 2373 3110 2426 καὶ⁵
3152 2370 3619 2443 κατολοφύρεσθαι
3658 2371 3795 2443 πρὸς

2207 2468 2372 2522 Θεόν’
2422 2467 2705 2539 γλίχεσθαι
2752 2466 2813 2520 τε
2840 2469 3037 2538 ίτυχεῖν
3085 2465 3175 2519 διὰ
3231 2465 3432 2536 συχνῆς
3484 2464 3794 2535 προσευχῆς

2208 2560 2455 2629 ἀφέσεως
2496 2560 2590 2613 κα)⁸
2622 2558 2980 2630 ἐπικουρίας,
3009 2557 3086 2620 ὡς
3115 2555 3183 2611 ἂν
3218 2553 3351 2621 εἷεν,
3391 2556 3498 2610 κᾶν
3529 2556 3662 2625 γοῦν
3697 2554 3795 2623 ὀψέ

2210 2670 2343 2707 ποτε
2375 2653 2469 2707 καὶ
2506 2652 2681 2724 μόλις,
2717 2654 2873 2722 σοφοὶ
2919 2654 3014 2707 καὶ
3058 2651 3353 2714 εὐσθενεῖς,
3383 2648 3479 2702 καὶ
3523 2648 3795 2717 διαδιδρά-

2212 2761 2364 2798 σκειν
2410 2740 2513 2798 οἶοί
2539 2762 2601 2798 τε
2647 2744 2717 2799 τά
2761 2743 3169 2815 συμϐεϐηκότα.
3209 2742 3439 2797 Πάθοιεν
3466 2741 3512 2796 δ’
3565 2742 3634 2795 ἂν
3665 2739 3797 2793 αὐτὸ

2210 2838 2306 2890 καὶ
2336 2832 2418 2901 οἷς
2451 2839 2481 2890 ό
2525 2836 2651 2902 νοῦς
2683 2838 2914 2907 ἀμαθῶς
2947 2837 3267 2892 ὲκκέκλικεν
3308 2837 3389 2899 είς
3415 2852 3479 2903 γε
3508 2834 3570 2887 τὸ
3596 2834 3797 2905 χρῆναι

2210 2928 2496 3000 προσέχειν
2515 2932 2628 2994 τοῖς
2658 2930 2985 3001 ὲτεροδοξεῖν
3014 2929 3252 2994 είωθόσι,
3277 2928 3372 2981 καὶ
3402 2926 3473 2980 τὰ
3517 2926 3661 2997 όρθά
3687 2926 3789 2993 τῆς

2223 3018 2553 3091 Ἰεὶκκλησίας
2599 3020 2898 3092 παραλύειν
2927 3020 3249 3091 διδάγματα,
3286 3018 3414 3089 περὶ
3457 3011 3533 3072 ὧν
3587 3017 3658 3070 ἂν
3707 3015 3795 3068 λέ-

2210 3126 2380 3179 γοιτο,
2404 3114 2500 3166 καὶ
2534 3112 2677 3182 μάλα
2716 3112 2941 3175 εἰκότως
2962 3127 2975 3140 ·
3013 3112 3106 3167 «Oi
3139 3111 3350 3175 ὀδόντες
3375 3107 3557 3163 αὐτῶν
3584 3108 3796 3170 ὀδόντες

524 3199 903 3264 absumens,ut
924 3212 992 3253 ne
1021 3197 1265 3268 reliquiae
1292 3197 1508 3267 quidem
1534 3193 1735 3266 prioris
1762 3193 2026 3250 doctrina:
2054 3193 2106 3247 in

2214 3202 2447 3264 λέοντος,
2480 3202 2574 3254 καὶ
2619 3202 2675 3255 αί
2721 3200 2884 3271 μύλαι
2927 3200 3108 3254 αὐτῶν
3149 3200 3425 3271 σκύμνου·
3467 3216 3487 3251 ι
3543 3197 3795 3268 θεομισὲς

524 3288 635 3345 illis
661 3298 978 3359 appareant.
997 3287 1064 3344 Hi
1087 3289 1298 3344 vineam
1329 3287 1654 3343 dominicam
1685 3285 1753 3341 ad
1799 3298 2101 3339 marcorem

525 3379 806 3452 redigunt,
834 3381 1048 3436 hortum
1076 3394 1108 3434 a
1143 3377 1350 3434 ﬂcubus
1382 3379 1623 3443 inanem,
1659 3376 1864 3431 nudum
1920 3382 1980 3429 et
2015 3374 2101 3427 in-

524 3469 734 3525 cultum
752 3469 1005 3525 reddunt.
1036 3487 1056 3521 ι
1085 3467 1326 3534 Quorum
1352 3468 1616 3536 judicium
1646 3482 1753 3523 non
1787 3475 1965 3521 cessat
1983 3464 2050 3531 ἰς
2078 3482 2099 3515 ι

525 3561 622 3619 sed
654 3562 932 3618 damnatio
956 3560 1103 3631 iusta
1130 3560 1235 3615 erit
1264 3574 1365 3616 suo
1403 3568 1645 3629 tempore
1668 3559 1739 3615 ⁸³.
1802 3558 1909 3626 Qui
1939 3557 2106 3627 igitur

525 3654 580 3708 in
605 3653 822 3709 inscitia
846 3653 1013 3708 vitam
1047 3651 1376 3721 transigunt,
1399 3651 1641 3716 locustae,
1677 3649 1867 3705 brucbi
1902 3657 1957 3705 et
1982 3664 2107 3703 eru-

525 3759 605 3799 cae
662 3743 917 3813 pabulum
965 3750 1148 3806 erunt,
1199 3750 1256 3796 et
1287 3742 1356 3795 ab
1401 3742 1548 3796 omni
1586 3740 1833 3796 decentia
1862 3739 2104 3795 destituti

524 3835 943 3905 permanebunt,
971 3847 1073 3887 nec
1105 3842 1189 3888 est
1224 3831 1279 3886 in
1308 3832 1376 3888 iis
1395 3831 1694 3901 quidquam
1731 3829 2006 3887 ﬂoridum.
2038 3832 2110 3885 At

524 3940 656 3981 vero
686 3924 903 3995 sapiens
929 3932 983 3977 et
1008 3923 1177 3978 Deum
1215 3938 1407 3977 amans
1442 3923 1648 3988 anima,
1678 3932 1736 3977 et
1767 3922 2108 3993 dogmatibus

525 4017 773 4074 veritatis
816 4014 1092 4086 opulenta,
1137 4015 1472 4086 iustitiaeque
1535 4014 1800 4071 fructibus
1834 4029 1972 4084 pene
2003 4016 2110 4070 cir-

526 4109 854 4174 cumﬂuens,
880 4116 936 4163 et
973 4108 1198 4163 miriﬁce
1249 4107 1485 4176 undique
1528 4106 1729 4161 ﬂorens
1759 4121 1854 4162 cor
1880 4107 2107 4171 habens,

527 4202 676 4256 otnni
705 4200 959 4255 libertate
990 4215 1114 4254 cum
1141 4214 1357 4268 sponsa,
1390 4214 1510 4269 quae
1543 4198 1593 4253 in
1626 4197 1871 4254 Cantieis
1911 4199 2111 4254 inteliio

527 4296 694 4366 gitur,
726 4295 854 4349 illud
872 4294 1048 4348 dicet:
1080 4310 1101 4343 ι
1138 4292 1438 4347 Descendat
1477 4305 1647 4359 nepos
1690 4305 1847 4347 meus
1892 4291 1946 4345 in
1987 4290 2113 4345 bor-

528 4397 643 4440 tum
670 4402 831 4443 suum
854 4395 909 4440 et
943 4384 1191 4439 comedat
1213 4382 1445 4436 fructum
1467 4395 1749 4451 pomorum
1782 4384 2107 4437 suorum'ﬂi

532 4478 726 4533 Dulces
751 4477 965 4546 pietatis
988 4476 1194 4529 fructus
1217 4484 1274 4527 et
1308 4472 1482 4526 dulcia
1518 4473 1959 4543 poma,205ubi
1986 4489 2114 4529 vera

2202 3291 2311 3363 γὰρ
2364 3290 2426 3344 τὸ
2453 3290 2629 3358 γένος,
2665 3290 2916 3361 κίϐδηλόν
2962 3306 3022 3343 τε
3058 3290 3183 3363 καὶδ
3204 3289 3506 3360 ἀλιτήριον,
3546 3287 3645 3340 καὶ
3679 3285 3794 3338 τῶν

2207 3381 2594 3452 ἁπλουστέρων
2624 3380 2714 3435 τὸν
2754 3380 2879 3436 νοῦν
2907 3382 3021 3444 τοῖς
3045 3380 3197 3449 σφῶν
3215 3379 3480 3451 εὑρέμασι
3506 3378 3796 3432 κατεσθίον

2204 3494 2268 3530 τε
2313 3476 2425 3551 καὶ)
2458 3473 2788 3540 ἀναλίσκον,
2846 3473 2925 3538 ὡς
2968 3474 3101 3544 μηδὲ
3154 3473 3443 3546 ὀρθότητος
3497 3474 3557 3525 ὲν
3609 3471 3797 3533 αὐτοῖς

2204 3569 2434 3642 ὁρᾶσθαι
2462 3567 2733 3637 λείψανον.
2756 3561 2917 3623 Οὗτοι
2948 3567 3276 3622 Δεσποτικδν
3298 3565 3597 3638 ἀμπελῶνα
3625 3581 3793 3618 καταο

2216 3661 2564 3733 μαραίνουσι,
2600 3659 2785 3713 συκῶν
2824 3658 3034 3730 ἔρημον
3069 3658 3431 3728 ἀποφαίνουσι
3463 3657 3557 3710 τὸν
3591 3655 3795 3725 κῆπον,

2206 3752 2362 3823 ψιλόν
2380 3768 2440 3805 τε
2460 3749 2767 3805 δεικνύουσι
2788 3751 2879 3803 καὶ
2899 3749 3310 3819 κεχερσωμένον
3333 3765 3346 3779 ·
3373 3742 3504 3801 «Ὧν
3525 3746 3589 3800 τὸ
3614 3750 3792 3818 κρῖμα

2208 3848 2309 3901 οὐκ
2329 3847 2510 3919 ἀργεῖ,
2535 3864 2555 3896 ι
2594 3843 2712 3898 ἀλλ’
2732 3842 2941 3898 ἔνδικον
2971 3843 3124 3897 ἔσται
3154 3843 3295 3897 κατὰ
3320 3841 3567 3913 καιρούς.
3593 3842 3660 3895 Oi
3696 3841 3794 3911 μὲν

2209 3936 2303 3995 οὖν
2350 3938 2565 4010 ἀμαθίᾳ
2612 3938 2783 4009 συζῆν
2825 3937 3112 4001 εἰωθότες,
3150 3936 3370 4009 ἀκρίδος
3410 3937 3504 3990 καὶ
3549 3935 3785 4007 βρούχου

2212 4032 2309 4086 καὶ
2352 4033 2580 4102 κᾶμπης
2622 4030 2837 4083 ἔσονται
2865 4028 3061 4101 τροφὴ,
3097 4029 3192 4082 καὶ
3228 4028 3446 4098 ἁπάσης
3497 4026 3799 4097 εὐκοσμίας

2215 4122 2557 4193 ἀπομενοῦσι
2598 4121 2819 4193 ἔρημοι,
2856 4120 3080 4183 εὐανθὲς
3116 4119 3175 4173 δὲ
3201 4119 3353 4173 οὐδὲν
3382 4122 3440 4172 ὲν
3478 4118 3684 4181 αὐτοῖς.
3734 4114 3797 4170 Ἦ

2213 4212 2273 4266 δέ
2302 4229 2366 4281 γε
2402 4209 2542 4283 σοφὴ
2589 4212 2686 4265 καὶ
2718 4210 2971 4280 φιλόθεος
3018 4208 3192 4281 ψυχὴ,
3245 4209 3340 4263 καὶ
3379 4210 3494 4272 τοῖς
3522 4207 3624 4278 τῆς
3666 4207 3799 4276 ἀλη-

2220 4305 2372 4369 θείας
2404 4306 2642 4375 δόγμασι
2674 4303 2903 4375 κομῶσα
2934 4304 3227 4368 πλουσίως,
3263 4303 3359 4357 καὶ
3402 4304 3637 4372 καρποῖς
3684 4304 3799 4363 τοῖς

2216 4398 2297 4459 είς
2331 4393 2674 4465 δικαιοσύνην
2721 4394 3006 4465 μονονουχὶ
3037 4391 3311 4465 βρύουσάν
3340 4409 3400 4445 τε
3435 4393 3528 4445 καὶ
3555 4388 3615 4445 εὖ
3655 4391 3801 4461 μάλα

2221 4487 2689 4559 περιηνθισμένην
2738 4486 2939 4556 ἔχουσα
2985 4486 3087 4557 τὴν
3116 4485 3366 4556 καρδίαν,
3417 4486 3535 4555 ὲρεῖ
3580 4484 3799 4545 πάντως

528 4571 767 4624 discendi
801 4568 1091 4637 cupiditas,
1120 4565 1340 4620 Christo
1367 4564 1610 4619 omnium
1637 4575 1880 4620 nostrum
1926 4564 2108 4621 Salva-

2218 4580 2282 4632 ὲκ
2311 4580 2647 4650 παρρησίας,
2668 4578 2813 4631 κατά
2830 4594 2893 4645 γε
2924 4578 3026 4648 τὴν
3044 4578 3102 4630 ὲν
3130 4576 3210 4647 τῷ
3234 4577 3478 4649 ’ᾼσματι
3503 4576 3800 4645 νοουμένην

528 4663 654 4730 tori,
689 4661 781 4732 qui
809 4674 862 4717 et
899 4672 1087 4716 noster
1127 4674 1296 4730 nepos
1324 4667 1429 4723 est,
1460 4665 1645 4727 utpote
1672 4673 1739 4713 ex
1792 4674 1981 4715 sorore
2012 4676 2107 4716 no-

527 4766 662 4822 stra,
708 4756 928 4810 domina
979 4752 1312 4808 omnimodis
1367 4751 1795 4807 incontatninata
1860 4753 2115 4823 progeni-

2220 4668 2440 4741 νύμφην
2463 4686 2475 4698 ·
2518 4690 2535 4721 ι
2566 4667 2878 4739 Καταϐήτω
2907 4668 3221 4737 ἀδελφιδοῦς
3253 4684 3363 4738 μου
3382 4668 3462 4730 είς
3495 4666 3672 4735 κῆπον
3697 4666 3801 4717 αὑ-

2222 4762 2341 4825 τοῦ,
2371 4764 2464 4816 καὶ
2502 4763 2725 4832 φαγέτω
2754 4761 2966 4832 καρπὸν
3001 4760 3315 4831 ἀκροδρύων
3350 4759 3536 4815 αὑτοῦ.
3576 4778 3595 4809 ι
3624 4758 3801 4820 Ἦδεῖς

2226 4854 2278 4905 οἱ
2299 4854 2396 4923 τῆς
2421 4855 2699 4918 εὐσεϐείας
2723 4854 2928 4926 καρποὶ
2961 4853 3055 4906 καὶ
3080 4853 3178 4923 τῆς
3201 4851 3438 4922 ἀληθοῦς
3472 4849 3801 4920 φιλομαθίας

527 4941 807 5013 ἀκρόδρυα
836 4940 914 5011 τῷ
940 4942 1159 4995 πάντων
1188 4938 1347 5011 ἡμῶν
1370 4938 1580 5011 Σωτῆρι
1601 4937 1843 5011 Χριστῷ,
1869 4938 1929 5002 ὃς
1993 4937 2144 4993 ἐστιν
2182 4944 2339 5015 ἡμῶν
2370 4947 2462 5000 καὶ
2520 4946 2852 5017 ἀδελφιδοῦς,
2880 4946 2955 5010 ὡς
2995 4946 3054 5009 ἐξ
3084 4945 3319 5015 ἀδελφῆς
3345 4944 3447 5015 τῆς
3482 4942 3798 5012 παναχράν·

526 5054 620 5090 του
651 5034 949 5104 Δεσποίνης
977 5033 1397 5105 γεγεννημένος.

603 5130 771 5185 Vens.
804 5128 858 5183 8.
886 5127 1089 5198 Plange
1122 5129 1190 5180 ad
1222 5143 1304 5181 me
1353 5143 1512 5195 super
1566 5128 1823 5196 uirginem
1878 5124 2111 5193 praecin—

528 5232 668 5277 ctam
709 5236 884 5289 sacco,
930 5234 1023 5275 seu
1076 5219 1249 5273 cilicio
1305 5235 1463 5288 super
1511 5220 1683 5273 uirum
1733 5232 1890 5271 suum
1943 5216 2109 5286 virgi-

532 5331 705 5369 neum.

603 5405 713 5462 νιι.
751 5404 869 5462 Non
902 5404 1004 5461 levi
1033 5404 1283 5469 brachio,
1344 5417 1447 5458 nec
1501 5410 1561 5456 ut
1592 5400 1648 5456 in
1700 5399 1954 5463 transitu,
2019 5408 2113 5455 aut

2284 5126 2606 5196 Θρήνησον
2624 5129 2775 5196 πρός
2798 5144 2875 5195 με
2904 5125 3057 5194 ὑπὲρ
3076 5126 3325 5195 νύμφην
3354 5123 3801 5193 περιζωμένην

2212 5221 2448 5276 σάκκον
2474 5220 2575 5274 ἐπὶ
2599 5219 2707 5274 τὸν
2739 5217 2931 5287 ἄνδρα
2954 5216 3145 5285 αὐτῆς
3167 5217 3274 5270 τὸν
3303 5216 3668 5285 παρθενικόν

2283 5403 2356 5457 Z'.
2388 5400 2464 5454 Οὐ
2490 5400 2771 5471 πάρεργον
2796 5398 3016 5461 αὐτοὺς,
3039 5396 3163 5450 οὐδὲ
3190 5390 3301 5449 οἷον
3327 5395 3391 5448 ὲκ
3414 5393 3791 5467 παραδρομῆς.

530 5501 788 5572 segniter,
817 5509 872 5556 et
902 5513 1121 5570 quoquo
1144 5501 1303 5553 modo
1331 5493 1653 5568 paenitentia
1676 5533 1693 5559 ,
1731 5503 1789 5548 et
1816 5492 1908 5562 qui
1959 5493 2013 5547 in
2044 5506 2108 5547 ea

2212 5492 2246 5564 ἦ
2279 5492 2517 5565 ῥᾴθυμον
2547 5490 2735 5554 ἁπλῶς
2759 5489 2856 5561 τὴν
2889 5489 3233 5560 μετάγνωσιν
3278 5485 3552 5540 ποιεῖσθαι
3584 5483 3794 5539 κελεύει

530 5591 852 5661 intelligitur
888 5593 1033 5647 luctu
1062 5591 1207 5660 fungi
1238 5604 1334 5645 eos
1355 5589 1635 5661 postulat;
1696 5587 1791 5643 sed
1833 5586 1925 5657 qui
1983 5603 2108 5644 cum

2214 5585 2310 5639 καὶ
2359 5584 2422 5639 τὸ
2464 5586 2552 5639 ἐπ’
2591 5585 2729 5656 αὐτῇ
2773 5583 3067 5656 νοούμενον
3107 5580 3324 5646 πένθος,
3375 5577 3515 5633 ἀλλά
3557 5580 3672 5641 τοῖς
3712 5578 3794 5629 ὅτι
3852 5580 3855 5583 ’

530 5685 651 5742 aliis
692 5685 928 5743 luctibus
966 5683 1135 5741 multo
1182 5682 1421 5738 maxime
1466 5681 1723 5752 gravibus
1767 5696 1874 5738 non
1909 5679 2101 5738 leviter

2218 5678 2449 5749 μάλιστα
2473 5676 2582 5733 τῶν
2609 5676 2785 5733 ἀλλων
2814 5675 3267 5748 δυσαχθεστέροις
3292 5672 3353 5728 οὐ
3379 5670 3617 5743 μετρίως
3641 5668 3797 5740 φιλο-

604 5868 646 5903 “
687 5868 704 5924 l
740 5867 886 5925 Petr.
930 5884 988 5937 ιι,
1037 5867 1092 5923 5.
1168 5866 1211 5898 θ’
1271 5863 1426 5920 Rom.
1469 5878 1549 5931 ιιι,
1593 5862 1645 5917 8.
1725 5864 1769 5896 ⁸³
1803 5862 1959 5920 Cant.
1996 5876 2048 5928 ν,
2113 5859 2165 5914 1.
