4068 6536
209 444 303 500 Ml

1093 445 1647 504 COMMENTARIUS
1683 446 1751 502 ΙΝ
1784 447 2051 507 JOELEM
2088 448 2535 507 PROPHETAM.

3364 447 3469 503 διε

210 566 421 620 νεικοῦν
460 567 556 620 καὶ
601 568 929 637 ἁμιλλᾶσθαι
961 567 1283 634 σπουδάζον,
1318 570 1395 633 ὡς
1430 571 1783 644 ίσοστάθμους

1887 576 2195 642 contendat,
2231 586 2286 632 et
2336 587 2549 632 certare
2582 576 2841 638 studeat,
2886 585 2945 629 ut
2972 572 3186 630 dolores
3232 566 3467 640 peccatis

206 658 317 721 τοῖς
362 658 780 730 ἡμαρτημένοις
833 659 1105 713 ποιεῖσθαι
1153 662 1282 725 τοὺς
1321 662 1705 727 πόνους.Φιλεῖ
1727 664 1784 718 δέ

209 765 323 811 πως
359 748 668 819 ἀρτίγαμος
697 750 832 822 κόρη
863 750 1224 820 κατοιμώζειν
1248 753 1386 822 ἄγαν
1406 756 1485 819 είς
1513 756 1785 810 τεθνεῶτα

208 838 435 910 νυμφίον
462 880 476 905 ,
525 841 618 893 καὶ
660 839 912 911 δριμείας
974 842 1314 913 εἰσδέχεσθαι
1380 845 1481 908 τὰς
1524 846 1617 899 ἐπὶ
1648 845 1783 917 τῷδε

211 930 399 993 λύπας,
436 928 515 993 ὡς
545 928 829 993 νουθεσίας
876 929 1136 985 ἐπέκεινα
1173 931 1416 987 τίθεσθαι
1454 932 1551 1005 τὴν
1590 934 1783 1005 φρένα,

210 1023 300 1075 καὶ
334 1021 542 1091 μηδένα
563 1021 766 1093 τρόπον
788 1022 927 1094 αὐτῇ
954 1023 1049 1077 τοῦ
1074 1025 1270 1096 χρῆναι
1305 1025 1523 1079 πενθεῖν
1549 1026 1786 1092 ἐπαξίως

212 1114 535 1185 ἀποχρῶντα
569 1110 710 1169 εἶναι
744 1115 922 1169 δοκεῖν
946 1133 959 1147 ο
993 1117 1180 1187 χρῆμα
1207 1116 1315 1189 γὰρ
1349 1117 1409 1170 τὸ
1436 1116 1664 1188 θηλειῶν
1694 1138 1784 1189 φι-

210 1204 436 1275 λόδακρυ
468 1206 566 1258 καὶ
596 1205 917 1274 φιλοπενθὲς
962 1207 1425 1279 ὁμολογουμένως,
1467 1209 1698 1280 μάλιστα
1730 1212 1787 1266 δὲ

210 1297 311 1349 τῶν
346 1296 525 1350 ἄλλων
554 1298 586 1368 ἡ
622 1297 949 1369 παρθενικόν
975 1317 1035 1352 τε
1066 1301 1162 1353 καὶ
1203 1300 1405 1372 ἔφησον
1436 1303 1621 1373 ὁρῶσα
1648 1321 1785 1375 νυμ-

213 1386 325 1458 φίον
351 1387 588 1460 οἰκτρῶς
612 1389 670 1440 ὲν
704 1389 887 1453 εὐναῖς
918 1390 1111 1461 νεκρόν
1143 1408 1203 1444 τε
1242 1392 1335 1446 καὶ
1365 1393 1568 1447 ἄπνουν
1598 1394 1787 1467 κείμε-

212 1495 313 1531 νον.
352 1470 431 1548 τῌ
478 1478 545 1548 δὴ
597 1477 1028 1549 παρεικάζεσθαι
1074 1478 1183 1533 δεῖν
1215 1480 1316 1552 τὴν
1362 1482 1470 1536 τῶν
1517 1483 1786 1539 Ἰουδαίων

213 1568 410 1640 πληθὺν
432 1567 493 1623 εῦ
524 1570 669 1639 μάλα
695 1571 878 1641 φησὶν,
903 1569 1307 1643 ἀποκρούεσθαι
1323 1591 1381 1630 τε
1411 1575 1481 1628 τὰ
1509 1575 1783 1648 ὲξνόργῆς,

215 1662 299 1715 καὶ
320 1655 430 1714 οἷον
458 1660 689 1731 ἄσχετον
719 1663 805 1714 ἐπ’
834 1663 1032 1727 αὐτοὺς
1063 1662 1249 1721 ἰοῦσαν
1288 1668 1401 1731 τοῖς
1444 1666 1659 1741 θρήνοις
1686 1670 1787 1740 τὴν

214 1752 355 1806 θείαν
383 1752 602 1823 κίνησιν
630 1752 979 1821 ἀνακόπτειν,
1006 1754 1415 1828 τεθαρρηκότας
1439 1758 1518 1812 ὅτι
1554 1759 1787 1831 χρηστὸς

216 1846 301 1899 καὶ
339 1846 591 1916 ἐπιεικὴς
622 1848 650 1900 ὁ
698 1845 807 1901 τῶν
845 1846 983 1900 ὅλων
1031 1848 1151 1901 ἐστὶ
1202 1850 1503 1923 Δεσπότης,
1548 1871 1565 1904 ι
1598 1852 1787 1923 φιλάν-

215 1938 440 2008 θρωπος,
476 1940 575 1992 καὶ
606 1938 914 2005 πολυέλεος,
950 1941 1045 1995 καὶ
1089 1941 1367 2013 μετανοῶν
1412 1944 1504 1997 ἐπὶ
1541 1946 1671 2012 ταῖς,
1695 1963 1785 1998 κα-

215 2027 401 2095 κίαις,ι
435 2026 582 2082 κατὰ
614 2028 675 2082 τὸ
709 2029 901 2099 γένος.

278 2202 420 2275 Πλὴν
461 2202 524 2257 οὐ
576 2204 918 2277 τεθρήνηκεν
964 2209 1004 2277 ἡ
1034 2209 1143 2265 τῶν
1177 2209 1448 2265 Ἰουδαίων
1486 2213 1784 2288 Συναγωγὴ

215 2289 299 2343 τὸν
326 2288 384 2354 ἐξ
424 2291 657 2362 οὐρανοῦ
700 2293 954 2364 νυμφίον,
990 2296 1136 2349 τοῦτ’
1166 2297 1286 2354 ἔστι
1329 2301 1585 2372 Χριστόν.
1633 2304 1784 2377 Λῦτη

215 2380 276 2449 γὸ
285 2398 313 2452 ρ
333 2381 641 2449 ἀπέκτεινε,
668 2387 761 2438 καὶ
782 2387 1179 2460 πεπαρῴνηκεν
1200 2394 1278 2454 είς
1300 2392 1481 2449 αὐτόν.
1496 2396 1783 2467 Τοιγάρτοι

216 2474 314 2526 τῶν
342 2474 499 2528 θείων
540 2476 787 2550 εἴργεται
832 2478 1073 2545 παστῶν,
1100 2480 1204 2546 ἔξω
1236 2500 1296 2535 τε
1324 2484 1435 2537 τῶν
1477 2487 1636 2558 ἱερῶν
1668 2490 1783 2543 ἐστι

215 2564 411 2635 γάμων,
431 2567 527 2620 καὶ
558 2566 660 2637 τῆς
686 2570 897 2640 ἑορτῆς
916 2571 1185 2644 ἀμέτοχος
1213 2576 1516 2644 παντελῶς,
1543 2579 1783 2653 άπόκληέ

221 2658 298 2727 pi;
319 2674 373 2709 τε
408 2660 502 2712 καὶ
527 2660 915 2734 ἀπερῤιμμένη
953 2662 1169 2732 λοιπὸν,
1204 2668 1298 2723 καὶ
1330 2669 1430 2739 τῆς
1475 2672 1584 2726 τῶν
1611 2674 1782 2744 ἁγίων

218 2750 412 2813 ἐλπίδος
436 2751 514 2813 ὡς
551 2752 831 2809 άποτάτω.
862 2756 1225 2830 Είσκέκληται
1264 2762 1321 2815 δὲ
1349 2764 1464 2817 ἀντ’
1502 2767 1718 2839 ἐκείνης
1745 2770 1779 2841 ὴ

218 2844 302 2896 νέα
336 2844 426 2897 καὶ
466 2845 823 2916 άρυτίδωτος,
854 2849 887 2918 ἡ
938 2848 1230 2918 πάναγνος,
1269 2854 1363 2906 καὶ
1396 2855 1555 2927 σοφὴ,
1596 2858 1689 2911 καὶ
1719 2859 1782 2914 ἐκ

217 2936 432 2990 Λιϐάνου
462 2938 674 3010 νύμφη,
707 2941 847 3012 καλή
881 2959 940 2994 τε
975 2944 1289 3016 περιστερὰ,
1323 2948 1623 3013 τουτέστιν,
1659 2952 1690 3021 ὴ
1723 2951 1782 3020 ἐξ

219 3028 371 3084 ἐθνῶν
405 3031 729 3101 Ἐκκλησία,
764 3033 799 3100 ἡ
841 3035 935 3109 καὶ
969 3034 1101 3088 αὐτὸ
1143 3035 1205 3088 τὸ
1248 3036 1419 3101 πάθος
1447 3039 1783 3110 ὁμολογοῦσα

218 3120 458 3190 Χριστοῦ,
491 3126 775 3196 μονονουχὶ
799 3126 857 3179 δὲ
894 3126 988 3180 καὶ
1015 3128 1103 3181 ἐπ’
1133 3128 1282 3199 αὐτῷ
1315 3129 1575 3185 κλαίουσα
1609 3133 1695 3187 διά
1724 3135 1784 3189 τὸ

220 3212 543 3285 συμπάσχειν
575 3217 668 3270 καὶ
698 3217 935 3285 πενθεῖν,
960 3219 1138 3290 αἴρειν
1167 3239 1227 3277 τε
1251 3221 1343 3276 τὸν
1372 3221 1503 3277 ῐδιον
1543 3227 1779 3298 σταυρὸν

1891 667 2195 722 commissis
2245 666 2600 738 proportione
2639 664 3027 735 respondeant.
3081 661 3232 717 Solet
3284 668 3465 712 autem

1886 756 2059 828 puella
2090 773 2227 813 nova
2257 766 2420 827 nupta
2446 756 2704 827 majorem
2738 755 2791 810 in
2816 754 3031 809 modum
3082 750 3286 818 ejulare
3330 761 3457 814 pro-

1887 855 2006 913 pter
2043 852 2309 898 mortuum
2334 859 2590 915 sponsum
2623 857 2803 906 suum,
2832 850 2887 897 et
2923 839 3041 909 ejus
3065 853 3228 895 causa
3267 835 3466 889 acerbo

1887 930 1940 986 in
1973 946 2207 988 moerore
2250 934 2479 999 versari,
2538 943 2595 989 ut
2642 933 2857 988 animus
2884 945 3098 985 omnem
3143 927 3463 981 medicinam

1888 1033 2127 1092 respuat,
2169 1039 2269 1079 nec
2297 1026 2436 1082 ullus
2464 1026 2511 1082 ei
2549 1025 2727 1081 luctus
2755 1023 2889 1081 satis
2921 1036 3146 1092 magnus
3168 1018 3467 1073 eLidoneus

1887 1114 2153 1170 videatur.
2208 1116 2451 1173 Feminae
2505 1116 2780 1187 siquidem
2832 1113 3102 1185 lacrymas
3158 1117 3213 1163 et
3262 1108 3463 1163 luctum

1886 1214 2068 1260 amant
2114 1208 2481 1267 communiter
2513 1247 2529 1272 ,
2588 1205 2888 1278 praesertim
2944 1219 3065 1276 quae
3116 1200 3465 1269 virgineum,

1887 1312 2006 1360 seu,
2042 1298 2125 1352 cui
2155 1298 2269 1369 ipsa
2305 1298 2661 1369 adhucvirgo
2709 1298 3011 1365 nupsitLet
3039 1292 3337 1363 ephebum,
3366 1306 3460 1345 seu

1887 1388 2283 1445 adolescentem
2324 1390 2579 1445 maritum
2606 1387 2993 1443 miserabiliter
3040 1385 3257 1442 intoro
3310 1397 3459 1437 morr

1890 1492 2039 1538 tuum
2063 1493 2117 1538 et
2153 1483 2459 1539 exanimem
2503 1482 2777 1552 jacentem
2806 1479 3020 1549 aspicit.
3056 1476 3192 1537 Huic
3232 1475 3465 1533 similem

1888 1574 2004 1630 ﬁeri
2030 1574 2338 1632 Judaaorum
2369 1574 2624 1645 populum
2659 1581 2911 1645 oportere
2963 1571 3152 1637 aithet
3194 1569 3270 1624 ita
3315 1583 3465 1623 amto—

1888 1666 1998 1734 liri,
2038 1682 2156 1737 qua:
2183 1668 2375 1724 exira
2423 1666 2635 1723 caelesti
2675 1664 2967 1722 metuenda
3017 1663 3148 1729 sint,
3178 1676 3274 1727 ,ac
3322 1660 3467 1717 velut

1889 1758 2250 1815 inevitabilem
2292 1758 2641 1829 ipsorumque
2691 1756 2999 1813 cervicibus
3050 1752 3314 1809 divinitus
3359 1751 3465 1806 im-

1887 1850 2217 1921 pendentem
2241 1851 2499 1921 impetum
2527 1850 2782 1906 lamentis
2835 1846 3151 1917 reprimere,
3198 1843 3459 1909 conlisos,

1891 1944 2017 2014 quia
2055 1941 2297 1999 clemens
2328 1958 2392 1999 ac
2456 1943 2606 1999 mitis
2640 1950 2724 1998 est
2765 1940 3144 1996 universorum
3182 1936 3464 2002 Dominus,

1896 2052 1915 2085 ι
1964 2032 2256 2106 benignus,
2280 2044 2336 2090 et
2367 2034 2560 2091 multa:
2592 2031 3010 2099 misericordiae,
3042 2040 3112 2089 .et
3137 2026 3463 2103 prmstahilis

1890 2141 2054 2197 super
2084 2126 2290 2183 malitia
2326 2135 2655 2182 naturasua
2688 2124 2756 2179 “.
2794 2144 2816 2179 ι

1961 2217 2448 2274 Yerumenimvero
2506 2215 2785 2273 noniuxit
2821 2214 3131 2271 Iudaeorum
3181 2211 3464 2284 Synagoga

1890 2323 2149 2377 sponsum
2199 2307 2497 2372 caelestem,
2530 2307 2635 2362 hoc
2683 2313 2768 2362 est
2809 2305 3119 2368 Christum,
3148 2317 3315 2371 quem
3348 2303 3479 2370 ipsa.

1890 2400 2166 2459 interemit
2239 2409 2293 2455 et
2369 2397 2763 2457 contumeliose
2840 2392 3463 2464 habuit._Quamobrem

1890 2509 1918 2547 a
1940 2493 2123 2548 divino
2155 2490 2394 2546 thalamo
2421 2499 2642 2546 arcetur
2656 2529 2697 2557 .,.
2729 2496 2784 2545 et
2816 2489 2989 2547 sacris
3032 2486 3237 2557 nuptiis
3275 2482 3466 2539 exelu-

1890 2586 2057 2650 ditur,
2104 2593 2159 2639 et
2196 2582 2316 2639 festi
2344 2597 2536 2652 expers
2560 2589 2615 2636 et
2648 2580 2896 2637 exhaeres
2948 2587 3051 2643 est,
3097 2574 3340 2646 projects
3394 2574 3462 2628 de

1889 2686 2105 2743 caetero,
2145 2685 2305 2746 atque
2340 2691 2369 2728 a
2419 2682 2731 2728 sanctorum
2783 2687 2878 2742 spe
2919 2666 3311 2725 remotissima.
3358 2666 3464 2720 Vo-

1887 2779 2007 2823 cata
2030 2778 2112 2824 est
2130 2777 2309 2823 autem
2342 2765 2485 2821 intro
2503 2764 2555 2819 in
2582 2764 2759 2820 locum
2780 2764 2899 2835 ejus
2926 2759 3014 2817 illa
3036 2756 3461 2819 adolescentula,

1890 2873 2064 2928 nuper
2097 2868 2243 2921 nata,
2287 2855 2375 2910 illa
2407 2853 2741 2920 castissima,
2771 2861 2828 2907 et
2848 2851 3165 2922 sapiens,et
3197 2861 3394 2918 sponsa
3430 2861 3461 2899 a

1889 2948 2119 3012 Libano,
2154 2947 2422 3013 columba,
2462 2946 2711 3016 pulchra,
2738 2958 2931 3014 nempe
2963 2940 3201 2998 Ecclesia
3228 2954 3296 2993 ex
3325 2952 3461 3009 gen-

1892 3042 2056 3105 tibus,
2087 3055 2205 3110 qua:
2242 3044 2413 3109 ipsam
2452 3037 2653 3094 Christi
2709 3036 3017 3106 passionem
3056 3032 3371 3096 conﬁtetur,
3409 3038 3467 3084 et

1892 3142 2099 3187 tantum
2133 3147 2238 3185 non
2275 3130 2543 3197 deplorat,
2579 3127 2705 3196 quia
2731 3125 3079 3196 compatitur,
3120 3132 3175 3177 et
3211 3114 3375 3189 luget,
3408 3127 3463 3174 et

1891 3221 2027 3275 tollit
2065 3235 2282 3275 crucem
2311 3233 2488 3281 suam,
2535 3225 2592 3272 et
2623 3216 2803 3285 ipsum
2852 3213 3123 3282 sequitur,
3168 3218 3226 3265 et
3267 3208 3459 3263 iisdem

220 3272 301 3361 xui
319 3272 632 3365 ἀκολουθεῖν
660 3312 831 3384 αὐτῷ,
866 3272 960 3367 καὶ
1002 3272 1091 3369 διὰ
1127 3314 1237 3371 τῶν
1267 3316 1399 3372 ῐσων
1440 3318 1576 3375 ἰέναι
1607 3272 1781 3389 φιλιεῖν

1887 3312 2139 3367 incedere
2187 3310 2431 3379 vestigiis
2475 3272 2821 3372 delectatur,
2867 3311 3089 3373 propter
3138 3299 3461 3389 charitatem

218 3398 296 3454 διά
314 3419 393 3454 τοι
421 3402 519 3473 τὴν
554 3404 636 3468 εἰς
662 3405 824 3461 αὑτὸν
855 3408 1100 3479 ἀγάπην.
1130 3410 1466 3483 Παρθενικὸς
1499 3413 1555 3467 δὲ
1583 3415 1613 3467 ὁ
1643 3433 1782 3487 νυμ-

221 3490 327 3559 φίος
355 3495 507 3547 νοοῖτ’
540 3494 607 3550 ἂν
636 3498 805 3569 αὐτῆς
836 3498 864 3551 ὁ
899 3500 1246 3574 Ἐμμανουὴλ
1273 3504 1492 3574 (καίτοι
1519 3505 1784 3580 δοκούσης

222 3584 617 3654 μεμοιχεῦσθαι,
642 3589 737 3645 καὶ
755 3589 833 3660 τῷ
852 3590 1068 3663 Σατανᾷ
1085 3596 1533 3668 πεπορνευμένης
1559 3600 1701 3655 κατά
1717 3616 1782 3669 γε

220 3670 301 3724 τὸν
325 3674 413 3728 τοῦ
451 3677 760 3737 πλανᾶσθαι
784 3682 1041 3754 τρόπον),
1060 3685 1150 3740 διὰ
1179 3685 1277 3762 τὴν
1304 3688 1512 3744 ἄνωθεν
1546 3691 1780 3760 άναγέν-

222 3780 381 3832 νησιν,
415 3768 479 3838 ἦν
513 3768 603 3822 διὰ
632 3769 726 3825 τοῦ
773 3772 1092 3845 Πνεῦματος
1139 3776 1636 3852 πεπλουτήκαμεν,
1683 3782 1783 3854 τὴν

224 3854 468 3927 σαρκικὴν
492 3859 843 3930 ἀρνούμενοι.
866 3862 1183 3932 Γέγραπται
1202 3868 1311 3937 γάρ
1347 3868 1475 3939 περὶ
1500 3870 1737 3941 Χριστοῦ
1764 3889 1778 3903 ·

227 3942 347 4033 illi;
377 3947 440 4001 τά
471 3950 579 4003 τδια
600 3946 754 4022 ἦλθε,
790 3954 886 4011 καὶ
915 3956 964 4008 οἱ
994 3956 1116 4011 ἴδιοι
1152 3959 1316 4013 αὑτὸν
1344 3960 1407 4013 οὺ
1452 3961 1779 4033 παρέλαϐον.

223 4031 361 4090 Ὅσοι
388 4038 443 4092 δὲ
469 4040 664 4096 ἔλαϐον
696 4044 880 4112 αῢτδν,
911 4064 929 4097 ι
961 4047 1055 4102 καὶ
1086 4049 1154 4102 τὰ
1180 4048 1329 4121 ἑξῆς.

295 4216 570 4289 Ἐ’ξῇρται
607 4222 788 4278 θυσία
818 4224 919 4279 καὶ
953 4226 1192 4296 σπονδὴ
1223 4226 1295 4293 ἐξ
1327 4228 1500 4285 οἴκου
1538 4231 1780 4299 Κυρίου.

224 4309 494 4378 "erasin,
527 4316 581 4367 οἱ
604 4316 1096 4387 λειτουργοῦντες
1113 4321 1519 4393 θυσιαστηρίῳ
1539 4324 1780 4393 Κυρίου,

226 4397 301 4452 ὅτι
336 4405 808 4474 τεταλαιπὼρηκε
834 4408 906 4463 τὰ
949 4408 1143 4463 πεδία.
1172 4412 1466 4466 Πενθείτω
1490 4414 1529 4481 ἡ
1559 4413 1664 4484 γῆ,
1696 4414 1787 4470 ὅτι

225 4494 690 4564 τεταλαιπὼρηκε
728 4498 917 4566 σῖτος,
955 4499 1256 4571 ἐξηράνθη
1301 4499 1487 4569 οἶνος,
1519 4504 1784 4576 ὼλιιτῦθη

223 4581 425 4639 ἔλαιον.
466 4589 951 4661 Ἐξηράνθησαν.

286 4676 359 4729 H'.
391 4680 616 4751 Ὅμοιον
640 4684 715 4747 ὡς
746 4685 795 4736 εί
824 4683 974 4753 λέγοι
1009 4686 1229 4755 σαφῶς
1266 4687 1675 4743 Ἐκλελοίπασιν
1699 4690 1789 4743 εὑ-

227 4769 503 4836 χαριστίαι,
540 4773 630 4823 καὶ
659 4775 685 4825 ὁ
710 4772 887 4827 θύσων
909 4775 988 4829 ἔτι
1023 4777 1303 4842 παντελῶς
1331 4778 1527 4843 οὐδεὶς,
1552 4781 1580 4832 ὁ
1614 4798 1786 4851 προσ-

227 4858 413 4928 κομιῶν
440 4862 720 4936 ἀνάθημα,
760 4868 856 4920 καὶ
895 4867 1064 4940 λη’ίων
1091 4871 1370 4942 ἀπαρχὰς,
1406 4871 1628 4944 δράγμα
1682 4890 1786 4928 που

227 4949 422 5016 πάντως
443 4953 506 5007 τὸ
535 4955 701 5028 ἱερὸν,
730 4958 812 5021 είς
845 4958 1102 5031 ἀπαρχὴν
1127 4960 1390 5033 θερισμοῦ
1428 4963 1617 5035 πυρῶν
1649 4963 1784 5018 άνα-

225 5040 483 5114 τιθέμενον
505 5046 585 5120 τῷ
614 5047 754 5119 Θεῷ,
784 5049 925 5104 κατὰ
950 5050 1043 5105 τὸν
1066 5051 1309 5116 Μωσέως
1344 5052 1528 5124 νόμον.
1564 5052 1784 5126 Πρωτό·

234 5134 344 5189 ποκά
377 5154 437 5192 τε
481 5138 550 5194 τὰ
585 5138 645 5205 ἐξ
673 5140 831 5212 ὡρῶν
867 5142 1042 5207 οὐδεὶς
1078 5143 1107 5195 δ
1133 5143 1440 5215 καρτάλλῳ,
1475 5147 1662 5216 φησὶν,
1693 5146 1781 5199 ὲν-

226 5224 395 5293 τιθεὶς,
438 5231 537 5284 καῖ’
564 5234 932 5304 πορευόμενος
969 5235 1049 5298 είς
1080 5231 1230 5289 οἷκον
1259 5236 1489 5307 Κυρίου,
1526 5237 1783 5292 ἀνάπτων

1883 3418 1989 3472 qua
2029 3402 2080 3455 in
2126 3400 2279 3455 illum
2328 3408 2435 3454 est.
2488 3396 2776 3461 Virgineus
2825 3400 3006 3449 autem
3058 3403 3291 3460 sponsus
3344 3388 3463 3459 ejus

1889 3490 2116 3562 intelligi
2143 3497 2322 3561 potest
2361 3485 2678 3542 Emmanuel
2715 3484 2865 3557 (licet
2918 3481 3186 3538 adulterio
3233 3478 3458 3550 polluta,

1883 3593 1938 3640 et
1972 3598 2093 3640 cum
2122 3581 2321 3638 Satana
2361 3578 2629 3634 fornicata
2681 3575 2977 3633 secundum
3004 3572 3272 3628 rationem
3308 3583 3459 3627 erro:

1887 3675 1963 3732 ris
1988 3674 2070 3731 sui
2098 3674 2395 3742 videatur),
2425 3678 2648 3740 propter
2672 3681 2964 3738 supernam
2996 3662 3459 3741 regenerationem

1884 3786 1990 3843 qua
2019 3785 2116 3841 per
2154 3768 2420 3840 Spiritum
2448 3765 2603 3821 ditati
2655 3776 2873 3825 sumus,
2919 3758 3193 3816 carnalem
3220 3769 3454 3823 genera—

1889 3865 2087 3919 tionem
2120 3862 2475 3930 abnegantes.
2510 3855 2789 3924 Scriptum
2818 3851 3075 3911 estenim
3105 3850 3173 3906 de
3202 3847 3420 3904 Christo
3445 3865 3458 3901 :

1890 3955 2007 4018 «,ln
2070 3953 2290 4025 propria
2344 3951 2535 4018 venit”
2565 3959 2620 4004 et
2648 3948 2732 4003 sui
2782 3960 2906 4003 eum
2959 3958 3067 4001 non
3118 3947 3461 4012 receperunt.

1885 4046 2157 4116 Quotquot
2192 4044 2885 4109 autemeumreeeperunt
2930 4034 2997 4102 ⁸⁵,
3040 4052 3061 4088 ι
3109 4040 3165 4090 et
3199 4047 3319 4103 quae
3377 4046 3464 4087 se:

1885 4148 2149 4209 qttuntur.

1956 4227 2338 4299 206N515.
2374 4227 2406 4283 9
2430 4266 2447 4291 ,
2470 4226 2571 4283 .10.
2623 4223 2999 4278 Ablatum.eet
3032 4218 3367 4287 auri/icium
3412 4227 3460 4272 et

1886 4320 2069 4374 libatio
2094 4317 2343 4377 dederim
2392 4317 2624 4374 Domini.
2654 4314 2870 4387 Lugete,
2921 4312 3290 4375 sacerdotes”.
3310 4309 3464 4364 mini-

1886 4420 2114 4466 strantes
2151 4410 2310 4464 altari
2338 4409 2572 4475 Domini,
2597 4408 2851 4480 quoniam
2873 4404 3237 4463 desolatiauut
3268 4400 3461 4469 campi.

1890 4502 2087 4574 Lugeat
2115 4511 2282 4564 terra,
2307 4501 2564 4570 quoniam
2589 4499 2864 4568 afﬂictum
2898 4505 2972 4551 est
2999 4495 3235 4547 triticum
3261 4509 3279 4557 ;
3322 4491 3463 4545 aruit

1816 4612 1860 4667 ι)
1891 4592 2066 4647 vinum
2091 4632 2108 4657 ,
2135 4591 2477 4647 imminutum
2505 4598 2579 4647 est
2604 4585 3119 4645 oleum..Aruerunt.

1958 4680 2093 4739 Vlll.
2122 4681 2355 4738 Perinde
2402 4695 2465 4734 ac
2491 4680 2533 4735 si
2585 4679 2730 4735 dicat
2756 4676 3004 4749 apertius
3067 4690 3091 4727 :.
3141 4671 3463 4729 Defecernnt

1884 4772 2183 4845 gratiarum
2232 4771 2587 4837 actiones,,,et
2609 4769 2699 4839 qui
2724 4767 2899 4827 sacris
2920 4774 3212 4837 Operetur;
3246 4779 3468 4834 prorsus

1883 4878 2043 4919 nemo
2070 4872 2156 4920 est
2183 4863 2446 4935 amplius,
2472 4863 2565 4933 qui
2601 4876 2758 4917 sacra
2787 4859 2927 4914 dona
2957 4856 3153 4913 oﬂ‘erat
3168 4865 3224 4911 et
3256 4855 3465 4927 frugum

1883 4957 2184 5028 primitias,
2228 4958 2565 5027 manipulum
2601 4996 2616 5022 ,
2659 4964 2808 5026 puta,
2842 4967 2941 5021 pro
2970 4951 3223 5022 primitiis
3273 4950 3467 5005 messis

1884 5046 2170 5115 frumenti,
2199 5049 2307 5104 Deo
2347 5049 2646 5104 secundum
2689 5046 2859 5117 legem
2906 5042 3105 5114 Moysis
3142 5056 3469 5099 consecran-

1890 5140 2038 5196 dum.
2075 5140 2187 5198 Nec
2217 5150 2301 5197 est
2332 5141 2424 5213 qui
2457 5140 2511 5196 in
2541 5140 2767 5196 cartallo
2803 5147 2988 5209 ponat,
3015 5136 3217 5206 quique
3265 5134 3467 5203 primo-

1889 5232 2071 5301 genita
2108 5241 2392 5305 segreget,
2442 5241 2497 5289 et
2530 5232 2582 5286 in
2625 5232 2841 5286 domum
2873 5228 3085 5286 Domini
3121 5226 3347 5289 veniat,
3405 5240 3468 5276 ac

225 5310 274 5363 δὲ
296 5313 366 5385 τῷ
390 5316 507 5390 Θεῷ
548 5321 644 5374 καὶ
694 5321 837 5392 ᾠδὰς
875 5323 976 5386 τὰς
1004 5324 1428 5396 χαριστηρίους,
1455 5326 1522 5390 ἃς
1563 5323 1630 5400 ἦν
1654 5328 1783 5398 ἀγο-

1887 5317 1985 5374 Deo
2014 5320 2205 5377 laudes
2234 5332 2532 5392 gratesque
2574 5318 2892 5391 persolvat,
2953 5326 3011 5372 ut
3050 5315 3279 5372 solebat.
3332 5314 3458 5368 Ideo

228 5405 389 5470 ρεύειν
414 5404 593 5481 ἔργον.
624 5412 892 5486 Ταύτῃτοι
922 5414 1139 5469 πενθεῖν
1165 5417 1225 5470 τὸ
1250 5417 1547 5472 άπόλεκτον
1577 5419 1788 5476 κελεύει

227 5495 382 5565 γένος,
412 5503 552 5574 φημὶ
574 5503 639 5576 δὴ
670 5505 797 5569 τοὺς
831 5506 1035 5578 ἱερέας,
1068 5507 1130 5561 οὐ
1153 5508 1457 5580 λημμάτων
1486 5511 1648 5566 ἕνεκα
1675 5513 1789 5567 δια-

229 5592 594 5662 πονουμένους,
627 5595 744 5649 ἀλλ’
776 5595 851 5660 ὡς
886 5596 995 5650 τῶν
1035 5596 1142 5651 ὑπὸ
1173 5601 1330 5670 χεῖρα
1360 5598 1505 5653 λαῶν
1553 5600 1789 5673 ὑπερηλ-

226 5677 463 5748 γηκότας,
494 5684 588 5737 καὶ
627 5684 977 5755 τεθειμένους
1021 5687 1100 5750 εἰς
1137 5685 1480 5760 λειτουργίαν
1504 5689 1603 5763 τὴν
1637 5693 1788 5766 ίεράν

293 5851 333 5884 ⁸⁸
375 5853 484 5913 Joei
541 5874 600 5926 tr,
654 5859 733 5916 15.
812 5861 879 5894 ⁶⁸ν
914 5858 1155 5935 Joan.t,j
1187 5861 1273 5930 il,
1331 5862 1418 5919 12.

1888 5413 2074 5485 lugere
2107 5414 2262 5484 jubet
2304 5413 2540 5470 eiectum
2582 5427 2752 5483 genus
2776 5451 2793 5476 ,
2844 5409 3153 5467 sacerdotes
3206 5405 3413 5462 scilicet
3449 5422 3466 5468 ;

1886 5520 1993 5559 non
2026 5515 2085 5558 ut
2130 5504 2223 5574 qui
2265 5502 2584 5573 compendia
2635 5516 2733 5558 sua
2793 5498 3173 5571 perdiderint,
3223 5508 3454 5562 quorum

1888 5612 2054 5654 causa
2086 5596 2410 5663 laborarint,
2441 5595 2536 5652 sed
2589 5592 2781 5650 crediti
2808 5591 2991 5663 populi
3026 5589 3200 5644 vicem
3241 5583 3465 5641 nimium

1888 5698 2148 5761 quantum
2200 5685 2482 5756 dolentes,
2509 5689 2572 5743 et
2609 5683 2892 5758 praefectos
2928 5678 3190 5740 obeundae
3238 5673 3463 5745 ἀωτεῖτε
