4068 6608
592 439 697 494 545

1578 432 1635 487 S.
1678 433 1946 489 CYRlI.”
1984 432 2453 490 ALEXANDBINI
2489 435 2809 490 ARCHIEP.

3739 442 3839 497 διι

593 563 783 610 sacrm,
836 554 890 599 et
915 544 1263 611 admirandae,
1297 554 1353 599 ut
1406 553 1460 601 ct
1508 562 1619 615 prae
1666 548 1788 602 aliis
1845 548 1945 619 ipsi
1989 548 2157 602 Deum

2270 548 2444 616 τεῖκαὶ
2477 548 2823 619 ἀξιάγαστον,
2862 550 2946 604 ἵνα
2976 552 3068 604 καὶ
3104 550 3208 621 πρό
3232 568 3292 619 γε
3327 552 3434 604 τῶν
3466 552 3644 606 ἄλλων
3692 553 3839 609 αὐτοὶ

592 638 959 701 reconcilient,
992 637 1273 705 ipsumque
1305 650 1582 692 sacrorum
1610 639 1909 696 antistitem
1936 639 2156 711 Moysen

590 731 869 788 imitentur
902 770 916 794 ,
951 728 1041 799 qui
1078 727 1333 783 lsraelem
1374 729 1535 795 rexit,
1578 739 1631 785 et
1658 730 1795 785 dixit
1833 750 1847 787 :
1898 748 1918 783 ι
1976 730 2157 787 Obse-

591 837 707 886 cro,
737 821 979 885 Domine,
1015 820 1255 890 peccavit
1282 821 1368 876 hic
1394 821 1622 892 populus
1653 831 1933 893 peccatum
1988 822 2163 877 maxi-

591 928 786 979 mum;
840 921 894 966 et
924 912 968 967 si
1014 910 1231 981 quidem
1265 911 1496 968 dimittis
1548 911 1657 968 illis
1709 923 1988 983 peccatum
2016 953 2033 980 ,
2076 913 2158 966 di-

590 1006 744 1059 mitte
770 1023 784 1070 ;
813 1004 895 1058 sin
932 1012 1133 1069 autem,
1164 1003 1280 1059 dele
1315 1017 1401 1059 me
1427 1004 1494 1061 de
1523 1004 1664 1060 libro
1695 1013 1786 1062 tuo
1821 1020 1981 1077 quem
2017 1005 2159 1061 scri-

591 1097 746 1163 psisti
778 1096 846 1149 ".
906 1113 928 1148 ι
979 1093 1278 1166 interponit
1323 1095 1467 1149 enim
1503 1109 1561 1151 se
1592 1096 1972 1167 asacerdotium
2018 1086 2162 1150 inter

590 1188 760 1241 Deum
794 1193 848 1239 et
887 1184 1181 1254 populum;
1218 1194 1271 1240 et
1302 1198 1396 1241 eos
1427 1185 1573 1255 ipsos
1628 1188 1723 1256 qui
1769 1185 1836 1239 ad
1886 1186 2154 1241 sacriﬁcia

590 1276 835 1331 facienda
863 1275 1094 1329 instituti
1129 1286 1276 1340 sunt,
1311 1290 1433 1330 cum
1472 1276 1545 1333 sit
1570 1292 1763 1333 munus
1816 1278 1951 1333 adeo
1992 1294 2159 1333 vene-

591 1365 788 1429 rabile,
816 1365 989 1430 decet,
1017 1365 1229 1435 opinor,
1263 1380 1359 1421 nec
1389 1367 1587 1436 injuria
1618 1382 1750 1424 sane
1771 1408 1787 1436 ,
1822 1370 2157 1439 supplicandi

591 1454 832 1509 libertas.
877 1454 1266 1524 Propemodum
1315 1456 1457 1511 enim
1528 1473 1687 1526 supra
1745 1473 1933 1512 omnes
1994 1460 2157 1513 vitam

593 1560 745 1601 suam
780 1544 890 1600 Deo
916 1555 1258 1613 consecrant,
1307 1562 1404 1616 pro
1462 1549 1701 1617 peccatis
1754 1551 2020 1605 sacriﬁcia
2064 1568 2158 1607 co-

595 1643 890 1695 medentes.
955 1640 1045 1697 Sic
1104 1642 1247 1697 enim
1300 1657 1397 1712 per
1430 1658 1490 1697 os
1555 1641 1707 1697 Osca:
1758 1641 1994 1711 loquitur
2041 1644 2161 1699 uui—

593 1729 869 1783 versitatis
906 1729 1164 1784 Dominus
1219 1748 1233 1784 :
1272 1749 1291 1781 ι
1329 1729 1558 1785 Peccata
1604 1732 1785 1800 populi
1844 1733 1947 1786 mei
1989 1748 2165 1789 come-

594 1820 839 1884 dent,et
892 1819 944 1873 in
977 1818 1354 1887 iniquitatibus
1401 1834 1586 1873 eorum
1642 1820 1911 1891 accipient
1952 1824 2163 1878 animas

2268 636 2400 690 Θεὸν
2443 636 3035 707 ὲκμειλίσσωνται,καὶ
3077 639 3242 692 αὑτὸν
3285 638 3342 692 δὲ
3374 640 3464 693 τὸν
3514 642 3838 715 ἱεροφάντην

2268 729 2630 798 ἀπομιμοῖντο
2664 729 2889 793 Μωσέα,
2925 731 3304 801 προεστηκότα
3324 730 3417 784 τοῦ
3472 731 3717 804 Ἰσραὴλ,
3755 736 3838 789 καὶ

2268 819 2385 890 Θεῷ
2410 821 2636 889 λέγοντα
2663 838 2675 850 ·
2726 841 2744 872 ι
2779 821 3011 892 Δέομαι,
3044 822 3249 894 Κύριε,
3281 823 3604 897 ἡμάρτηκεν
3650 826 3682 877 ὁ
3721 825 3838 889 λαὸς

2267 901 2421 972 οὗτος
2470 910 2745 981 ἁμαρτίαν
2793 909 3057 980 μεγάλην,
3109 910 3203 963 καὶ
3254 911 3302 964 εί
3348 911 3447 981 μὲν
3480 911 3629 981 ἀφῇς
3663 910 3839 974 αὐτοῖς

2256 1000 2365 1074 »τὴν
2398 1000 2689 1072 ἁμαρτίαν,
2734 1002 2901 1071 ἄφες·
2951 1002 2999 1055 εί
3030 1000 3087 1054 δὲ
3117 1002 3218 1074 μὴ,
3263 1001 3541 1071 ὲξάλειψον
3580 1001 3735 1072 κάμὲ
3782 1003 3839 1055 ἐκ

2266 1091 2368 1160 τῆς
2401 1088 2583 1159 βίϐλου
2606 1088 2812 1162 ταύτης
2837 1088 2905 1164 ἧς
2936 1091 3199 1163 ἔγραψας.
3229 1112 3248 1145 ι
3283 1092 3575 1148 Μεσιτεύει
3603 1092 3721 1163 γὰρ
3748 1093 3838 1163 τῆς

2270 1180 2571 1251 ἱερωσύνης
2602 1180 2664 1233 τὸ
2715 1182 2907 1254 χρῆμα
2947 1182 3066 1253 Θεῷ
3111 1199 3172 1236 τε
3216 1183 3313 1236 καὶ
3357 1182 3542 1246 λαοῖςο
3592 1184 3692 1237 καὶ
3736 1188 3838 1247 τοῖς

2266 1273 2619 1343 τεταγμένοις
2651 1274 2729 1336 είς
2754 1272 3095 1344 λειτουργίαν
3131 1274 3231 1344 τὴν
3266 1273 3408 1328 οὕτω
3446 1274 3680 1344 σεπτὴν,
3712 1276 3839 1345 πρέ-

2269 1380 2363 1418 ποι
2403 1364 2487 1417 ἂν.
2516 1361 2671 1435 οἶμαί
2710 1381 2835 1429 που,
2882 1367 2975 1419 καὶ
3007 1366 3151 1436 μάλα
3197 1367 3443 1430 εἰκότως,
3489 1369 3523 1437 ἡ
3562 1368 3627 1421 ὲν
3676 1366 3839 1430 λιταῖς

2271 1455 2572 1525 παρρησία.
2621 1455 2920 1524 Μονονουχὶ
2962 1455 3068 1523 γάρ
3114 1456 3208 1508 καὶ
3261 1456 3399 1527 ὑπὲρ
3434 1457 3696 1510 ἁπάντων
3750 1457 3839 1525 τὴν

2273 1546 2409 1598 ἰδίαν
2445 1545 2521 1615 τῷ
2553 1544 2673 1616 Θεῷ
2711 1544 3029 1616 καθιεροῦσι
3060 1544 3223 1616 ζωὴν,
3255 1544 3326 1598 τά
3360 1546 3499 1617 ὑπὲρ
3530 1548 3635 1608 τῆς
3669 1546 3835 1616 ἀμαρ-

2269 1638 2387 1699 τίας
2416 1637 2632 1707 θύματα
2661 1635 2953 1701 ἐσθίοντες.
2997 1636 3167 1689 Τοῦτο
3198 1636 3291 1689 καὶ
3332 1636 3419 1689 διὰ
3454 1637 3645 1707 φωνῆς
3690 1637 3835 1706 Ὡσηέ

2270 1746 2435 1799 φησιν
2463 1730 2491 1782 ὁ
2531 1728 2641 1782 τῶν
2688 1727 2823 1781 ὅλων
2849 1728 2981 1791 Θεὸς
3003 1744 3019 1759 ο
3045 1744 3065 1778 ¢
3098 1727 3398 1799 Ἀμαρτίας
3436 1728 3566 1781 λαοῦ
3608 1746 3714 1798 μου
3747 1730 3837 1798 φάο

2269 1839 2478 1892 γονται,
2504 1822 2599 1875 καὶ
2624 1823 2685 1875 ὲν
2702 1823 2821 1886 ταῖς
2844 1820 3081 1885 ἀδικίαις
3106 1820 3288 1874 αὑτῶν
3316 1823 3575 1893 λήψονται
3608 1822 3710 1885 τὰς
3746 1822 3837 1890 ψυ-

596 1926 781 1964 enrum
813 1912 880 1964 ⁸⁸.
916 1929 935 1962 ι
976 1910 1177 1965 Sensus
1204 1917 1325 1975 est,
1366 1926 1487 1964 cum
1547 1912 1775 1980 pnpuhts
1818 1912 1990 1982 legem
2045 1915 2162 1968 vio-

2270 1916 2367 1987 χάς
2401 1914 2606 1981 αὐτῶν,
2635 1933 2655 1965 ι
2684 1911 2980 1980 τουτέστιν,
3011 1914 3139 1967 ὅταν
3166 1913 3414 1977 ἀδικῶσι,
3452 1913 3512 1967 τὸ
3540 1913 3739 1968 δοκοῦν
3767 1914 3835 1984 τῷ

598 2000 788 2055 laverit
836 2010 891 2055 et
937 2000 1267 2070 peccaverit,
1316 2009 1427 2055 tum
1475 2003 1615 2057 sacri
1655 2002 1967 2058 divinorum
2025 2006 2164 2060 alta-

597 2091 735 2145 rium
796 2091 1033 2146 ministri
1108 2090 1377 2160 accipient
1440 2093 1650 2148 animas
1709 2107 1836 2149 suas
1892 2110 1990 2164 pro
2049 2095 2159 2150 illo.

602 2199 621 2231 ι
666 2182 948 2250 Accipient
1009 2200 1028 2234 ι
1073 2180 1298 2253 usurpat
1328 2196 1425 2250 pro
1452 2182 1702 2249 offerent,
1737 2186 1853 2240 sive
1880 2186 2160 2249 dicabunt,

596 2282 651 2323 rt
678 2271 925 2340 accipere
952 2271 1087 2326 dixit
1135 2285 1254 2341 pro,
1306 2271 1417 2327 Deo
1452 2287 1794 2330 consecrare.
1845 2277 1975 2343 Qum
2003 2292 2165 2346 porro

596 2367 704 2424 illis
721 2367 936 2440 occasio
960 2367 1216 2439 lugendi?
1247 2388 1265 2421 ι
1304 2369 1536 2426 Desolati
1557 2370 1933 2439 suutcarnpi,»
1964 2368 2161 2439 inquit;

594 2459 722 2527 quin
745 2466 799 2513 et
830 2458 1067 2514 triticum
1096 2460 1349 2516 dentibus
1384 2460 1717 2515 locustarum
1778 2474 2060 2515 corrosum
2112 2469 2166 2515 et

598 2553 844 2624 rubigine
872 2555 1019 2610 velut
1048 2558 1315 2611 adustum.
1350 2555 1469 2611 Urit
1498 2558 1642 2612 enim
1676 2556 1903 2629 rubigo,
1922 2566 1977 2612 et
2008 2556 2159 2627 quasi

598 2648 648 2696 iu
673 2644 886 2701 cineres
914 2644 1110 2716 redigit
1137 2662 1391 2713 agrorum
1425 2647 1627 2721 fruges.
1662 2647 1930 2716 Oportere
1960 2657 2163 2703 terram

596 2750 814 2806 quoque
844 2736 1031 2807 iugere
1056 2740 1152 2801 ait,
1180 2738 1453 2792 viduatam
1480 2740 1593 2793 suis
1616 2740 1883 2810 frugibus.
1945 2757 1964 2789 ι
2020 2739 2168 2794 Alm-

596 2837 743 2882 ctum
776 2838 859 2883 est
889 2830 1031 2883 enim
1073 2831 1331 2897 triticum,
1374 2832 1517 2885 aruit
1554 2832 1738 2887 vinum
1768 2874 1783 2896 ,
1827 2832 2164 2887 imminutum

596 2932 679 2976 est
716 2922 913 2977 oleum.
945 2923 1252 2987 Arueruut,
1298 2942 1319 2975 ι
1380 2923 1483 2977 hoc
1525 2930 1628 2987 est,
1684 2923 1844 2994 207
1894 2923 2169 2993 perierunt

598 3013 777 3066 omnia
813 3013 995 3080 illius,
1031 3022 1085 3068 et
1109 3029 1335 3083 quorum
1368 3029 1533 3069 causa
1572 3024 1998 3070 consentaneum
2048 3022 2168 3068 erat

596 3121 716 3159 eam
760 3115 817 3160 ut
849 3108 1110 3160 bonorum
1151 3105 1420 3161 fructuum
1468 3115 1745 3177 parentem
1792 3106 2169 3173 nutricemque

598 3196 878 3251 admirari.
930 3197 997 3251 Et
1033 3197 1149 3252 haec
1197 3213 1225 3251 a
1262 3197 1417 3252 nobis
1446 3206 1505 3252 ut
1546 3198 1607 3253 in
1634 3197 1796 3253 rebus
1837 3212 1957 3268 quae
2001 3211 2165 3251 sensu

604 3287 978 3359 percipiuntur
1004 3288 1147 3344 dicta
1179 3297 1363 3344 sunto.

670 3545 1084 3605 Lamentabitur
1112 3563 1242 3605 vero
1273 3549 1582 3621 quicunque
1632 3559 1715 3606 est
1757 3550 2175 3620 probatissimus

599 3641 849 3695 sacerdos
883 3655 994 3710 prae
1024 3641 1311 3696 immodica
1338 3641 1606 3697 dementia
1646 3643 2024 3712 purgationem
2072 3659 2170 3714 per

603 3732 760 3786 ﬁdem
792 3733 1157 3800 repudiantes,
1195 3748 1297 3787 nec
1325 3743 1566 3789 amantes
1617 3747 1646 3787 a
1693 3734 1916 3791 Christo
1962 3737 2170 3792 sancti-

602 3821 773 3877 ﬁcari.
804 3821 1249 3877 Manebuntenim
1282 3824 1348 3877 ab
1377 3823 1593 3894 frugum
1627 3825 1987 3894 spiritualium
2016 3829 2166 3897 copia

603 3914 965 3982 nudequaque
1028 3923 1083 3969 et
1140 3913 1465 3970 omnimodis
1544 3917 1784 3971 destituti
1819 3958 1833 3979 ,
1921 3929 1977 3973 et
2042 3933 2169 3991 ege-

601 4006 737 4058 bunt
782 3998 929 4059 omni
994 3998 1135 4073 quod
1196 4020 1291 4062 eos
1345 4008 1489 4061 alere
1522 4017 1575 4062 et
1609 4008 1675 4061 ad
1709 4009 2042 4077 spiritualem
2094 4012 2173 4064 vi-

604 4095 858 4151 rilitatem
891 4098 1122 4152 evehere
1151 4106 1355 4167 potest,
1399 4097 1728 4153 frumentum
1760 4109 1814 4154 et
1845 4102 2029 4155 vinum
2064 4118 2170 4157 non

605 4188 888 4253 habentes,
917 4202 1016 4243 usu
1042 4189 1144 4245 olei
1172 4189 1385 4259 privati.
1450 4189 1675 4258 Mystice
1704 4190 1995 4260 loquimur:
2047 4208 2171 4247 nam

607 4275 766 4333 ﬁdem
818 4280 1242 4349 recipientibus,
1292 4280 1525 4353 seipsum
1582 4282 1832 4337 Christus
1873 4293 1932 4337 ut
1978 4299 2173 4354 panem

605 4368 732 4423 vitae
771 4380 1001 4439 apponet
1048 4371 1150 4442 (sic
1198 4371 1338 4426 enim
1378 4372 1555 4427 aiebat
1598 4389 1661 4427 ει
1715 4372 1824 4444 Ego
1866 4388 1983 4429 sum
2020 4375 2174 4445 panis

606 4461 760 4519 vivus
789 4463 874 4535 ι).
915 4472 969 4519 et
1023 4474 1084 4519 ut
1134 4466 1313 4520 vinum
1367 4467 1645 4522 laetiﬁcans
1692 4482 1787 4522 cor
1827 4467 2078 4538 hominis]
2106 4468 2170 4523 θ’.

606 4551 841 4610 Rursum
896 4556 1139 4628 intellige
1186 4558 1328 4628 quod
1390 4558 1746 4628 intelligentia
1800 4561 2168 4631 perspicitur,

605 4648 746 4715 quod
776 4647 1378 4713 sauctiticatnimirum,
1404 4658 1461 4705 et
1492 4649 1559 4704 de
1589 4649 1712 4719 ejus
1740 4652 1913 4723 gratia
1950 4651 2172 4722 partici-

606 4751 737 4805 pare
773 4737 1121 4807 intelligitur.
1158 4737 1505 4793 Voluntatem
1548 4749 1728 4794 autem
1757 4756 1981 4806 smvam,
2020 4756 2178 4797 acer-

606 4829 728 4882 ham
754 4838 808 4882 et
842 4844 869 4883 a
902 4830 1011 4884 Deo
1040 4831 1292 4895 alienam,
1326 4844 1569 4888 mentem
1592 4833 1927 4888 incredulam
1952 4846 2005 4889 et
2027 4852 2163 4890 con-

606 4927 897 4988 tumacem,
926 4938 1145 4991 prorsus
1186 4925 1425 4994 inopem,
1455 4935 1510 4981 et
1536 4925 1800 4982 bonorum
1846 4944 1965 4998 qua:
2013 4929 2176 4983 modo

608 5012 866 5076 diximus,
907 5016 1132 5071 omnino
1159 5028 1431 5073 exsortem
1479 5020 1674 5075 reddit.
1721 5018 1974 5074 Sciamus
2012 5022 2174 5074 etiam

612 5101 738 5158 licet
773 5104 1022 5173 Paulum,
1050 5110 1140 5175 qui
1175 5111 1539 5165 sanctiﬁcavit
1576 5113 1926 5181 Evangelium
1958 5113 2010 5167 in
2046 5128 2177 5184 gen-

612 5193 774 5260 tibus,
802 5204 1009 5251 tantum
1064 5213 1170 5253 non
1225 5200 1506 5258 deﬂevisse
1546 5204 1855 5259 incredulos
1888 5218 1951 5258 ex
1991 5202 2177 5273 Israel,

612 5285 763 5357 cuius
791 5288 1013 5343 verbum
1043 5301 1126 5371 est
1157 5309 1173 5349 :
1208 5312 1227 5345 ι
1264 5293 1509 5361 Tristitia
1534 5307 1618 5351 cst
1649 5294 1781 5350 mihi
1833 5312 2026 5367 magna
2067 5297 2115 5328 ⁷⁸³
2155 5316 2173 5349 ι

611 5388 663 5433 et
698 5380 899 5450 reliqua
936 5383 1208 5455 deinceps.
1268 5386 1361 5441 Est
1411 5398 1589 5444 autem
1622 5390 1888 5458 mysticus
1927 5397 1985 5444 et
2024 5402 2182 5444 arca-

614 5486 735 5536 nus,
759 5481 816 5525 ut
850 5473 983 5537 dixi,
1017 5490 1178 5545 super
1205 5478 1319 5532 hasc
1343 5494 1542 5533 sermo.

684 5840 729 5875 "
780 5841 948 5895 Exod.
1002 5859 1175 5909 xxx",
1229 5843 1319 5910 51,
1366 5845 1451 5899 52.
1532 5846 1574 5879 ⁸⁸
1628 5846 1761 5904 Osee
1797 5863 1872 5916 ιν,
1936 5852 1987 5907 8.

2264 2008 2413 2079 νόμῳ
2467 2004 2915 2077 πλημμελοῦντες
2946 2005 2997 2057 οἱ
3042 2004 3183 2067 λαοὶ,
3215 2006 3336 2059 τότε
3368 2006 3431 2076 δὴ
3464 2007 3512 2059 οἱ
3541 2005 3657 2059 τῶν
3690 2006 3841 2060 θείων

2266 2099 2671 2168 θυσιαστηρίων
2712 2096 2987 2167 ἱερουργοὶ
3030 2096 3293 2166 λήψονται
3323 2095 3400 2166 τῷ
3440 2094 3561 2165 Θεῷ
3592 2096 3696 2157 τὰς
3721 2097 3834 2150 ἑαυ-

2264 2189 2372 2249 τῶν
2399 2188 2577 2259 ψυχὰς
2622 2186 2763 2257 ὑπὲρ
2806 2185 3050 2239 ἐκείνων.
3084 2185 3157 2237 Τὸ
3187 2184 3243 2237 δὲ
3273 2202 3297 2235 ι
3315 2184 3575 2255 λήψονται
3605 2203 3626 2236 ι
3660 2186 3831 2253 φησὶν,

2265 2283 2388 2336 ἀντὶ
2407 2280 2525 2345 τοῦ,
2552 2299 2570 2331 ι
2596 2275 3047 2351 προσκομιοῦσιν,
3070 2292 3090 2325 ›
3116 2276 3282 2346 ἤγουν
3310 2274 3666 2344 ἀναθήσουσι.
3696 2276 3831 2343 Λαμο

2267 2372 2527 2426 δάνεσθαι
2556 2370 2664 2443 γὰρ
2697 2370 2916 2439 ἐλέγετο
2953 2367 3013 2419 τὸ
3048 2364 3362 2419 ἀνατιθέναι
3404 2365 3484 2435 τῷ
3523 2363 3665 2435 Θεῷ.
3700 2364 3760 2416 Τί
3783 2365 3833 2417 δὲ

2266 2464 2362 2518 καὶ
2403 2465 2436 2534 ἡ
2472 2462 2744 2534 πρόφασις
2772 2459 2865 2514 τοῦ
2911 2457 3140 2521 πένθους
3184 2457 3401 2521 αὐτοῖς;
3446 2476 3463 2506 ι
3494 2454 3835 2508 Τεταλαιπὼιο

2270 2573 2404 2627 ρηκε
2441 2554 2510 2607 τὰ
2539 2552 2733 2616 πεδία,
2780 2571 2799 2605 ι
2830 2551 2996 2622 φησι,
3039 2551 3134 2604 καὶ
3170 2549 3357 2621 μέντοι
3392 2549 3488 2603 καὶ
3541 2552 3687 2611 σῖτος
3734 2548 3832 2610 τοῖς

2268 2646 2446 2701 ὀδοῦσι
2484 2646 2593 2699 τῶν
2627 2645 2867 2715 ἀκρίδων
2912 2640 3399 2713 καταφιλούμενος,
3440 2641 3536 2695 καὶ
3576 2635 3688 2693 οἷον
3724 2642 3833 2709 ἐρυ-

2270 2740 2394 2813 σίϐῃ
2443 2739 2971 2810 καταπιμπράμενα.
3005 2737 3204 2805 Φλέγει
3250 2734 3397 2805 γὰρ,
3445 2734 3541 2788 καὶ
3592 2733 3833 2803 ἀφανίζει

2268 2832 2459 2903 ῶσπερ
2483 2832 2550 2885 τὰ
2577 2832 2634 2883 ἐν
2665 2820 2874 2901 ἀγροῖς.
2894 2832 3011 2882 Δεῖν
3036 2829 3098 2883 δέ’
3116 2847 3279 2900 φησιν
3300 2828 3578 2890 οἱονείπως
3597 2827 3691 2879 καὶ
3720 2842 3831 2879 κατ-

2268 2922 2627 2994 ολοφύρεσθαι
2652 2920 2753 2991 τὴν
2776 2920 2900 2990 γῆν,
2920 2920 3274 2974 ἀπολωλότων
3296 2920 3431 2989 αὐτῇ
3458 2918 3567 2972 τῶν
3596 2917 3827 2987 καρπῶν.

2276 3035 2297 3068 ι
2328 3012 2795 3085 Τεταλαιπώρηκε
2837 3010 2947 3082 γὰρ
2992 3014 3159 3075 σῖτος,
3192 3009 3463 3081 ἐξηράνθη
3506 3003 3679 3071 οἶνος,
3720 3007 3832 3060 oti.

2271 3107 2426 3177 γῶθη
2478 3105 2677 3158 ἔλαιον.
2738 3103 3169 3175 Ἐξηράνθησαν,
3217 3120 3237 3153 ι
3282 3102 3604 3165 τουτέστιν,
3645 3100 3832 3169 οἴχεται

2272 3198 2454 3251 πάντα
2481 3195 2551 3248 τά
2572 3195 2629 3261 ἐξ
2661 3193 2850 3263 αὐτῆς,
2874 3194 2968 3245 καὶ
2993 3191 3061 3245 τά
3085 3192 3168 3261 ἐφ’
3200 3186 3278 3254 οἷς
3302 3186 3372 3262 ἦν
3401 3191 3548 3253 εἰκὸς
3577 3189 3830 3243 καταθαυ-

2195 3267 2242 3329 C
2276 3288 2543 3361 μάζεσθαι
2565 3286 2707 3349 λίαν,
2734 3284 2809 3349 ὡς
2852 3282 3081 3353 καρπῶν
3111 3282 3339 3352 ἀγαθῶν
3369 3282 3580 3354 μητέρα
3611 3281 3703 3335 καὶ
3726 3295 3835 3350 τρο*

2273 3382 2393 3451 φόν.
2426 3379 2539 3434 Καὶ
2566 3378 2722 3432 ταυτὶ
2772 3376 2871 3448 μὲν
2918 3377 3050 3447 ἡμῖν
3091 3375 3167 3439 ὡς
3194 3377 3252 3428 ὲν
3290 3374 3576 3445 αἰσθηταῖς
3614 3370 3837 3444 εἰρήσθω

2272 3472 2526 3546 πράξεσι.

2341 3562 2838 3634 Καταθρηνήσειγε
2875 3560 2981 3634 μὴν
3001 3560 3127 3625 πᾶς,
3153 3559 3300 3624 είτίς
3332 3561 3448 3612 ἐστι
3481 3556 3829 3627 δοκιμώτατος

2272 3658 2471 3729 ἱερεὺς,
2497 3654 2620 3717 τοὺς
2653 3653 2712 3718 ἐξ
2742 3652 2981 3723 ἀμέτρου
3028 3649 3452 3723 φμνοὸλαῦείας
3503 3649 3603 3713 τὴν
3636 3648 3719 3701 διά
3755 3646 3825 3698 7:5-

2274 3762 2443 3808 στεως
2488 3744 2757 3815 κάθαρσιν
2788 3743 2849 3797 οὐ
2891 3742 3305 3813 προσιεμένους,
3353 3740 3453 3794 οὐκ
3496 3739 3829 3810 ἠγαπηκότας

2271 3836 2328 3891 δὲ
2371 3838 2432 3891 τὸ
2467 3834 2789 3905 ἀγιάζεσθαι
2826 3832 2978 3905 παρά
3024 3833 3285 3901 Χριστοῦ.
3335 3831 3694 3903 Ἀπομενοῦσι
3740 3830 3829 3899 γὰρ

2274 3930 2472 4001 ἔρημοι
2503 3928 2681 3998 πάντη
2706 3944 2765 3979 τε
2806 3926 2902 3980 καὶ
2934 3923 3152 3989 πάντως
3172 3925 3273 3995 τῆς
3293 3926 3491 3995 νοητῆς
3526 3923 3828 3993 εὐκαρπίας.

2274 4022 2369 4075 καὶ
2394 4024 2450 4074 ἐν
2485 4018 2659 4090 ἐνδείᾳ
2677 4016 2879 4091 παντὸς
2902 4016 3114 4070 ἔσονται
3146 4015 3245 4070 τοῦ
3269 4016 3488 4086 τρέφειν
3509 4015 3725 4075 εἰδότος,
3754 4010 3830 4063 καὶ

2275 4113 2353 4174 εἰς
2393 4109 2643 4180 ἀνδρείαν
2696 4107 2892 4170 αὐτοὺς
2922 4108 3021 4177 τὴν
3051 4107 3429 4177 πνευματικὴν
3469 4104 3827 4174 ἀναφέροντος,

2277 4204 2420 4255 σῖτον
2452 4201 2546 4255 καὶ
2576 4196 2718 4253 οἶνον
2745 4200 2846 4255 οὐκ
2881 4198 3115 4269 ἔχοντες,
3156 4198 3253 4251 καὶ
3276 4197 3391 4267 ,τῆς
3433 4196 3617 4250 ἐλαίου
3658 4193 3825 4265 χρείας

2275 4293 2663 4366 ἐστερημένοι·
2694 4290 2952 4364 μυστικὸς
2993 4288 3103 4360 γὰρ
3138 4288 3167 4341 ὁ
3198 4286 3378 4356 λόγος.
3432 4286 3555 4340 Ὅτι
3589 4289 3699 4349 τοῖς
3748 4284 3829 4355 μὲν

2276 4389 2372 4461 τὴν
2410 4388 2589 4442 πίστιν
2617 4385 3015 4459 προσιεμένοις,
3045 4379 3235 4434 ἑαυτὸν
3264 4378 3571 4450 παραθήσει
3626 4375 3830 4448 Χριστὸς

2277 4481 2353 4544 ὡς
2376 4481 2545 4552 ἄρτον
2571 4478 2718 4550 ζωῆς
2748 4477 2973 4546 (ἔφασκε
2998 4474 3107 4543 γάρ
3124 4488 3141 4503 υ
3170 4490 3189 4524 ι
3212 4468 3353 4541 Ἐγὼ
3382 4471 3496 4540 εἰμι
3518 4473 3547 4524 ὁ
3573 4472 3730 4543 ἄρτος
3746 4467 3826 4535 τῆς

2279 4572 2426 4645 ζωῆς
2452 4572 2521 4640 ι),
2575 4572 2650 4633 ὡς
2676 4567 2816 4622 οἶνον
2858 4566 3217 4637 εὐφραίνοντα
3268 4565 3498 4636 καρδίαν
3547 4562 3825 4634 ἀνθρώπων.

2278 4664 2444 4727 Σύνες
2472 4662 2632 4716 πάλιν
2651 4664 2679 4716 ὃ
2703 4678 2868 4732 φημι.
2907 4660 3318 4730 Καταχρίσουσι
3344 4658 3401 4711 δὲ
3430 4658 3524 4710 καὶ
3554 4657 3741 4726 ἐλαίῳ,
3764 4651 3827 4721 τῷ

2277 4757 2453 4830 νοητῷ
2496 4754 2738 4825 δηλονότι
2781 4755 2874 4807 καὶ
2907 4754 3224 4822 ἀγιάζοντι,
3272 4752 3370 4804 καὶ
3408 4751 3485 4813 ὡς
3535 4752 3592 4802 ἐν
3635 4745 3821 4820 μεθέξει

2277 4848 2552 4919 νοουμένῳ
2582 4846 2682 4918 τῆς
2706 4844 2838 4916 παρ’
2880 4844 3044 4899 αὑτοῦ
3089 4842 3331 4913 χάριτος.
3367 4844 3505 4906 Τοὺς
3548 4843 3605 4895 δὲ
3634 4838 3825 4909 γνώμην

2276 4940 2499 5010 ἔχοντας
2523 4940 2728 5011 ἀπηνῆ,
2764 4939 2960 5007 πικρόν
2985 4954 3044 4989 τε
3086 4938 3181 4990 καὶ
3218 4936 3503 5004 ἁφιλὸθεον
3535 4935 3677 4999 νοῦν,
3700 4934 3823 4985 ἀπει-

2278 5031 2343 5102 θῆ
2384 5031 2479 5085 καὶ
2533 5031 2847 5099 δυσάγωγον
2871 5072 2885 5096 ,
2943 5031 3098 5083 ἐνδεᾶ
3149 5046 3251 5083 που
3302 5028 3519 5092 πάντως
3558 5025 3821 5096 ἀποφανεῖν

2279 5121 2373 5176 καὶ
2400 5121 2678 5186 παντελῶς
2712 5123 2979 5193 ἀμέτοχον
3021 5122 3128 5175 τῶν
3156 5123 3361 5193 ἀρτίως
3392 5122 3525 5190 ἡμῖν
3553 5115 3825 5189 εἰρημένων

2279 5216 2521 5285 ἀγαθῶν.
2590 5216 2785 5269 Ἰστέον
2828 5216 2906 5283 δὲ,
2945 5216 3028 5267 ὅτι
3066 5216 3160 5268 καὶ
3195 5214 3405 5278 Παῦλος
3452 5212 3736 5286 ἱερουργῶν
3761 5207 3823 5265 εἰς

2278 5310 2346 5362 τὰ
2371 5309 2498 5380 ἔθνη
2523 5310 2583 5363 τὸ
2612 5308 2707 5362 τοῦ
2759 5306 2997 5381 Χριστοῦ
3028 5307 3380 5375 Εὑαγγέλιον,
3410 5305 3686 5376 μονονουχὶ
3720 5316 3821 5353 κατ’

2280 5400 2498 5472 εθρὴνει
2535 5403 2662 5465 τοὺς
2690 5401 3048 5463 ἀπειθοῦντας
3085 5400 3143 5465 ἐξ
3186 5399 3418 5470 Ἰσραήλ.
3449 5400 3688 5469 Ἔφασκε
3716 5394 3819 5463 γὰρ.

2285 5494 2368 5547 ὅτι
2397 5494 2583 5564 (Λύπη
2619 5494 2707 5566 μοί
2736 5495 2852 5548 ἐστι.
2884 5494 3117 5565 μεγάλη,
3138 5513 3155 5546 ι
3185 5495 3278 5549 καὶ
3301 5494 3372 5549 τά
3395 5494 3546 5563 έξῆς.
3581 5486 3820 5548 Μυστικδς

2288 5587 2364 5649 δὲ,
2407 5586 2481 5650 ὡς
2526 5587 2682 5658 ἔφην,
2722 5586 2816 5639 καὶ
2860 5588 3241 5658 κεκρυμμένος
3296 5590 3323 5640 ὁ
3364 5588 3456 5639 ἐπὶ
3495 5586 3630 5657 τῷδε
3673 5582 3805 5652 λόγος
3844 5582 3845 5585 “

2092 5850 2134 5880 "
2168 5849 2321 5910 Joan.
2365 5869 2436 5918 Vl,
2468 5852 2525 5906 41
2559 5871 2571 5919 ;
2604 5853 2766 5909 Et'cli.
2809 5870 2893 5909 XL.
2920 5851 3007 5906 $20.
3090 5852 3135 5884 ⁷ο
3164 5851 3319 5906 Rom.
3352 5867 3427 5919 ιι,
3452 5853 3505 5907 2.
