4068 6582
145 402 263 457 535

1073 399 1626 457 COMMENTARIUS
1666 401 1735 456 IN
1776 401 2036 459 JOELEM
2081 405 2517 461 t'ltUPHETAM.

3335 408 3439 463 546

216 523 531 592 Γεωργοὶ,
569 520 839 590 θρηνεῖτε
878 502 1149 589 armatiita
1203 522 1357 590 ὑπὲρ
1413 522 1610 592 πυροῦ
1657 525 1754 577 καὶ

1940 525 2349 587 Vens.ii.12.
2398 526 2679 594 Agricolae,
2730 526 2898 596 lugete
2949 488 3301 594 possessiones
3342 544 3438 595 pro

139 612 408 683 κριθῆς,
441 615 529 669 ὅτι
551 614 829 670 ἀπόλωλε
851 611 1141 681 τρυγητὸς
1160 612 1228 676 ἐξ
1258 613 1765 685 ἀγτροῦθΑμπελος

141 703 505 773 ἐξηράνθη,
537 703 635 759 καί
663 708 723 757 αἱ
779 702 970 758 συκαῖ
1006 703 1418 773 ὠλιγὼθησαν.
1476 706 1616 761 Ῥοὰ
1666 707 1764 771 καί

140 795 395 863 φοῖνιξ,
424 796 523 851 καὶ
552 796 778 866 μῆλον,
810 796 909 849 καὶ
940 794 1138 849 πάντα
1170 794 1241 849 τὰ
1263 796 1421 861 ξύλα
1446 796 1551 851 τοῦ
1576 798 1763 866 ἀγροῦ

142 884 620 956 ἑξηράνθησαν,
668 886 758 941 ὅτι
798 887 1084 957 ᾔσχυναν
1128 888 1321 957 χαρὰν
1377 891 1430 943 οἱ
1475 889 1595 944 υἱοί
1646 887 1765 943 τῶν

145 977 533 1044 ἀνθρώπων.-
1331 1022 1341 1031 .

245 1070 338 1128 Θ’.
404 1071 612 1136 Πένθος
663 1071 913 1143 ἀληθῶς,
966 1072 1192 1142 ἀλγημά
1238 1089 1297 1124 τε
1360 1072 1456 1127 καὶ
1510 1072 1765 1145 θρήνημα

144 1166 269 1226 τοῖς
306 1164 544 1217 εἰωθόσι
574 1166 853 1232 γηπονείν,
891 1163 998 1218 τῶν
1025 1165 1085 1217 ἐν
1114 1165 1304 1235 ἀγροῖς
1334 1164 1368 1235 ἠ
1397 1164 1759 1236 πανωλεθρία,

146 1255 250 1307 καὶ
290 1254 361 1307 τὸ
392 1255 565 1325 μηδὲν
594 1255 731 1318 ὅλως
761 1257 855 1308 ἀπ’
878 1256 1060 1309 αὐτῶν
1093 1257 1449 1327 συγκομίζειν
1473 1255 1756 1324 δύνασθαι,

150 1348 252 1400 καὶ
298 1349 454 1417 μετά
491 1349 733 1418 μακροὺς
770 1348 998 1416 ἱδρῶτας
1033 1346 1147 1399 ἐσθ’
1193 1347 1304 1400 ὅτε.
1352 1342 1469 1401 Αῦα
1497 1347 1555 1400 δὲ
1583 1349 1651 1402 τὰ
1702 1351 1763 1403 ἐν

151 1443 371 1511 κήποις
430 1443 565 1512 όρᾷν
611 1442 719 1507 τῶν
776 1442 947 1506 ξύλων
993 1442 1268 1513 ἐξαίρετα,
1314 1442 1487 1514 ληϊοις
1520 1461 1581 1497 τε
1624 1444 1764 1515 ὁμοῦ

150 1530 254 1592 τὰς
306 1530 605 1600 ἀμπέλους
666 1529 1146 1601 κατεφθαρμένοις,
1202 1533 1298 1585 καὶ
1336 1534 1504 1603 αὐτὴν
1548 1534 1604 1587 δὲ
1660 1534 1759 1606 τὴν

150 1620 369 1690 ἀγρίαν
398 1621 535 1692 ὓλην
555 1624 667 1683 τοῖς
696 1622 894 1692 κήποις
933 1624 1254 1693 συγκαταφθ
1266 1624 1502 1679 ίνουσαν.
1536 1644 1553 1676 ι
1572 1626 1760 1681 Πάντα

153 1712 290 1783 γὰρ.
323 1713 491 1780 φησὶ,
532 1713 599 1766 τὰ
620 1712 749 1778 ξύλα
764 1713 856 1766 τοῦ
878 1714 1049 1784 ἀγροῦ
1067 1713 1465 1787 ἐξηράνθησαν,
1482 1718 1564 1772 ὅτι
1580 1719 1751 1790 ᾔσχυ-

151 1819 252 1853 ναν
292 1803 541 1877 χαρά[ν]
557 1805 662 1859 υἱοὶ
686 1804 795 1858 τῶν
810 1805 906 1858 ἀνθ
910 1804 1114 1877 ρώπων
1132 1847 1147 1871 ,
1173 1826 1193 1858 ι
1218 1807 1534 1875 τουτέστιν,
1562 1810 1750 1881 αἰσχύ-

1870 617 2134 687 frumento
2163 628 2211 671 et
2241 615 2458 679 hordeo,
2489 617 2612 687 quia
2660 617 2810 682 periit
2865 618 3125 671 vindemia
3172 634 3237 673 ea:
3286 636 3436 688 agro.

1880 708 2045 763 Vinea
2078 710 2245 773 aruit,
2278 719 2325 763 et
2367 709 2499 775 ﬁcus
2544 707 2837 761 imminutw
2879 716 3021 760 sunt.
3063 707 3266 763 Malum
3311 727 3437 780 gra-

1869 812 2050 854 natum
2076 842 2092 865 ,
2144 810 2189 855 et
2226 801 2423 869 palma,
2458 809 2505 852 et
2552 799 2774 860 malum,
2817 807 2866 853 et
2909 799 3084 852 omnia
3145 800 3288 870 tigna
3320 802 3439 873 agri

1866 894 2102 962 arefacta
2147 902 2291 958 sunt,
2349 893 2596 963 quoniam
2645 891 2994 960 confuderunt
3034 893 3289 962 gaudium
3337 895 3438 964 ﬁlii

1864 984 2153 1038 hominum.

1936 1074 2031 1130 IX.
2086 1075 2311 1130 Luctum
2354 1075 2472 1129 sine
2530 1072 2713 1136 dubio,
2764 1070 3005 1137 dolorem
3064 1082 3119 1126 et
3175 1072 3435 1141 ejulatum

1866 1182 2023 1229 terra:
2053 1168 2355 1226 cultoribus
2379 1166 2523 1235 parit
2553 1179 2733 1219 rerum
2764 1163 2819 1219 in
2854 1163 2999 1235 agris
3044 1178 3109 1217 ex
3142 1177 3264 1218 asse
3309 1177 3436 1233 per-

1864 1265 2054 1327 nicies,
2092 1277 2213 1318 cum
2247 1260 2381 1315 nihil
2413 1259 2629 1328 penitus
2652 1257 2776 1312 inde
2806 1255 2933 1311 licet
2971 1254 3243 1324 colligere,
3271 1256 3434 1325 idque

1864 1364 1985 1428 post
2006 1356 2193 1425 longos
2220 1353 2448 1408 sudores
2481 1351 2792 1420 aliquando.
2841 1347 2907 1402 Et
2936 1348 3122 1401 videre
3170 1348 3224 1400 in
3262 1348 3435 1401 hortis

1861 1449 2129 1504 arefactas
2157 1445 2380 1500 arbores
2406 1457 2727 1514 generosas,
2784 1447 2839 1494 et
2878 1455 2999 1494 cum
3024 1439 3156 1494 satis
3187 1443 3346 1505 vites,
3379 1451 3435 1494 ct

1861 1556 1985 1604 cum
2012 1540 2185 1597 hortis
2211 1538 2375 1594 silvas
2398 1536 2622 1610 periisse
2644 1573 2660 1590 .
2698 1551 2716 1587 ι
2751 1532 2943 1590 Omnia
2972 1534 3115 1591 enim
3141 1534 3284 1603 ligna
3315 1534 3431 1603 agri

1860 1631 2101 1688 arefacta
2154 1637 2281 1686 sunt
2311 1669 2326 1694 ,
2356 1628 2549 1697 inquit,
2602 1628 2859 1697 quoniam
2894 1624 3254 1681 confuderunt
3299 1639 3431 1693 gau-

1861 1724 2012 1778 dium
2045 1722 2139 1777 ﬁlii
2176 1720 2487 1787 hominum,
2512 1737 2534 1770 ›
2563 1719 2667 1775 hoc
2697 1726 2782 1773 est
2811 1755 2827 1782 ,
2878 1717 3212 1773 habitatores
3269 1725 3429 1793 terrae

1858 1813 2211 1877 reddiderunt
2239 1822 2450 1883 tempus
2478 1812 2761 1867 dedecoris
2791 1849 2813 1878 ,
2854 1810 3094 1879 pudoris,
3136 1809 3433 1880 reprehen-

155 1910 255 1962 νης
296 1910 363 1946 τε
416 1896 513 1948 καὶ
560 1896 863 1967 ἐντροπῆς,
904 1897 999 1949 καὶ
1043 1895 1300 1968 ἐλέγχων,
1340 1900 1535 1971 ποινῆς
1562 1918 1621 1955 τε
1655 1902 1753 1955 καὶ

1861 1908 2054 1972 siouis,
2081 1921 2256 1977 pinna:
2284 1915 2341 1961 et
2371 1905 2616 1975 ultionis,
2657 1920 2766 1975 quo
2801 1912 3045 1973 tempore
3065 1918 3277 1971 aequum
3316 1912 3434 1957 erat

152 1983 317 2053 δίκης
365 1984 659 2051 ἀπέδειξαν
712 1986 904 2060 καιρὸν
948 1990 996 2041 οἱ
1045 1990 1424 2055 κατοικοῦντες
1468 1993 1565 2063 τὴν
1625 1992 1749 2063 γῆν,

157 2073 287 2126 καθ’
310 2072 377 2125 ὃν
401 2075 549 2139 είκὸς
570 2071 636 2147 ἦν
669 2078 760 2131 καὶ
780 2078 1172 2150 ἀνευρύνεσθαι
1193 2084 1314 2144 ταῖς
1336 2082 1657 2153 εὐημερίαις
1684 2084 1751 2136 τὰ

154 2165 213 2229 ἐξ
238 2166 441 2237 ἀγρῶν
472 2168 849 2237 συλλέγοντας,
884 2172 976 2225 καὶ
1004 2173 1336 2245 ἀναμετρεῖν
1370 2176 1470 2243 μὲν
1508 2174 1640 2249 σίτῳ
1655 2175 1751 2238 τὰς

156 2257 478 2327 ἀποθήκας,
534 2260 830 2329 ἐπιφωνεῖν
886 2263 944 2316 δὲ
994 2265 1241 2334 τρυγῶσι
1285 2265 1382 2330 τὰς
1438 2266 1750 2337 ἐπιληνίους

157 2346 327 2414 ᾠδὰς,
354 2349 453 2401 καὶ
486 2353 609 2414 ταῖς
628 2352 754 2405 οἰῶν
790 2353 1013 2422 ἀγέλαις
1047 2355 1366 2425 ἐφήδεσθαι,
1404 2357 1665 2428 πλείστης
1689 2376 1745 2412 τε

156 2439 287 2508 ὅσης
358 2442 457 2495 καὶ
517 2443 779 2508 εὐανθοὴ
846 2447 1038 2513 αὑταῖς
1104 2450 1569 2521 παρερριμμένης
1647 2450 1749 2520 τῆς

160 2531 322 2595 πόας.

259 2623 452 2678 Ἔοικε
505 2626 561 2680 δὲ
618 2629 720 2681 κάν
768 2629 904 2699 τῷδε
957 2631 1123 2685 πάλιν
1170 2633 1198 2684 ὁ
1250 2631 1411 2700 λόγος¹
1468 2635 1749 2705 γεωργοὺς

160 2716 454 2785 ὀνομάζειν
477 2720 888 2790 αἰνιγματωδῶς
911 2724 1040 2787 τοὺς
1070 2724 1178 2777 τῶν
1223 2725 1493 2779 Ἰουδαίων
1531 2729 1746 2801 ταγμά-

160 2821 266 2859 των
291 2812 706 2879 προεστηκότας
731 2815 1071 2883 τοτηνικάδε,
1116 2815 1212 2881 οὓς
1249 2819 1343 2872 καὶ
1372 2818 1481 2872 δεῖν
1513 2819 1617 2889 ἔφη
1652 2837 1749 2874 κα-

162 2896 476 2967 ταθρηνείν,
515 2901 589 2965 ὡς
641 2903 767 2957 ὅσον
813 2904 967 2958 οῦπω
1003 2906 1373 2978 βαδιουμένων
1411 2912 1491 2973 εἰς
1524 2911 1749 2982 ὄλεθρον

163 2988 425 3043 ἁπάντων
474 2991 581 3045 τῶν
633 2995 772 3053 κατά
813 2995 1018 3067 χώραν,
1058 2998 1177 3068 ἦτοι
1206 2999 1314 3053 τῶν
1354 3001 1752 3063 κατοικούντων

164 3078 262 3149 τὴν
284 3082 417 3150 γῆν,
444 3082 494 3134 οἳ
522 3083 615 3136 καὶ
648 3085 709 3137 ἐν
743 3085 893 3151 τάξει
924 3089 1121 3159 πυροῦ,
1156 3091 1252 3144 καὶ
1286 3091 1497 3161 κριθῆς,
1546 3094 1637 3145 καὶ
1662 3093 1750 3157 ξύ-

163 3170 269 3223 λων
304 3172 528 3241 ὡραίων
554 3174 795 3247 νοηθεῖεν
815 3178 899 3241 ἄν.
946 3180 1280 3252 Ἐφαρμόσει
1308 3181 1367 3235 δὲ.
1407 3164 1516 3235 τῶν
1546 3185 1749 3256 νοημά-

1858 1998 2042 2070 augeri
2106 1998 2260 2052 bonae
2316 1996 2654 2066 tempestatis
2707 1995 2822 2050 dies
2869 1994 2978 2059 his,
3009 1993 3100 2064 qui
3147 1992 3325 2064 fruges
3366 2008 3432 2047 ex

1857 2090 2004 2159 agris
2049 2097 2410 2157 comportant,
2452 2096 2507 2142 et
2546 2087 2667 2143 illos
2715 2086 2987 2143 frumento
3042 2084 3245 2155 stipare
3304 2085 3433 2138 hor-

1859 2199 1971 2247 rea,
2013 2192 2069 2239 et
2109 2182 2441 2239 messoribus
2496 2179 2795 2236 cantilenas
2844 2177 3137 2235 messorias
3164 2177 3430 2240 acciuere,

1856 2277 2024 2347 208
2053 2276 2228 2331 laetari
2252 2290 2415 2345 super
2458 2273 2640 2329 ovium
2692 2270 3146 2345 gregibus,uberi
3195 2279 3251 2326 et
3298 2270 3430 2325 viri-

1856 2368 2003 2421 danti
2044 2367 2210 2422 berba
2244 2380 2305 2421 se
2332 2363 2658 2435 subjiciente
2688 2363 3061 2435 pascentibus.

1927 2636 2152 2691 Videtur
2193 2640 2373 2687 autem
2409 2627 2670 2701 propheta
2719 2626 2811 2681 hic
2861 2616 3429 2683 rursumrludmorum

1856 2744 1953 2798 per
1989 2728 2040 2782 id
2101 2736 2316 2795 tempus
2369 2719 2628 2792 praesides
2658 2728 2714 2775 et
2740 2726 2980 2772 rectores
3014 2711 3282 2783 agricolas
3334 2724 3431 2763 no-

1857 2820 2082 2884 minare,
2113 2816 2309 2886 quibus
2334 2813 2624 2881 lugendum
2656 2808 2963 2871 conﬁrmat,
3000 2817 3060 2857 ut
3090 2816 3212 2857 mox
3248 2800 3428 2854 omni-

1856 2916 1956 2967 bus
1987 2910 2077 2981 qui
2113 2910 2164 2964 in
2190 2888 2417 2979 regione
2445 2913 2596 2969 sunt,
2633 2903 2750 2959 sive
2800 2910 3003 2956 terram
3044 2894 3429 2958 incolentibus,

1857 3018 1953 3059 seu
1990 3002 2282 3073 indigenis,
2315 3000 2541 3055 exitium
2565 2998 2620 3052 in
2654 2989 3259 3065 cervicibushabituris
3290 3006 3305 3042 ι
3335 2989 3427 3057 qui

1856 3083 2073 3165 quidem
2119 3094 2383 3164 indigena:
2404 3129 2424 3155 ν,
2476 3087 2779 3151 frumenti,
2836 3083 3021 3141 hordei
3057 3092 3110 3138 et
3157 3081 3423 3151 lignorum

1856 3187 2223 3258 speciosorum
2247 3181 2528 3239 vocabulis
2563 3177 2896 3247 intelligendi
2927 3184 3076 3231 sunt.
3103 3174 3426 3241 Quanquam

165 3278 268 3314 των
296 3265 328 3333 ή
350 3263 584 3335 δύναμις
604 3268 1052 3341 πρεπωδέστερόν
1081 3286 1183 3327 που
1203 3273 1339 3342 τάχα
1362 3276 1473 3337 τοῖς
1498 3275 1751 3345 Γραμμα-

1858 3283 1947 3337 hic
1974 3292 2167 3336 sensus
2197 3275 2532 3331 commodius
2561 3274 2793 3326 fortasse
2823 3271 2876 3324 in
2919 3268 3139 3323 Scribas
3187 3274 3242 3320 et
3284 3264 3429 3318 Plia-

163 3353 316 3408 τεῦσι
370 3358 471 3409 καὶ
516 3359 853 3441 Φαρισαίοις.
908 3362 972 3414 Οἳ
1036 3363 1133 3416 καὶ
1177 3365 1431 3436 γηπόνων
1483 3367 1542 3419 ἐν
1597 3365 1746 3433 τάξει

167 3445 412 3516 κείμενοι
446 3452 915 3521 πεπαρῳνήκασιν
940 3454 1023 3517 είς
1040 3454 1299 3525 Χριστὸν,
1332 3457 1669 3512 ἀπεκτόνασί
1689 3474 1750 3512 τε

167 3536 255 3591 τὸν
304 3538 667 3611 κληρονόμον,
696 3539 762 3603 ἵν’
796 3542 972 3613 ἔχοιεν
1001 3545 1154 3598 αὐτοὶ
1172 3546 1266 3600 τὸν
1287 3549 1521 3618 καρπὸν,
1548 3548 1754 3617 γένοιν-

170 3627 227 3682 τό
278 3646 342 3681 τε
388 3630 577 3685 λοιπὸν
613 3630 711 3685 τοῦ
766 3634 1089 3703 ἀμπελῶνος
1134 3635 1413 3699 δεσπόται,
1469 3638 1754 3708 μονονουχὶ

171 3718 337 3789 ληῖοις
361 3719 553 3793 ὥσπερ
595 3723 1044 3799 ἐπαγαλλὼμενοι
1085 3728 1149 3798 τῇ
1181 3710 1500 3799 πολυάνδρῳ
1553 3729 1755 3799 πληθύῐ

171 3812 275 3864 τῶν
297 3814 744 3887 ὑποζευγμένων,
790 3819 885 3871 καὶ
926 3819 1053 3883 τοὺς
1084 3820 1142 3872 ὲν
1173 3820 1360 3884 αὐτοῖς
1393 3822 1475 3874 ὅτι
1518 3821 1755 3892 μάλιστα

174 3902 476 3976 λαμπροὺς,
499 3908 576 3972 ὡς
604 3909 756 3978 ῥοὰν,
796 3909 872 3975 ὡς
906 3911 1076 3981 μῆλον
1104 3911 1426 3984 ἀποτρυγᾷν
1470 3902 1751 3979 εἰωθότας.

185 3995 315 4049 Ἀλλ’
337 3993 485 4050 εἷλεν
522 4000 719 4063 αὐτοὺς
741 4003 769 4055 ὁ
804 4001 1090 4072 Ῥωμαίων
1125 4001 1382 4074 πόλεμος,
1416 4004 1755 4076 δεδαπάνηκε

178 4088 342 4157 μέγαν
377 4090 472 4143 καὶ
502 4092 716 4161 μικρὸν,
757 4091 1008 4164 λαμπρόν
1040 4110 1099 4147 τε
1131 4093 1225 4148 καὶ
1266 4095 1560 4166 ἐπίσημον,
1590 4098 1668 4161 ὼς
1696 4099 1754 4153 ἐν

176 4185 363 4245 συκαῖς
412 4184 770 4255 νοουμένους,
816 4184 1068 4257 καθάπερ
1122 4185 1259 4256 ἔφην
1308 4187 1528 4255 ἀρτίως,
1578 4188 1653 4251 ὡς
1696 4191 1755 4242 ἐν

177 4273 400 4344 ἀμπέλῳ
425 4275 606 4346 τυχὸν,
640 4276 841 4346 φοίνικί
872 4295 931 4330 τε
965 4278 1061 4331 καὶ
1106 4277 1283 4350 μήλῳ,
1319 4279 1414 4333 καὶ⁸
1442 4279 1500 4331 ἐν
1549 4279 1750 4346 ξύλοις,

174 4362 244 4426 ὡς
268 4366 325 4418 ἐν
354 4364 518 4437 κριθῇ
554 4367 651 4421 καὶ
674 4367 831 4439 πυρῷ
850 4383 863 4397 ο
895 4368 1142 4439 διάφοροι
1171 4370 1279 4444 γὰρ
1308 4372 1359 4424 oi
1393 4370 1620 4442 τρόποι,
1662 4371 1754 4424 καὶ

177 4456 263 4528 οὑχ
301 4458 366 4512 ἐν
408 4458 579 4513 ἅπασι
606 4459 700 4514 τοῦ
748 4460 861 4532 βίου
889 4461 953 4515 τὺ
987 4462 1205 4534 μέτρον.
1249 4462 1466 4534 Ἐπειδὴ
1504 4463 1562 4516 δὲ
1609 4461 1755 4528 ἆπαξ

176 4549 321 4621 ἀγρῷ
356 4552 658 4622 παρείκασε
690 4554 788 4625 τὴν
828 4554 934 4624 γῆν
962 4552 1072 4607 τῶν
1127 4555 1412 4618 Ἰουδαίων,
1443 4556 1539 4608 καὶ
1577 4555 1753 4626 γηπόα

1853 3373 2040 3427 risteos
2069 3368 2385 3430 conveniet,
2417 3365 2510 3435 qui
2541 3362 2908 3434 agricolarum
2944 3359 3127 3413 locum
3159 3365 3427 3419 tenentes,

1852 3466 1907 3521 in
1930 3463 2203 3519 Christum
2240 3476 2298 3515 se
2328 3457 2619 3530 injuriosos
2651 3455 3018 3524 praebuerunt,
3057 3461 3112 3507 et
3155 3448 3425 3504 lucreden

1854 3555 2187 3617 occiderunt,
2220 3560 2278 3606 ut
2307 3550 2407 3605 sibi
2442 3548 2677 3603 fructum
2706 3544 3070 3611 vindicarent,
3098 3556 3163 3596 ac
3216 3540 3282 3595 de
3310 3554 3417 3594 ca:-

1857 3655 1971 3702 tero
2000 3645 2211 3700 vineam
2250 3641 2629 3713 possiderent,
2664 3637 2869 3709 ingenti
2905 3635 3243 3692 subditorum
3284 3631 3427 3687 mul-

1855 3737 2082 3792 titudine
2139 3745 2347 3788 tantum
2402 3746 2507 3786 non
2559 3739 2616 3784 ut
2660 3730 2935 3803 segetibus
2989 3727 3347 3789 exsultantes,
3375 3734 3431 3778 et

1856 3831 1909 3885 in
1982 3843 2043 3883 ea
2091 3826 2286 3897 Opibus
2341 3822 2729 3878 eminentiores
2780 3828 2841 3873 ut
2904 3817 3042 3872 maia
3095 3824 3319 3886 grauata
3377 3824 3432 3868 et

1853 3935 2013 3993 poma
2043 3920 2338 3987 decerpere
2361 3914 2526 3970 soliti.
2560 3911 2668 3968 Sed
2699 3927 2792 3968 eos
2839 3908 3218 3981 pessumdedit
3247 3921 3275 3959 a
3318 3905 3429 3959 Ro-

1854 4012 2033 4069 manis
2082 4010 2304 4074 bellum,
2365 4022 2616 4077 magnum
2670 4013 2725 4059 et
2763 4017 3013 4074 parvum,
3071 3999 3335 4054 illustrem
3379 4005 3434 4055 et

1856 4103 2146 4159 obscurum
2180 4098 2539 4171 consumpsit,
2572 4097 2727 4167 quasi
2766 4096 2902 4151 ficus
2927 4135 2945 4160 ,
2991 4100 3051 4147 ut
3081 4092 3242 4147 modo
3270 4088 3379 4144 dixi
3414 4127 3431 4153 ,

1856 4196 2011 4267 quasi
2037 4196 2197 4259 vites,
2225 4193 2485 4265 palmam,
2516 4189 2747 4255 malum,
2770 4187 2937 4258 ligna,
2974 4185 3262 4249 hordeum,
3314 4181 3427 4235 tru-

1858 4295 2097 4342 mentum
2133 4299 2151 4338 :
2183 4299 2288 4340 non
2314 4291 2397 4339 est
2423 4280 2567 4337 enim
2598 4278 2841 4336 omnium
2875 4291 2980 4333 una
3021 4273 3240 4330 vivendi
3271 4272 3431 4338 ratio,

1856 4389 1911 4436 et
1942 4378 2272 4435 institutum.
2310 4374 2447 4442 Quia
2472 4388 2603 4430 vero
2628 4370 2793 4427 semel
2825 4368 3065 4425 Iudaeam
3109 4380 3240 4437 agro
3283 4378 3434 4421 com-

1857 4470 2091 4542 paravit,
2140 4477 2196 4523 et
2252 4465 2526 4537 principes
2582 4464 2728 4533 ipsos
2790 4459 3057 4531 agricolas
3104 4454 3432 4518 nominavit,

1859 4563 1913 4617 in
1946 4560 2307 4616 translatione
2344 4557 2566 4622 mansit,
2599 4565 2656 4611 et
2683 4553 2930 4609 subditos
2951 4566 3074 4605 cum
3112 4549 3246 4603 satis
3272 4556 3435 4616 atque

178 4656 288 4706 νους
328 4642 585 4714 ὠνόμασε
630 4645 756 4709 τοὺς
791 4644 1218 4716 προεστηκότας,
1252 4645 1491 4701 σέσωκεν
1533 4647 1562 4699 ὁ
1590 4646 1750 4715 λόγος

1858 4652 2162 4713 arboribus.
2194 4649 2295 4706 alia
2327 4658 2488 4719 atque
2514 4647 2617 4702 alia
2645 4646 2714 4702 de
2762 4659 2926 4713 causa
2969 4641 3219 4697 contulit.

180 4733 333 4807 μέχρι
366 4736 566 4800 παντὸς
611 4736 710 4808 τὴν
755 4736 1092 4810 μεταφορὰν,
1133 4736 1306 4809 ληῖοις
1337 4755 1397 4792 τε
1440 4740 1536 4793 καὶ
1575 4737 1753 4805 ξύλοις

180 4828 308 4881 κατὰ
326 4828 585 4899 διάφορον
608 4828 810 4901 τρόπον
835 4828 1200 4899 παραϐάλλων
1240 4831 1367 4895 τοὺς
1406 4830 1498 4883 ὑπ’
1533 4827 1753 4893 αὐτούς.

239 4920 299 4972 Ei
344 4920 403 4973 δὲ
442 4921 507 4992 δή
553 4938 635 4985 τις
678 4921 847 4981 οἴοιτο,
870 4923 950 4986 είς
982 4920 1241 4993 ἐξήγησιν
1276 4920 1473 4992 ἠθικὴν
1506 4921 1663 4975 ταυτὶ
1691 4920 1755 4993 δή

180 5013 366 5081 χρῆναι
394 5013 802 5085 μετακομίζειν,
834 5016 1095 5086 φρονήσει
1122 5014 1322 5079 καλῶς.
1347 5014 1755 5085 Παρεικαστέον

180 5102 275 5172 γὰρ
308 5103 553 5173 ἀρεταῖς,
582 5106 676 5159 καὶ
703 5108 812 5169 τοῖς
838 5108 917 5169 είς
950 5106 1074 5165 νοῦν
1107 5105 1545 5177 κατορθώμασιν,
1577 5107 1756 5176 ἀμπε-

179 5190 276 5258 λον,
312 5195 410 5249 καὶ
442 5197 633 5268 συκῆν,
670 5197 763 5252 καὶ
790 5198 858 5255 τὰ
884 5199 1048 5270 ἕτερα
1075 5199 1183 5253 τῶν
1213 5198 1407 5267 ξύλων,
1457 5199 1495 5253 ἀ
1523 5201 1756 5270 καρποῖς

180 5282 399 5353 ὡραίοις
451 5289 845 5356 στεφανοῦσθαι
894 5291 1059 5360 φιλεῖ.
1105 5290 1244 5343 Ἀλλ’
1295 5292 1344 5345 εί
1386 5290 1485 5361 μέν
1532 5308 1617 5354 τις
1668 5291 1752 5362 εἴη

184 5380 335 5447 σοφὸς
389 5381 483 5436 καὶ
534 5382 812 5453 ἀγχίνους,
846 5386 943 5440 καὶ
991 5385 1323 5457 αὐχημάτων
1371 5386 1591 5454 ἀγαθῶν
1638 5388 1758 5439 ἐπι-

185 5470 456 5544 μελητὴς,
504 5474 708 5545 εὐανθῆ
752 5494 812 5529 τε
845 5478 941 5532 καὶ
970 5476 1189 5545 εῦξυλον
1244 5477 1337 5531 τὸν
1380 5479 1461 5541 εἰς
1492 5477 1615 5532 νοῦν
1663 5478 1756 5532 καὶ

184 5565 400 5635 καρδίαν
438 5568 659 5638 φορέσει
680 5570 873 5639 κῆπον,
906 5570 1156 5640 πολυειδῆ
1190 5570 1289 5641 τὴν
1313 5568 1514 5641 ἀρετὴν
1539 5570 1754 5641 τρέφων

185 5655 234 5709 ἐν
259 5656 463 5728 ἐαυτῷ,
517 5659 611 5713 καὶ
644 5660 820 5714 πάντα
862 5662 1063 5733 τρόπον
1111 5661 1428 5724 ἐπιεικείας.
1485 5661 1549 5719 Εἰ
1593 5661 1647 5721 δὲ
1690 5660 1753 5732 δὴ

186 5748 413 5821 ῥᾴθυμος
462 5751 557 5806 καὶ
606 5753 919 5824 φιλήδονος,
968 5754 1062 5808 καὶ
1105 5753 1237 5807 πολὺ
1269 5752 1389 5807 λίαν
1421 5752 1752 5817 ἐκνενευκὼς

186 5842 265 5897 ἐπὶ
295 5844 363 5899 τὰ
395 5845 616 5916 αἰσχίω,
652 5847 1051 5918 καταθρηνὴσει
1084 5846 1319 5912 πάντως,
1351 5845 1752 5913 μαραινομένης

1924 4915 1981 4970 Si
2034 4914 2156 4984 quis
2196 4910 2312 4977 haec
2347 4908 2417 4963 ad
2476 4905 2737 4964 moralem
2778 4900 3172 4972 expositionem
3214 4910 3430 4951 accom-

1855 5007 2118 5065 modunda
2155 5003 2388 5075 putabit,
2423 5009 2576 5056 recte
2601 4995 2833 5075 putabit.
2892 4989 3248 5049 Conferendze
3284 4986 3430 5042 enim

1859 5110 1988 5155 sunt
2014 5074 2269 5162 virtutes,
2300 5104 2355 5150 et
2389 5092 2661 5163 praeclara:
2689 5074 2935 5144 actiones
2976 5085 3142 5138 animi
3177 5097 3300 5137 eum
3346 5080 3430 5133 vi-

1863 5206 1989 5253 nea,
2036 5188 2244 5243 ﬁcubus
2267 5196 2320 5242 et
2366 5183 2675 5247 arboribus,
2710 5195 2830 5250 quae
2879 5178 3145 5234 lructibus
3176 5174 3432 5246 pulcher-

1858 5280 2011 5335 rimis
2035 5282 2377 5335 decorantur.
2418 5275 2570 5343 Quod
2598 5276 2643 5331 si
2673 5274 2795 5344 quis
2828 5272 3044 5342 sapiens
3075 5309 3090 5334 ,
3147 5278 3202 5322 et
3235 5265 3429 5327 solers,

1855 5381 1910 5427 et
1951 5372 2191 5442 probata:
2244 5372 2429 5444 glorias
2476 5352 2749 5426 studiosus
2782 5366 2986 5432 fuerit,
3036 5364 3250 5417 hortum
3292 5355 3433 5412 belle

1854 5464 2159 5529 ﬂorentem,
2189 5472 2241 5518 et
2263 5461 2514 5517 felicibus
2558 5459 2817 5515 refertum
2859 5452 3141 5519 arboribus
3185 5449 3237 5503 in
3270 5445 3433 5500 corde

1854 5566 1906 5611 et
1950 5556 2130 5611 animo
2164 5570 2262 5611 suo
2320 5550 2600 5618 excitabit,
2627 5550 2791 5605 multa
2833 5549 3090 5603 virtutum
3141 5555 3335 5612 genera
3377 5546 3431 5591 et.

1854 5664 2042 5706 omnes
2096 5648 2355 5705 bonitatis
2404 5646 2591 5701 modos
2630 5646 2681 5699 in
2734 5656 2801 5698 eo
2842 5642 3048 5696 fovens.
3111 5635 3205 5689 Sin
3244 5640 3428 5688 contra

1862 5748 2104 5816 ignavus,
2139 5742 2398 5814 voluptati
2429 5740 2662 5803 deditus,
2727 5745 2781 5790 et
2814 5734 2878 5788 ad
2921 5730 3200 5787 inhonesta
3251 5721 3428 5794 projec

1860 5850 2000 5906 ctus,
2048 5837 2191 5893 ﬂebit
2224 5834 2463 5906 largiter,
2486 5837 2756 5887 marcente
2777 5825 2875 5883 sibi
2900 5822 3136 5879 bonitate
3165 5825 3218 5873 ct
3248 5816 3431 5870 animo
