4068 6584
604 430 711 487 δι’]

1629 431 1690 489 S.
1730 431 2008 490 CYRlLLI
2048 427 2517 488 ALEXANDRINI
2556 427 2878 485 ARCIIIEP.

3770 428 3883 501 διε

605 548 943 604 sterilitatem
995 547 1216 604 multam
1270 550 1604 621 experiente.
1669 539 2002 608 Providentia
2059 560 2185 608 sunt

2291 548 2437 621 αὐτῷ
2462 548 2561 619 τῆς
2592 547 2915 611 ἐπιεικείας,
2947 547 3041 601 καὶ
3072 545 3271 618 πολλὴν
3302 544 3565 609 παθόντος
3597 542 3884 614 ἀκαρπίαν

605 640 768 711 igitur
792 638 1145 708 prudentibus
1174 640 1405 698 sollicite
1430 644 1566 698 bona
1591 644 1792 709 cordis,
1848 659 1968 714 qua!
2030 659 2176 700 sem-

602 746 701 799 per
726 733 956 786 aderunt
1004 731 1229 801 utique,
1277 734 1542 804 siquidem
1594 736 1698 790 illis
1750 735 1882 805 ipsis
1912 735 2181 791 oblectare

600 817 904 877 omlestium
932 822 1199 879 bonorum
1232 826 1691 897 suppeditatorem
1719 827 2011 883 voluerint.

685 995 847 1054 Vens.
876 999 966 1055 15.
1019 1001 1372 1072 Accingimini
1443 1012 1491 1057 et
1542 1003 1814 1075 plangite,
1859 1004 2177 1069 sacerdotes,

606 1086 968 1147 lamentamini
998 1094 1089 1164 qui
1114 1094 1425 1149 ministratis
1452 1095 1629 1150 altari.
1652 1095 2029 1167 Ingredimini,
2053 1100 2181 1150 dor-

607 1181 735 1235 mite
765 1182 819 1235 in
835 1183 1005 1238 saccis
1025 1185 1388 1240 ministrantes
1419 1186 1562 1253 Deo;
1585 1189 1712 1259 quia
1728 1188 1915 1259 defecit
1944 1193 2008 1245 de
2027 1190 2181 1245 domo

608 1270 707 1327 Dei
733 1274 887 1329 vestri
908 1274 1235 1344 sacri/icium
1261 1284 1308 1330 et
1334 1275 1540 1333 libatio.

679 1450 844 1521 209
874 1450 941 1506 X.
970 1451 1148 1508 Etiam
1183 1454 1268 1510 bis
1299 1456 1404 1511 alte
1453 1464 1744 1527 exaggerat
1784 1457 2185 1527 quodammodo

608 1555 731 1610 qua:
757 1542 1073 1608 acciderint,
1114 1553 1170 1601 et
1203 1555 1403 1601 metum
1449 1546 1641 1601 incutit
1672 1548 2008 1615 horribilem,
2035 1566 2183 1607 rem-

607 1649 713 1703 que
775 1634 932 1705 longe
974 1634 1220 1705 plurimis
1263 1636 1734 1692 obsecrationibus
1789 1640 2182 1706 procurandam

608 1734 790 1781 monet
811 1741 875 1782 ex
906 1742 991 1791 eo,
1018 1730 1159 1799 quod
1178 1729 1484 1784 sacerdotes
1506 1730 1648 1800 ipsos
1678 1729 1935 1802 plangere
1966 1746 2185 1788 necesse

606 1828 711 1875 est.
741 1818 1115 1874 Verumtamen
1154 1820 1281 1875 latet
1312 1820 1564 1890 quiddam
1591 1821 1806 1877 artiﬁcii
1854 1823 1906 1877 in
1953 1823 2038 1878 his
2060 1838 2184 1879 ver-

608 1909 710 1966 bis.
744 1909 879 1978 Quia
945 1926 1178 1981 namque
1233 1910 1494 1968 idolorum
1557 1912 1795 1969 delubris
1869 1914 2185 1971 stultissime
2217 1897 2258 1954 Β

609 2006 952 2072 assederant,
1003 2021 1067 2061 ac
1114 2005 1223 2062 Deo
1261 2022 1328 2062 ex
1382 2007 1461 2061 ira
1508 2010 1867 2078 percutiente,
1926 2010 2184 2065 auxilium

609 2096 732 2150 inde
770 2098 1149 2166 quaesiverant,
1190 2098 1394 2153 utiliter
1426 2100 1801 2155 universorum
1861 2101 2122 2158 Dominus
2153 2118 2183 2155 a

606 2187 977 2243 sacerdotibus
1045 2188 1158 2243 suis
1207 2189 1455 2258 requirit,
1492 2198 1551 2245 ut
1604 2192 1923 2262 suppliciter
1979 2193 2185 2247 orando

606 2275 727 2331 aliis
756 2285 1013 2346 prateant,
1041 2285 1098 2331 et
1134 2277 1235 2348 ipsi
1271 2277 1457 2335 amicti
1512 2282 1827 2338 ardentibus
1859 2284 2187 2352 pmnitentiae

603 2367 797 2423 studiis
836 2367 1075 2437 praesint,
1125 2378 1182 2422 ut
1220 2384 1545 2440 cognoscant
1581 2377 1819 2444 percussi
1856 2376 2020 2445 quod,
2084 2376 2183 2431 nisi

604 2458 716 2513 Deo
769 2468 982 2530 gratum
1041 2459 1223 2516 facere
1275 2463 1443 2519 velint
1486 2465 1647 2535 eique
1706 2466 1976 2536 supplices
2026 2468 2139 2522 ﬁeri
2170 2508 2184 2533 ,

604 2550 724 2615 ejus
773 2550 842 2605 ab
883 2565 942 2607 se
986 2551 1123 2606 iram
1154 2567 1262 2608 non
1290 2557 1533 2611 aversuri
1563 2559 1691 2612 sint.
1721 2558 1947 2629 Oportet
2001 2560 2185 2631 igitur,

605 2640 701 2706 ait,
718 2641 1021 2698 sacerdotio
1057 2642 1343 2714 fungentes
1367 2648 1751 2717 propemodum
1790 2650 1954 2705 etiam
1979 2654 2189 2708 caeteris

604 2732 950 2788 commodare
996 2736 1064 2789 de
1126 2737 1560 2794 obsecrationum
1611 2740 1923 2805 laboribus,
1957 2742 2185 2808 ululatu,

605 2820 861 2888 laurento,
897 2824 1037 2879 sacci
1071 2826 1294 2892 amictu,
1353 2842 1449 2896 per
1471 2843 1632 2896 quem
1672 2828 1985 2886 deliciarum
2012 2840 2062 2885 et
2088 2832 2183 2886 otii

605 2912 870 2981 depositio
941 2913 1299 2983 signiﬁcatur,
1369 2916 1556 2970 durior
1611 2918 1886 2986 tractatio,
1944 2920 2185 2974 laborum

606 3002 872 3067 molestia,
906 3010 960 3057 et
990 3004 1112 3058 vita:
1141 3019 1261 3074 quae
1292 3014 1509 3061 sanctos
1539 3007 1747 3074 deceat,
1780 3008 2055 3063 sincerum
2086 3011 2172 3064 in—

608 3094 993 3165 culpatumque
1036 3098 1297 3153 studium.
1347 3097 1549 3152 Deinde
1583 3114 1800 3154 causam
1832 3100 2034 3156 laboris
2079 3104 2183 3158 lm-

603 3188 696 3255 jus
728 3187 1069 3242 manifestam
1096 3204 1367 3258 promens,
1382 3190 1641 3245 defecisse
1662 3190 1885 3261 inquita
1908 3192 2068 3248 domo
2083 3195 2188 3249 Do-

611 3277 743 3331 mini
776 3278 1103 3334 sacriﬁcium
1127 3289 1181 3334 et
1198 3279 1451 3335 libamen.
1475 3281 1659 3335 Dirum
1693 3281 1834 3336 dictu
1862 3300 1877 3336 :
1908 3298 2013 3338 non
2045 3285 2188 3339 enim

609 3368 843 3424 allirmat
908 3370 1235 3426 sacriﬁcium
1295 3380 1349 3427 et
1382 3372 1691 3427 libationem
1739 3374 2040 3442 imminuta,
2098 3385 2193 3432 aut

608 3458 867 3517 inferiora
912 3462 1055 3517 facta
1083 3480 1098 3530 ;
1135 3463 1227 3517 sed
1258 3461 1524 3520 deiecisse
1550 3465 1746 3533 potius,
1801 3466 1853 3520 id
1883 3476 1987 3531 est,
2013 3469 2191 3524 omni-

609 3567 683 3607 no
728 3568 914 3609 eversa
943 3569 1007 3609 ac
1035 3552 1318 3625 proﬂigata
1367 3568 1508 3611 esse.
1537 3555 1642 3611 Res
1699 3557 1880 3628 gravis
1904 3566 1962 3613 et
2016 3559 2189 3613 mole-

608 3654 692 3699 sta
726 3645 967 3715 profecto
990 3647 1419 3718 magistratibus,
1442 3648 1487 3705 si
1527 3648 1674 3703 nullo
1704 3633 1864 3705 modo
1910 3666 1941 3705 a
2008 3650 2192 3719 subje-

609 3736 716 3792 ctis
746 3737 953 3793 colatur
987 3737 1148 3795 Deus.

682 3910 845 3965 Vens.
904 3911 989 3976 14,
1028 3912 1114 3967 15.
1164 3912 1507 3982 Sanctiﬁcate
1556 3915 1843 3986 jejunium,
1907 3920 2190 3988 praedicata

608 4003 954 4069 curationem,
1003 4014 1310 4074 congregata
1368 4008 1634 4070 seniores,
1693 4025 1870 4064 omnes
1937 4010 2186 4065 habitan-

610 4103 687 4148 tes
725 4103 913 4149 terram
949 4095 1005 4149 in
1033 4095 1247 4149 domum
1281 4096 1490 4153 Domini
1553 4099 1646 4154 Dei
1681 4103 1854 4165 vestri,
1889 4111 1940 4156 et
1981 4104 2185 4159 clama-

610 4196 661 4239 te
681 4188 749 4239 ad
788 4184 1073 4240 Dominum
1092 4188 1451 4245 vehententer:
1486 4190 1604 4245 Heu
1666 4194 1812 4259 mihi,
1865 4194 1966 4249 heu
2035 4196 2184 4261 mihi,

608 4275 709 4329 Iteu
738 4276 888 4342 mihi,
924 4277 979 4331 in
1021 4277 1181 4333 diem.

679 4365 769 4420 XI.
807 4366 924 4434 Quo
982 4378 1141 4438 pacto
1205 4370 1336 4437 ipsis
1380 4370 1670 4443 lugendum
1724 4376 1797 4430 sit
1831 4392 2045 4432 rursum
2090 4379 2184 4435 de-

610 4466 899 4525 monstrat,
930 4473 1155 4532 seseque
1189 4460 1294 4516 illis
1328 4462 1382 4517 in
1431 4462 1572 4517 viam
1613 4466 1949 4533 pmttitentiaa
2000 4468 2184 4522 ducto-

2282 637 2378 692 τοῦ
2428 636 2541 693 νοῦ.
2604 637 2991 708 Ἐπιμελητέον
3021 637 3086 708 δὴ
3117 632 3211 690 οὖν
3240 638 3353 699 τοῖς
3380 635 3639 707 ἐχέφροσι
3677 632 3796 687 τῶν
3822 634 3884 684 ἔν

2284 727 2529 801 καρδίαις
2552 728 2791 799 ἀγαθῶν,
2816 728 2852 784 ἃ.
2891 728 2954 800 δὴ
3001 728 3298 800 προσέσται
3330 728 3570 791 πάντως,
3601 728 3654 780 εί
3684 723 3785 778 ἐπί
3813 741 3881 791 γε

2286 819 2473 888 σφίσιν
2506 820 2692 884 αὐτοῖς
2722 820 3036 890 εὐφραίνειν
3090 820 3297 873 ἕλοιντο
3324 820 3416 875 τὸν
3462 818 3570 873 τῶν
3610 816 3881 889 οὐρανίων

2284 908 2510 978 ἀγαθῶν
2546 910 2767 982 δοτῆρα.

2354 998 2764 1069 Περιζὼσασθε
2796 988 2911 1054 ’καὶ
2975 1001 3271 1056 κόπτεσθε
3289 1040 3306 1065 ,
3358 1004 3415 1056 οι
3475 998 3684 1067 ἱερεῖς·
3735 1000 3885 1066 θ,ρή⁴

2284 1090 2459 1155 νεῖτε,
2482 1093 3044 1163 οίλειτουργοῦντες
3070 1092 3493 1160 θυσιαστηρίῳ.
3526 1091 3879 1150 Ἐσέλθετε,

2283 1182 2607 1238 ὑπνώσατε
2680 1184 2751 1238 ἐν
2822 1183 3074 1252 σάκκοις
3143 1183 3634 1254 ,λειτουργοῦντες
3716 1180 3882 1245 Θεῷ·

2287 1276 2377 1331 ὅτι
2438 1276 2794 1349 ἀπέσχηκεν
2832 1276 2902 1343 ἐξ
2941 1278 3113 1333 οἴκου
3154 1278 3301 1333 Θεοῦ
3342 1276 3511 1347 ὑμῶν
3548 1276 3733 1331 θυσία
3777 1274 3884 1328 καί

2286 1366 2551 1433 σπονδή.

2361 1462 2418 1513 l'.
2462 1461 2614 1532 Αίρει
2646 1460 2745 1533 μὲν
2770 1461 2961 1533 ὥσπερ
2991 1462 3085 1515 καὶ
3110 1461 3198 1516 διά
3220 1459 3425 1515 τούτων
3450 1458 3546 1530 ὕψι
3578 1458 3649 1512 τά
3678 1457 3888 1529 συμϐε-

2287 1551 2516 1624 6ηκότα,
2553 1553 2649 1607 καὶ
2680 1555 2738 1609 ὲν
2763 1554 3063 1625 ἀφορήτοις
3096 1555 3329 1607 ποιεῖται
3354 1552 3589 1623 δείμασι,
3618 1551 3889 1620 πλείστης

2290 1644 2391 1716 μὲν
2418 1645 2549 1716 ὅσης
2576 1644 2783 1698 δεῖσθαι
2814 1644 2967 1714 λιτῆς
3015 1644 3079 1698 τὸ
3122 1646 3310 1716 χρῆμα
3340 1642 3536 1715 δηλῶν,
3562 1643 3653 1697 διά
3678 1659 3743 1711 γε
3778 1640 3878 1693 τοῦ

2290 1735 2487 1805 κρῆναι
2523 1735 2618 1787 καὶ
2659 1735 2858 1799 αὐτοὺς
2903 1734 3268 1805 κατοιμώζειν
3316 1735 3443 1797 τοὺς
3490 1734 3682 1805 ἱερεῖς.
3733 1732 3889 1799 Πλὴν

2292 1819 2405 1890 ἔχει
2435 1838 2489 1873 τι
2531 1820 2628 1874 καὶ
2660 1822 2910 1893 εὐτεχνὲς
2947 1824 2974 1875 ό
3004 1822 3181 1892 λόγος.
3226 1821 3445 1893 Ἐπειδὴ
3484 1822 3594 1893 γὰρ
3627 1823 3742 1884 τοῖς
3774 1822 3891 1873 τῶν

2286 1909 2521 1963 εἰδώλων
2550 1911 2834 1982 τεμένεσιν
2864 1911 3202 1966 ἀϐουλότατα
3220 1909 3676 1985 προσιζήσαντες,
3704 1909 3892 1964 καίτοι

2284 2000 2419 2055 Θεοῦ
2454 2002 2850 2065 καταπαίοντος
2869 2003 2928 2067 ἐξ
2960 2003 3150 2075 ὀργῆς,
3178 2002 3280 2067 τάς
3309 2003 3628 2076 ἐπικουρίας
3653 2000 3892 2071 ἐζήτουν

2285 2093 2520 2159 ἐκεῖθεν,
2573 2094 2838 2166 ἀπονέμει
2869 2095 3157 2165 χρησίμως
3183 2096 3213 2148 ό
3250 2094 3361 2147 τῶν
3405 2094 3541 2148 ὅλων
3590 2092 3727 2155 Θεὸς
3772 2093 3892 2154 τοῖς

2287 2184 2439 2249 ἰδίοις
2471 2185 2777 2257 ίερουργοῖς
2804 2184 2866 2238 τὸ
2895 2186 3257 2257 καθηγεῖσθαι
3294 2185 3488 2249 λιταῖς,
3540 2184 3637 2239 καὶ
3671 2184 3890 2253 τληπα-

2285 2273 2395 2338 θῶς
2421 2273 2751 2346 προεστάναι
2786 2272 2895 2327 τῶν
2926 2274 3005 2337 είς
3040 2272 3381 2344 μετάγνωσιν
3413 2269 3884 2340 σπουδασμὼτων,

2287 2362 2357 2417 ἶν’
2403 2363 2593 2419 εἰδεῖεν
2649 2364 2698 2417 οἰ
2747 2361 3108 2434 πεπληγότες,
3158 2362 3235 2426 ὡς
3277 2363 3326 2415 εί
3380 2361 3453 2432 μὴ
3504 2359 3624 2427 Θεῷ
3682 2358 3890 2428 μᾶλλον

2287 2454 2496 2508 ἕλοιντο
2543 2455 2615 2509 τά
2652 2455 2785 2525 φίλα
2828 2453 3030 2526 ζητεῖν,
3069 2454 3163 2508 καὶ
3205 2452 3352 2523 αὐτῷ
3400 2451 3737 2525 προσάγοιεν
3784 2448 3891 2511 τάς

2285 2545 2458 2609 λιτάς,
2493 2546 2593 2599 οὐκ
2625 2546 2692 2600 ἂν
2741 2544 3157 2617 διακρούσαιντο
3192 2544 3294 2615 τὴν
3327 2544 3519 2616 ὀργήν.
3552 2544 3776 2614 Χρῆναι
3823 2541 3888 2608 δὴ

2287 2632 2380 2691 οὖν
2412 2637 2516 2709 ἔφη
2546 2639 2676 2701 τοὺς
2707 2638 3110 2710 ίερατεύοντας,
3155 2636 3438 2709 μονονουχὶ
3481 2636 3577 2689 καὶ
3621 2632 3891 2698 δανείζειν

2286 2733 2400 2794 τοῖς
2436 2729 2619 2794 ἄλλοις
2652 2731 2780 2793 τοὺς
2806 2733 2864 2784 ὲν
2891 2734 3013 2795 ταῖς
3056 2730 3233 2794 λιταῖς
3278 2729 3506 2793 πόνους,
3534 2726 3791 2781 κωκυτὸν
3821 2742 3878 2777 τε

2287 2820 2381 2873 καὶ
2412 2819 2631 2890 θρῆνον,
2661 2821 2755 2874 καὶ
2796 2820 3000 2874 σάκκου
3051 2821 3370 2892 περιϐολὴν,
3402 2820 3469 2875 δι’
3503 2814 3565 2875 οὗ
3610 2818 3885 2890 σημαίνε-

2285 2927 2376 2964 ται
2401 2910 2615 2981 τρυφῆς
2678 2911 2772 2963 καὶ
2804 2911 3124 2982 ἀναπαύλης
3150 2912 3428 2975 ἀπόθεσις,
3462 2908 3887 2981 σκληραγωγία,

2289 3003 2382 3055 καὶ
2412 3001 2593 3065 πόνος,
2626 3004 2721 3056 καὶ
2750 3001 2898 3073 ζωῆς
2930 3003 3299 3076 ἁγιοπρεποῦς
3343 3002 3477 3074 ὀρθὴ
3516 3004 3612 3055 καὶ
3638 3001 3889 3072 ἀμώμη-

2288 3109 2380 3156 τος
2417 3091 2783 3162 ὲπιτήδευσις.
2834 3090 2966 3147 Elea.
2996 3093 3092 3147 τοῦ
3123 3094 3284 3147 πόνου
3317 3093 3413 3165 τὴν
3459 3091 3636 3147 αἰτίαν
3667 3090 3887 3162 ἐναργῆ

2290 3182 2576 3251 καθιστὰς,
2623 3183 3000 3253 ἀπεσχηκέναι
3044 3184 3209 3255 φησὶν
3241 3183 3301 3249 ἐξ
3329 3183 3479 3238 οῖκου
3527 3182 3739 3253 Κυρίου
3789 3180 3887 3233 θυο

2294 3275 2412 3328 σίαν
2440 3275 2535 3327 κα)⁸
2564 3275 2816 3346 σπονδήν.
2859 3277 3068 3347 Δριμὺς
3092 3276 3122 3328 ό
3162 3275 3318 3345 λόγος
3338 3291 3354 3307 ⁸
3388 3275 3450 3329 οὐ
3487 3273 3595 3346 γὰρ
3628 3272 3779 3344 πρὸς
3826 3273 3888 3325 τὸ

2295 3366 2447 3434 μεῖον
2500 3363 2822 3434 ὲνηνέχθαιι,
2873 3364 2907 3435 ἢ
2957 3363 3304 3434 ὴλαττῶσθαί
3360 3380 3493 3435 φησι
3544 3362 3741 3416 θυσίαν
3791 3364 3887 3416 καὶ

2292 3454 2547 3524 σπονδὴν,
2579 3454 2948 3525 ἀπεσχηκέναι.
2976 3454 3035 3509 δὲ
3070 3454 3292 3525 μᾶλλον,
3318 3454 3456 3525 ὅπερ
3500 3454 3618 3507 ἐστὶ
3667 3470 3885 3506 παντε-

2290 3545 2397 3607 λῶς
2429 3546 2742 3615 ἀνατροπῆς
2772 3544 3126 3617 σημαντικόν.
3156 3543 3338 3600 Δεινδν
3364 3544 3423 3598 δὲ
3445 3544 3507 3598 τὸ
3537 3544 3731 3615 χρῆμα
3783 3544 3883 3596 καὶ

2290 3635 2554 3706 ἃδσαχθὲς
2600 3636 2815 3707 ἀληθῶς
2842 3639 2956 3701 τοῖς
3000 3637 3145 3691 λαῶν
3188 3635 3600 3709 προεστηκόσιν,
3630 3635 3678 3689 εί
3734 3635 3886 3688 κατά

2294 3727 2503 3799 μηδένα
2536 3726 2735 3799 τρόπον
2768 3729 2874 3783 ὑπὸ
2902 3729 3013 3783 τῶν
3054 3728 3477 3800 ὑπεζευγμένων
3515 3728 3885 3801 θεραπεύοιτο

2290 3821 2444 3884 Θεὸς.

2339 3885 2351 3899 ’
2371 3911 2685 3983 Ἀγιάσατε
2761 3911 3057 3978 νηστείαν
3076 3952 3092 3978 ,
3159 3911 3458 3981 κηρύξατε
3527 3914 3879 3982 θεραπείαν,

2289 4004 2660 4074 συναγάγετε
2717 4002 3181 4071 πρεσϐυτέρους,
3243 4004 3474 4071 πάντας
3522 4007 3882 4061 anaremos?»

2286 4112 2394 4162 τας
2443 4094 2563 4167 γῆν
2605 4097 2694 4161 είς
2740 4089 2911 4148 οἷκον
2949 4096 3099 4151 Θεοῦ
3150 4095 3338 4166 ὑμῶν,
3390 4097 3489 4151 καί
3537 4096 3881 4165 κηρύξατε

2285 4185 2437 4254 πρὸς
2472 4186 2694 4257 Κύριον
2739 4185 3026 4253 ὲντενῶς·
3078 4186 3246 4257 Οτμσι
3306 4187 3501 4259 οἵμοι,
3550 4188 3726 4258 οἶμοι,
3784 4192 3876 4255 εις

2284 4275 2536 4345 ἡμέραν.

2354 4367 2454 4424 lA’.
2496 4369 2631 4425 Τίνα
2657 4368 2726 4441 δὴ
2745 4369 2949 4441 τρόπον
2973 4369 3171 4433 αὐτοῦς
3206 4370 3475 4425 ποιεῖσθαι
3506 4373 3783 4443 προσήκει
3818 4374 3879 4426 τὸ

2282 4460 2500 4528 πένθος,
2529 4461 2809 4533 διατρανοί
2839 4461 3026 4529 πάλιν,
3057 4460 3151 4517 καὶ
3179 4462 3466 4537 ὑφηγητης
3492 4464 3649 4534 σοφὸς
3684 4466 3877 4529 αὐτοῖς

610 4566 723 4607 rem
752 4551 1050 4623 sapientem
1080 4563 1322 4625 praestat,
1356 4563 1413 4609 et
1440 4556 1636 4624 quibus
1664 4558 2039 4613 universorum
2066 4559 2173 4615 Do-

2291 4554 2542 4625 ῳαίνεται
2561 4555 2657 4625 τῆς
2688 4556 2767 4620 εἰς
2798 4556 3147 4627 μετάγνωσιν
3178 4554 3321 4619 ὀδοῦ,
3356 4556 3452 4609 καὶ
3496 4556 3563 4610 τὰ
3593 4556 3660 4610 δι’
3690 4551 3772 4612 ὧν
3811 4559 3876 4613 ἂν

610 4644 789 4699 minus
826 4644 975 4701 mitis
1018 4660 1083 4703 ac
1138 4646 1431 4703 benevolus
1457 4646 1720 4703 elﬁciatur
1771 4651 2013 4720 exponit.
2068 4650 2181 4708 Hoc

2282 4647 2488 4717 γένοιτο
2515 4649 2689 4719 πρᾶος
2718 4648 2811 4701 καὶ
2854 4645 3088 4718 εὐμενὴς
3130 4648 3160 4699 ό
3204 4646 3313 4700 τῶν
3340 4647 3480 4702 ὅλων
3506 4648 3655 4711 Θεὸς,
3694 4667 3869 4703 κατα-

606 4750 769 4806 porro
801 4745 905 4803 est,
942 4747 1002 4793 ut
1032 4751 1134 4807 ego
1166 4738 1445 4803 existimo,
1480 4742 1622 4795 iram
1655 4740 1885 4797 volentis
1934 4742 2181 4801 inhibere

2291 4742 2541 4797 δείκνυσι.
2576 4739 2749 4795 Τοῦτο
2782 4738 2846 4810 δὴ
2872 4735 2962 4811 ἦν,
2992 4734 3172 4809 οἶμαι,
3206 4739 3301 4792 καὶ
3327 4740 3593 4809 ἀνακόψαι
3619 4740 3873 4804 θέλοντος

604 4838 661 4883 ct
694 4843 973 4886 removere
1003 4831 1218 4900 penitus
1245 4832 1388 4901 quod
1450 4833 1757 4898 contristat,
1786 4844 1841 4889 et
1875 4849 2183 4906 compesce-

611 4936 669 4976 re
713 4923 857 4991 quod
886 4921 1050 4988 laedit,
1074 4933 1130 4978 et
1172 4923 1336 4977 vitam
1380 4924 1604 4996 insuper
1648 4925 1860 4981 felicem
1891 4926 2182 4983 bonorum-

607 5026 712 5081 que
747 5014 957 5083 copiam
1016 5013 1221 5084 largiri.
1256 5015 1346 5069 Ait
1391 5031 1543 5087 ergo,
1599 5035 1620 5069 ι
1659 5017 2010 5073 Sanctiﬁcate
2048 5021 2183 5091 jeju-

611 5106 821 5160 nium.»
858 5103 914 5159 Id
975 5114 1080 5170 est,
1110 5114 1365 5178 tanquam
1417 5109 1726 5172 anathema,
1768 5118 1822 5164 et
1848 5109 2172 5166 sacriﬁcium

610 5214 737 5254 vere
812 5197 1278 5263 sacratissimum,
1353 5207 1425 5269 et,
1462 5215 1494 5254 a
1559 5202 1980 5270 reprehensione
2053 5203 2183 5260 alie-

611 5306 780 5362 num,
856 5300 1117 5362 usurpate
1171 5290 1458 5363 jejunium.
1517 5291 1669 5347 Haud
1725 5293 1868 5349 enim
1927 5292 2008 5351 fas
2052 5306 2181 5363 est,

608 5382 852 5438 ciborum
883 5383 1207 5438 abstinentia
1242 5383 1619 5454 corpusculum
1659 5384 1953 5452 emaciare,
1990 5396 2046 5441 et
2102 5389 2182 5442 in-

612 5484 693 5530 ter
751 5474 1101 5546 jejunandum
1181 5489 1244 5531 ea
1311 5475 1532 5540 facere,
1585 5475 1782 5545 quibus
1844 5477 1911 5532 ad
1965 5479 2184 5535 iracun-

608 5565 751 5619 diam
785 5565 926 5620 Deus
958 5564 1220 5620 irritetur.
1245 5563 1379 5619 Nam
1404 5564 1474 5631 si,
1503 5579 1625 5621 cum
1653 5563 1858 5634 jejunio
1894 5582 1989 5622 nos
2019 5567 2185 5624 allici-

612 5672 755 5721 mus,
792 5671 822 5710 a
850 5655 1081 5724 propriis
1113 5654 1483 5711 voluntatibus
1521 5655 1803 5713 discedere
1842 5658 2097 5723 nolimus,
2129 5670 2184 5715 et

611 5746 911 5817 alﬁigamus
938 5744 1200 5811 subditos,
1230 5756 1283 5801 et
1313 5747 1380 5801 ad
1421 5745 1681 5818 judicium
1746 5761 1811 5802 ac
1843 5762 2049 5819 pugnas
2104 5749 2182 5819 je-

615 5838 887 5903 iunemus,
920 5836 1087 5908 210
1116 5847 1169 5894 et
1212 5838 1579 5910 percutiamus
1638 5853 1816 5911 pugno
1877 5840 2183 5899 conditione

2280 4835 2381 4904 τὴν
2406 4832 2595 4906 ὀργὴν,
2631 4832 2727 4886 καὶ
2768 4828 3026 4899 ἀφανίσαι
3053 4829 3116 4883 τὸ
3144 4829 3368 4892 λυποῦν,
3404 4831 3496 4884 καὶ
3532 4833 3872 4901 περιστεῖλαι

2280 4925 2342 4977 τὸ
2377 4924 2633 4994 βλάπτον,
2665 4920 2944 4977 ἐπιδοῦναί
2969 4937 3031 4973 τε
3065 4919 3226 4976 πάλιν
3255 4920 3439 4985 αὐτοῖς
3468 4922 3528 4977 τὸ
3554 4923 3867 4994 εὐημερεῖν,

2283 5017 2378 5071 καὶ
2405 5016 2705 5087 διαχεῖσθαι
2734 5017 2848 5079 τοῖς
2885 5013 3131 5083 ἀγαθοῖς.
3183 5016 3328 5085 Ἔφη
3361 5015 3576 5069 τοίνυν
3607 5035 3625 5067 ι
3677 5016 3870 5085 ’Δγιά-

2285 5126 2417 5162 σατε
2443 5107 2716 5179 νηστείαν,
2754 5125 2774 5157 ι
2806 5107 3104 5173 τουτέστιν,
3134 5104 3211 5169 ὡς
3249 5107 3315 5161 ὲν
3334 5107 3681 5180 ἀναθήματος
3700 5114 3871 5163 ποιεῖ-

2285 5200 2380 5254 σθε
2411 5197 2584 5265 τάξει,
2616 5198 2710 5253 καὶ
2748 5198 2823 5261 ὡς
2855 5198 2915 5250 ὲν
2958 5196 3149 5263 θυσίας
3168 5199 3393 5270 τρόπῳ,
3414 5200 3514 5271 τὴν
3538 5200 3614 5264 ὼς
3650 5202 3869 5273 ἀληθῶς

2284 5291 2548 5361 πανάγιω
2579 5290 2673 5344 καὶ
2701 5288 3005 5361 ἀμώμητον
3052 5290 3327 5360 νηστείαν.
3361 5291 3436 5344 Οὐ
3466 5290 3575 5363 γὰρ
3610 5292 3672 5362 δὴ
3703 5311 3869 5363 προσ-

2284 5385 2408 5454 ήκει
2433 5385 2553 5446 ταῖς
2572 5382 2669 5453 μὲν
2690 5381 2927 5445 ἀσιτίαις
2956 5380 3364 5452 κατατήκεσθαι
3394 5382 3456 5435 τὸ
3478 5384 3867 5454 σαρκίον,δρᾷν

2283 5475 2341 5530 δὲ
2369 5475 2566 5538 αὐτοὺς
2600 5472 3029 5545 νενηστευκότας
3056 5472 3125 5527 τὰ
3153 5474 3238 5543 ἐφ’
3267 5468 3349 5534 οἷς
3382 5475 3451 5528 ἂν
3474 5476 3866 5548 παροτρύνοιτο

2284 5567 2437 5632 Θεός.
2495 5568 2561 5621 Ei
2618 5567 2727 5638 γὰρ
2780 5565 3067 5637 μέλλοιμεν
3126 5566 3183 5619 ὲν
3226 5567 3403 5639 καιρῷ
3444 5568 3699 5638 νηστείας
3754 5569 3863 5621 τῶν

2288 5659 2434 5714 ἰδίων
2474 5658 2577 5712 οὐκ
2613 5655 2999 5735 ἀποπαύεσθαι
3052 5656 3396 5727 θελημάτων,
3441 5657 3761 5712 ὐπονύττειν
3805 5658 3861 5710 δὲ

2283 5753 2410 5816 τοὺς
2438 5748 2779 5823 ὑποχειρίους
2828 5752 2907 5815 είς
2955 5748 3135 5819 κρίσιν
3165 5765 3223 5802 τε
3266 5749 3361 5802 καὶ
3390 5749 3600 5821 μάχας,
3640 5751 3863 5802 τύπτειν

2286 5861 2345 5899 τε
2374 5847 2617 5917 πυγμαῖς
2640 5842 2893 5899 ταπεινὸν
2931 5842 3072 5897 κατὰ
3101 5839 3161 5894 τὸ
3190 5840 3363 5911 γένος,
3397 5839 3550 5897 οΰπω
3579 5841 3860 5912 νενηστεύ-
