4068 6580
62 431 185 489 ars
991 398 1545 491 COMMEN'rAiuUS
1581 433 1649 487 1N
1688 435 1696 488 ς

1799 431 1955 489 ELEM
1999 431 2450 490 PROPHETAM.
3199 488 3202 491 Α
3263 429 3367 487 550

67 548 379 618 καμενιῖκι
397 547 507 601 δεῖο
534 547 711 601 πόνων
732 545 790 600 δὲ
817 545 1019 617 ζημίας
1042 546 1420 618 ὑπομενοῦμεν
1435 548 1682 615 εἰκότως,

1799 549 2069 616 humilem,
2115 549 2351 604 nondum
2388 556 2448 602 ut
2490 547 2645 603 decet
2676 545 3000 616 jejunamus,
3027 554 3084 601 et
3120 545 3365 602 afﬂictio-

63 639 222 692 Θεοῦ
264 639 703 711 διακεκραγότος
726 650 754 672 ο·
779 657 799 690 ι
826 640 901 692 Οὐ
936 638 1045 710 γὰρ
1081 638 1286 710 ταύτην
1317 639 1416 712 τὴν
1443 640 1695 711 νηστείαν

1799 658 1927 696 nam
1988 657 2175 713 pmnas
2198 641 2465 705 dabimus,
2490 640 2684 695 merito
2705 638 2972 694 clamante
2996 640 3141 695 Deo:
3176 658 3195 691 ι
3223 638 3370 694 Nun-

67 730 201 800 ἐγὼ
230 731 603 804 δξελεξάμην.
643 751 663 785 r
697 732 790 784 Δεῖ
823 730 887 800 δὴ
918 726 1012 785 οὖν
1055 731 1391 802 ἀποσχέσθαι
1426 733 1696 804 φαυλότη-

1799 733 1924 804 quid
1959 735 2061 790 hoc
2108 742 2193 789 est
2215 733 2499 805 jejunium,
2531 732 2675 802 quod
2721 730 2857 801 elegi
2889 732 2936 763 "
2960 730 2981 786 ἲ
3009 749 3028 782 r
3078 730 3367 787 Abstinen-

64 840 202 887 τος,
244 825 491 879 ἕπεσθαί
525 841 605 889 τε,
636 824 733 879 καὶ
770 823 914 896 μάλα
943 826 1229 888 νεανικῶς,
1254 827 1369 889 τοῖς
1400 825 1494 878 τοῦ
1538 842 1696 895 νομο-

1799 827 1925 882 dum
1961 826 2121 896 igitur
2152 826 2220 881 ab
2259 824 2628 896 improbitate,
2659 832 2714 878 et
2744 825 2997 877 mandata
3049 822 3370 893 legislatoris

69 915 262 969 θέτου
300 917 559 986 δόγμασι,
586 915 685 987 τὴν
715 915 946 986 καρδίαν
971 915 1373 979 ἀπευθύνοντας
1408 916 1547 989 πρὸς
1587 918 1696 970 πᾶν

69 1006 285 1061 ὁτιοῦν
340 1008 453 1063 τῶν
488 1008 830 1079 ἀρεσκόντων
859 1007 1028 1079 αὐτῷ,
1085 1009 1179 1062 καὶ
1214 1007 1305 1063 τὸν
1334 1009 1434 1079 τῆς
1459 1008 1697 1073 διανοίας

75 1097 493 1168 ὑποφέροντας
547 1098 771 1169 αὐχένα,
816 1098 1120 1168 ψάλλοντάς
1161 1116 1222 1152 τε
1269 1099 1366 1152 καὶ
1396 1099 1652 1167 λέγοντας
1677 1115 1691 1132 ·

80 1190 209 1243 Ἴδε
234 1191 351 1261 τὴν
379 1190 710 1243 ταπείνωσίν
735 1208 836 1260 μου
862 1194 957 1244 καὶ
980 1190 1072 1245 τὸν
1098 1191 1265 1245 κόπον
1289 1208 1412 1261 μου,
1436 1190 1531 1244 καὶ
1560 1191 1698 1261 ἄφες

75 1281 291 1344 πάσας
320 1280 422 1344 τὰς
453 1279 873 1351 ἀμαρτίας.Καὶ
912 1280 1020 1349 μὴν
1050 1279 1186 1348 πρὸς
1211 1278 1350 1349 τῷδε
1389 1279 1607 1332 κάκεῖνο
1634 1279 1697 1332 τὸ

78 1372 485 1443 προφητικόν·
528 1390 548 1423 ι
596 1372 726 1426 Ἰδοὺ
755 1371 864 1425 οἵδε
892 1373 1051 1441 ἡμεῖς
1097 1370 1333 1441 ἐσόμεθὰ
1372 1388 1474 1434 σοι,
1503 1371 1584 1425 ὅτι
1629 1370 1694 1424 σὺ

1797 915 2165 970 exhaurienda
2194 924 2441 982 strenue,
2486 912 2935 982 dirigendumque
2962 925 3060 966 cor
3096 912 3163 965 ad
3209 926 3371 967 omne

1796 1006 1893 1062 Dei
1932 1007 2348 1075 beneplacitum,
2410 1016 2463 1063 et
2502 1006 2700 1062 mentis
2769 1005 2951 1061 cervix
3012 1004 3368 1073 subjicienda,

1798 1099 2239 1169 psallendumque
2279 1114 2345 1154 ac
2388 1099 2749 1154 dicendumu
2805 1097 2937 1152 Vide
3010 1095 3377 1151 humilitatem

1797 1207 1975 1247 meam
2006 1206 2070 1246 ac
2102 1192 2341 1247 laborem
2391 1206 2591 1256 meum,
2617 1200 2669 1246 et
2695 1190 2904 1247 dimitte
2934 1187 3115 1243 omnia
3152 1197 3377 1256 peccata.

1799 1283 2039 1339 mea".r
2075 1283 2300 1354 Insuper
2346 1282 2476 1337 illud
2499 1281 2902 1351 propheticum:
2941 1280 3109 1334 rEcce
3138 1295 3234 1333 nos
3292 1277 3367 1331 tui

1797 1377 2022 1437 erimus,
2061 1374 2187 1445 quia
2235 1384 2288 1429 tu
2341 1375 2594 1429 Dominus
2638 1374 2778 1428 Deus
2821 1381 3007 1428 uoster
3054 1386 3132 1427 es.
3176 1392 3196 1424 ι
3245 1369 3371 1425 Ηωο

80 1464 315 1535 Κύριος
340 1463 524 1527 όΘεὸς
550 1463 708 1534 ἡμῶν
736 1458 805 1516 εἷ.
848 1483 867 1515 r
901 1463 1250 1534 Παράστασις
1279 1461 1388 1534 γάρ
1418 1462 1513 1533 ἥδε
1542 1480 1696 1517 πνευ-

84 1556 341 1626 ματικὴ,
372 1556 470 1609 καὶ
512 1555 810 1610 ἀνδάνουσα
838 1554 917 1625 τῷ
948 1555 1067 1625 Θεῷ
1113 1555 1253 1624 ὑπὲρ
1301 1555 1500 1625 μόσχον
1547 1553 1689 1617 νέον,

81 1646 244 1715 ὑπὲρ
276 1647 457 1716 ἀμνὸν
485 1649 551 1701 ὲκ
579 1647 866 1715 ποιμνίων,
897 1646 1036 1717 ὑπὲρ
1058 1645 1244 1715 ἔριφον
1274 1646 1331 1712 ἐξ
1357 1646 1695 1717 αίγῶν,ύπὲρ

86 1739 393 1808 σεμίδαλιν
426 1739 522 1793 καὶ
558 1738 872 1794 λιϐανωτόν.
905 1741 1312 1810 Πνευματικαῖς
1349 1739 1455 1811 γὰρ
1485 1739 1695 1803 θυσίαις

82 1832 489 1901 εὐαρεστεῖται
538 1832 691 1894 Θεός.
752 1831 1099 1902 Ἀγιάζοντες
1158 1832 1216 1886 δὲ
1266 1832 1366 1904 τὴν
1419 1833 1693 1904 νηστείαν,

86 1924 444 1995 κηρύξωμεν
485 1925 803 1997 θεραπείαν,
843 1927 1111 1990 τουτέστι,
1140 1927 1237 1998 τὴν
1267 1928 1378 1981 τῶν
1416 1927 1573 1981 θείων
1603 1928 1692 1981 θε-

84 2018 156 2087 λη
166 2017 375 2087 μάτων
398 2019 767 2089 ἐκπλήρωσιν,
793 2012 912 2093 δὴ
940 2020 1031 2073 καὶ
1052 2020 1370 2091 πρεπόντως
1398 2020 1697 2091 παρέποιτο

86 2108 163 2161 ἂν
199 2108 273 2161 τὸ
314 2109 467 2176 εὐθὺ,
502 2110 562 2162 τὸ
594 2109 875 2178 εὐάγωγον
914 2109 1007 2163 τοῦ
1039 2109 1267 2180 τρόπου,
1309 2111 1371 2163 τὸ
1415 2109 1554 2181 πρὸς
1585 2113 1694 2165 πᾶν

84 2200 286 2254 ὁτιοῦν
334 2201 551 2272 ἕτοιμον
600 2201 711 2255 τῶν
751 2203 833 2265 είς
884 2203 1167 2267 εὐσεϐείας
1203 2204 1445 2273 ἡκόντων
1476 2203 1692 2270 λόγους.

100 2288 557 2359 Ἐπιτελέσωμεν
579 2290 635 2343 δὲ
659 2292 788 2355 τοὺς
813 2292 1049 2363 τρόπους
1063 2291 1163 2362 τῆς
1192 2292 1505 2364 θεραπείας,
1522 2311 1698 2347 συνει-

89 2378 391 2450 λεγμένων
435 2381 495 2433 ὲν
552 2380 849 2451 Ἐκκλησία
881 2381 990 2433 τῶν
1034 2382 1101 2434 ἐκ
1137 2382 1463 2451 γερουσίας,
1515 2382 1699 2435 συνδε-

92 2469 474 2541 δραμηκότων
507 2473 603 2526 καὶ⁵
632 2472 851 2526 πάντων
878 2472 989 2526 τῶν
1016 2473 1414 2527 κατοικούντων
1444 2474 1542 2546 τὴν
1571 2476 1695 2545 γῆν,

93 2562 407 2617 κλαιόντων
447 2582 508 2618 τε
537 2565 633 2619 καί¹
674 2564 821 2634 μάλα
868 2564 1134 2628 συντόνως
1165 2568 1245 2630 εἰς
1288 2567 1422 2636 ὅλην
1452 2567 1690 2639 ἡμέραν,

92 2655 196 2709 καὶ
243 2655 539 2727 ἀραρότως
572 2658 956 2728 διακειμένων,
987 2659 1070 2711 ὅτι
1096 2658 1315 2712 πάντων
1352 2659 1492 2711 ἐλεεῖ
1528 2659 1659 2723 Θεός
1680 2676 1694 2690 ·

94 2748 218 2801 εστι
249 2748 367 2819 γὰρ
400 2750 808 2821 «μακρόθυμος,
835 2750 932 2804 καὶ
960 2750 1264 2815 πολυέλεος,
1294 2751 1389 2805 καὶ
1422 2750 1694 2822 ἀληθινὸς,

94 2837 347 2909 ἰξαίρων
375 2840 629 2910 ἀνομίας,
654 2843 750 2894 καὶ
781 2840 1124 2912 ὑπερϐαίνων
1162 2842 1398 2906 ἀδικίας,
1446 2860 1467 2895 ›
1500 2843 1594 2895 καὶ
1634 2842 1696 2895 ού

99 2930 355 3001 συνέχων
395 2932 477 2995 εἰς
519 2933 825 3003 μαρτυρίαν
848 2933 1019 3004 ὀργὴν
1062 2932 1227 2988 αὑτοῦ
1260 2933 1403 2988 κατά
1429 2933 1493 2988 τό
1520 2934 1695 3004 γένος,

102 3041 125 3074 ι
165 3024 304 3078 Ὀτι
332 3024 562 3095 θελητὴς
599 3024 779 3089 ἐλέους
810 3026 945 3081 ὲστί.
986 3045 1005 3078 ι

170 3155 307 3210 Ὀτι
330 3156 510 3226 ἐγγὺς
540 3157 576 3225 ἡ
604 3155 792 3226 ἡμέρα
820 3158 1067 3226 Κυρίου,
1092 3159 1189 3213 καὶ
1222 3160 1303 3226 ὡς
1329 3161 1698 3230 ταλαιπωρία

1797 1469 1937 1523 enim
1957 1468 2253 1537 spiritualis
2281 1477 2362 1523 est
2387 1467 2609 1532 oblatio,
2626 1474 2679 1521 et
2702 1467 2875 1535 placet
2909 1466 3017 1522 Deo
3038 1480 3200 1535 super
3229 1466 3371 1519 vitu-

1797 1561 1906 1615 lum
1955 1561 2221 1617 novellum
2248 1560 2315 1626 ⁷⁸,
2349 1579 2368 1612 ι
2395 1574 2556 1629 super
2599 1575 2795 1630 agnum
2821 1558 2888 1613 de
2919 1558 3194 1628 gregibus,
3211 1572 3373 1627 super

1800 1655 2011 1709 fundum
2039 1655 2106 1709 de
2126 1653 2327 1722 capris,
2351 1666 2514 1720 super
2547 1651 2671 1705 thus
2700 1660 2754 1705 et
2778 1650 3030 1705 similam.
3061 1648 3371 1720 Spirituali-

1798 1745 1898 1802 bus
1922 1760 2154 1815 namque
2185 1743 2469 1799 sacrificiis
2502 1751 2799 1798 recreatur.
2823 1740 3239 1796 Sanctificantes
3266 1755 3367 1794 au-

1803 1849 1909 1892 tem
1951 1837 2215 1908 jejunium
2283 1836 2634 1906 praedicemus
2677 1833 3031 1899 curationem,
3078 1831 3194 1886 .boc
3246 1841 3373 1897 est,

1801 1932 2107 1987 divinarum
2150 1928 2484 1982 voluntatum
2541 1924 2924 1994 expletionem,
2954 1937 3117 1991 quam
3170 1921 3371 1977 decen-

1802 2032 1884 2077 ter
1912 2020 2261 2077 comitabitur
2310 2015 2597 2080 reCIitudo,
2625 2029 2835 2068 morum
2886 2015 3274 2083 tractabilitas,
3304 2016 3371 2069 ad

1796 2112 1977 2167 omnia
2024 2120 2307 2181 promptus
2360 2124 2424 2164 ac
2478 2116 2699 2175 paratus
2747 2106 2997 2172 animus,
3036 2121 3374 2177 quaecunque

1799 2203 1989 2273 pietati
2017 2212 2145 2257 sunt
2171 2201 2374 2257 alliuia.
2414 2202 2780 2269 Exsequemur
2812 2214 2940 2254 vero
2981 2199 3167 2254 modos
3218 2215 3375 2254 cura-

1801 2295 1961 2349 tionis
1990 2293 2334 2365 congregatis
2364 2293 2416 2347 iu
2447 2293 2691 2348 Ecclesia
2731 2292 2973 2359 senibus,
3005 2300 3057 2348 et
3100 2292 3374 2347 confluen-

1800 2388 1943 2443 tibus
1969 2386 2237 2442 universis
2271 2394 2471 2442 terram
2520 2385 2909 2452 habitantibus,
2935 2385 3375 2454 plot-anilibusque

1799 2480 2150 2536 vehementer
2189 2488 2297 2534 tota
2326 2478 2433 2545 die,
2467 2486 2523 2533 et
2558 2479 2943 2534 convenienter
2972 2477 3205 2543 affectis,
3236 2492 3371 2546 quo-

1798 2571 1944 2627 niam
1970 2570 2211 2626 omnium
2235 2573 2525 2627 miseretur
2558 2569 2699 2625 Deus
2728 2586 2742 2623 :
2774 2579 2858 2625 est
2886 2571 3030 2624 enim
3060 2588 3077 2621 ι
3130 2569 3375 2636 longani-

1800 2663 1925 2729 mis,
1954 2671 2009 2717 et
2036 2662 2220 2718 multae
2251 2663 2632 2718 misericordia:
2660 2670 2715 2717 et
2739 2662 3017 2727 νει-σιτῇ»
3042 2660 3376 2716 θιουῑετωιε

1799 2755 2112 2824 iniquitates
2152 2755 2221 2821 ",
2239 2764 2293 2810 et
2335 2754 2864 2823 superansjustitias
2890 2754 2989 2818 ⁷⁷,ι
3018 2766 3194 2819 neque
3241 2766 3376 2806 con-

1798 2847 1974 2901 tinens
2005 2846 2140 2899 iram
2169 2859 2320 2900 suam
2349 2846 2400 2899 in
2427 2845 2795 2901 testimonium
2820 2858 3016 2900 natura
3044 2859 3166 2911 sua,
3186 2860 3204 2894 ι
3229 2841 3381 2910 Quo.

1800 2936 1948 2991 niam
1975 2934 2162 2992 volens
2194 2935 2622 2991 misericordiam
2660 2945 2745 2991 est
2775 2936 2877 2989 ⁷⁸.»

1874 3162 2037 3216 Vens.
2073 3161 2162 3223 15,
2204 3159 2291 3216 16.
2326 3159 2586 3226 Quoniam
2612 3157 2773 3229 juxta
2794 3168 2869 3213 est
2902 3158 3012 3212 dies
3047 3158 3295 3221 Domini,
3327 3169 3381 3212 et

99 3246 169 3301 ἐκ
202 3249 612 3315 ταλαιπωρίας
651 3248 803 3316 ἥξει.
845 3248 1171 3303 Κατέναντι
1216 3250 1336 3304 τῶν
1374 3251 1696 3321 ὀφθαλμῶν

1800 3254 1951 3323 quasi
1988 3254 2200 3306 miseria
2240 3252 2303 3305 de
2328 3251 2540 3305 miseria
2567 3252 2752 3306 veniet.
2794 3251 2927 3305 Ante
2957 3250 3135 3304 oculos
3189 3260 3378 3304 vestros

100 3338 279 3408 ὑμῶν
305 3340 611 3409 βρώματα.
688 3339 1138 3410 Ἐξωλοορεύθη
1191 3341 1260 3406 ἐξ
1314 3342 1486 3397 οἴκου
1550 3342 1697 3397 Θεοῦ

101 3430 283 3501 ὑμῶν
305 3432 676 3501 εὐφροσύνη,
697 3430 794 3486 καὶ
818 3430 993 3500 χαρά.

174 3564 285 3619 ιΒν.
336 3563 582 3635 Ἡμέραν
625 3563 832 3635 Κυρίου
878 3566 1031 3636 φησὶ,
1070 3564 1191 3619 καθ’
1221 3565 1289 3637 ην
1321 3564 1430 3619 ἔδει
1459 3565 1699 3636 πληροῦ-

109 3657 234 3710 σθαι
256 3655 331 3710 τὰ
368 3656 429 3721 ἐξ
452 3656 647 3728 ὀργῆς,
681 3656 715 3728 ἢ
744 3658 842 3727 τῆς
864 3658 1086 3726 ἀκρίδος
1115 3659 1298 3722 αὐτοῖς
1330 3657 1700 3728 ἐπενηνεγμέ-

108 3767 228 3820 νης,
262 3750 361 3803 καὶ
387 3750 458 3805 τὰ
489 3751 547 3803 ἐν
575 3749 732 3821 ἀγρῷ
760 3750 1107 3823 δαπανώσης,
1140 3751 1234 3804 καὶ
1272 3751 1351 3813 εἰς
1393 3749 1555 3820 λιμοῦ
1605 3749 1699 3803 καὶ

110 3840 321 3905 ἐνδείας
369 3841 695 3913 πεμπούσης
741 3841 993 3913 δείματα,
1041 3842 1135 3896 καὶ
1174 3842 1343 3913 αὐτὴν
1395 3840 1699 3912 ἐντιθείσης

108 3932 201 3986 τοῦ
234 3932 473 3988 θανάτου
510 3933 611 4007 τὴν
643 3935 834 3999 πτόαν,
867 3935 1035 4006 ἤγουν
1064 3933 1172 3988 τῶν
1201 3933 1560 3988 Βαϐυλωνίων
1600 3949 1701 3987 κα-

113 4022 518 4095 ταφθειρόντων
544 4026 782 4090 ᾶπαντα,
814 4024 1005 4079 πόλεσί
1027 4042 1088 4079 τε
1120 4025 1215 4079 καὶ
1247 4024 1464 4097 κώμαις
1491 4027 1697 4096 ἐμφυο-

116 4114 314 4184 μένων,
359 4116 489 4172 ᾶλλο
520 4135 582 4171 τε
627 4118 715 4171 ἐπ’
745 4117 890 4189 ἄλλῳ
934 4118 1460 4190 προσεργαζομὲνων
1503 4118 1696 4185 κακὸν,

112 4207 202 4260 καὶ
229 4207 611 4280 ταλαιπωρίαν
653 4210 718 4262 ἐκ
748 4209 1124 4284 ταλαιπωρίας
1174 4209 1700 4281 πωσεπιρριπτούν·

109 4314 217 4352 των
248 4300 338 4352 ἀεὶ
365 4300 633 4355 ἐνοικοῦσι
662 4301 758 4374 τὴν
799 4302 923 4374 γῆν,
958 4302 1032 4365 ὡς
1063 4301 1185 4373 μηδ’
1217 4302 1340 4356 ὅσον
1364 4303 1539 4355 εἰπεῖν
1562 4302 1698 4355 ἀνα-

112 4392 346 4448 πνεῦσαι
374 4393 637 4467 δύνασθαι
666 4394 861 4464 βραχὺ,
904 4394 996 4448 καί
1033 4412 1085 4449 τι
1113 4395 1203 4450 διὰ
1246 4397 1411 4467 μέσου
1446 4396 1699 4465 γενέσθαι

115 4485 373 4557 χρηστόν
413 4486 501 4554 ἐφ’
533 4477 717 4556 ὦνπερ
745 4482 813 4557 ἦν
846 4487 1014 4551 εἰκὸς,
1055 4486 1157 4541 κᾶν
1199 4488 1329 4557 γοῦν
1371 4488 1479 4542 ἀπὸ
1501 4488 1699 4561 μέρους

1803 3344 2072 3399 alimenta.
2114 3342 2335 3399 Sublata
2361 3356 2477 3398 sunt
2502 3343 2567 3397 de
2592 3342 2746 3397 domo
2794 3340 2891 3396 Déi
2917 3343 3073 3398 rastri
3098 3341 3283 3397 thitia
3329 3350 3378 3396 et

1799 3433 2073 3505 gaudium.

1869 3568 1988 3625 Xll.
2021 3569 2173 3625 Diem
2215 3569 2425 3626 Domini
2462 3580 2640 3636 vocat,
2676 3585 2781 3641 qua
2814 3569 2910 3626 irae
2957 3569 3073 3639 ejus
3117 3567 3378 3624 satisfieri

1799 3670 2032 3730 oportet,
2064 3670 2155 3716 aut
2182 3662 2387 3718 locusta
2423 3662 2554 3733 ipsis
2578 3663 2842 3727 immissa,
2870 3670 2923 3716 et
2953 3659 3132 3729 fruges
3164 3660 3216 3715 in
3247 3674 3380 3730 agro

1799 3752 2144 3821 depascente,
2170 3761 2226 3808 et
2252 3751 2414 3808 famis
2452 3761 2616 3821 atque
2652 3753 2891 3823 penuria:
2921 3752 3178 3807 horrores
3222 3750 3379 3805 incu-

1801 3843 1988 3909 tiente,
2048 3842 2331 3911 ipsumque
2398 3843 2589 3898 mortis
2639 3857 2893 3913 pavorem
2942 3842 3239 3907 inferente;
3284 3852 3378 3897 aut

1800 3934 2111 4005 Babyloniis
2137 3934 2319 3988 omnia
2367 3935 2724 3999 vastantibus,
2774 3933 3105 4001 urbibusque
3151 3941 3207 4003 et
3243 3932 3379 3988 vicis

1801 4027 2263 4091 incumbentibus,
2306 4036 2362 4081 et
2388 4026 2595 4082 cladem
2628 4025 2779 4082 clade
2822 4024 3243 4091 cumulantibus,
3276 4024 3378 4079 mi-

1801 4119 2110 4188 seriamque
2138 4133 2205 4173 ex
2237 4118 2458 4174 miseria
2493 4118 2762 4189 indigenis
2809 4116 3371 4187 superadjicientibus,

1804 4222 1864 4267 ut
1896 4226 1964 4267 ne
1990 4212 2059 4265 ad
2081 4221 2337 4280 punctum
2366 4210 2584 4281 quidem
2628 4210 2888 4279 temporis
2935 4208 3150 4277 paulum
3199 4211 3375 4277 respi-

1804 4318 1926 4358 rare
1989 4312 2210 4372 queant,
2276 4312 2331 4358 et
2370 4302 2575 4357 interea
2650 4300 2852 4370 aliquid
2913 4300 3038 4355 boni
3109 4299 3224 4356 fiat.
3311 4298 3377 4353 Et

1800 4411 2015 4464 aequum
2071 4404 2190 4450 erat
2259 4394 2451 4449 saltem
2529 4408 2596 4448 ex
2647 4404 2800 4462 parte
2848 4402 2902 4447 et
2970 4394 3232 4449 mediocri
3289 4408 3381 4448 so«

1801 4484 1931 4540 latio
1995 4484 2231 4554 perfrui,
2273 4487 2364 4554 qui
2424 4494 2502 4538 tot
2570 4485 2927 4539 incommodis
2982 4499 3106 4540 sese
3185 4499 3381 4541 conse-

116 4578 343 4648 μετρίαν
386 4577 645 4633 δύνασθαι
697 4580 1028 4652 παραψυχὴν
1061 4580 1204 4652 ἔχειν
1234 4583 1359 4645 τοὺς
1396 4585 1462 4654 τῇ
1505 4583 1696 4653 συχνό-

1801 4576 2110 4646 queutibus'
2136 4575 2535 4630 intolerandum
2586 4576 2640 4630 in
2666 4576 2879 4630 modum
2915 4575 3093 4630 affecti
3133 4575 3378 4632 fuissent.

115 4685 233 4739 τητι
279 4667 469 4724 λοιπὸν
524 4669 634 4723 τῶν
675 4670 862 4725 κακῶν
908 4673 1200 4743 ἀφορήτως
1244 4673 1694 4744 ὲντετηγμένους.

125 4758 342 4830 Ἐπειδὴ
384 4760 442 4813 δὲ
490 4762 903 4833 πεπαινομένων
927 4762 1036 4818 τῶν
1062 4762 1289 4835 καρπῶν
1320 4764 1442 4836 ἥδη,
1475 4766 1570 4819 καὶ
1607 4766 1698 4821 τὸν

112 4849 342 4917 ἁμῶντα
384 4850 572 4904 λοιπὸν
616 4852 926 4907 καλούντων
970 4854 1057 4924 ἐφ’
1102 4854 1315 4918 ἑαυτοῖς
1360 4853 1468 4908 τῶν
1506 4854 1698 4925 ληῖων,

117 4941 334 5013 βότρυός
365 4958 426 4995 τε
455 4946 987 5016 καταπερκάζοντος,
1025 4946 1120 5001 καὶ
1162 4946 1486 5019 γλιχομένου
1519 4947 1699 5001 ἐκθλί-

115 5034 326 5098 όεσθαι,
356 5035 548 5104 γέγονὲ
578 5054 682 5091 που
706 5037 848 5108 τάχα
868 5039 968 5110 τῆς
990 5038 1210 5112 ἀκρίδος
1228 5041 1262 5110 ἡ
1296 5040 1522 5113 ἐμϐολὴ,
1548 5040 1697 5113 Βρώ-

119 5144 283 5193 ματα,
316 5129 506 5200 φησὶν,
532 5130 905 5204 ὲξωλοθρεύθη
948 5130 1009 5197 ἐξ
1030 5132 1319 5204 ὀφθαλμῶν
1348 5132 1551 5199 αὐτῶν,
1590 5128 1702 5189 οἷον

114 5220 484 5290 ἡρπασμένων
526 5223 639 5276 τῶν
671 5224 731 5277 ὲν
772 5224 895 5296 ὄψει
923 5225 1327 5297 γεγενημένων,
1368 5227 1703 5297 παρακειμέ-

112 5329 214 5365 νων
246 5310 436 5385 ῶσπερ
464 5314 668 5381 αὐτοῖς,
714 5316 809 5370 καὶ
837 5315 935 5388 τὴν
974 5317 1275 5372 ἀπόλαυσιν
1300 5318 1534 5389 ἑχόντων
1568 5320 1702 5373 ἑτοι-

115 5403 377 5474 μοτάτην.
418 5405 743 5478 Ἐξηρθῆναι
780 5410 844 5471 ,δὲ
886 5409 1050 5464 πάλιν
1077 5409 1482 5466 διαϐεϐαιοῦται
1516 5412 1610 5466 καὶ
1639 5412 1699 5480 ὲξ

112 5492 259 5546 οἴκου
283 5494 492 5565 Κυρίου
518 5495 618 5569 τὴν
642 5499 982 5573 εὐφροσύνην
1008 5503 1101 5556 καλ⁵
1119 5503 1220 5573 τὴν
1259 5503 1450 5574 χαράν.
1487 5503 1686 5558 Ἔθυον

112 5584 240 5655 γὰρ,
259 5586 382 5650 ταῖς
415 5586 475 5654 ἐξ
513 5588 701 5660 ἀγρῶν
734 5591 1062 5665 εὐκαρπίαις
1103 5594 1554 5667 ὲπαγαλλόμενοι,
1595 5594 1689 5650 καὶ

1802 4668 1869 4722 Ει
1896 4667 2020 4738 quia
2056 4666 2303 4737 frugibus
2350 4667 2510 4736 211
2538 4666 2788 4733 maturis,
2820 4677 2875 4722 et
2904 4667 3177 4736 segetibus
3242 4681 3382 4721 mes-

1795 4774 1976 4814 sorem
2018 4757 2131 4829 jam
2181 4760 2524 4826 vocantibus,
2580 4767 2634 4813 et
2692 4772 2794 4812 uva
2843 4767 2993 4812 cocta
3064 4756 3374 4825 calcarique

1797 4850 2161 4915 desiderante,
2193 4848 2403 4905 locusta
2432 4849 2684 4905 celeriter
2722 4850 2865 4905 forte
2904 4848 3120 4919 irrupit,
3152 4848 3382 4903 alimen-

1800 4953 1848 4998 la
1877 4943 1944 4998 ab
1981 4942 2156 4998 oculis
2183 4956 2373 4997 eorum
2412 4941 2590 4998 ablata
2638 4956 2759 4997 esse
2801 4941 3135 5011 pronuntiat,
3172 4939 3381 4996 velutsi

1798 5038 2021 5108 abrepta
2071 5035 2322 5102 fuissent,
2354 5051 2475 5107 qua:
2510 5035 2563 5090 in
2600 5043 2893 5106 conspectu
2937 5043 2994 5090 et
3041 5042 3169 5089 ante
3200 5033 3387 5089 oculos

1801 5129 1906 5185 sibi
1947 5129 2143 5201 posita,
2169 5137 2225 5187 et
2278 5131 2346 5186 ad
2390 5129 2676 5185 fruendum
2748 5128 2986 5183 maxime
3031 5126 3086 5182 in
3134 5137 3383 5198 promptu

1801 5225 2134 5282 habuissent.
2196 5227 2384 5283 Denuo
2434 5223 2667 5281 afﬁrmat
2709 5225 2775 5281 de
2824 5225 2988 5281 domo
3030 5223 3241 5281 Domini
3285 5224 3384 5280 lat-

1800 5318 1971 5374 titiam
2031 5327 2087 5375 et
2151 5318 2410 5389 gaudium
2481 5318 2727 5390 periisse.
2788 5317 3183 5374 Sacrificabant
3237 5316 3383 5371 enim

1797 5426 1918 5466 cum
1935 5411 2293 5469 exsultatione
2327 5412 2397 5469 de
2414 5411 2567 5468 uberi
2609 5410 2822 5480 frugum
2853 5416 3137 5477 proventu,
3191 5405 3375 5461 trade-

1797 5504 2030 5573 bantque
2043 5519 2103 5560 se
2120 5502 3039 5573 bilaritatilomnimodis,gratiarum
3056 5512 3278 5556 munera
3297 5499 3386 5552 dc-

1796 5596 2207 5670 dicautes,quod
2231 5606 2387 5656 terra:
2413 5598 2569 5657 bouis
2598 5596 2806 5653 affatim
2833 5594 3147 5653 circumfusi
3180 5598 3381 5650 essent.

180 5785 226 5818 ⁷³
257 5783 424 5865 Zagh.
460 5788 642 5865 ηερε.
718 5791 765 5823 ⁷⁸
796 5792 939 5865 Psal.
979 5813 1125 5865 xxiv,
1158 5798 1242 5853 18.
1318 5798 1363 5829 ⁷³
1395 5796 1536 5855 Psal.
1592 5812 1782 5865 LXVIII,
1817 5796 1907 5853 32.
1986 5797 2032 5831 ⁷³
2062 5798 2204 5856 Psal.
2231 5813 2329 5865 cu,
2369 5799 2421 5856 8.
2499 5797 2545 5831 ⁷⁸
2575 5795 2745 5854 Exod.
2815 5810 3002 5860 xxxiv,
3041 5794 3094 5848 7.
3168 5792 3213 5826 ⁷⁷
3235 5789 3378 5848 Psal.

118 5865 293 5924 tutv,
330 5857 382 5912 ὖ.
491 5860 536 5892 ⁷⁸
564 5859 703 5917 Osce
736 5878 808 5930 vt,
844 5864 909 5918 6.
