4068 6542
675 371 773 426 551

1684 378 1742 434 s.
1781 377 2058 434 CYRILLI
2098 375 2567 435 ALEXANDRINI
2606 366 2928 442 Ananiae.

3847 399 3956 458 35?.

672 490 797 551 τοὺς
818 488 915 552 τεὶς
943 488 1281 562 εὐφροσύνης
1306 493 1540 564 τρόπους
1565 496 1890 569 ἐπετήδευον
1910 497 2257 562 ἀνατιθέντες
2293 497 2361 551 τὰ
2395 502 2748 573 χαριστήρια,
2793 505 2882 559 διά
2908 524 2990 561 τοι
3030 506 3089 561 τὸ
3129 511 3467 581 περιχεῖσθαι
3510 514 3791 579 πλουσίως
3840 521 3954 581 τοῖς

672 580 737 635 ἐκ
766 582 868 652 γῆς
900 583 1143 651 ἀγαθοῖς.

742 678 1005 737 Similiter
1043 684 1227 739 evenit
1296 686 1363 742 iis
1404 688 1495 758 qui
1530 689 1580 743 in
1610 688 1887 746 Christum
1941 688 2248 759 petulantis-

2427 688 2753 759 Εὑρήσομεν
2772 690 2831 745 δὲ
2862 693 3105 748 τοιοῦτόν
3130 713 3183 748 τι
3222 696 3557 762 πεπονθότας
3602 702 3701 755 καὶ
3750 703 3952 767 αὐτοὺς

670 775 791 831 simi
842 779 1188 835 exstiterunt.
1228 781 1356 837 Fuit
1392 784 1537 841 enim
1578 785 1715 856 ipsis
1745 797 1872 841 ante
1915 786 2102 842 oculos
2143 785 2254 854 jam

674 885 696 919 ι
721 870 874 937 panis
911 872 1063 928 vivus
1117 874 1206 943 qui
1240 875 1307 931 de
1336 877 1478 932 ctelo
1520 877 1821 945 descendit,
1854 890 1911 936 et
1959 881 2053 935 dat
2090 883 2256 935 vitam

673 964 877 1019 mundo
913 964 986 1019 ἠε
1023 984 1044 1019 ι
1072 982 1301 1037 granum
1333 969 1521 1035 tritici,
1543 972 1683 1040 quod
1718 972 1928 1042 lapsum
1961 974 2015 1028 in
2054 982 2256 1030 terram

675 1056 1025 1127 multiplicem
1073 1058 1308 1115 fructum
1346 1063 1568 1133 protulit
1592 1064 1660 1131 ⁸⁶;
1687 1066 1868 1122 vinum
1907 1069 2050 1137 quod
2076 1077 2257 1125 mente

672 1151 931 1217 cernitur,
972 1160 1027 1206 et
1079 1167 1175 1209 cor
1218 1154 1453 1211 hominis
1514 1156 1788 1213 laetiticare
1842 1160 2128 1216 consuevit
2148 1159 2253 1216 δν.

670 1242 777 1299 Sed
812 1244 937 1314 quia
1000 1261 1106 1299 non
1162 1247 1487 1303 destiterunt
1524 1248 1579 1305 in
1621 1250 2092 1307 incredulitatibus
2141 1252 2255 1308 suis

669 1334 1047 1389 contumeliam
1085 1336 1282 1403 facere,
1318 1339 1387 1392 ab
1425 1354 1612 1393 eorum
1653 1351 1968 1411 conspectu,
2012 1351 2065 1395 et
2126 1352 2247 1396 tau-

666 1444 827 1499 quam
853 1445 884 1485 e
910 1432 1087 1486 medio
1128 1431 1305 1487 ablata
1333 1445 1458 1489 sunt
1491 1436 1671 1490 omnia
1707 1436 1965 1492 alimenta
1993 1437 2251 1507 spiritua-

666 1522 759 1587 lia,
822 1532 877 1578 et
916 1525 1177 1580 abscessit
1216 1525 1286 1578 ab
1318 1528 1396 1582 eis
1429 1529 1607 1584 omnis
1640 1529 1767 1584 boni
1809 1529 2249 1595 communicatio,

664 1615 935 1686 periitque
982 1632 1013 1671 a
1056 1616 1218 1673 domo
1249 1632 1437 1673 mrum
1485 1619 1670 1676 latitia
1711 1630 1767 1677 et
1809 1623 2085 1695 gaudium.
2132 1622 2252 1677 [ὶδιιί

666 1718 795 1764 sunt
831 1710 977 1764 enim
1042 1710 1096 1765 in
1142 1710 1553 1779 desolationem,
1582 1722 1638 1769 et
1682 1714 1734 1769 in
1792 1729 2031 1770 arumna
2087 1714 2254 1771 relin-

665 1812 926 1869 quuntur,
963 1816 1063 1856 nec
1106 1815 1288 1871 regem
1330 1802 1625 1871 habentes,
1652 1818 1753 1860 nec
1804 1806 2253 1875 principem,'nec

666 1891 1019 1957 sacriﬁcium.
1059 1908 1160 1949 nee
1198 1894 1390 1959 altare,
1419 1908 1517 1951 nec
1564 1896 1933 1963 sacerdotem,
1951 1912 2050 1952 nec
2071 1896 2249 1950 mani-

665 1987 802 2043 festa
837 1988 906 2043 ⁸¹.
958 1988 1077 2043 Alio
1113 1989 1239 2044 item
1264 1991 1423 2045 modo
1443 1990 1513 2045 ab
1556 1990 1726 2047 oculis
1768 2005 1956 2047 eorum
1991 1989 2247 2044 alimenta

664 2088 720 2135 et
752 2080 1015 2147 laetitiam,
1050 2089 1106 2135 et
1157 2082 1411 2151 gaudium
1462 2082 1640 2140 ablata
1680 2097 1802 2139 esse
1849 2083 2114 2139 dicimus.
2159 2082 2250 2137 Ait
2280 2080 2327 2108 "

663 2171 807 2231 enim
857 2172 1188 2227 Dominus”
1236 2170 1350 2228 Non
1397 2174 1449 2229 in
1496 2177 1612 2231 solo
1676 2190 1819 2245 pane
1863 2176 2008 2231 vivet
2051 2175 2246 2241 homo,

662 2264 756 2317 sed
794 2264 846 2317 in
886 2263 1032 2320 omni
1070 2266 1252 2331 verbo,
1283 2268 1427 2335 quod
1482 2267 1725 2336 procedit
1767 2268 1833 2323 de
1882 2281 1977 2322 ore
2026 2266 2116 2321 Dei
2142 2266 2255 2319 ".r

661 2354 857 2410 Mentis
902 2364 1080 2411 autem
1118 2356 1269 2411 cibus
1313 2358 1531 2412 verbum
1577 2368 1680 2415 est.
1716 2357 2251 2414 Nemoduhitaverit

660 2446 861 2502 afﬁrma
872 2465 929 2504 re
944 2452 1045 2505 hoc
1059 2454 1554 2525 verbum,inquam,
1576 2471 1604 2509 a
1626 2456 1825 2511 Judazis
1841 2457 2075 2511 ablatum
2102 2471 2243 2523 esse,

660 2541 726 2591 ad
764 2540 999 2608 inopiam
1045 2545 1189 2598 enim
1227 2546 1522 2615 spiritualis
1554 2548 1820 2604 alimonia:
1852 2549 2053 2604 redacti
2084 2557 2245 2615 sunt;

661 2646 760 2685 nec
804 2633 1001 2701 scripta
1048 2634 1245 2705 Mnysis
1280 2635 1696 2701 intellexerunt,
1753 2658 1773 2690 ι
1800 2640 1892 2693 sed
1936 2654 2107 2709 usque
2150 2641 2248 2694 ho-

660 2721 750 2776 die
798 2725 1036 2792 positum
1088 2736 1169 2781 est
1222 2729 1470 2784 velamen
1536 2746 1699 2798 super
1753 2745 1848 2785 eor
1899 2746 2087 2786 eorum
2116 2732 2183 2796 ⁸³;
2222 2750 2243 2784 ι

658 2815 891 2869 oderunt
929 2818 1195 2885 siquidem
1238 2820 1437 2873 Christi
1474 2822 1714 2876 oracula.
1750 2820 1919 2875 Periit
1949 2823 2082 2891 ipsis
2126 2837 2245 2876 om-

660 2904 743 2957 nis
774 2920 897 2959 esca
938 2907 1261 2975 spiritualis;
1288 2924 1392 2964 non
1423 2911 1565 2978 quod
1602 2912 1712 2979 ipsa
1738 2913 2032 2979 perniciem
2088 2927 2245 2981 passa

659 2999 749 3061 sil,
774 2998 867 3051 sed
913 3000 1035 3068 quia
1074 3002 1250 3068 passis
1283 3018 1385 3056 non
1423 3003 1742 3071 apponitur;
1796 3012 1850 3058 et
1885 3015 2146 3073 quantum
2190 3007 2243 3059 in

659 3090 793 3158 ipsis
827 3089 947 3157 fuit,
998 3091 1138 3146 nulla
1183 3102 1267 3148 est
1321 3094 1549 3163 amplius
1593 3097 1834 3150 omnino.
1887 3094 2084 3151 Verum
2145 3096 2245 3153 Do-

661 3181 841 3235 minus
896 3165 949 3236 in
1002 3198 1064 3239 se
1123 3186 1469 3242 credentibus
1526 3187 1747 3243 delicias
1818 3190 2149 3258 impertitur,
2192 3199 2247 3245 et

660 3271 828 3325 vitam
883 3271 1078 3345 lautam
1128 3290 1192 3329 ac
1256 3276 1537 3332 delicatam
1594 3278 1646 3332 in
1700 3280 1857 3334 bonis
1911 3280 2241 3335 caelestibus.

662 3360 934 3432 Scriptum
978 3376 1063 3421 est
1095 3369 1237 3423 enim
1275 3386 1287 3422 :
1325 3387 1344 3419 ι
1381 3370 1497 3423 Νοιι
1539 3372 1749 3427 occidet
1788 3372 2044 3428 Dominus
2102 3373 2244 3430 fame
2271 3390 2313 3448 ε

628 3452 895 3508 νιιιιίιηειιιι
956 3455 1129 3526 justi;
1189 3460 1355 3513 vitam
1416 3454 1593 3516 autem
1660 3462 1947 3531 impiorum
2006 3466 2242 3519 subver-

661 3553 739 3598 tet
766 3545 832 3597 ⁸⁸.
875 3563 894 3597 ι

730 3635 893 3692 Vens.
914 3638 1096 3705 17,18.
1124 3638 1462 3697 Saltaverunt
1490 3645 1667 3698 vitulo:
1688 3646 1739 3698 in
1764 3647 2083 3715 prwsepibus
2105 3650 2247 3711 suis,

658 3730 897 3798 dissipati
923 3742 1042 3783 sunt
1073 3733 1325 3799 thesauri,
1368 3736 1596 3803 su/I'ossa
1638 3748 1761 3790 sunt
1810 3738 1972 3808 212
2011 3740 2244 3793 torcula-

658 3820 761 3881 ria,
793 3820 917 3889 quia
954 3820 1243 3889 arefactum
1282 3834 1355 3877 est
1411 3824 1664 3878 triticum.
1728 3826 1867 3891 Quid
1934 3845 2240 3898 reponemus

658 3908 804 3963 nobis
825 3910 851 3963 .9
880 3912 1134 3980 ﬂeverunt
1164 3923 1399 3967 armenta
1432 3915 1607 3979 boum,
1639 3918 1763 3985 quia
1806 3934 1907 3973 non
1972 3930 2118 3974 erant
2146 3938 2244 3991 pa-

658 4016 786 4054 scua
819 4002 919 4068 eis,
939 4012 989 4055 et
1031 4018 1210 4073 greges
1231 4004 1403 4058 ovium
1441 4006 1812 4076 disperieruut.

728 4177 866 4235 XIII.
897 4179 1071 4235 Etiam
1121 4183 1295 4238 brutis
1340 4183 1705 4242 animantibus
1752 4188 2014 4244 divinitus
2070 4190 2243 4261 inspi-

657 4281 777 4326 rata
828 4272 1105 4343 Scriptura
1152 4289 1535 4345 nonnunquam
1585 4280 1847 4335 rationem
1885 4279 2109 4353 al'llngit,
2152 4298 2244 4336 na-

659 4373 831 4418 turam
867 4381 1044 4420 rerum
1078 4366 1259 4435 lepore
1308 4369 1541 4437 quodam
1584 4378 1638 4425 et
1696 4372 1990 4429 festivitate
2045 4375 2241 4429 distin-

657 4467 848 4522 guens,
877 4463 933 4508 et
960 4455 1114 4524 quasi
1154 4457 1414 4512 moralem
1437 4473 1622 4514 eorum
1654 4464 2011 4518 meonomiam
2034 4464 2240 4521 descri-

656 4543 810 4610 hens,
860 4559 979 4614 quae
1031 4560 1128 4601 nos
1201 4546 1500 4619 intelligere
1563 4566 1659 4620 par
1699 4562 1803 4608 est.
1864 4556 2064 4612 Deinde
2111 4560 2240 4629 quid

656 4634 873 4702 mirum,
906 4636 1113 4691 etiamsi
1160 4637 1325 4692 vitula
1377 4640 1587 4695 dicatur
1655 4643 1944 4713 aliquando
2005 4648 2235 4705 saltasse

2357 777 2421 849 δὴ
2458 780 2694 850 μάλιστα
2739 783 2868 848 τοὺς
2921 786 3002 850 είς
3037 786 3273 856 Χριστὸν
3322 794 3824 863 πεπαρῳνηκότας.
3855 796 3894 848 Γ
3898 797 3949 849 έ-

2358 886 2485 939 γονε
2507 870 2609 942 μὲν
2636 872 2745 944 γὰρ
2773 874 2959 938 αὐτοῖς
2992 876 3049 929 ἐν
3071 876 3371 950 ὀφθαλμοῖς
3396 880 3496 951 ήδη
3523 899 3643 946 πως
3678 903 3697 934 ι
3726 885 3757 937 e
3791 886 3951 956 apage;
4062 880 4063 929 ξ

2358 961 2459 1031 τῆς
2498 961 2663 1033 ζωῆς,
2703 966 2732 1018 ὀ
2763 965 2825 1031 ἐξ
2859 966 3092 1037 οὐρανοῦ
3140 969 3384 1034 καταϐὰς
3407 1010 3423 1036 ,
3456 974 3551 1027 καὶ
3595 973 3743 1045 ζωὴν
3775 975 3951 1041 διδοὺς

2357 1053 2436 1125 τῷ
2466 1054 2656 1127 κόσμῳ
2685 1095 2700 1120 ,
2748 1075 2767 1109 ι
2812 1059 2843 1111 6
2882 1059 3084 1122 κόκκος
3114 1059 3209 1113 τοῦ
3238 1060 3409 1127 σίτου,
3445 1065 3473 1116 6
3494 1064 3679 1117 πεσὼν
3707 1068 3797 1127 εἰς
3828 1069 3947 1137 γῆν,

2359 1147 2454 1201 καὶ
2490 1148 2780 1214 πολλοστὸς
2806 1151 3036 1221 ἀναφὺς,
3075 1152 3105 1205 6
3130 1152 3319 1224 νοητὸς
3346 1149 3509 1219 οἶνος.
3539 1158 3569 1210 6
3597 1158 3834 1229 καρδίας
3862 1160 3952 1212 ἀυ-

2358 1239 2596 1311 θρώπων
2630 1244 3048 1315 κατευφραίνειν
3070 1245 3247 1308 εἰδώς.
3301 1247 3519 1320 Ἐπειδὴ
3558 1249 3617 1303 δὲ
3657 1251 3720 1302 οὺ
3771 1250 3948 1303 διαλε-
4062 1242 4063 1269 ¹

2356 1334 2575 1389 λοίπασι
2611 1338 2733 1400 ταῖς
2780 1338 3087 1400 ἀπειθείαις
3139 1341 3473 1411 ὑϐρίζοντες,
3508 1345 3741 1412 γέγονεν
3768 1347 3950 1409 αὐτοῖς

2356 1432 2415 1499 ἐξ
2441 1430 2753 1503 ὀφθαλμῶν,
2792 1434 2886 1487 καὶ
2911 1427 3023 1488 οἷον
3060 1437 3125 1488 ὲκ
3169 1437 3336 1507 μέσου
3388 1436 3656 1513 βρώματα
3699 1457 3946 1511 πνευμαο

2355 1522 2502 1579 τικά.
2547 1524 2984 1594 Ἀποπεφοίτηκε
3014 1526 3123 1597 γὰρ
3172 1527 3355 1583 αὐτῶν
3398 1530 3432 1599 ἡ
3482 1530 3689 1595 παντὸς
3738 1532 3947 1598 ἀγαθοῦ

2357 1614 2594 1687 μέθεξις.
2636 1616 2892 1689 Ἑξῇρται
2919 1619 2977 1672 δὲ
3030 1622 3124 1673 καὶ
3160 1620 3221 1685 ἐξ
3274 1620 3428 1674 οἴκου
3465 1622 3562 1675 τοῦ
3593 1625 3730 1693 παρ’
3766 1622 3948 1686 aia-ni;

2353 1711 2682 1783 εὐφροσύνη,
2728 1712 2820 1767 καὶ
2861 1714 3026 1785 χαρά.
3068 1713 3319 1768 Δέδονται
3364 1714 3476 1787 γὰρ
3509 1715 3591 1778 είς
3637 1716 3944 1787 ἐρήμωσιν,

2353 1804 2448 1858 καὶ
2476 1804 2811 1859 διατελοῦσιν
2850 1808 2898 1860 oi
2924 1806 3153 1871 τάλανες
3196 1807 3299 1862 οὐκ
3330 1808 3484 1873 ὄντος
3510 1809 3789 1880 βασιλέως
3834 1810 3949 1864 οὐδὲ

2352 1897 2635 1969 ἄρχοντος,
2659 1899 2760 1952 οὑκ
2777 1897 2946 1970 οὔσης
2971 1897 3184 1963 θυσίας,
3210 1900 3330 1954 οὐδὲ
3352 1900 3505 1965 ὄντος
3530 1900 3947 1971 θυσιαστηρίου,

2354 1984 2478 2039 οὔτε
2514 1985 2725 2058 ἱερέως,
2753 1986 2878 2041 οὔτε
2906 1988 3102 2060 δήλων.
3132 1989 3242 2043 Καὶ
3277 1989 3397 2043 καθ’
3427 1990 3615 2061 ἕτερον
3646 1990 3709 2043 δὲ
3746 1990 3948 2062 τρόπον

2353 2076 2650 2150 ἐξῃρῆσθαί
2682 2096 2864 2149 φαμεν
2881 2077 2941 2144 ἐξ
2965 2079 3262 2150 ὀφθαλμῶν
3291 2080 3471 2135 αὐτῶν
3500 2083 3571 2135 τά
3587 2099 3650 2135 τε
3680 2081 3949 2154 βρώματα

2352 2170 2448 2223 καὶ
2464 2169 2563 2241 τὴν
2581 2170 2942 2242 εὐφροσύνην,
2978 2171 3073 2225 καὶ
3105 2170 3205 2242 τὴν
3242 2173 3436 2243 χαράν.
3480 2172 3625 2243 Ἔφη
3658 2175 3762 2243 μὲν
3790 2173 3949 2243 γάγό

2351 2261 2555 2332 Κύριος
2581 2277 2595 2290 °
2637 2282 2654 2313 ι
2686 2264 2801 2315 Οὐκ
2852 2262 2939 2314 ἐπ’
2972 2261 3123 2333 ἄρτῳ
3182 2262 3329 2333 μόνῳ
3363 2261 3587 2333 ζήσεται
3632 2262 3945 2334 ἄνθρωπος,

2351 2353 2467 2407 ἀλλ’
2513 2355 2571 2407 ὲν
2620 2355 2784 2408 παντὶ
2822 2356 3028 2425 ῥήματι
3070 2356 3490 2427 ἐκπορευομένῳ
3535 2354 3625 2409 διὰ
3678 2356 3946 2426 στόματος

2352 2447 2508 2501 Θεοῦ.
2524 2466 2549 2498 ι
2567 2446 2678 2499 Νοῦ
2700 2448 2758 2500 δὲ
2789 2447 2985 2518 τροφὴ,
3019 2446 3197 2514 λόγος.
3222 2448 3337 2500 Οὐκ
3354 2447 3421 2500 ἂν
3447 2446 3493 2501 δ’
3527 2448 3837 2502 ὲνδοιάσειέ
3868 2464 3946 2510 τις

2350 2539 2510 2594 τοῦτο
2537 2538 2639 2609 τῆς
2682 2538 2953 2593 Ἰουδαίων
2983 2537 3225 2609 πληθύος
3273 2538 3504 2610 ὲξῇρθαι
3542 2538 3755 2606 λέγειν.
3780 2538 3944 2606 Γεγό-

2352 2648 2475 2686 νασι
2496 2630 2604 2702 γὰρ
2621 2632 2678 2683 ὲν
2707 2630 2886 2699 ἐνδείᾳ
2911 2630 3120 2701 τροφῆς
3141 2629 3537 2701 πνευματικῆς,
3561 2630 3625 2682 οὐ
3649 2630 3943 2698 νενοήκασι

2350 2725 2419 2778 τὰ
2458 2724 2724 2785 Μωσέως,
2761 2722 2922 2776 «ἀλλ’
2959 2724 3088 2793 ἄχρι
3123 2723 3368 2793 σήμερον
3400 2722 3673 2791 κάλυμμα
3721 2722 3818 2773 ἐπὶ
3852 2720 3945 2789 τὴν

2351 2816 2584 2886 καρδίαν
2639 2815 2821 2868 αὐτῶν
2868 2816 3079 2868 κεῖται·
3111 2833 3129 2867 ι
3176 2817 3520 2887 μεμισήκασι
3560 2816 3673 2884 γὰρ
3738 2812 3811 2865 τὰ
3856 2812 3943 2865 τοῦ

2351 2901 2590 2972 Χριστοῦ
2644 2902 3012 2972 θεσπίσματα.
3087 2903 3435 2974 Ὢλόθρευται
3490 2903 3678 2966 αὐτοῖς
3735 2903 3944 2971 nini;

2350 2994 2696 3067 πνευματικὴ
2734 2995 2945 3066 τροφὴ,
2967 2996 3069 3048 οὐκ
3099 2995 3237 3066 αὑτὴ
3266 2995 3515 3049 παθοῦσα
3551 2996 3647 3059 τὸν
3695 2994 3943 3063 ὄλεθρον,

2349 3085 2485 3138 ἀλλὰ
2509 3088 2622 3150 τοῖς
2644 3086 2969 3139 πεπονθόσιν
2993 3087 3093 3140 οὐκ
3120 3086 3200 3139 ἔτι
3242 3086 3650 3158 παρακειμένη,
3697 3087 3801 3140 καὶ
3829 3088 3945 3140 ὅσον

2347 3173 2484 3250 ἧκεν
2509 3178 2585 3241 είς
2609 3177 2871 3241 ἐκείνους,
2894 3178 3014 3231 οὐδὲ
3043 3179 3364 3248 ὑπάρχουσα
3394 3179 3697 3242 παντελῶς.
3760 3178 3945 3230 mra

2349 3283 2413 3335 γε
2439 3265 2643 3336 Κύριος
2665 3268 2773 3330 τοῖς
2799 3270 2879 3329 είς
2900 3267 3060 3321 αὐτὸν
3087 3268 3401 3322 πιστεύουσι
3420 3268 3479 3321 τὸ
3502 3267 3707 3339 χρῆναι
3733 3272 3944 3339 τρυφᾷν

2348 3358 2629 3429 διανέμει,
2686 3360 2779 3413 καὶ
2828 3361 3182 3431 ὲνσπαταλᾷν
3225 3361 3451 3429 ἀγαθοῖς
3522 3362 3637 3423 τοῖς
3712 3359 3945 3413 ἄνωθεν.

2346 3452 2660 3522 Γέγραπται
2692 3451 2822 3521 γὰρ,
2848 3452 2929 3505 ὅτι
2954 3470 2972 3502 ι
3008 3453 3083 3504 Οὐ
3118 3450 3497 3523 λιμοκτονήσει
3526 3452 3739 3523 Κύριος
3770 3450 3947 3521 ψυχὴν

2345 3540 2579 3607 δικαίου,
2613 3542 2758 3613 ζωὴν
2784 3542 2847 3596 δὲ
2874 3541 3088 3595 ἀσεϐῶν
3122 3542 3435 3615 ἀνατρέψει.
3473 3561 3493 3595 ι

2429 3634 2830 3703 Ἐσκίρτησαν
2845 3634 3137 3704 δαμάλεις
3158 3634 3259 3688 ἐπὶ
3280 3634 3411 3701 ταῖς
3432 3634 3685 3704 φάτναις
3714 3633 3943 3697 αὐτῶν,

2343 3728 2779 3796 ἠφανίσθησαν
2832 3725 3123 3794 θησαυροί
3146 3765 3163 3791 ,
3203 3726 3680 3796 κατεσκάφησαν
3735 3726 3944 3792 ληνοὶ,

2344 3821 2434 3875 ὅτι
2492 3821 2792 3890 ἐξηράνθη
2851 3820 3041 3888 σῖτος.
3102 3820 3164 3875 Τί
3209 3819 3600 3890 ἀποθήσομεν
3658 3819 3945 3885 ἑαυτοῑςς

2342 3914 2658 3969 ἔκλαυσαν
2676 3915 2977 3979 ,ϐουκόλια
2998 3912 3188 3981 βοῶν,
3234 3913 3325 3968 ὅτι
3357 3915 3470 3983 οὐχ
3506 3912 3753 3981 ὑπῆρχε
3784 3913 3943 3981 νομή

2342 4006 2568 4075 αὐτοῖς,
2597 4008 2694 4062 καὶ
2727 4007 2800 4061 τὰ
2825 4008 3075 4077 ποίμνια
3101 4005 3221 4062 τῶν
3249 4006 3559 4075 προϐάτων
3582 4006 3943 4074 ἠφανίσθη-

2344 4115 2486 4154 σαν.

2414 4194 2512 4248 ll".
2546 4192 2656 4247 Καὶ
2684 4195 2797 4257 τοῖς
2818 4192 3035 4262 ἀλόγοις
3056 4190 3165 4245 τῶν
3190 4190 3347 4257 ζώων
3383 4190 3494 4243 ἐσθ’
3529 4190 3616 4243 ὅτε
3641 4188 3817 4257 λόγον
3852 4206 3945 4242 πε-

2346 4285 2614 4358 ριτίθησιν
2642 4288 2675 4358 ὴ
2719 4286 3081 4350 θεόπνευστος
3123 4284 3319 4355 Γραφὴ
3342 4322 3357 4347 ν
3388 4284 3485 4346 τὰς
3534 4281 3642 4335 ’τῶν
3669 4281 3943 4353 πράξεων

2343 4384 2535 4453 φύσεις
2558 4386 2638 4447 είς
2660 4384 2723 4436 τὸ
2766 4381 2960 4454 εὖχαρί
2998 4400 3057 4435 τε
3103 4380 3199 4435 καὶ
3232 4380 3465 4443 ἀστείως
3507 4378 3629 4449 ἔχον
3660 4378 3944 4447 ἐντέχνως

2340 4474 2806 4540 διαποικίλλουσα,
2832 4475 2924 4528 καὶ
2948 4467 3060 4527 οἷον
3080 4474 3137 4527 ὲν
3164 4471 3296 4526 ετδει
3332 4472 3620 4543 γράφουσα
3656 4470 3764 4533 τὰς
3795 4471 3938 4522 οἱκο-

2341 4569 2552 4639 νομίας,
2586 4563 2661 4622 ῶν
2684 4568 2752 4623 ἂν
2778 4567 2979 4640 πρέποι
3018 4568 3178 4619 νοεῖν.
3216 4560 3351 4618 Εἶτα
3393 4563 3448 4617 τί
3488 4562 3689 4633 θαῦμα,
3741 4562 3865 4614 κᾶν
3897 4563 3943 4613 εξ

2340 4660 2572 4732 δάμαλις
2600 4658 2811 4728 λέγοιτο
2834 4657 3153 4729 διασκιρτᾷν
3172 4654 3354 4726 τυχὸν,
3380 4653 3612 4709 κλαῦσαι
3640 4669 3699 4705 τε
3733 4651 3942 4721 βουκο-

654 4725 973 4797 ﬂevisseque
1006 4739 1248 4784 armenta
1294 4731 1491 4785 boum?
1537 4734 1935 4791 lutolcrandum
1990 4740 2235 4797 enim'in

2349 4725 2431 4806 λια
2467 4752 2639 4823 ﬁeri»);
2675 4725 3031 4821 V’Aqaopﬁrwgv
3073 4725 3185 4819 γὰρ
3238 4747 3378 4801 αὐτὰ
3415 4743 3815 4808 κατεπιέζοντο
3865 4744 3942 4812 τῷ

654 4818 873 4872 modum
905 4818 1045 4873 fame
1092 4821 1495 4890 premebantur.
1540 4824 1701 4881 Forte
1731 4829 1877 4883 enim
1907 4832 2239 4890 exsiliissent

653 4919 710 4967 et
743 4910 1036 4965 lamentata
1067 4924 1247 4967 essent
1292 4914 1407 4985 ipsa
1446 4932 1596 4984 arva,
1634 4920 1678 4974 si
1706 4938 1869 4990 quam
1921 4924 2234 4998 intelligen‘

656 5003 744 5057 tize
801 5013 1009 5072 partem
1043 5005 1383 5064 habuissent.
1409 5027 1429 5061 ι
1465 5010 1719 5081 Dissipati
1771 5026 1895 5071 sunt
1947 5019 2233 5089 thesauri,

653 5096 848 5165 inquit,
881 5108 937 5152 et
987 5097 1213 5154 suffossa
1267 5102 1598 5170 toreularia;
1632 5122 1650 5157 ι
1714 5107 1930 5176 penitus
1989 5114 2232 5184 neglecta

2340 4844 2504 4916 λιμῷ.
2541 4843 2694 4915 Τάχα
2726 4858 2847 4905 πως
2871 4842 2964 4895 καὶ
2993 4840 3392 4911 ἀνεσκίρτησαν
3418 4840 3504 4900 ἂν,
3533 4836 3626 4889 καὶ
3660 4834 3943 4905 τεθρηνήο

2341 4954 2501 4992 κασιν
2528 4936 2707 5007 ἀγροὶ,
2744 4936 2904 5005 εἴπερ
2931 4928 3000 5005 ἦν
3034 4932 3216 4995 αὐτοῖς
3245 4930 3499 5001 αἴσθησις
3529 4927 3639 4981 τῶν
3664 4928 3940 4996 suav-qva.

2339 5028 2575 5101 γμένων.
2648 5024 2972 5096 Ἠφανίσθαι
3003 5024 3061 5078 δέ
3109 5040 3243 5094 φησι
3272 5022 3581 5093 θησαυροὺς
3601 5058 3616 5085 ,
3650 5018 3753 5071 καὶ
3792 5034 3939 5071 κατ-

2339 5120 2609 5189 εσκάφθαι
2629 5116 2843 5190 ληνοὺς,
2883 5116 3140 5186 οὐδεμιᾶς
3168 5130 3272 5167 που
3295 5112 3438 5184 τάχα
3458 5109 3735 5183 φροντίδος
3756 5110 3939 5179 ἠξιω-

654 5189 903 5257 forsitan,
933 5190 1073 5260 quod
1104 5192 1234 5245 nihil
1265 5208 1332 5247 ex
1382 5196 1528 5264 agris
1561 5196 1941 5268 colligeretur;
1974 5206 2067 5258 sed
2119 5206 2228 5261 falx

2349 5212 2546 5275 ιὲνους,
2582 5210 2671 5263 διά
2688 5189 2784 5262 τοι
2807 5208 2871 5261 τὸ
2896 5208 3063 5278 μηδὲν
3095 5208 3155 5273 ἐξ
3171 5205 3359 5277 ἀγρῶν
3388 5200 3770 5271 συλλέγεσθαι,
3793 5200 3940 5253 ἀλλὰ

651 5281 823 5336 otiosa
856 5294 1003 5338 esset
1069 5284 1137 5339 ad
1186 5286 1399 5341 botrum
1458 5289 1509 5343 in
1551 5290 1728 5357 vinea,
1780 5294 1927 5362 spica
1970 5297 2023 5351 in
2085 5301 2230 5369 agris

2349 5306 2604 5377 ῑρεπάνην
2633 5303 2729 5374 μὲν
2755 5303 3057 5372 ἀπρακτεῖν
3081 5300 3180 5371 τὴν
3206 5301 3265 5352 ὲν
3291 5297 3523 5369 ἀμπέλῳ
3570 5297 3664 5349 καὶ
3695 5294 3902 5365 βότρυῖ
3924 5334 3938 5357 ,

655 5382 838 5442 ιιιροιο
871 5386 1163 5446 prostrata,
1193 5379 1452 5447 aruisset,
1484 5395 1585 5437 nec
1619 5383 1685 5437 ad
1718 5387 2081 5443 maturitatem
2113 5406 2233 5460 per—

2333 5398 2499 5470 ξηρὸν
2526 5397 2583 5449 δὲ
2616 5397 2710 5449 καὶ
2766 5394 3198 5465 ἁτελεσφόρητον
3227 5394 3341 5454 τοῖς
3387 5391 3576 5460 ἀγροῖς
3622 5387 3937 5440 mnum

652 5468 908 5523 venisset.
943 5470 1064 5525 Ideo
1087 5472 1180 5539 ait,
1219 5490 1238 5523 ι
1272 5471 1410 5539 Quid
1447 5487 1773 5544 reponemus
1824 5482 2016 5536 nobis?
2042 5502 2059 5535 ι
2091 5483 2226 5550 Quia

2349 5468 2421 5542 τον
2456 5491 2673 5558 στάχυν.
2702 5487 2889 5557 Ταύτῃ
2912 5486 3043 5555 φησί
3066 5502 3081 5516 ’
3117 5483 3211 5536 «Τί
3241 5480 3588 5552 ἀποθήσομεν
3618 5479 3839 5541 ἑαυτοῖς
3864 5494 3880 5540 ;
3910 5496 3927 5528 ι

653 5569 859 5629 autem,
888 5571 950 5618 ut
995 5564 1151 5631 dicit,
1176 5580 1299 5620 cum
1339 5566 1606 5627 fructibus
1646 5572 1970 5644 mitioribus,
2003 5589 2057 5631 et
2103 5580 2232 5648 ipsa:

2336 5581 2457 5635 Ὅτι
2485 5581 2560 5647 δὲ,
2587 5580 2661 5644 ὡς
2690 5580 2847 5651 ἔφην,
2867 5581 2980 5642 τοῖς
3000 5577 3108 5631 τῶν
3134 5575 3368 5648 καρπῶν
3389 5573 3616 5646 ἡμέροις
3639 5571 3733 5626 καὶ
3752 5569 3931 5623 αὐταὶ

729 5739 1064 5825 "inﬂixit.
1097 5743 1187 5799 35.
1262 5745 1491 5825 l":Joan.
1526 5766 1623 5820 xu,
1662 5753 1755 5822 2i,
1786 5754 1879 5811 25.
1954 5757 2017 5789 ⁸⁰⁶
2062 5756 2226 5815 Eccli.
2273 5774 2363 5824 XL,
2399 5757 2488 5814 9.0.
2568 5760 2607 5791 δι
2642 5759 2773 5814 Dan.
2804 5773 2884 5825 ιιι,
2925 5756 3012 5812 '58.
3093 5756 3137 5788 ”
3170 5753 3363 5810 Matth.
3395 5768 3467 5817 tv,
3503 5752 3558 5807 ι.
3638 5750 3687 5781 ”
3708 5745 3750 5802 ll
3782 5746 3921 5804 Cor.

657 5824 741 5874 ιιι,
770 5811 851 5863 15.
930 5813 975 5843 ⁸³
1001 5813 1156 5867 Prov.
1194 5830 1245 5882 ιι,
1289 5818 1341 5871 5.
