4068 6548
78 404 185 461 553

1000 405 1554 464 COMMENTARIUS
1568 404 1661 461 ιιΝ
1699 402 1965 461 JOELEM
2007 403 2453 461 PROPllETAM.

3202 471 3205 474 .
3271 411 3379 469 854

76 517 521 579 συνδιολώλασιν
542 521 598 574 αἱ
617 519 718 589 τῆς
754 521 965 592 ἐρήμου
998 526 1147 590 πὸαι,
1176 514 1503 595 καθίστησιν
1524 527 1686 595 ἐναρ-

1794 524 2103 580 solitudinis
2154 525 2334 579 herbae
2379 525 2675 592 perierunt,
2714 520 2935 594 subjlelt
2974 526 3144 592 clare,
3193 528 3377 583 ovium

74 608 189 678 γές.
238 608 560 677 ἠφανίσθαι
609 611 787 681 λέγων
838 615 935 667 καὶ
980 614 1119 668 αὐτά
1153 616 1264 668 τῶν
1303 616 1595 687 προϐάτων
1621 614 1693 670 τὰ

74 699 340 768 ποίμνια,
374 698 528 771 λιμῷ
570 702 794 769 πάντως
836 706 1288 778 κατεφθαρμένα,
1320 706 1414 760 καὶ
1442 708 1542 778 τῆς
1568 724 1693 761 συν-

73 792 243 863 ήθους
262 795 370 846 καὶ
396 795 726 866 φιλαιτάτης
747 798 931 861 αὐτοῖς
948 798 1070 851 ἐστε
1078 816 1145 869 ρη
1155 797 1292 868 μένα
1306 796 1469 868 ζωῆς.
1495 798 1693 867 Ἐφαρ-

76 886 235 955 pem
269 884 333 937 δὲ
370 887 469 939 καὶ
494 884 672 941 ταῦτα
696 888 875 957 σοφῶς
900 892 1021 952 ταῖς
1065 888 1333 943 Ἰουδαίων
1358 892 1688 960 συμφοραῖς,

71 978 120 1027 οἶ
154 993 313 1027 tam
325 979 647 1047 ρῳνήκασιν
669 979 751 1041 εἰς
776 981 1034 1051 Χριστόν.

145 1068 314 1136 Πρὸς
336 1068 443 1133 σὲ,
473 1070 669 1138 Κύριε,
686 1069 1017 1140 βοήσομαι,
1040 1071 1130 1125 ὅτι
1157 1072 1278 1142 πῦρ
1304 1073 1591 1142 ἀνήλωσε
1620 1074 1692 1129 τὰ

73 1160 260 1227 ὡραῖα
281 1160 407 1230 τῆς
422 1161 664 1231 ἐρήμου,
693 1163 790 1217 καὶ
811 1162 971 1232 φλὸξ
992 1164 1194 1234 ἀνῆψε
1219 1165 1416 1219 πάντα
1442 1164 1514 1219 τὰ
1535 1165 1694 1230 ξύλα

77 1253 184 1307 τοῦ
225 1254 457 1322 ἀγροῦ,
487 1255 586 1309 καὶ
635 1256 710 1310 τὰ
745 1256 935 1325 κτήνη
960 1257 1068 1311 τοῦ
1091 1257 1304 1312 πεδίου
1343 1258 1693 1328 ἀνέϐλεψαν

80 1345 234 1413 πρὸς
263 1345 372 1409 σὲ,
410 1346 499 1400 ὅτι
532 1345 961 1417 ἐξηράνθησαν
1001 1348 1250 1418 ἀφέσεις
1306 1349 1561 1416 ὑδάτων,
1593 1350 1691 1404 καὶ

82 1438 201 1505 πῦρ
225 1437 541 1508 κατέφαγε
565 1438 637 1493 τὰ
660 1438 772 1508 τῆς
800 1439 1047 1510 ἐρήμου.

150 1530 253 1583 lA’.
287 1530 493 1601 Ὠραῖα
521 1531 619 1602 μὲν
643 1531 742 1602 τῆς
765 1532 975 1604 ἐρήμου
1000 1534 1135 1606 φησὶ
1156 1533 1227 1588 τά
1245 1536 1304 1589 ἐν
1325 1536 1531 1599 πεδίοις
1550 1538 1690 1607 τάχα

84 1642 184 1678 που
216 1625 338 1687 τοῖς
372 1624 663 1695 ἁνηρότοις
684 1625 1003 1696 αὐτομάτως
1038 1626 1391 1698 ἀναφυόμενα
1417 1645 1431 1661 ·
1460 1627 1592 1693 ξύλα
1625 1647 1689 1698 γε

85 1715 187 1785 μὴν
214 1714 315 1767 τοῦ
340 1715 546 1787 ἀγροῦ,
576 1717 646 1769 τά
667 1717 725 1769 ἐν
755 1717 953 1789 κήποις
982 1717 1078 1772 καὶ
1106 1719 1455 1791 παραδείσοις
1494 1722 1688 1793 εὐγενῆ

84 1805 476 1877 βλαστήματα,
508 1808 603 1861 καὶ
628 1810 750 1871 ταῖς
776 1806 835 1873 ἐξ
860 1807 1018 1880 ὡρῶν
1038 1809 1371 1882 εὐκαρπίαις
1402 1812 1688 1883 περιανθε-

1795 631 1986 687 greges
2036 616 2333 682 interiisse,
2367 616 2511 670 t‘ame
2554 627 2778 671 enectos
2816 616 3072 683 funditus,
3116 633 3377 676 consueto

1794 717 1847 762 et
1890 707 2200 776 gratissimo
2253 708 2493 779 ipsorum
2532 708 2673 763 victu
2718 709 2981 779 privatos.
3044 711 3167 769 llam
3212 731 3377 786 porro

1795 815 1901 855 non
1957 801 2149 856 inscite
2198 800 2265 855 ad
2311 800 2616 857 Judaaorum
2670 803 3009 859 calamitates
3058 802 3367 861 trahentur,

1794 892 1886 961 qui
1919 891 2192 949 Christum
2228 892 2436 963 injuriis
2465 905 2816 950 vexaverunt.

1864 1066 2028 1123 Vens.
2065 1068 2265 1135 19,20.
2299 1069 2382 1123 Ad
2422 1079 2490 1135 te,
2530 1070 2777 1139 Domine,
2816 1071 3078 1136 clamabo,
3128 1077 3375 1143 quoniam

1797 1161 1933 1230 ignis
1985 1163 2305 1232 consumpsit
2335 1163 2568 1227 speciosa
2596 1163 2806 1229 deserti,
2841 1175 2887 1218 et
2910 1168 3128 1233 ﬂamma
3166 1182 3378 1220 succen-

1792 1255 1869 1307 dit
1903 1255 2078 1308 omnia
2107 1255 2252 1325 ligna
2290 1256 2428 1325 agri,
2454 1266 2504 1310 et
2542 1259 2786 1328 jumenla
2827 1259 3000 1327 campi
3033 1270 3375 1328 suspexerunt

1792 1349 1861 1399 ad
1891 1355 1960 1413 te,
1991 1349 2243 1417 quoniam
2288 1348 2537 1417 arefacta:
2578 1360 2700 1403 sunt
2740 1350 3041 1405 emissiones
3091 1368 3371 1421 aquarum,

1792 1450 1840 1493 et
1863 1442 1998 1509 ignis
2024 1441 2281 1494 devoravit
2313 1442 2548 1510 speciosa
2579 1442 2792 1497 deserti.

1861 1534 2001 1588 XIV.
2036 1533 2291 1602 Speciosa
2337 1534 2541 1588 deserti
2574 1534 2809 1601 appellat
2851 1532 3100 1597 fortasse,
3148 1550 3267 1606 qua:
3319 1537 3371 1591 in

1792 1625 2000 1695 campis
2043 1641 2145 1679 non
2191 1626 2359 1681 aratis
2397 1635 2590 1695 sponte
2639 1637 2990 1681 enascuntur.
3022 1627 3189 1699 Ligna
3245 1642 3373 1684 vero

1792 1718 1930 1787 agri,
1967 1717 2249 1771 hortorum
2278 1729 2332 1773 et
2361 1717 2745 1773 viridariorum
2773 1718 2970 1775 nobilia
3010 1721 3252 1790 germina
3275 1762 3291 1785 ,
3317 1728 3373 1774 et

1794 1810 2112 1879 tempestiva
2177 1808 2448 1864 fructuum
2525 1813 2678 1881 copia
2718 1811 3109 1866 circumornari
3192 1810 3368 1866 solita.

84 1898 273 1963 ζεσθαι
297 1901 612 1969 πεφυκότα.
645 1898 833 1955 Ταῦτα
860 1899 918 1954 δὲ
946 1902 1004 1954 ἐν
1033 1901 1163 1955 εῖδει
1196 1903 1369 1975 πυρὸς
1402 1904 1688 1976 κατεδηδο-

1792 1898 1918 1952 Ηωο
1956 1898 2096 1951 velut
2134 1898 2311 1969 ignem
2350 1901 2640 1954 devorasse
2685 1900 3072 1969 propemodum
3109 1899 3371 1955 bruchum

84 1989 237 2044 κέναι
289 1992 470 2062 φησιν
522 1994 807 2065 μονονουχὶ
865 1992 1094 2066 βροῦχόν
1143 2012 1205 2049 τε
1262 1996 1357 2050 καὶ
1402 1998 1682 2069 ἐρυσίὸην.

85 2085 329 2137 Ποιεῖται
366 2083 430 2137 δὲ
461 2087 747 2156 χρησίμως
796 2086 895 2157 τὴν
930 2087 1067 2158 πρὸς
1100 2087 1232 2142 Θεὸν
1284 2089 1448 2161 εὐχὴν
1471 2091 1687 2145 ἐκτενέ-

86 2190 276 2239 στατα,
301 2173 601 2242 διδάσκων,
634 2176 709 2240 ὡς
737 2176 939 2248 ἥκιστα
966 2178 1065 2249 μὲν
1096 2180 1226 2252 παρ’
1267 2181 1454 2251 ἐτέρου
1502 2180 1685 2250 ζητεῖν

86 2267 268 2336 δεήσει
315 2268 426 2338 τῆς
461 2271 746 2340 συμφορᾶς
791 2269 890 2341 τὴν
938 2271 1262 2337 ἀπόστασιν,
1298 2274 1595 2344 προσάγειν
1629 2272 1686 2326 δὲ

92 2359 234 2430 μόνῳ
261 2359 346 2429 τῷ
381 2359 577 2423 σώζειν
606 2361 842 2432 ἰσχύοντι
864 2362 963 2427 τὰς
1000 2363 1172 2431 λιτὰς,
1202 2365 1295 2418 καὶ
1326 2364 1400 2429 ὡς
1427 2365 1485 2433 ἐξ
1515 2364 1687 2436 ὀργῆς

92 2454 352 2520 ἐπάγοντι
372 2452 446 2506 τὰ
476 2454 812 2508 καταλυπεῖν
845 2454 1093 2511 εἰωθότα.
1123 2457 1214 2528 Μὴ
1247 2457 1354 2530 γάρ
1383 2456 1447 2529 δὴ
1486 2458 1684 2529 χρῆναι

94 2545 309 2611 φρονεῖν
338 2538 405 2594 εὖ
428 2542 574 2612 μάλα
594 2544 758 2615 φησὶν
785 2545 1106 2615 αὐτομάτως
1125 2562 1187 2598 συ
1197 2546 1398 2617 μὸῆναι
1419 2545 1489 2599 τὰ
1508 2548 1684 2600 τοιάδε

96 2631 200 2684 τῶν
229 2632 447 2699 κακῶν,
483 2633 843 2705 ἐπενηνέχθαι
871 2633 929 2687 δὲ
966 2634 1167 2705 μᾶλλον
1191 2634 1267 2699 ὡς
1299 2636 1364 2690 ἐκ
1393 2635 1553 2691 θείων
1586 2638 1686 2691 αὐ-

97 2726 203 2785 τοῖς
236 2724 591 2795 μηνιμάτων,
645 2725 741 2780 καὶ
787 2726 948 2780 τοῦτο
979 2726 1145 2792 αὐτὸς
1179 2730 1311 2800 ἡμῖν
1354 2730 1383 2782 ὁ
1414 2728 1524 2783 τῶν
1550 2728 1686 2783 ὅλων
1731 2790 1737 2795 ,

100 2814 224 2878 Θεὸς
252 2815 345 2869 διὰ
378 2816 567 2888 φωνῆς
599 2816 787 2889 ἐτέρου
817 2819 1101 2891 προφήτου
1153 2819 1349 2888 φησιν·
1383 2838 1401 2872 ι
1438 2820 1500 2874 Εἰ
1534 2819 1687 2874 ἔσται

101 2907 261 2959 κακία
292 2907 354 2962 ἐν
385 2908 561 2973 πόλει,
594 2910 665 2979 ἣν
696 2909 904 2982 Κύριος
947 2911 1048 2964 οὐκ
1079 2911 1359 2981 ἐποίησεν.
1391 2929 1411 2963 ι
1451 2911 1528 2964 Οὐ
1578 2911 1689 2983 γάρ

104 2996 167 3051 ἂν
190 2997 407 3066 γένοιτό
427 3016 482 3052 τι
511 3000 621 3053 τῶν
647 3000 853 3055 κακοῦν
874 3001 1145 3056 εἰωθότων
1179 3003 1386 3069 πόλεις,
1420 3003 1453 3073 ἢ
1482 3001 1685 3075 χώρας,

102 3088 129 3140 ὂ
153 3089 448 3159 πράττοιτο
484 3090 552 3144 ἂν
577 3091 651 3164 μὴ
673 3082 774 3146 οὐκ
804 3094 1048 3161 ἐφιέντος
1069 3093 1225 3149 Θεοῦ.
1252 3092 1421 3160 Σώζει
1458 3096 1568 3168 γάρ
1596 3096 1693 3160 οὒς

107 3181 167 3234 ἂν
188 3181 393 3248 ἕλοιτο,
424 3183 519 3237 καὶ
539 3184 872 3240 ἀπαλλάττει
892 3187 1099 3241 κακῶν.
1138 3188 1448 3242 Ἀναπείθει
1472 3184 1564 3243 οὖν
1578 3188 1689 3242 τῶν

104 3273 490 3345 λελυπηκότων
520 3277 620 3348 τὴν
648 3276 803 3331 λύσιν
833 3278 1017 3349 ζητεῖν
1052 3279 1205 3350 παρὰ
1247 3278 1406 3346 Θεοῦ,
1440 3282 1689 3352 ῥιπτοῦν·

106 3383 197 3430 τας
232 3367 458 3439 μακρὰν
482 3370 544 3422 τό
587 3386 651 3439 γε
687 3369 894 3424 οἴεσθαι
922 3371 1035 3424 δεῖν
1067 3371 1169 3441 τῆς
1195 3372 1304 3426 τῶν
1322 3372 1695 3444 ψευδωνύμων

107 3456 252 3510 θεῶν
288 3459 500 3529 χειρὸς,
530 3459 623 3513 καὶ
651 3460 975 3533 ἐπικουρίας
1006 3458 1292 3531 δεδεῆσθαι
1331 3461 1402 3515 τά
1447 3463 1566 3516 κατ’
1594 3462 1694 3516 αὐ-

107 3546 245 3609 τούς.
275 3566 294 3598 ι
328 3547 740 3619 Ἐξηράνθησαν
774 3548 863 3615 δὲ,
902 3548 1067 3621 φησιν
1087 3592 1102 3616 ,
1142 3550 1369 3620 ἀφέσεις
1417 3552 1643 3607 ὑδάτων.
1665 3571 1685 3605 ι

122 3637 300 3692 Ὑετοῦ
328 3640 444 3711 γάρ
460 3641 559 3693 οὐκ
578 3641 833 3713 άρδοντος
848 3640 949 3713 τὴν
969 3641 1095 3712 γῆν,
1122 3642 1278 3697 καθιε
1286 3643 1456 3714 μένης
1475 3643 1532 3697 δὲ
1554 3643 1693 3715 πρὸς

111 3730 276 3803 τούτῳ
312 3732 421 3802 τῆς
453 3732 733 3804 ἐρυσίϐης,
765 3732 1179 3805 ἐξωπλισμένης
1211 3734 1269 3788 δὲ
1304 3735 1399 3788 καὶ
1443 3734 1688 3805 άκρὶδος,

114 3822 199 3877 καὶ
230 3822 462 3895 βρούχου
496 3823 795 3896 πηδῶντος,
825 3825 923 3879 καὶ
968 3825 1196 3896 κάμπης
1235 3825 1534 3897 ἑρπούσης,
1573 3826 1692 3890 πῶς

113 3913 173 3966 ἂν
208 3914 515 3985 ἀμφίϐολον
563 3911 633 3985 ἦν
666 3915 743 3979 ὡς
773 3916 991 3980 πάντως
1042 3916 1244 3989 οἴχοιτο
1287 3917 1353 3971 ἂν
1407 3919 1592 3982 αὐτοῖς
1621 3918 1693 3974 τὰ

117 4006 329 4078 ζωαρκῆ
375 4008 512 4077 πρὸς
557 4008 620 4061 τὸ
660 4008 857 4078 μηδένς
908 4008 1432 4079 Καταφθειρομένης
1482 4009 1539 4062 δὲ
1594 4011 1692 4064 καὶ

117 4096 264 4163 πόας,
294 4099 453 4152 πᾶσά
500 4116 618 4162 πως
647 4099 860 4169 ἀνάγκη
890 4098 985 4152 καὶ
1004 4100 1175 4170 κτήνη
1208 4098 1404 4153 παθεῖν
1446 4099 1541 4153 τὸν
1572 4098 1692 4154 ὄλε-

120 4188 253 4260 θρον.

192 4300 361 4371 Φαίην
380 4299 424 4352 δ’
441 4298 528 4365 ἂν,
545 4300 626 4354 ὃτι
642 4299 782 4371 τάχα
803 4317 905 4353 που
926 4300 1019 4354 καὶ
1047 4298 1344 4364 Ἰουδαίοις,
1363 4298 1421 4353 ἐν
1441 4298 1692 4371 ἐσχάτοις

120 4389 203 4442 τοῦ
231 4392 426 4454 αἰῶνος
463 4393 676 4462 καιροῖς
708 4391 1099 4463 ἐπιστρέφουσι
1122 4390 1262 4461 πρὸς
1300 4389 1455 4455 Θεὸν,
1486 4390 1691 4459 πρέποι

121 4481 179 4534 ἂν
212 4486 380 4537 εἰπεῖν
411 4484 511 4546 τὰς
542 4483 756 4538 τοιάσδε
797 4483 1002 4552 φωνὰς,
1037 4485 1160 4547 ταῖς
1207 4482 1315 4536 τῶν
1355 4482 1579 4551 ἀγαθῶν
1607 4483 1693 4534 ἐν-

1787 2001 1841 2046 et
1884 1992 2181 2061 rubiginem
2220 1999 2488 2047 autumat.
2539 1991 2914 2047 lntensissime
2970 2002 3150 2046 autem
3202 1990 3369 2045 Deum

1786 2093 2060 2155 precatur,
2113 2093 2166 2138 et
2233 2084 2458 2147 utiliter,
2493 2083 2677 2138 dicens
2740 2083 2962 2137 minime
3007 2084 3143 2151 apud
3207 2081 3371 2137 alium

1786 2176 2130 2244 quaerendam
2177 2175 2544 2244 depulsionem
2582 2176 2929 2241 calamitatis,
2962 2187 3017 2230 et
3042 2174 3139 2230 soli
3168 2172 3375 2244 suppli-

1787 2265 2014 2320 candum
2076 2264 2173 2330 illi,
2200 2264 2291 2334 qui
2325 2265 2555 2320 salutem
2612 2262 2805 2317 afferre
2841 2273 3034 2332 potest,
3081 2273 3134 2318 et
3194 2264 3371 2318 iratus

1789 2356 2068 2424 repellere,
2099 2370 2215 2423 quze
2242 2357 2441 2411 habere
2471 2355 2768 2410 molestiam
2794 2365 3209 2411 consueverunt.
3246 2355 3367 2409 Non

1788 2446 1931 2500 enim
1972 2448 2345 2515 cogitandum,
2391 2458 2446 2501 et
2489 2455 2635 2502 recte
2678 2463 2832 2513 sane,
2896 2446 3199 2517 hujusmodi
3230 2446 3368 2501 mata

1787 2552 1884 2609 per
1925 2554 1984 2593 se
2021 2540 2354 2608 contingere,
2392 2539 2484 2593 sed
2515 2554 2581 2593 ex
2616 2539 2693 2593 ira
2730 2538 2907 2593 divina
2935 2539 3113 2607 potius
3143 2535 3368 2602 inferri;

1789 2631 1844 2687 id
1868 2631 2010 2701 quod
2043 2630 2213 2685 nobis
2232 2631 2610 2684 universorum
2639 2629 2896 2685 Dominus
2937 2645 3028 2699 per
3059 2645 3121 2685 os
3148 2631 3375 2687 alterius

1788 2723 2064 2795 prophetae
2093 2721 2477 2793 213‘indicat
2500 2740 2514 2778 :
2540 2740 2559 2773 ι
2596 2721 2653 2776 Si
2683 2723 2790 2776 erit
2829 2722 3025 2776 malum
3050 2723 3104 2778 in
3127 2723 3372 2789 civitate,

1787 2814 1930 2887 quod
1960 2828 2066 2869 non
2104 2812 2236 2869 fecit
2280 2814 2540 2869 Dominus
2564 2812 2663 2867 ⁸⁸.»
2696 2812 2852 2868 Haud
2893 2815 3036 2868 enim
3079 2814 3374 2884 quidquam

1788 2923 1974 2964 eorum
1999 2905 2195 2978 quibus
2221 2906 2466 2962 civitates
2490 2916 2542 2961 et
2588 2907 2836 2976 regiones
2889 2905 3220 2977 aliliguutur,
3263 2907 3376 2965 Deo

1790 3012 1894 3052 non
1926 2997 2248 3052 immittente
2279 2997 2539 3052 evenerit.
2572 2994 2768 3051 Servat
2801 2996 2945 3050 enim
2971 3013 3104 3065 quos
3137 2997 3251 3053 vult
3273 3041 3290 3066 ,
3318 3008 3375 3054 et

1793 3091 2052 3146 mals-rum
2108 3091 2374 3144 immunes
2416 3089 2610 3143 reddit.
2647 3087 2851 3144 Suadet
2887 3089 3052 3160 igitur
3091 3091 3375 3160 propheta,

1791 3198 1975 3237 eorum
2021 3182 2364 3250 qumgnocent
2398 3180 2669 3249 repulsam
2704 3196 2734 3234 a
2758 3180 2869 3235 Deo
2911 3190 3115 3252 petere,
3154 3179 3375 3253 ‘opinio-

1793 3288 1864 3329 ne
1940 3273 2031 3327 illa
2055 3272 2242 3343 procul
2275 3272 2470 3341 ejecta,
2504 3272 2760 3327 falsorum
2791 3272 3015 3328 deorum
3050 3290 3227 3343 opem,
3259 3291 3375 3331 ma-

1792 3380 1920 3422 num
1965 3374 2020 3420 et
2054 3363 2313 3420 auxilium
2342 3364 2397 3418 in
2429 3364 2543 3419 suis
2577 3363 2738 3420 rebus
2772 3363 2874 3419 sibi
2910 3378 3029 3421 esse
3077 3366 3372 3435 imploran-

1792 3460 1970 3515 dumu
1999 3456 2267 3513 Areiactae
2293 3465 2440 3524 sunt,
2476 3455 2672 3526 inquit,
2700 3456 3020 3513 emissiones
3048 3472 3369 3527 aquarum.»

1790 3550 1977 3607 Pluvia
2006 3550 2204 3622 quippe
2226 3560 2426 3606 terram
2450 3564 2556 3605 non
2590 3549 2872 3619 irrigante,
2896 3558 2951 3604 et
2974 3549 3211 3605 lmrnissa
3241 3564 3379 3619 prac-

1794 3653 1938 3700 terea
1980 3642 2250 3714 rubigine,
2276 3651 2485 3698 armata
2519 3642 2647 3697 item
2678 3640 2910 3706 locusta,
2934 3646 2989 3694 et
3021 3640 3229 3695 brucbo
3267 3642 3379 3696 sal.

1792 3748 1962 3806 tante,
1992 3747 2047 3794 et
2074 3752 2235 3794 eruca
2278 3745 2519 3807 repente,
2546 3734 2769 3804 quinam
2804 3732 3026 3788 dubium
3067 3740 3209 3798 erat,
3245 3733 3374 3803 quin

1792 3832 1927 3903 ipsis
1957 3830 2085 3885 vitae
2148 3830 2513 3885 sustentanda:
2573 3825 2880 3882 necessaria
2913 3824 3153 3894 perirent
3193 3824 3378 3880 fundi-

1792 3916 1919 3972 tus?
1952 3916 2130 3972 Herba
2159 3926 2336 3971 autem
2361 3916 2685 3981 intereunte,
2706 3927 2928 3984 prorsus
2946 3922 2999 3968 et
3016 3911 3265 3982 iumenta
3290 3914 3375 3969 in-

1794 4012 1960 4067 terire
1989 4025 2213 4067 necesse
2241 4025 2381 4066 esse.

1864 4304 2100 4361 Dixerim
2140 4317 2320 4374 porro,
2349 4303 2584 4359 fortasse
2610 4317 2640 4358 a
2673 4300 2894 4369 Iudaeis,
2924 4301 3189 4357 extremis
3214 4315 3375 4355 mun-

1795 4399 1846 4453 di
1901 4397 2236 4466 temporibus
2262 4396 2328 4450 ad
2357 4395 2639 4451 Dominum
2672 4393 3068 4449 revertentibus
3113 4394 3377 4449 bonorum

1796 4488 1975 4560 in0pia
2021 4489 2222 4559 pressis
2251 4502 2306 4541 et
2351 4486 2714 4557 ejulantibus,
2764 4498 2887 4556 apte
2925 4486 3031 4542 dicit
3071 4501 3229 4557 posse
3281 4488 3379 4541 has

124 4576 275 4641 δεῐαις
309 4566 771 4647 ἐντεθλιμμένοις,
804 4577 896 4630 καὶ
925 4575 1346 4647 κατοιμώζουσι.
1376 4575 1690 4645 Δεδαπάνη-

1800 4597 1977 4637 voces.
2028 4580 2360 4647 Consumpta
2401 4587 2527 4634 sunt
2552 4578 2726 4644 enim,
2758 4577 2912 4647 quasi
2948 4578 3017 4632 ab
3045 4576 3186 4644 igne,
3236 4576 3379 4645 ipso-

124 4685 199 4721 ται
216 4669 318 4738 γὰρ
337 4670 522 4731 αὐτοῖς
548 4669 621 4731 ὡς
645 4667 748 4721 ὐπὸ
776 4667 948 4739 πυρὸς
969 4666 1039 4719 τά
1059 4669 1138 4730 εἰς
1162 4666 1288 4719 νοῦν
1312 4666 1514 4735 ἀγαθά,
1536 4666 1698 4736 ἀκρίς

126 4776 176 4811 τε
201 4761 330 4814 αὐτὰ
362 4760 525 4831 νοητὴ
555 4759 902 4829 κατεδήδοκε,
926 4758 1019 4810 καὶ
1040 4757 1420 4828 ἐξηράνθησαν
1447 4757 1693 4825 ἀφέσεις.

137 4850 455 4905 Ἐνετείλατο
483 4853 592 4922 γάρ
623 4853 746 4914 ταῖς
780 4849 1033 4919 νεφέλαις
1072 4849 1166 4902 τοῦ
1213 4848 1286 4919 μὴ
1317 4847 1506 4918 βρέξαι
1543 4848 1699 4900 ὑετὸν

126 4943 318 5015 ἐπἰτῆς
351 4946 476 5015 γῆς,
509 4943 650 4997 κατά
689 4942 749 4996 τὸ
774 4941 951 5011 γένος,
1001 4941 1093 4995 καὶ
1136 4940 1359 5009 γέγονεν
1396 4940 1597 5003 eam;
1636 4955 1696 4994 τε

126 5035 205 5085 καὶ
250 5034 478 5106 ἄνυδρος
512 5034 583 5104 γῆ
604 5075 618 5098 ,
653 5032 775 5104 ἣτις
801 5032 861 5085 οὐ
902 5032 1383 5103 κατοικηθήσεται.
1421 5032 1609 5103 Ἦμῶν
1635 5032 1694 5085 δὲ

124 5118 178 5188 δὴ
222 5120 346 5193 ⁸πτέρι
375 5121 484 5174 τῶν
521 5123 579 5174 ἐν
608 5122 790 5175 πίστει
840 5120 1277 5192 δεδικαιωμένων
1322 5121 1695 5193 προανεφώνει

126 5210 256 5277 Θεὸς,
289 5213 509 5266 καὶτῶν
528 5212 616 5267 διὰ
638 5212 878 5283 Χριστοῦ
901 5213 1260 5285 χαρισμάτων
1285 5210 1697 5283 ἀμφιλαφεστά-

125 5317 210 5371 την
240 5304 459 5359 ἔσεσθαι
496 5304 596 5376 τὴν
649 5305 912 5377 χορηγίαν
965 5305 1255 5378 ὑπεδήλου,
1304 5304 1499 5374 λέγων·
1547 5323 1565 5356 ι
1605 5303 1695 5357 Ἐν

126 5396 183 5463 τῇ
207 5396 384 5468 ἡμέρᾳ
409 5397 595 5469 ἐκείνῃ
618 5396 985 5463 άποσταλάξει
1022 5396 1090 5451 τὰ
1118 5397 1219 5469 ὅρη
1239 5396 1574 5467 γλυκασμδν,
1602 5396 1697 5450 καὶ

127 5486 168 5538 οἱ
190 5488 361 5559 βουνοὶ
380 5492 673 5562 ρυησονται
701 5488 863 5559 γάλα,
894 5490 987 5544 καὶ
1003 5491 1175 5545 πᾶσαι
1197 5491 1254 5545 αἱ
1279 5491 1503 5561 ἀφέσεις
1524 5488 1697 5542 Ἰούδα

130 5579 403 5652 ῥυήεονται
436 5582 603 5635 ’ὐδατα
628 5623 643 5647 ,
678 5584 773 5635 καὶ
801 5581 951 5654 πηγὴ
981 5582 1042 5648 ἐξ
1065 5582 1215 5637 οἴκου
1239 5581 1446 5655 Κυρίου
1477 5581 1693 5648 ἐξελεύ-

130 5688 282 5743 σεται,
306 5674 402 5729 καὶ¹
433 5675 613 5727 ποτιεῖ
634 5673 726 5727 τὸν
755 5674 1093 5747 χειμάρρουν
1119 5674 1228 5729 τῶν
1256 5676 1502 5747 σχοίνων.
1534 5693 1552 5728 ι
1582 5673 1692 5728 Καὶ

1797 4689 1914 4728 rum
1965 4674 2104 4728 bona
2141 4670 2331 4739 animi,
2358 4670 2565 4726 locusta
2596 4684 2715 4739 qua:
2744 4678 2928 4724 mente
2957 4669 3262 4739 concipitur
3285 4668 3374 4721 illa

1796 4765 2099 4831 devoravit,
2127 4772 2182 4819 et
2204 4773 2535 4818 exaruerunt
2553 4762 2871 4819 emissiones
2894 4776 3184 4831 aquarum.
3218 4760 3374 4815 Man-

1797 4856 1943 4912 davit
1969 4855 2110 4909 enim
2146 4853 2385 4908 nubibus
2413 4868 2479 4908 ne
2509 4852 2752 4923 pluerent
2800 4852 3027 4906 imbrem
3072 4864 3235 4919 super
3268 4862 3375 4905 tcr~

1796 4963 1936 5014 ram,
1961 4962 2056 5017 pro
2105 4960 2254 5002 more
2278 4956 2333 5001 et
2364 4954 2560 5000 natura
2598 4959 2694 5000 sua
2721 4945 2789 5011 ⁸⁵,
2846 4952 2901 4998 et
2946 4944 3086 4998 facta
3111 4953 3196 4998 est
3234 4952 3377 4997 terra

1796 5040 1941 5096 invia
1971 5048 2024 5093 et
2052 5039 2315 5106 inaquosa
2336 5037 2436 5104 ⁸⁸,ι
2469 5050 2587 5104 qua).
2613 5049 2718 5090 non
2753 5034 3106 5089 habitabitur.
3153 5031 3228 5087 De
3281 5047 3382 5086 no-

1798 5132 1881 5186 bis
1936 5140 2116 5184 autem
2151 5129 2204 5184 in
2239 5128 2341 5183 ﬁde
2366 5128 2683 5198 justiﬂcatis
2713 5124 3092 5196 praenuntiavit
3126 5124 3289 5189 Deus,
3322 5133 3378 5177 et

1797 5234 1895 5293 per
1926 5221 2202 5276 Christum
2230 5235 2327 5275 nos
2349 5219 2692 5275 charismatis
2720 5217 3093 5288 copiosissime
3118 5215 3378 5271 donatum

1801 5314 1864 5367 iri
1926 5312 2275 5381 significavit,
2318 5311 2403 5366 his
2456 5310 2666 5367 verbis:
2698 5308 2795 5364 «In
2831 5308 2921 5364 illa
2954 5308 3043 5362 die
3100 5304 3382 5361 stillabunt

1800 5416 2009 5461 montes
2052 5404 2391 5459 dulcedinem
2410 5444 2426 5466 ,
2453 5410 2508 5457 et
2533 5400 2697 5458 colles
2724 5400 2893 5456 ﬂuent
2916 5399 3053 5454 lacte
3072 5417 3089 5464 ;
3111 5408 3167 5452 et
3190 5410 3380 5451 omnes

1794 5496 2117 5553 emissiones
2176 5494 2311 5549 Juda
2387 5493 2551 5548 ﬂuent
2620 5491 2797 5560 aquis,
2833 5498 2888 5545 et
2931 5489 3049 5545 fons
3095 5487 3163 5542 de
3216 5487 3379 5540 domo

1797 5586 2005 5644 Domini
2037 5586 2365 5656 egredietur,
2388 5595 2440 5640 et
2464 5582 2708 5652 irrigabit
2729 5588 3025 5635 torrentem
3056 5574 3367 5632 funium'm

1793 5680 1931 5747 Quin
1997 5688 2051 5734 et
2083 5678 2285 5732 aliter:
2331 5694 2350 5727 ι
2396 5674 2508 5746 Ego
2550 5674 2813 5731 Dominus
2850 5672 3027 5737 Deus;
3066 5683 3166 5739 ego
3206 5679 3375 5721 exau-

190 5858 248 5891 ‘i‘
284 5864 447 5918 Amos
491 5840 576 5926 In,
634 5859 691 5914 6.
767 5860 812 5891 ⁸³
847 5857 949 5915 lsa.
993 5875 1043 5927 ν,
1081 5860 1136 5915 6.
1212 5861 1257 5892 ⁸⁸
1314 5861 1449 5916 Psal.
1481 5876 1610 5930 an,
1655 5861 1688 5914 5

1792 5859 1827 5891 ³⁷
1876 5856 1987 5912 Joel
2046 5872 2125 5921 ιιι,
2179 5855 2261 5909 18.
