4068 6544
529 357 628 414 531

1533 347 1591 403 S.
1633 346 1904 403 CYRIIJJ
1946 344 2415 403 ALEXANDRINI
2456 345 2773 403 ARCHII‘LP.

3708 346 3830 404 532

530 473 777 549 patribus
801 485 1010 537 eorum,
1041 478 1134 525 aut
1161 467 1296 540 ipsis
1328 466 1562 540 posteris
1612 481 1643 521 a
1705 466 1814 522 Deo
1854 467 2121 522 irascente

2234 466 2338 527 τοῖς
2362 463 2638 535 πατράσιν
2658 464 2864 530 αὐτῶν,
2893 464 3061 536 ἤγουν
3084 465 3193 528 τοῖς
3214 463 3295 518 ἔτι
3318 467 3549 519 κατόπιν
3574 465 3639 518 ἑκ
3668 464 3829 529 θείας

529 568 835 638 importata
864 562 991 619 sint.
1015 560 1395 635 Reputandum
1443 560 1612 631 igitur
1640 558 1738 625 ait,
1778 568 1961 614 utrum
2006 572 2116 614 non

530 674 667 716 nova
691 655 1042 723 etinusitata,
1075 671 1174 712 nec
1204 654 1295 710 ulli
1326 653 1558 709 fortasse
1608 652 1908 724 priscorum
1944 651 2118 707 homi.

530 768 656 808 num
679 750 894 822 cognita
919 760 1237 805 narraturus
1254 750 1344 804 sit.
1369 747 1577 804 Debere
1605 747 1771 802 etiam
1822 745 1877 801 in
1920 742 2119 815 primis

526 855 754 902 cmteros
776 843 852 898 ait
875 842 1200 913 disquirere,
1226 856 1354 897 num
1402 840 1532 912 quid
1568 835 1939 910 hujuscemodi
1974 837 2119 907 ipso-

528 954 647 994 rum
679 936 1003 993 memoriam
1032 936 1341 1006 contigerit,
1363 944 1417 990 et
1452 933 1570 991 fore
1594 933 1876 990 materiam
1932 945 2120 986 narra-

527 1033 693 1089 tionis
717 1032 1079 1103 sempiternaz,
1100 1042 1221 1100 quae
1242 1043 1347 1084 non
1384 1042 1567 1093 unam,
1598 1040 1698 1082 nec
1723 1025 1878 1091 duas,
1896 1032 1988 1079 aut
2006 1034 2119 1078 tres

525 1126 902 1196 generationes
924 1122 1211 1194 pervadat,
1242 1120 1337 1177 sed
1361 1119 1585 1175 multum
1632 1118 1812 1188 potius
1873 1116 2116 1172 excedat.

528 1219 683 1274 Sicut
713 1217 857 1273 enim
894 1215 1181 1271 illustrium
1220 1228 1426 1275 rerum,
1457 1222 1511 1267 et
1559 1211 1791 1267 fortasse
1827 1207 2122 1265 delectabi-

528 1311 662 1366 lium
690 1324 906 1381 quoque
936 1306 1327 1377 expositiones,
1359 1305 1652 1359 multorum
1682 1303 1907 1357 auribus
1929 1303 2121 1372 dignas

531 1403 890 1467 aﬂirmamus;
922 1401 999 1456 ita
1034 1398 1389 1455 nihilominus
1414 1396 1772 1453 memoranda
1818 1395 1948 1463 .iute
1987 1410 2119 1450 cen-

529 1504 884 1564 sentur,quae
904 1507 1025 1547 cum
1045 1491 1291 1548 adversis
1340 1489 1558 1547 casibus
1610 1497 1665 1546 et
1714 1487 2122 1542 calamitatibus

529 1586 816 1656 conjuncta
844 1594 989 1640 sunt.
1013 1582 1152 1640 Nam
1174 1592 1227 1640 et
1263 1585 1379 1639 haec
1430 1590 1642 1637 tantum
1668 1595 1781 1635 non
1809 1580 2124 1651 exprimunt

530 1681 814 1736 veritatem
841 1677 1261 1748 quodammodo,
1298 1674 1680 1742 molestiusque
1712 1687 1829 1743 .per
1851 1686 2121 1731 summam

532 1771 925 1845 impudentiam
951 1770 1230 1836 instantia,
1269 1768 1539 1825 reeeuseri
1574 1766 1851 1837 postulant
1910 1775 2121 1822 etcum

2224 555 2396 627 ὀργῆς
2428 554 2861 628 ἐπενηνεγμέναο
2895 556 3314 627 ἀναλογίζεσθαι
3340 574 3400 610 τε
3432 556 3543 611 δεῖν
3584 557 3690 628 ἔφη
3713 558 3831 611 λοι-

2225 648 2347 713 πὸν,
2379 648 2428 701 εί
2461 648 2537 720 μὴ
2570 647 2698 715 ξένα
2722 648 2817 701 καὶ⁷
2844 648 2988 721 ἀήθη
3018 649 3087 704 τά
3123 649 3471 721 διηγήματα,
3502 649 3599 704 καὶ
3644 649 3832 704 οὐδενί

2225 756 2312 792 πω
2338 739 2482 811 τάχα
2513 739 2624 793 τῶν
2663 740 2831 795 πάλαι
2880 742 3279 813 διεγνωσμένα.
3312 742 3561 797 Συνιέναι
3600 758 3667 811 γε
3714 744 3832 814 μὴν

2225 826 2461 903 εῦμάλα
2484 835 2784 905 προσήκειν
2811 833 2906 889 καὶ
2928 836 3053 897 τοὺς
3075 834 3297 907 ἐτέρους
3344 836 3499 906 φησὶ,
3522 837 3571 890 εί
3596 831 3832 890 τοίαῦττ

2224 923 2450 993 γέγονεν
2495 924 2585 977 ἐπ’
2620 924 2802 978 αὐτῶν
2834 942 2849 956 ο
2896 924 3116 979 ἔσεσθαι
3156 927 3223 980 δὲ
3263 928 3358 981 καί
3406 928 3666 982 ὑπόθεσιν
3700 930 3835 982 ἀτεο

2224 1014 2499 1084 λευτήτων
2527 1014 2904 1087 διηγημάτων,
2935 1016 3035 1071 οὐκ
3082 1018 3323 1090 είςμίαν
3351 1019 3672 1091 διήκουσαν,
3697 1020 3833 1074 οὔτε

2237 1105 2345 1177 μὴν
2397 1108 2477 1173 είς
2522 1107 2615 1161 δύο
2662 1109 2755 1163 καὶ
2804 1110 2955 1181 τρεῖς
3005 1113 3240 1179 γενεὰς,
3288 1111 3709 1167 διεκσαίνουσαν
3767 1113 3834 1166 δὲ

2230 1198 2453 1269 μᾶλλον,
2484 1201 2583 1254 καὶ
2613 1202 2694 1263 είς
2731 1199 2792 1254 τὸ
2831 1200 3099 1255 ἐπέκεινα
3152 1201 3310 1258 πολύ.
3341 1202 3558 1274 Ὠσπερ
3601 1205 3714 1277 γὰρ
3757 1222 3836 1256 τε

2226 1290 2455 1363 λαμπρά
2500 1292 2614 1346 τῶν
2663 1294 3019 1365 διηγημάτων
3059 1294 3397 1360 ἀξιάκουστά
3435 1312 3622 1368 φαμεν
3683 1293 3834 1350 εἶναι

2224 1382 2339 1447 τοῖς
2373 1380 2610 1448 πολλοῖς,
2648 1385 2745 1438 καὶ
2770 1378 2850 1447 οἷς
2888 1384 2954 1438 ἂν
2990 1384 3176 1438 ἕποιτο
3214 1386 3379 1456 τυχὲν
3409 1388 3506 1440 καὶ
3541 1387 3604 1440 τὺ
3633 1386 3833 1459 ἐφήδε-

2231 1474 2353 1528 σθαι
2398 1475 2538 1528 δεῖνο
2592 1472 2766 1538 οὕτως
2817 1476 3293 1549 ἀξιομνημόνευτα
3342 1473 3637 1543 πωςοείναι
3677 1478 3837 1532 δοκεῖ

2227 1569 2325 1622 καὶ
2350 1566 2418 1621 τὰ
2450 1569 2549 1631 είς
2589 1566 2741 1638 λῆξιν
2798 1569 3007 1639 ἥκοντα
3040 1569 3338 1642 συμφορῶν
3376 1587 3436 1625 τε
3477 1572 3572 1626 καὶ
3614 1571 3833 1624 παθῶν.

2227 1660 2527 1732 Μονονουχὶ
2560 1660 2668 1733 γὰρ
2702 1661 3099 1715 καταδιάσεταί
3128 1680 3244 1729 πως
3276 1663 3374 1718 καὶ
3401 1664 3471 1718 τά
3506 1665 3686 1719 τοιάδε
3728 1664 3835 1735 τὴν

2228 1752 2505 1825 ἀλήθειαν,
2536 1754 2628 1807 καὶ
2653 1756 3063 1828 φορτικωτέραν
3086 1756 3187 1829 τὴν
3212 1755 3521 1829 προσόολὴν
3542 1756 3741 1827 ἔχοντα
3764 1759 3834 1811 ἐκ

534 1843 768 1922 maxime
794 1864 1098 1937 insignibus
1124 1864 1191 1919 de
1229 1861 1395 1933 gloria
1466 1861 1822 1916 contendunt.
1842 1859 2020 1930 Atque
2059 1867 2119 1912 ut

2234 1843 2423 1916 πολλῆς
2475 1846 2618 1915 ἄγαν
2672 1846 3084 1917 ἀναισχυντίας,
3146 1847 3290 1913 ἀξιοῖ
3341 1847 3832 1919 μνημονεύεσθαι,

531 1959 673 2014 bona
709 1996 725 2023 ,
763 1956 868 2023 sic,
896 1956 1111 2026 opinor,
1135 1952 1452 2008 etlinfausta
1477 1967 1541 2007 ac
1566 1952 1775 2019 tristia,
1816 1966 1921 2006 non
1954 1950 2126 2006 inuti-

532 2049 660 2106 liter
680 2055 1195 2106 oommemorautur.
1226 2044 1317 2100 illa
1346 2044 1612 2115 siquidem
1641 2046 1707 2099 ad
1729 2043 1947 2100 virtutis
1976 2058 2127 2099 amo-

534 2158 650 2200 rem
672 2141 1038 2203 auscultantes
1065 2147 1299 2205 acuunt;
1321 2140 1457 2203 haec,
1493 2137 1630 2193 mala
1684 2146 1972 2208 antequam
2027 2151 2126 2192 ve-

535 2235 691 2290 niant
719 2233 1160 2302 sentianturque,
1202 2232 1481 2301 deprecari
1513 2231 1745 2295 docent;
1771 2238 1827 2283 et
1875 2243 1974 2297 per
2009 2242 2128 2297 quas

536 2325 626 2379 alii
653 2338 841 2394 pamas
865 2330 1244 2392 susceperunt,
1277 2321 1838 2392 per~eademparibus
1868 2333 1927 2374 se
1955 2318 2121 2375 scele-

533 2418 687 2473 ribus
714 2416 929 2471 irretire
953 2415 1231 2486 cupientes
1261 2430 1365 2469 nou
1388 2414 1593 2471 sinunt.

611 2688 775 2743 Vsus.
802 2688 856 2742 4.
889 2684 1117 2741 Residua
1138 2700 1308 2740 erucae
1337 2681 1559 2738 comedit
1594 2680 1816 2743 locusta.
1849 2694 1895 2735 et
1921 2681 2133 2736 residua

536 2782 754 2836 Iocasta:
788 2779 1007 2834 comedit
1041 2777 1289 2842 bruchus,
1347 2784 1396 2831 et
1433 2774 1643 2829 residua
1686 2773 1869 2828 brucltt'
1912 2775 2132 2829 comedit

538 2875 756 2945 rubigo.

611 3052 935 3121 1V.Semper
952 3048 1190 3106 involuta
1208 3058 1290 3105 est
1314 3046 1563 3105 nonnihil
1582 3055 1890 3103 sanctorum
1905 3042 2133 3116 prophe-

540 3152 717 3195 tarum
751 3139 949 3205 oratio,
976 3147 1031 3195 et
1058 3148 1277 3195 narratu
1316 3138 1629 3194 tristissima
1686 3138 1828 3194 haud
1879 3136 2015 3192 satis
2064 3135 2133 3190 11-

2225 1937 2323 1989 καὶ
2366 1940 2487 2000 ταῖς
2518 1936 2628 1990 τῶν
2679 1938 2951 2009 μεγίστων
2979 1938 3158 2006 δόξαις
3191 1940 3503 2009 φιλονεικεῖ.
3542 1941 3700 2011 Ἔχει
3740 1940 3833 2004 δὲ,

2228 2027 2415 2100 ὥσπερ
2445 2028 2515 2083 τὰ
2550 2030 2793 2101 χρηστὰ,
2819 2030 2919 2100 τὴν
2956 2031 3176 2103 μνήμην
3216 2031 3319 2085 οὐκ
3366 2030 3596 2104 ἀκερδῆ,
3628 2031 3831 2097 οὕτως,

2228 2118 2402 2193 οἶμαι,
2432 2122 2528 2175 καὶ
2555 2121 2623 2175 τά
2658 2123 2823 2177 σκαιά
2846 2139 2950 2176 που
2979 2124 3073 2177 καὶ
3115 2123 3437 2197 σκυθρωπά.
3470 2124 3550 2177 Τά
3593 2124 3691 2196 μὲν
3715 2125 3837 2194 γὰρ

2229 2215 2309 2278 είς
2336 2213 2521 2284 ἔφεσιν
2552 2213 2756 2285 ἀρετῆς
2788 2214 3101 2287 παραθήγει
3130 2216 3258 2280 τοὺς
3300 2216 3685 2287 ἀκροωμένους
3708 2234 3722 2247 ·
3760 2216 3835 2268 τὰ

2230 2306 2286 2360 δὲ
2314 2300 2421 2377 πρὸ
2458 2306 2649 2376 ἐφόδου
2694 2305 2795 2377 τὴν
2824 2306 2931 2360 τῶν
2960 2307 3146 2361 κακῶν
3190 2310 3388 2378 πεῖραν
3434 2308 3835 2378 παραιτεῖσθαι

2230 2399 2504 2454 διδάσκει·
2529 2400 2625 2454 καὶ
2650 2400 2715 2453 δι’
2739 2393 2815 2456 ὧν
2832 2401 3020 2474 ἕτεροι
3045 2400 3473 2473 τετιμώρηνται,
3506 2401 3595 2455 διά
3616 2402 3835 2456 τούτων

2232 2488 2414 2546 αὐτῶν
2458 2491 2521 2547 τὸ
2572 2495 2686 2558 τοῖς
2731 2492 2869 2558 ῐσοις
2920 2494 3184 2549 ἐναλῶναι
3234 2492 3420 2565 ζητεῖν
3467 2495 3568 2548 οὐκ
3626 2494 3837 2567 ἀφίησί

2231 2601 2405 2649 τινας.

2308 2677 2385 2731 Τὰ
2411 2677 2747 2733 ataui/lauta
2771 2678 2884 2749 τῆς
2913 2678 3155 2749 κάμπης
3194 2680 3530 2751 κατέφαγεν
3556 2693 3591 2747 η
3624 2679 3835 2749 ἀκρίς,

2235 2768 2333 2821 καὶ
2359 2769 2431 2822 τὰ
2461 2770 2798 2826 κατάλοιπα
2824 2771 2935 2841 τῆς
2958 2772 3202 2841 ἀκρίδος
3224 2772 3559 2842 κατέφαγεν
3585 2774 3619 2826 ὁ
3637 2771 3837 2840 ,ϐροῦ-

2235 2877 2363 2929 χος,
2396 2861 2491 2915 καί
2525 2861 2597 2916 τὰ
2633 2862 2971 2918 κατάνιοιπα
3017 2864 3124 2919 τοῦ
3168 2864 3446 2934 ,βρούχου
3484 2863 3839 2935 κατέφαγεν

2234 2953 2272 3020 ἡ
2303 2950 2577 3024 ἓρυσίὄη.

2305 3046 2380 3102 A'.
2411 3048 2735 3120 Κέκρυπταί
2767 3068 2885 3114 πως
2924 3050 3010 3104 ἀεὶ
3035 3049 3141 3103 τῶν
3169 3045 3341 3119 ἁγίων
3367 3048 3655 3121 προφητῶν
3686 3050 3720 3101 ὁ
3750 3048 3842 3102 λό-

2236 3156 2352 3209 γος,
2375 3140 2469 3193 καὶ
2493 3140 2563 3194 τὰ
2586 3142 2794 3213 σφόδρα
2815 3142 2947 3196 σκυθ
2959 3142 3114 3214 ρωπά
3147 3141 3256 3195 τῶν
3284 3141 3635 3213 διηγημάτων
3662 3139 3841 3210 ὀκνη-

540 3234 731 3289 beuter
769 3231 1096 3304 proferunt;
1135 3245 1269 3287 neve
1320 3230 1604 3288 audientes
1660 3228 1973 3286 eﬂ‘renatius
2022 3228 2127 3282 ira-

2238 3230 2347 3303 ρῶς
2380 3231 2699 3304 ἐκφέρουσι,
2751 3234 2845 3287 καὶ
2878 3233 2966 3287 διὰ
3006 3234 3105 3298 τάς
3158 3232 3264 3287 τῶν
3306 3233 3670 3306 ἀκροωμένων
3701 3232 3839 3286 ἁτε

541 3336 783 3391 scantur,
820 3339 956 3395 quas
1004 3332 1249 3394 possunt,
1309 3324 1658 3380 obscuritatis
1707 3324 1925 3378 umbras
1966 3320 2129 3376 indu-

541 3424 711 3482 cunt;
752 3416 1038 3489 aenigmata
1091 3417 1256 3471 etiam
1305 3422 1360 3471 et
1408 3414 1691 3487 parabolas
1759 3411 2133 3483 excogitantes

541 3524 648 3564 non
697 3508 1043 3564 mediocriter
1091 3516 1346 3577 prosunt;
1410 3520 1793 3576 nonnunquam
1844 3515 1899 3561 et
1942 3518 2133 3558 exem-

540 3600 628 3672 pia
709 3610 1009 3672 opportuna
1088 3600 1341 3656 alterunt.
1408 3597 1501 3654 Sic
1570 3599 1711 3667 apud
1793 3594 2129 3653 Ezechielem

546 3711 569 3748 ι
607 3693 799 3764 Aquila
824 3694 1068 3764 grandis,
1107 3707 1427 3764 magnarum
1468 3691 1699 3756 alarum,
1730 3707 1750 3742 ι
1791 3688 2131 3758 proponitur,

545 3803 567 3839 ι
590 3786 751 3857 longo
781 3786 1147 3841 membrorum
1171 3783 1355 3848 ductu.
1389 3792 1444 3840 et
1469 3782 1623 3854 plena
1655 3781 1872 3853 plumis,
1901 3795 2021 3851 qua:
2043 3778 2135 3833 ha-

541 3874 634 3932 bet
661 3876 880 3931 ductum
913 3876 1148 3931 intrandi
1205 3875 1272 3929 ad
1334 3874 1624 3940 Libanum,
1675 3880 1732 3928 et
1785 3873 1905 3927 tulit
1956 3870 2132 3927 electa

541 3968 1069 4027 cedri.Summitates
1099 3965 1481 4022 teneritudinis
1505 3966 1623 4037 ejus
1650 3965 1922 4029 avulsit,et
1952 3974 2130 4022 trans-

544 4062 783 4134 portavit
840 4075 936 4117 eas
961 4060 1014 4116 in
1049 4068 1250 4114 terram
1302 4059 1559 4115 Chanaan
1584 4058 1653 4113 ⁸³.
1691 4078 1710 4112 ι
1742 4057 2132 4130 Subsigniﬁca—

541 4154 621 4209 vit
641 4153 785 4209 enim
815 4152 1008 4217 Assur,
1039 4151 1340 4223 principem
1389 4161 1547 4206 terra:
1606 4150 1933 4223 Babyloniae,
1964 4151 2132 4221 200

543 4243 638 4315 qui
666 4242 1122 4313 exirniasqumque
1173 4258 1240 4299 ex
1281 4243 1447 4299 Israel
1495 4242 1742 4317 diripuit,
1805 4242 2134 4312 domumque

541 4335 746 4390 avexit.
776 4333 856 4389 Ac
894 4333 1213 4390 sterilitates
1267 4335 1483 4404 quidem
1538 4349 1813 4405 agrorum,
1862 4332 2133 4387 fructuum

542 4437 883 4485 maturorum
919 4426 1225 4497 penuriam,
1273 4441 1469 4481 saevam
1541 4441 1687 4497 saepe
1728 4435 1782 4482 et
1821 4426 2131 4481 diuturnam

542 4518 745 4574 famem
776 4532 872 4590 per
898 4516 1137 4574 Judmam
1158 4516 1453 4584 exstitisse,
1501 4533 1657 4575 sacra
1702 4518 1981 4589 Scriptura
2048 4530 2135 4571 re-

2235 3323 2466 3389 Odtcoau;
2508 3326 2680 3397 ὀργὰς
2725 3329 2845 3391 ταῖς
2896 3326 3276 3399 ἐνδεχομέναις
3318 3326 3602 3397 ἀσαφείαις
3646 3344 3836 3379 κατα·

2236 3414 2570 3481 σκιάζουσιν.
2605 3416 2915 3489 Αἰνίγματα
2947 3417 3004 3471 δὲ
3053 3420 3146 3473 καὶ
3189 3418 3505 3490 παραϐολὰς
3547 3418 3836 3472 ἀναπλάτο

2233 3525 2436 3572 τοντες,
2456 3507 2757 3579 ὠφελοῦσιν
2773 3509 2832 3563 οὐ
2864 3509 3121 3581 μετρίως.
3145 3512 3307 3564 Ἐστι
3326 3511 3383 3565 δὲ
3404 3511 3585 3575 αὐτοῖς
3607 3512 3636 3563 6
3657 3511 3832 3579 λόγος

2235 3600 2330 3654 καὶ
2359 3600 2449 3655 διά
2484 3599 2772 3673 χρησίμων
2802 3600 2913 3655 ἔσθ’
2959 3603 3047 3656 ὅτε
3083 3603 3563 3675 παραδειγμάτων.
3605 3604 3841 3657 Ὀποῖόν

2234 3689 2350 3742 ἐστι
2382 3689 2476 3742 καὶ
2515 3689 2574 3742 τὸ
2598 3690 2747 3763 παρὰ
2773 3691 2867 3745 τοῦ
2911 3692 3171 3765 Ἱεζεχιὴλ
3201 3694 3480 3766 κείμενον·
3519 3713 3537 3747 ι
3578 3694 3637 3748 ὐ
3664 3695 3840 3758 ἀετίς

2235 3780 2263 3833 6
2298 3778 2492 3849 μέγας,
2525 3782 2553 3833 6
2592 3781 3107 3855 Δμεγαλοτττέρυγος,
3138 3786 3166 3838 6
3215 3786 3424 3858 μακρὸς
3467 3789 3531 3858 τῇ
3577 3786 3839 3849 ἐκτάσει,

2236 3870 2330 3923 καὶ
2362 3871 2575 3943 πλήρης
2609 3872 2838 3943 ὀνύχων,
2866 3873 2923 3937 ὃς
2960 3873 3071 3945 ἔχει
3105 3876 3163 3929 τὸ
3202 3877 3396 3948 ἦγημα
3444 3878 3702 3933 εἰσελθεῖν
3748 3884 3839 3944 εἰς

2234 3959 2325 4015 τὸν
2368 3962 2620 4027 Λίϐανον,
2666 3963 2761 4016 καὶ
2801 3964 2958 4017 ἔλαϐε
2986 3966 3054 4018 τά
3089 3967 3323 4022 ἐκλεκτά
3363 3970 3462 4039 τῆς
3490 3969 3706 4040 κέδρου.
3740 3972 3834 4024 Τὰ

2234 4052 2380 4123 ἄκρα
2411 4053 2508 4125 τῆς
2542 4053 2881 4123 ἁπαλότητος
2922 4056 3206 4121 ἀπέκνισε,
3240 4058 3331 4111 καὶ
3360 4059 3586 4129 ἤνεγκεν
3620 4061 3838 4124 αὐτοὺς

2235 4146 2317 4209 είς
2338 4144 2437 4215 τὴν
2467 4148 2572 4217 γῆν
2616 4146 2855 4202 Χαναάν.
2896 4166 2914 4199 ι
2957 4149 3257 4221 ’Υπεδήλου
3298 4151 3408 4223 γὰρ
3448 4150 3700 4223 Ἀσσοὺρ,
3739 4154 3837 4207 τὸν

2234 4236 2331 4305 τῆς
2364 4236 2721 4291 Βαϐυλωνίων
2762 4238 2999 4308 ἄρχοντα
3035 4239 3161 4310 γῆς,
3186 4241 3280 4294 τὸν
3322 4242 3695 4315 ἀποκείραντα
3718 4248 3837 4299 τῶν

2234 4326 2294 4392 ἐξ
2332 4327 2548 4401 Ἰσραὴλ
2574 4329 2643 4382 τὰ
2664 4329 2936 4402 ἐξαίρετα,
2972 4333 3067 4385 καὶ
3089 4333 3229 4386 οῖκοι
3265 4334 3566 4404 μεταθέντα
3587 4336 3651 4388 τὸ
3673 4336 3839 4408 διηρ-

2235 4417 2537 4491 πασμένον.
2576 4422 2687 4475 Καὶ
2712 4424 2793 4476 ὅτι
2829 4424 2928 4495 μὲν
2956 4425 3241 4494 γεγόνασιν
3273 4417 3498 4499 ἀφορίαι
3520 4444 3580 4481 τε
3609 4429 3831 4501 ἀγρῶν,

2235 4509 2458 4576 ἔνδειαι,
2496 4510 2606 4564 τῶν
2649 4512 2895 4585 ὼρίμων,
2924 4516 3019 4568 καὶ
3064 4516 3213 4586 λιμοὶ
3254 4516 3570 4582 πλειστάκις
3593 4520 3835 4591 ἀπηνεῖς

543 4611 669 4668 fert.
728 4611 1035 4679 Quinetiam
1060 4609 1277 4680 quidam
1308 4610 1451 4667 fame
1467 4610 1723 4667 macerati
1755 4624 1821 4666 eo
1852 4610 2127 4680 angustia-

2234 4618 2291 4655 τε
2325 4602 2421 4657 καλ⁴
2452 4603 2658 4673 κατάγε
2690 4604 2789 4677 τὴν
2825 4605 3086 4661 Ἰουδαίαν
3112 4606 3317 4680 χώραν,
3351 4608 3456 4679 ἔφη
3489 4610 3548 4663 τὸ
3574 4611 3830 4682 Γράμμα

542 4718 662 4759 rum
687 4702 863 4758 adacti
899 4710 1045 4767 sunt,
1080 4710 1138 4756 ut
1163 4710 1323 4773 caput
1351 4702 1493 4757 asini
1540 4702 1931 4774 quinquaginta
1985 4700 2136 4757 siclis

542 4802 788 4850 emerent
820 4794 891 4849 “.
914 4792 1302 4849 Calamitosum
1334 4803 1546 4863 tempus
1566 4794 1862 4850 ostendunt
1918 4807 2135 4863 quoque

542 4898 706 4955 super
733 4882 1033 4939 infantibus
1074 4882 1315 4939 rixantes
1373 4884 1493 4938 duae
1546 4882 1895 4938 mulierculae.
1942 4881 2132 4937 Altero

544 4978 687 5033 enim
720 4976 1027 5045 absumpto,
1062 4976 1128 5032 de
1148 4976 1325 5033 altero
1357 4977 1479 5032 vivo
1497 4976 1758 5047 judicium
1788 4990 1818 5029 a
1855 4990 1980 5045 rege
2034 4990 2128 5043 pe-

551 5067 740 5131 tebant
763 5066 830 5120 “.
860 5064 1039 5133 Quare
1069 5068 1115 5123 si
1137 5082 1389 5138 agrorum
1426 5067 1867 5131 iufecunditates,
1919 5074 1973 5120 et
2012 5064 2127 5120 fru-

546 5170 727 5216 ctuum
755 5160 885 5216 vitia
917 5160 1265 5232 propheticus
1295 5174 1475 5214 sermo
1504 5159 1663 5213 uobis
1694 5172 1792 5227 per
1829 5156 1950 5212 hac
1982 5156 2128 5212 ἰιιιεο

546 5263 800 5325 gumenta
834 5254 1061 5320 indicat,
1089 5254 1249 5311 etiam
1281 5254 1361 5310 sic
1385 5266 1471 5309 res
1497 5250 1835 5307 intoleranda
1866 5249 2129 5320 intelliga-

550 5357 654 5403 tur.
683 5344 819 5402 Nam
843 5347 1131 5419 gradatim,
1187 5347 1304 5401 sine
1342 5344 1627 5401 intervallo
1668 5343 1829 5415 longe
1876 5341 2129 5413 plurimis

2236 4695 2298 4748 τὸ
2356 4696 2522 4766 ίερόν.
2555 4695 2693 4768 Ἤδη
2751 4698 2860 4771 γάρ
2906 4716 3049 4763 τινες
3091 4698 3250 4770 λιμοῦ
3293 4702 3698 4773 κατατήκοντος
3746 4706 3837 4768 εἰς

2231 4786 2389 4841 τοῦτο
2411 4788 2659 4860 ἀνάγκης
2681 4792 3090 4863 κεχωρήκασιν,
3110 4791 3251 4846 ὥστε
3281 4794 3404 4848 ὄνου
3429 4796 3672 4867 κεφαλὴν
3698 4814 3836 4851 πεν-

2230 4880 2463 4950 τήκοντα
2495 4881 2759 4953 πρίασθαι
2778 4883 2998 4939 σίκλων.
3020 4884 3375 4956 Παραδείξειε
3407 4887 3449 4940 δ’
3480 4887 3545 4942 ἄν
3560 4888 3659 4959 τὴν
3682 4890 3837 4943 κατὰ

2231 4972 2457 5044 καιροὺς
2509 4973 2831 5046 ἀγριότητα,
2878 4977 3010 5048 περὶ
3033 4977 3142 5030 τῶν
3188 4979 3418 5032 παιδίων
3460 4982 3835 5051 μεμαχημένα

2234 5064 2454 5133 γύναια.
2496 5066 2651 5120 Ἐπεὶ
2686 5067 2794 5139 γὰρ
2818 5069 3273 5141 κατεδηδόκεισαν
3299 5072 3358 5124 αἱ
3381 5071 3477 5125 δύο
3497 5073 3555 5125 τὸ
3589 5073 3667 5136 ἓν,
3696 5075 3836 5145 περὶ

2232 5156 2329 5210 τοῦ
2363 5156 2565 5221 ζῶντος
2600 5158 2916 5223 δικάζεσθαι
2960 5161 3111 5232 παρά
3142 5164 3259 5226 τοῖς
3290 5163 3582 5234 κρατοῦσιν
3614 5164 3831 5235 ἠξίουν.

2233 5246 2464 5313 Οὐκοῦν,
2512 5250 2562 5303 εί
2591 5249 2689 5321 μὲν
2727 5250 2912 5322 ἀγρῶν
2945 5252 3198 5325 ἀφορίας,
3246 5254 3342 5307 καὶ
3380 5254 3611 5325 καρπῶν
3648 5273 3832 5310 κατα.-

2234 5343 2443 5416 φθοράς
2487 5346 2515 5398 ὁ
2551 5345 2887 5417 προφητικδς
2919 5347 3051 5417 ἡμῖν
3093 5348 3149 5400 ἐν
3179 5346 3391 5411 τούτοις
3420 5349 3831 5419 κατασημαίνει

543 5448 600 5494 et
623 5438 948 5495 immanibus
982 5438 1321 5495 detrimentis
1343 5435 1657 5502 deformari,
1697 5435 1970 5507 quomodo
2021 5450 2126 5490 non

2234 5435 2414 5505 λόγος,
2448 5438 2623 5490 νοοῖτο
2670 5437 2861 5509 χρῆμα
2909 5437 3004 5492 καὶ
3048 5437 3227 5502 οὕτως
3264 5438 3574 5510 ἀφόρητον·
3605 5440 3666 5493 τὸ
3712 5440 3830 5512 γὰρ

546 5543 875 5599 magnopere
907 5528 1329 5596 intolerandum,
1353 5540 1409 5586 et
1460 5528 1675 5586 silentio
1731 5530 1909 5600 potius
1965 5543 2126 5597 quant

546 5618 858 5674 narratione
886 5617 1111 5689 dignum
1138 5618 1265 5675 est?
1289 5618 1439 5687 Quod
1471 5620 1515 5677 si
1544 5634 1607 5676 ex
1641 5619 1801 5677 dictis
1838 5617 2131 5677 involutio-

613 5792 663 5829 ⁸³
700 5794 897 5852 Ezech.
939 5810 1071 5866 xvu,
1099 5796 1149 5851 7.
1228 5796 1273 5830 ⁸⁸
1311 5796 1377 5853 ιν
1418 5799 1545 5870 Reg.
1592 5813 1663 5863 τι,
1694 5798 1786 5854 25.

2234 5529 2434 5601 ἐφεξῆς
2468 5529 2563 5584 καὶ
2594 5529 2815 5601 ἀμέσως
2840 5530 3121 5595 πλείσταις
3144 5549 3204 5585 τε
3234 5532 3389 5597 ὅσαις
3428 5532 3520 5586 καὶ
3555 5530 3830 5604 χαλεπαῖς

2237 5620 2654 5686 καταικίζεσθαι
2708 5621 2964 5695 πληγαῖς,
2997 5624 3115 5688 πῶς
3154 5623 3215 5676 οὐ
3265 5624 3545 5678 δύσοιστον
3598 5624 3825 5697 κομιδῇ,

1895 5799 1940 5831 ⁸⁸
1983 5798 2111 5855 ibid.
2153 5796 2245 5864 26,
2263 5797 2353 5852 28.
