4068 6542
537 420 642 476 3.35

1523 374 1894 475 sicrmLLI
1936 417 2407 477 ALEXANDRINI
2447 418 2765 477 Ancutur.

3680 418 3784 475 536

540 539 679 593 modi
706 539 938 606 pestium
964 537 1334 613 depascuntur
1357 540 1755 609 quodammodo
1783 557 1906 613 quas
1942 544 1993 595 in
2013 558 2110 595 no--

2217 544 2422 611 κακῶν,
2455 542 2883 599 καταϐόσκονταί
2906 558 3023 604 πως
3059 541 3128 593 τά
3156 542 3213 591 ὲν
3242 540 3374 609 ἡμῖν
3398 537 3590 605 ἀγαθὰ
3620 555 3787 609 πονη-

533 627 617 682 bis
647 625 829 683 insunt
850 628 1013 689 bona,
1048 610 1199 696 pra’vi
1228 638 1278 682 et
1306 628 1564 684 immundi
1589 610 1859 686 exercitus
1877 631 2113 685 animum

533 717 846 783 subeuntes,
881 726 934 772 ct
960 717 1342 773 insatiabiliter
1368 734 1691 775 consumere
1740 720 1918 776 omnia
1946 720 2111 775 soliti.

532 809 682 868 Bona
711 820 797 867 est
827 811 991 880 igitur
1025 811 1295 867 custodia.
1330 810 1442 867 Nec
1470 828 1660 881 parum
1700 828 1797 868 nos
1825 813 1979 883 juvat
2010 813 2115 867 Pa-

533 899 870 956 ranniastes:
904 920 923 954 ι
950 899 1005 955 Si
1028 900 1251 971 spiritus
1277 910 1598 969 potestatem
1621 902 1891 964 habentis,
1916 903 2112 971 inquit,

529 991 839 1064 ascenderit
863 1006 1025 1062 super
1053 1001 1123 1057 te,
1146 991 1318 1048 locum
1360 1001 1507 1046 tuum
1558 1008 1626 1049 ne
1673 993 1963 1060 dimiseris,
1987 995 2113 1063 quia

529 1085 740 1140 curatio
762 1083 926 1139 faciet
966 1100 1184 1141 cessare
1216 1096 1433 1155 peccata
1476 1087 1708 1140 maxima
1744 1087 1813 1141 “.
1855 1105 1877 1138 ι
1912 1087 2114 1156 Repre-

530 1176 715 1231 bensz:
753 1176 903 1231 enim
950 1177 1019 1233 ab
1069 1177 1226 1233 initio
1276 1177 1481 1233 vitiosa:
1513 1176 1825 1235 aﬂectiones
1857 1178 2114 1234 sedantur

530 1277 586 1325 et
643 1268 1098 1339 comprimuntur.
1155 1269 1251 1325 Sin
1330 1270 1483 1339 quasi
1565 1270 1729 1326 latum
1795 1278 1849 1326 et
1910 1272 2113 1342 absque

530 1360 900 1419 admonitione
951 1361 1018 1416 ad
1074 1362 1345 1418 deteriora
1390 1377 1738 1433 progressum
1796 1362 2110 1419 nactaalue-

532 1454 667 1517 rint,
716 1461 885 1509 totam
941 1454 1177 1508 animam
1224 1468 1320 1522 per
1358 1455 1538 1509 omnia
1564 1454 2111 1521 dilaniant,etratio~

528 1546 615 1601 nis
643 1546 1166 1604 animadversionem
1195 1547 1426 1615 amplius
1451 1563 1554 1602 non
1598 1549 1900 1617 patiuntur.

606 1637 767 1693 Vens.
796 1638 853 1695 5.
882 1636 1212 1706 Resipiscite,
1237 1637 1385 1701 ebrii,
1405 1655 1438 1692 α
1458 1639 1576 1693 vino
1601 1649 1795 1705 vestro,
1812 1649 1860 1693 et
1889 1638 2108 1707 ρίοταιε.

532 1728 801 1800 Plangite,
845 1746 1023 1784 omnes
1072 1731 1164 1799 qui
1215 1731 1389 1786 bibitis
1436 1732 1610 1785 vinum
1652 1732 1721 1784 ad
1775 1733 2109 1798 ebrietatem;

528 1822 778 1891 quoniam
816 1820 998 1877 ablata
1038 1832 1111 1876 est
1155 1820 1220 1876 ab
1271 1837 1360 1876 ore
1418 1822 1815 1877 vestralaetilia
1872 1836 1928 1877 et
1976 1839 2110 1894 gau-

522 1915 698 1969 dium.

604 2006 666 2060 V.
688 2006 831 2061 Citra
863 2006 1134 2075 negotium
1167 2020 1375 2072 rursus,
1407 2015 1466 2063 ut
1513 2006 1771 2073 arbitror,
1794 2006 1920 2065 hinc
1941 2007 2106 2063 etiam

528 2098 813 2169 perspicue
840 2098 1023 2154 videas
1059 2098 1221 2173 divini
1246 2097 1401 2159 Pauli
1432 2098 1779 2167 sapientiam.
1808 2098 1913 2154 Per
1946 2098 2105 2154 ﬁdem

532 2196 584 2247 in
623 2191 897 2247 Christum
937 2192 1090 2260 quasi
1140 2206 1341 2261 sagena
1396 2191 1671 2247 conclusis
1725 2191 1858 2246 alias
1888 2192 2106 2261 quidem

529 2281 842 2337 salutariter
868 2280 1135 2335 acclamat
1165 2299 1178 2335 :
1213 2298 1231 2332 ι
1256 2277 1448 2350 Surge,
1478 2282 1570 2349 qui
1598 2281 1896 2346 dormis";
1923 2300 1940 2335 ι
1977 2281 2110 2337 alias

531 2388 715 2429 rursus
729 2372 795 2429 ad
827 2373 1067 2427 laborum
1098 2373 1411 2441 patientiam
1433 2373 1595 2442 202
1633 2373 2110 2428 adamandamim-

529 2464 756 2534 pellens,
799 2463 871 2518 ita
904 2464 1179 2534 loquitur:
1219 2484 1237 2515 ι
1304 2464 1359 2518 Ιιι
1412 2464 1692 2532 disciplina
1746 2475 2106 2533 perseverate.

529 2556 812 2625 Tanquam
832 2557 958 2612 ﬁliis
981 2556 1136 2612 vobis
1167 2555 1324 2613 oﬂ‘ert
1341 2572 1401 2612 se
1431 2556 1602 2614 Deus:
1628 2558 1749 2627 quis
1777 2556 1922 2612 enim
1948 2557 2107 2622 (ilius,

527 2665 687 2722 quem
720 2665 826 2704 non
852 2651 1079 2720 corripit
1136 2659 1291 2719 pater
1318 2650 1404 2704 “?
1430 2667 1456 2702 ι
1501 2648 1744 2706 Percutit
1788 2650 1932 2707 enim
1978 2662 2109 2718 pec-

529 2751 780 2806 catores,
813 2750 1067 2810 tanquam
1097 2756 1204 2796 non
1253 2740 1462 2806 volens,
1503 2743 1632 2810 quia
1672 2740 1793 2810 pius
1815 2749 1898 2797 est
1932 2740 2110 2806 Deus;

530 2834 627 2889 sed
659 2831 811 2887 velut
838 2844 1085 2894 coactus,
1130 2838 1459 2887 convertens
1491 2846 1607 2897 eos,
1667 2840 1722 2886 et
1753 2832 1820 2887 de
1848 2830 2113 2900 supplicio

531 2927 634 2983 illis
658 2926 875 2981 modum
897 2925 1084 2979 auxilii
1102 2924 1379 2989 eﬂieiens;
1416 2910 1866 2993 quemadmodum
1907 2923 2115 2980 scilicet

531 3020 655 3076 boni
682 3033 897 3090 quoque
920 3017 1112 3074 medici
1134 3015 1521 3088 aegrotantibus
1548 3030 1808 3085 perquam
1856 3015 2005 3069 acria
2060 3023 2114 3069 et

534 3111 779 3169 insuavia
831 3110 1224 3165 medicamenta
1281 3110 1611 3173 ministrant,
1649 3117 1708 3163 ut
1749 3107 1950 3163 doloris
1980 3106 2115 3162 tole-

2132 1888 2182 1943 Β

2223 637 2314 707 ραὶ
2361 638 2456 688 καὶ
2486 635 2788 702 ἀκάθαρτοι
2835 632 3097 703 δυνάμεις
3125 631 3205 692 είς
3235 629 3359 682 νοῦν
3395 627 3786 697 ἐμπίπτουσαι,

2215 730 2311 783 καὶ
2350 730 2649 798 ἀπλήστοις
2674 726 2854 780 ὀδοῦσι
2886 726 3130 795 δαπανᾷν
3164 721 3484 791 εἰθισμέναι.
3521 720 3673 789 Καλή
3712 737 3791 773 τοι

2215 819 2324 889 γὰρ
2384 816 2477 874 οὖν
2525 821 2558 890 ὴ
2601 818 2891 886 ἀσφάλεια.
2934 817 3045 871 Καὶ
3094 816 3158 887 δὴ
3210 815 3305 867 καλ⁵
3354 813 3594 882 ὀνίνησιν
3646 812 3792 882 ἡμᾶς

2215 905 2276 961 οἳ)
2309 909 2547 981 μετρίως
2571 912 2601 962 ό
2635 907 3065 982 Παροιμιαστὴς,
3096 905 3301 974 λέγων’
3349 921 3369 955 ι
3409 903 3537 956 Ἐὰν
3576 901 3793 971 πνεῦμα

2215 999 2309 1053 τοῦ
2340 1000 2747 1066 ὲξουσιάζοντος
2777 999 2952 1071 ἀναόῇ
2980 1001 3075 1052 ἐπὶ
3106 997 3187 1062 σὲ,
3212 995 3379 1049 τόπον
3402 1010 3496 1047 σου
3518 994 3603 1064 μὴ
3626 993 3792 1063 ἀφῇς,

2214 1091 2295 1145 ὄτι
2329 1091 2468 1161 ταμα
2514 1089 2860 1145 καταπαύσει
2909 1087 3185 1160 ἁμαρτίας
3227 1086 3489 1158 μεγάλας.
3527 1105 3547 1135 ι
3588 1085 3794 1137 Ἐπιτι-

2217 1181 2443 1253 μώμενα
2481 1182 2592 1255 γὰρ
2624 1184 2684 1237 ἂν
2730 1184 2926 1254 ἀρχαῖς
2962 1182 3033 1235 τά
3092 1181 3262 1252 πάθη,
3299 1178 3565 1233 παύονταί
3600 1195 3661 1230 τε
3700 1176 3796 1230 καὶ

2210 1272 2635 1329 ἀνακόπτονται.
2662 1272 2944 1330 ζΠλατείαν
2982 1271 3039 1326 δὲ
3065 1270 3256 1343 ὥσπερ
3291 1268 3388 1323 καὶ
3431 1267 3790 1335 ἀνουθέτητον

2214 1364 2263 1416 εί
2304 1362 2521 1417 λάϐοιεν
2565 1362 2665 1433 τὴν
2703 1364 2783 1426 εις
2814 1361 2884 1415 τά
2919 1360 3087 1432 χείρω
3118 1358 3374 1430 πρόοδον,
3408 1357 3542 1425 ,ὅλης
3568 1355 3640 1410 δι’
3670 1354 3793 1407 ὅλου

2212 1456 2676 1529 καταδράττονται
2714 1454 2816 1523 τῆς
2852 1453 3052 1525 ψυχῆς,
3087 1451 3183 1504 καὶ
3208 1448 3468 1520 λογισμοῦ
3504 1447 3598 1501 τοῦ
3639 1446 3797 1500 κολά-

2214 1548 2395 1614 ζοντος
2424 1549 2524 1602 οὐκ
2554 1547 2859 1619 ἀνέχονται.

2294 1640 2656 1709 Ἐκνήψατε,
2680 1641 2735 1693 οι
2760 1640 3109 1708 μεθύοντες,
3145 1634 3213 1700 ἐξ
3236 1634 3406 1687 οἴνου
3446 1629 3665 1695 αὐτῶν,
3696 1631 3795 1685 καὶ

2213 1732 2543 1788 κλαύσατε.
2573 1728 2945 1799 Θρηνήσατε,
2984 1726 3220 1791 πάντες
3248 1726 3303 1779 oi
3327 1723 3609 1789 πίνοντες
3626 1718 3800 1776 οἶνον

2211 1825 2299 1889 είς
2329 1823 2523 1893 μέθην
2543 1839 2557 1853 ·
2585 1822 2677 1875 ὅτι
2700 1814 2923 1890 ἐξῆρθη
2951 1820 3020 1873 ἐκ
3058 1820 3358 1888 στόματος
3396 1813 3562 1885 ὑμῶν
3584 1817 3797 1883 εὐφρο-

2209 1915 2370 1982 σύνη
2398 1914 2498 1968 καὶ
2530 1912 2709 1983 χαρά.

2281 2006 2359 2061 Ε’.
2402 2007 2670 2078 Ἀμογητὶ
2707 2005 2771 2077 δὴ
2807 2002 2971 2058 πάλιν
2994 2001 3305 2069 κάντεῦθεν,
3335 1997 3508 2072 οἶμαι,
3543 2001 3631 2063 τὶς
3658 2014 3793 2053 κατ-

2208 2100 2439 2172 αθρήσει
2472 2098 2676 2168 σαφῶς,
2714 2098 2788 2161 ὡς
2820 2097 2983 2168 σοφὸς
3022 2091 3093 2169 ἦν
3133 2095 3275 2164 ἀγαν
3308 2096 3337 2148 ὁ
3374 2093 3516 2156 θεῖος
3558 2091 3792 2157 Παῦλος,

2209 2194 2323 2255 τοῖς
2363 2190 2454 2245 διὰ
2495 2190 2736 2253 πίστεως
2768 2188 2866 2259 τῆς
2915 2190 2995 2252 είς
3023 2186 3259 2258 Χριστὸν
3306 2182 3800 2255 σεσαγηνευμένοις

2210 2290 2289 2352 είς
2341 2270 2616 2359 σωτηρίαν
2671 2283 2960 2354 ὲπιφωνῶν
3002 2300 3062 2335 τε
3105 2281 3203 2337 καὶ
3249 2280 3442 2349 λέγων,
3477 2278 3611 2332 ποτὲ
3664 2278 3793 2348 μιν·

2220 2381 2526 2450 ιἘγειραι,
2560 2379 2588 2430 ὁ
2621 2375 2898 2432 καθεύδων
2915 2392 2929 2407 ⁸
2959 2394 2977 2427 ι
3002 2374 3130 2429 ποτὲ
3154 2375 3210 2428 δὲ
3242 2369 3307 2427 αὖ
3330 2374 3424 2427 καὶ
3448 2372 3510 2425 τὸ
3537 2372 3596 2424 ὲν
3618 2371 3801 2432 πόνοις

2212 2471 2487 2542 τληπαθὲς
2535 2470 2757 2541 ἀγαπᾷν
2793 2467 3125 2533 ἀναπείθων,
3163 2466 3422 2538 ταύτῃτοι
3455 2464 3547 2519 καί⁵
3583 2463 3798 2529 λέγων·

2218 2581 2235 2614 ι
2254 2562 2330 2616 Ei
2369 2560 2620 2615 παιδείαν
2656 2560 2979 2630 ὑπομένετε,
3007 2557 3082 2622 ὡς
3107 2560 3241 2622 nisi;
3272 2559 3403 2629 ὑμῖν
3428 2556 3801 2627 προσφέρεται

2213 2656 2243 2707 ό
2274 2654 2408 2717 Θεός
2431 2671 2445 2685 ο
2468 2653 2554 2717 τίς
2585 2652 2694 2725 γάρ
2727 2654 2877 2707 ἐστιν
2905 2652 3040 2718 υίὸς,
3065 2653 3124 2706 ὃν
3145 2652 3207 2705 ού
3234 2640 3480 2705 παιδεύει
3520 2650 3742 2719 πατήρ;
3775 2668 3795 2700 ι

2214 2744 2529 2799 Καταπαίει
2552 2743 2660 2815 γὰρ
2684 2742 2872 2814 ὥσπερ
2911 2743 3037 2807 τοὺς
3058 2741 3473 2813 ἁμαρτάνοντας
3500 2739 3599 2809 οὐχ
3634 2738 3801 2802 ἑκὼν,

2224 2833 2405 2888 καίτοι
2433 2833 2818 2905 φιλάνθρωπος
2844 2833 2941 2898 ὢν,
2972 2834 3001 2886 ὁ
3027 2831 3176 2898 Θεὸς,
3214 2831 3330 2886 ἀλλ’
3348 2832 3425 2895 ὡς
3454 2831 3514 2898 ἐξ
3534 2831 3802 2899 ἀνάγκης.

2215 2926 2582 2998 ἐπιστρέφων,
2607 2926 2706 2979 καὶ
2725 2927 2931 2995 τρόπον
2952 2925 3134 2988 αὐτοῖς
3163 2924 3485 2995 ἐπικουρίας
3509 2923 3570 2976 τὸ
3606 2923 3807 2995 χρῆμα

2227 3019 2586 3089 ποιούμενος’
2650 3016 2900 3089 καθάπερ
2947 3016 3139 3087 ἀμέλει
3182 3016 3278 3070 καὶ
3318 3017 3372 3069 οι
3407 3019 3508 3085 τῆς
3553 3015 3806 3088 ἰατρικῆς

2217 3110 2588 3180 ἐπιστήμονες
2631 3110 2747 3172 τοῖς
2782 3106 3131 3180 ἀρρωστοῦσι
3190 3105 3535 3179 προσάγουσι
3591 3106 3694 3161 καὶ
3730 3106 3801 3160 τὰ

533 3204 707 3259 rantia
741 3202 989 3258 morbum
1017 3201 1268 3272 depellat.
1300 3185 1596 3258 Considera
1618 3198 1768 3255 enim
1825 3213 1934 3269 quo
1956 3210 2112 3270 pacto

2219 3200 2425 3272 σφόδρα
2457 3199 2866 3255 καταδάκνοντα
2894 3198 3005 3252 τῶν
3028 3198 3361 3271 φαρμάκων,
3392 3199 3582 3254 ἄκεσιν
3617 3198 3806 3264 αὐτοῖς

532 3293 735 3365 ﬂagella
768 3293 918 3363 prius
946 3300 1249 3355 ostentans,
1275 3300 1331 3346 et
1352 3290 1480 3361 quid
1508 3290 1589 3345 ira
1608 3290 1679 3345 sit
1720 3290 1933 3346 factura
1983 3300 2110 3345 ante

532 3389 933 3450 demonstrans,
972 3391 1175 3437 tantum
1211 3397 1319 3438 non
1354 3400 1375 3435 ι
1412 3396 1569 3439 catno
1595 3391 1650 3436 et
1681 3381 1833 3437 freno
1864 3380 2111 3436 maxillas

530 3492 717 3534 eorum
749 3477 818 3543 ",
849 3494 867 3528 ι
899 3484 957 3532 ιιι
985 3476 1241 3546 scriptum
1282 3484 1387 3541 est,
1423 3474 1785 3544 consuingat,
1822 3482 1882 3530 et
1906 3482 2112 3529 retror-

532 3582 648 3622 sum
678 3565 1079 3637 quodanimodo
1132 3565 1387 3622 incedere
1438 3564 1630 3633 iubeat
1673 3565 1888 3618 animos
1945 3562 2013 3617 ad
2058 3563 2111 3618 id

531 3660 675 3729 quod
710 3663 1006 3727 praestabat
1030 3666 1086 3714 et
1134 3656 1578 3714 decentissimum
1603 3665 1722 3711 erat
1756 3654 2109 3724 applicantes.

538 3771 557 3804 ι
603 3750 1075 3822 Expergiscimini,
1096 3748 1233 3805 ebrii
1257 3762 1289 3803 a
1318 3748 1445 3804 vino
1479 3756 1682 3801 vestro.
1710 3763 1730 3797 ι
1786 3744 1954 3800 Audis
1978 3759 2111 3814 quo-

532 3846 695 3901 modo
735 3853 796 3899 ut
827 3842 964 3897 ﬁlios
1030 3850 1209 3895 mente
1240 3848 1472 3903 emotos,
1513 3845 1571 3893 et
1618 3836 1731 3906 jam
1790 3835 2113 3893 temulentos

533 3936 791 4005 deinceps
886 3933 1158 4003 objurgat.
1233 3929 1501 3998 Quoniam
1571 3929 1618 3984 si
1697 3927 2009 3997 vigilassent
2080 3941 2112 3981 a

535 4026 821 4098 principio,
851 4025 967 4081 sola
1005 4038 1172 4080 eruca
1199 4021 1373 4093 puniti
1399 4020 1531 4077 satis
1558 4019 1808 4075 fuissent.
1847 4018 1952 4076 Sed
1983 4018 2111 4087 quia

534 4119 707 4189 prima
733 4132 890 4188 paena
910 4117 1147 4187 irrogata
1180 4113 1452 4171 oblirmati
1482 4119 1818 4176 manserunt,
1858 4110 2111 4180 adjuncta

533 4220 617 4267 cst
652 4211 846 4275 altera,
870 4217 925 4265 et
951 4219 1071 4279 post
1096 4209 1237 4264 banc
1267 4206 1448 4273 tertia,
1488 4215 1733 4275 etusque
1761 4204 1830 4259 ad
1860 4210 2111 4273 quartam

534 4304 768 4373 denique
796 4310 1013 4356 ventum
1058 4309 1164 4355 est.
1226 4296 1611 4353 Verumtamen
1645 4295 1840 4353 saltem
1868 4309 1993 4352 sero
2024 4310 2113 4350 ex-

532 4394 893 4464 pergefactus,
928 4402 984 4447 et
1032 4391 1432 4461 resipiscentes,
1490 4399 1546 4445 et
1601 4390 1753 4458 quasi
1791 4388 2109 4444 ebrietatem

532 4485 820 4555 quamdam
856 4483 1052 4538 mentis
1078 4482 1314 4539 studium
1337 4484 1406 4538 ad
1437 4482 1766 4552 voluptatem
1792 4481 2111 4538 etinsauam

2218 3290 2313 3345 τοῦ
2369 3291 2577 3355 πάθους
2616 3291 2676 3345 τὸ
2725 3290 2836 3344 δεῖν
2888 3290 3123 3361 ἀλγῆσαι
3157 3288 3494 3358 ποιούμενοι.
3531 3289 3648 3343 Θέα
3695 3291 3807 3362 γὰρ

2223 3385 2372 3447 ὅπως
2410 3383 2507 3448 τὰς
2539 3384 2809 3454 μάστιγας
2841 3381 3258 3453 προῡποδείξας,
3297 3382 3393 3436 καὶ
3416 3383 3809 3455 προαναφῆνας

2230 3476 2299 3530 τά
2343 3476 2403 3544 ἐξ
2453 3476 2646 3548 ὀργῆς,
2686 3476 2971 3547 μονονουχὶ
3013 3494 3033 3527 ι
3081 3473 3286 3545 χαλινῷ
3348 3475 3443 3528 καλ⁵
3494 3475 3660 3545 κημῷ
3706 3476 3808 3537 τὰς

2220 3569 2475 3639 σιαγόνας
2504 3568 2705 3634 αὐτῶν,
2735 3587 2753 3620 ι
2786 3567 2927 3622 κατά
2967 3567 3029 3621 τὸ
3072 3567 3488 3639 γεγραμμένον,
3514 3567 3676 3637 ἄγχει
3709 3567 3808 3621 καὶ

2217 3662 2409 3716 ἀνόπιν
2445 3660 2638 3733 ὥσπερ
2684 3660 2822 3715 ίέναι
2856 3659 3089 3726 κελεύει,
3134 3658 3520 3730 μετατιθέντας
3561 3660 3653 3712 τὸν
3679 3658 3807 3713 νοῦν

2218 3754 2312 3807 ἐπὶ
2346 3752 2465 3806 τόδε
2491 3752 2801 3815 ἀνελέσθαι,
2834 3752 2974 3823 ὅπερ
2999 3748 3068 3823 ἦν
3098 3751 3323 3822 ἄμεινόν
3348 3768 3408 3805 τε
3434 3751 3529 3805 καὶ
3569 3769 3802 3823 πρεπωο

2217 3843 2489 3898 δέστατον.
2518 3862 2537 3895 ι
2558 3843 2857 3913 Ἐκνήψατε
2882 3842 3073 3913 γὰρ,οί
3105 3841 3418 3912 μεθύοντες,
3437 3842 3496 3907 εξ
3524 3844 3669 3896 οῐνου
3700 3844 3804 3896 αύ-

2218 3934 2351 3989 τῶν.
2382 3953 2402 3987 ι
2464 3935 2741 3999 Ἀκούεις,
2787 3936 2935 3999 ὅπως
2975 3935 3051 3998 ὡς
3097 3934 3310 3999 τέκνοις
3353 3936 3672 4007 ὲξεστηκόσι
3710 3939 3809 3991 καὶ

2218 4026 2319 4097 ήδη
2359 4025 2757 4098 μεμεθυμένοις
2791 4026 3115 4098 ὲπιπλήττει
3150 4028 3355 4082 λοιπόν.
3398 4029 3489 4092 Ὠς
3520 4028 3678 4100 εἴπερ
3705 4030 3805 4083 tx-

2219 4118 2447 4189 νήψειαν
2481 4120 2541 4173 ὲν
2585 4120 2803 4190 ἀρχαῖς,
2839 4119 3074 4190 ἤρκεσεν
3110 4119 3184 4173 ,ἂν
3232 4119 3355 4190 δίκη
3387 4120 3572 4183 αὐτοῖς
3612 4121 3709 4176 καὶ
3735 4121 3807 4175 τά

2219 4210 2283 4261 ἐκ
2308 4211 2475 4281 μόνης
2506 4209 2606 4281 τῆς
2632 4210 2865 4279 κάμπης
2885 4227 2898 4241 ·
2924 4210 3047 4263 ἐπεὶ
3075 4210 3132 4262 δὲ
3162 4210 3428 4264 ἀνάλωτοι
3463 4213 3807 4282 μεμενήκασι

2218 4303 2318 4373 τῆς
2343 4301 2568 4373 πρώτης
2598 4301 2769 4374 ὀργῆς
2799 4303 2970 4373 αὐτῆς
2996 4304 3455 4374 ἐπενηνεγμένης,
3482 4304 3805 4374 προστέθει-

2217 4409 2307 4446 ται
2336 4393 2432 4445 καὶ
2479 4392 2730 4463 δευτέρα,
2778 4393 2873 4447 καὶ
2922 4394 3041 4464 μετ’
3075 4392 3289 4463 ἐκείνην
3328 4394 3362 4461 ἠ
3399 4394 3582 4464 τρίτη.
3612 4394 3809 4465 προϐέ-

2219 4482 2356 4554 ϐηκε
2392 4483 2449 4536 δὲ
2486 4483 2650 4555 μέχρι
2671 4484 2963 4556 τετάρτης.
3008 4484 3154 4557 Πλὴν
3183 4484 3316 4553 γοῦν
3358 4485 3463 4538 κᾶν
3488 4484 3586 4555 ὀψὲ
3619 4485 3807 4556 διεγη-

532 4575 794 4645 peccandi
835 4575 1111 4631 libidinem
1145 4575 1479 4641 deserentes,
1511 4574 1718 4631 sentire
1770 4574 1996 4644 posthac
2020 4587 2112 4630 ca-

2220 4575 2547 4645 γερμένους,
2585 4575 2680 4627 καὶ
2723 4576 3120 4647 ἀνανήφοντας,
3149 4577 3243 4629 καὶ
3272 4576 3437 4629 οίονεί
3478 4594 3603 4629 τινα
3632 4576 3806 4646 μέθην

532 4681 623 4719 sus
649 4665 1140 4737 praeteritosjubet,
1169 4665 1459 4737 gemitibus
1490 4674 1545 4721 et
1595 4664 1853 4737 lacrymis
1895 4674 2120 4736 prOpter

533 4755 767 4811 admissa
792 4755 1156 4824 indulgentes.

572 5021 896 5078 'Seiendum
928 5038 1108 5091 porro,
1145 5020 1309 5077 etiam
1349 5019 1642 5089 unicuique
1669 5029 1911 5074 nostrum
1962 5020 2108 5075 velut

532 5114 812 5186 proprium
840 5115 1108 5185 quoddam
1129 5114 1310 5169 vinum
1339 5127 1477 5181 esse,
1519 5113 1664 5183 quod
1708 5127 1805 5168 cor
1857 5112 2110 5170 inebriat.

535 5208 839 5263 Dividimur
888 5207 1067 5271 enim,
1118 5216 1175 5262 ut
1232 5207 1303 5261 ita
1341 5208 1558 5271 dicam,
1600 5205 1897 5261 secundum
1964 5222 2111 5262 mor-

532 5301 632 5355 bos
669 5300 993 5355 animorum.
1030 5298 1111 5353 Ex
1148 5298 1303 5354 nobis
1347 5298 1485 5353 alius
1519 5306 1717 5368 praeter
1752 5304 1946 5352 caetera
1993 5300 2121 5353 vitia

532 5408 628 5447 sua
660 5392 728 5447 ad
756 5393 1038 5447 avaritiam
1094 5391 1340 5462 rapitur;
1397 5390 1535 5445 alter
1596 5388 1739 5461 sapit
1784 5404 1906 5460 qua:
1936 5393 2122 5448 mundi

536 5494 684 5549 sunt,
712 5494 766 5539 et
790 5500 919 5539 cura
948 5486 1131 5540 carnis
1161 5491 1412 5553 aegrotat,
1440 5482 1651 5538 deliciis
1678 5491 1731 5537 et
1758 5482 2123 5551 voluptatibus

534 5577 865 5641 immersus;
898 5575 1033 5630 alius
1058 5575 1361 5644 cuicunque
1391 5573 1609 5629 demum
1645 5573 1737 5629 alii
1789 5584 2009 5643 peccato
2062 5590 2122 5630 se

535 5667 721 5722 tradit.
746 5666 827 5721 Ad
854 5665 1117 5737 ﬂagitiosa
1145 5674 1324 5722 autem
1357 5676 1411 5722 et
1432 5666 1664 5737 impura,
1695 5667 1908 5736 Deoque
1933 5668 2116 5723 odiosa

2218 4666 2399 4729 ἱέντας
2429 4665 2522 4719 τοῦ
2553 4663 2647 4719 νοῦ
2686 4665 2785 4736 τὴν
2816 4666 3149 4737 φιληδονίαν,
3184 4668 3278 4721 καὶ
3306 4666 3366 4720 τὸ
3407 4666 3654 4731 ἐκτόπως
3691 4668 3807 4721 ἑλέ-

2216 4757 2341 4811 σθαι
2388 4757 2752 4829 πλημμελεῖν,
2804 4760 2885 4822 είς
2918 4758 3172 4830 αἴσθησιν
3221 4760 3330 4812 τῶν
3378 4758 3807 4830 συμϐεϐηκότων

2209 4848 2506 4917 ἀφικέσθαι
2548 4848 2761 4903 κελεύει
2813 4848 3021 4916 λοιπὸν,
3062 4849 3346 4913 κλαίοντας
3386 4850 3482 4905 καὶ
3532 4851 3807 4921 κατοιμώ-

2211 4936 2403 5003 ζοντας
2428 4940 2524 4995 ἐπὶ
2552 4942 2674 5004 ταῖς
2699 4939 2850 5010 σφῶν
2879 4940 3060 4996 αὐτῶν
3082 4941 3402 5012 ἁμαρτίαις.

2305 5030 2501 5086 ’ἰστέον
2530 5031 2612 5095 δὲ,
2642 5032 2724 5087 ὅτι
2761 5033 2854 5088 καὶ
2888 5032 3107 5103 ἑκάστῳ
3134 5032 3292 5103 ἡμῶν
3321 5028 3465 5095 οἶνος
3506 5032 3696 5104 ὥσπερ
3722 5050 3807 5095 τις

2221 5124 2370 5178 ἐστὶν
2409 5124 2597 5189 ίδικδς,
2624 5126 2654 5179 ὁ
2679 5124 3119 5196 καταμεθύσκων
3139 5124 3389 5196 καρδίαν.
3424 5124 3807 5194 Καταμεριςό-⁵

2223 5216 2364 5285 μεθα
2391 5216 2523 5287 γὰρ,
2567 5216 2634 5269 ἵν’
2663 5216 2837 5281 οὕτως
2869 5217 3029 5282 είπω,
3070 5216 3141 5270 τὰ
3180 5214 3350 5286 πάθη,
3393 5215 3489 5270 καί¹
3518 5217 3548 5268 ό
3583 5216 3683 5286 μέν
3721 5231 3805 5275 τις

2222 5309 2381 5378 ἡμῶν
2427 5310 2789 5365 ἀπονένευκεν
2818 5310 3088 5381 ἀχαλίνως
3124 5310 3207 5372 είς
3252 5308 3620 5381 φιλαργυρίαν
3664 5307 3809 5377 μετὰ

2219 5399 2314 5453 τοῦ
2342 5400 2436 5454 καὶ
2465 5400 2631 5473 ἕτερα
2654 5405 2859 5456 νοσεῖν
2886 5402 3075 5474 ἕτερος
3099 5402 3157 5456 δὲ
3180 5396 3247 5456 αὖ
3272 5401 3585 5471 πεφρόνηκε
3614 5399 3681 5454 τὰ
3707 5398 3802 5452 τοῦ

2221 5489 2452 5561 κόσμου.
2487 5491 2582 5544 καὶ
2624 5490 3059 5563 κατηῤῥὼστησε
3105 5491 3203 5559 τὴν
3247 5490 3628 5560 φιλοσαρκίαν,
3673 5506 3805 5558 τρυ-

2220 5582 2369 5648 φαῖς,
2404 5581 2499 5636 καὶ
2544 5582 2879 5653 φιληδονίαις
2926 5582 3235 5653 ὁλοτρόπως
3279 5580 3708 5652 προσκείμενος·
3744 5580 3803 5643 ὃς
3850 5590 3853 5591 ⁷

2218 5671 2274 5724 δὲ
2330 5672 2411 5735 εἰς
2462 5672 2655 5743 ἑτέραν
2712 5672 2958 5744 ἡντινοῦν
3007 5672 3461 5744 ἀποδεδράμηκεν
3500 5671 3800 5743 ἁμαρτίαν.

603 5842 651 5873 ⁸⁸
698 5840 878 5898 Ecclc.
914 5858 971 5910 χ,
1009 5842 1063 5899 4.
1140 5843 1185 5876 ⁸⁸
1226 5841 1405 5915 Ephes
1463 5857 1515 5909 ν,
1561 5842 1652 5898 14.
1727 5841 1775 5873 ⁸⁸
1812 5841 1975 5899 llcbr.
2017 5859 2112 5911 ιιι,

2276 5846 2320 5878 ⁸⁷
2355 5845 2496 5901 Psal.
2538 5862 2686 5913 xxxi,
2727 5849 2778 5903 9.
