4068 6550
300 423 425 478 557
1207 415 1762 478 COMMENTARIUS
1800 418 1868 475 IN
1906 416 2173 477 JOELEM
2214 409 2652 471 PROPHETAM.
3202 470 3204 473 ,
3474 418 3576 477 53,3

304 540 475 609 Ἶμεν
513 538 569 593 δὲ
599 537 665 609 δὴ
700 537 838 610 πρὸς
866 538 934 592 τὰ
966 535 1195 609 βδελυρὰ
1232 538 1327 592 καὶ
1365 537 1594 610 θεομισῆ
1634 537 1743 592 τῶν
1781 553 1870 591 πα-

1993 530 2310 602 piaculaalii
2341 528 2580 599 segnius,
2605 527 2694 584 alii
2719 536 2827 583 tota
2857 529 3184 600 appetitione
3218 528 3574 605 ruimus,cunt

299 628 450 694 θῶν,
470 630 521 683 οἱ
544 628 644 699 μὲν
666 630 730 683 οὐ
755 628 877 683 λίαν
900 627 1371 703 ἐσπουδασμένως,
1388 629 1506 683 οἱδὲ
1530 629 1675 691 ὅλαις
1701 629 1870 699 δρμαί

2003 634 2132 678 nutu
2165 632 2217 677 et
2236 620 2548 677 incitatione
2575 620 2769 675 mentis
2796 620 3175 689 incastigabili.
3198 622 3309 679 llac
3326 622 3392 678 de
3412 636 3573 687 causa

300 718 609 789 χρώμενοι,
640 720 735 773 καὶ
766 718 1129 790 ἀνουθέτητον
1159 719 1375 789 ἔχοντες
1402 721 1501 790 τῆς
1529 718 1767 783 διανοίας

1999 714 2258 785 propheta
2278 711 2543 768 exclamat
2572 727 2586 764 :
2627 730 2646 761 ι
2677 711 3146 782 Expergiscimini,
3186 714 3322 771 ebrii
3384 731 3417 771 a
3450 718 3573 791 vino

302 810 511 879 ῥοπήν.
537 810 581 861 Τ
584 809 807 883 αύτῃτοί
853 826 1019 881 φησιν
1044 811 1073 863 ὁ
1100 810 1389 880 προφήτης
1412 825 1424 838 ·
1457 831 1475 862 ι
1499 809 1823 879 Ἑκνήψατε,
1846 825 1870 862 ο

1999 818 2240 863 vestro»
2276 805 2481 860 Suadet
2510 813 2687 859 autem
2720 804 2905 859 viuum
2936 807 3001 859 ad
3030 806 3347 864 ebrietatem
3379 808 3572 869 bibens-

304 898 631 966 μεθύοντες,
656 898 718 964 ἐξ
734 901 877 955 οῐνου
903 899 1142 955 αὐτῶν.»
1170 899 1533 971 Συμὸουλεύει
1554 899 1609 952 δὲ
1629 901 1711 954 ὅτι
1734 914 1897 971 προσ-

299 990 439 1060 ήκει
467 992 942 1064 κατολοφύρεσθαι
971 995 1097 1058 τοὺς
1132 994 1387 1056 πίνοντας
1410 991 1553 1049 οἶνον
1592 994 1672 1057 εἰς
1699 992 1890 1064 μέθην.

310 1076 411 1145 Ὦς
435 1082 545 1155 γὰρ
577 1082 715 1155 ἔφην
734 1085 959 1155 ἀρτίως,
980 1086 1042 1139 οὐ
1070 1085 1232 1157 μέχρι
1253 1085 1415 1157 κόρου
1445 1086 1540 1141 καὶ
1560 1085 1893 1154 αὐταρκείας

296 1172 501 1228 ιστῶσι
558 1177 659 1248 τὴν
701 1176 1041 1247 φιληδονίαν,
1080 1178 1197 1232 ἀλλ’
1239 1171 1349 1251 οἷον
1400 1179 1480 1242 εἰς
1516 1178 1687 1249 μέθην
1728 1177 1889 1231 ἐκπί-

294 1280 486 1332 νουσι,
517 1268 611 1322 καὶ⁸
636 1268 839 1332 παντὸς
874 1269 1133 1324 ἐπέκεινα
1166 1270 1383 1325 πίνουσι
1423 1271 1649 1342 μέτρου.
1686 1269 1887 1324 Τούτου

292 1360 415 1413 ἀπὸ
442 1362 535 1415 τοῦ
563 1363 833 1433 στόματος
857 1364 1174 1436 ἀφῃρῆσθαι
1205 1381 1337 1434 φησι
1366 1363 1540 1437 χαρὰν
1577 1364 1674 1417 xui.
1698 1364 1891 1435 εὐφρο-

294 1452 496 1524 σύνην.
540 1455 816 1525 Ἀληθεύει
850 1456 958 1527 γὰρ
983 1458 1011 1508 ὁ
1038 1457 1295 1527 Χριστὸς,
1325 1456 1407 1511 ὅτι
1441 1457 1667 1520 πάντως
1704 1458 1752 1510 οἱ
1789 1456 1889 1526 μὲν

291 1544 397 1598 νῦν
454 1546 778 1612 πενθοῦντες
831 1548 1622 1619 παρακληθήσονται.Ἕψεται
1674 1549 1732 1602 δὲ
1775 1553 1888 1613 τοῖς

289 1638 521 1692 εἰωθόσι
548 1641 760 1711 τρυφᾷν
791 1640 853 1693 τὸ
874 1641 1073 1711 χρῆναι
1112 1641 1493 1713 δακρυρροεῖν,
1522 1642 1604 1695 ὅτι
1626 1643 1725 1712 τῆς
1754 1642 1885 1710 ἀγε-

291 1731 509 1801 ρωχίας
539 1730 600 1784 τὸ
633 1731 808 1802 πέρας
835 1731 1036 1804 θρῆνος
1062 1731 1235 1797 ἔσται,
1267 1733 1361 1786 καὶ
1395 1733 1656 1802 οἰμωγαὶ,
1682 1735 1777 1788 καὶ
1806 1736 1885 1799 εἰς

284 1809 575 1893 πεταυρον
610 1824 739 1895 ᾅδου
770 1823 1132 1889 καταδιόάζει
1166 1825 1293 1888 τοὺς
1319 1824 1655 1893 ἀγαπῶντας
1688 1827 1881 1898 αὑτήν.

2002 899 2143 954 tibus
2169 895 2631 964 lamentationem,
2660 904 2719 950 ut
2772 910 2885 951 rem
2938 898 3377 955 convenientem.
3423 900 3571 957 Sicut

1996 991 2267 1061 euimjam
2302 989 2435 1056 disi,
2473 1003 2579 1043 non
2609 995 2871 1058 quantum
2926 989 3063 1045 satis
3110 1000 3197 1046 est
3244 992 3582 1061 voluptatem

1996 1091 2331 1153 sequuntur;
2358 1081 2452 1136 sed
2482 1079 2627 1134 velut
2653 1082 2718 1134 ad
2751 1080 3072 1136 ebrietatem
3114 1090 3329 1150 potant,
3359 1093 3415 1139 et
3457 1100 3573 1139 οιη-

1994 1192 2093 1233 nes
2112 1177 2313 1231 limites
2346 1174 2578 1230 bibendo
2609 1173 2984 1244 egrediuntur.
3004 1173 3049 1229 A
3080 1173 3173 1230 tali
3209 1189 3307 1231 ore
3335 1176 3570 1233 ablatum

1994 1284 2113 1325 esse
2138 1270 2214 1323 ait
2245 1268 2497 1338 gaudium
2529 1274 2585 1321 et
2614 1266 2881 1321 laetitiam.
2911 1264 3089 1321 Verax
3125 1267 3269 1323 enim
3298 1278 3381 1324 est
3416 1268 3574 1324 Chri-

1991 1362 2059 1418 sti
2113 1361 2357 1426 verbum,
2384 1361 2474 1428 qui
2535 1374 2679 1415 nunc
2723 1360 2928 1427 lugent,
2971 1360 3192 1413 omnino
3235 1361 3569 1416 consulatum

1992 1453 2059 1510 iri
2090 1453 2158 1507 ⁸⁸.
2189 1452 2348 1522 203
2374 1452 2599 1516 Contra,
2626 1461 2916 1506 consuetos
2937 1431 3120 1506 vivere
3144 1452 3197 1506 in
3218 1451 3569 1523 iucunditati-

1989 1546 2113 1613 bus,
2145 1545 2413 1615 lacrytnas
2446 1541 2672 1598 fundere
2704 1542 2999 1612 oportebit,
3031 1544 3157 1613 quia
3216 1546 3480 1615 superbiae
3516 1548 3570 1600 li-

1991 1638 2075 1694 nis
2108 1647 2162 1690 et
2192 1646 2493 1691 extremum
2529 1634 2781 1705 lacrymae
2805 1642 2933 1689 sunt
2961 1645 3013 1690 et
3052 1636 3306 1707 gemitus,
3331 1648 3384 1692 et
3404 1653 3462 1693 se
3482 1640 3565 1693 di-

1988 1729 2215 1802 ligentes
2240 1728 2308 1783 ad
2328 1712 2529 1783 inferni
2554 1726 2781 1797 laqueos
2826 1734 2882 1781 et
2920 1741 3167 1783 carceres
3199 1728 3436 1784 deducit.
3466 1730 3570 1785 Ve-

1989 1836 2082 1878 rus
2102 1832 2182 1878 est
2203 1822 2367 1877 etiam
2400 1819 2567 1875 David
2605 1838 2619 1875 :
2658 1838 2676 1872 ι
2713 1817 2829 1874 Νοη
2855 1826 2938 1875 est
2973 1818 3027 1873 iu
3087 1829 3259 1876 morte
3316 1821 3409 1892 qui
3456 1836 3566 1877 rue-

298 1886 594 1986 Ἀληθεύει
614 1886 671 1970 δὲ
705 1918 801 1971 καὶ
824 1917 1011 1984 Δαϐὶδ,
1035 1886 1163 1972 ὅταν
1193 1886 1328 1988 λένῃ
1358 1886 1493 1988 πρὸς
1522 1886 1690 1974 Θεόν·
1726 1940 1744 1974 ι
1769 1886 1870 1977 ob:

1986 1931 2105 1971 mor
2128 1914 2201 1971 sit
2259 1913 2335 1967 tui
2360 1912 2435 1979 ⁸⁹;
2480 1931 2499 1964 ι
2542 1920 2599 1967 et
2654 1911 2851 1967 iterum
2889 1929 2903 1966 :
2947 1929 2966 1963 ι
3016 1910 3133 1967 Νοιι
3184 1913 3329 1969 enim
3365 1915 3561 1971 mortui

283 2007 448 2061 ἔστιν
479 2010 539 2062 ἐν
575 2008 653 2081 τῷ
677 2009 894 2082 θανάτῳ
921 2013 950 2065 δ
981 2012 1337 2083 μνημονεύων
1369 2029 1463 2066 σου
1484 2032 1532 2067 't
1565 2014 1664 2069 καὶ
1695 2014 1879 2083 πάλιν,

288 2119 311 2152 ι
336 2102 421 2155 Οὐ
454 2102 563 2172 γὰρ
584 2104 635 2156 οἱ
661 2106 848 2175 νεκροὶ
887 2105 1162 2159 αἰνέσουσί
1203 2122 1283 2173 σε,
1316 2106 1513 2179 Κύριε,
1538 2108 1658 2162 οὐδὲ
1681 2110 1883 2174 πάντες

279 2194 335 2246 οἱ
367 2194 796 2259 καταόαίνοντες
846 2198 927 2261 εἰς
978 2196 1133 2268 ᾅδην.
1183 2198 1325 2252 Ἀλλ’
1367 2200 1529 2271 ἡμεῖς
1572 2200 1623 2253 οἱ
1678 2201 1885 2265 ζῶντες

280 2287 662 2358 εὑλογήσομέν
690 2305 774 2354 σε,
794 2288 971 2361 Κύριε
993 2305 1010 2322 ’
1037 2308 1059 2343 t
1090 2291 1155 2344 El
1189 2291 1249 2345 δὲ
1268 2291 1333 2362 δὴ
1360 2292 1470 2345 τῶν
1500 2294 1879 2364 προκειμένων

279 2382 317 2450 ἡ
348 2380 588 2451 δύναμις
626 2379 720 2434 καῖ
750 2382 1134 2454 γεωδεστέρως
1159 2385 1349 2437 νοοῖτο.
1384 2384 1451 2437 Ei
1478 2383 1877 2457 δεδαπάνηνται

275 2472 373 2526 διὰ
412 2474 515 2541 τῆς
540 2475 771 2546 κάμπης
805 2476 902 2529 καὶ
930 2474 1039 2528 τῶν
1068 2474 1272 2545 ἑτέρων
1297 2474 1367 2529 τά
1396 2474 1499 2545 τῆς
1539 2476 1876 2549 εὐφροσύνης

276 2565 462 2631 αἴτια,
490 2568 707 2630 πάντως
741 2584 845 2621 που
888 2569 1010 2630 ταῖς
1033 2566 1360 2638 εὐκαρπιαις
1400 2566 1753 2622 ωνδιολεῖται
1779 2570 1875 2623 καὶ

274 2655 313 2726 ἡ
342 2656 459 2708 τῶν
490 2658 839 2711 πεπονθότων
862 2657 1171 2728 εὐφροσύνη
1202 2658 1299 2711 καὶ
1321 2658 1487 2729 χαρά.
1514 2659 1874 2728 Ἐπιστυγνά-

273 2746 401 2811 ζειν
427 2748 537 2819 γὰρ
562 2749 861 2819 ἀναγκαῖον
902 2753 1016 2813 τοῖς
1066 2750 1309 2821 ἀνιαρῶς
1358 2750 1575 2821 ἔχουσιν
1601 2752 1680 2816 εἷς
1718 2769 1783 2821 γε
1812 2754 1873 2808 τὸ

271 2831 563 2899 δύνασθαι,
601 2837 763 2906 φημὶ,
794 2840 966 2908 πικρᾷ
991 2855 1050 2891 τε
1100 2838 1193 2892 καὶ
1217 2839 1485 2912 ἀφορήτῳ
1513 2840 1663 2915 λύπῃ
1698 2859 1870 2898 κατα-

272 2940 299 2979 τε
310 2926 448 2996 τιξαι
468 2928 715 2998 σαρκίον.

347 3102 478 3156 ’Ὁτι
508 3103 683 3168 ἔθνος
702 3103 884 3171 ἀνέϐη
920 3103 1019 3157 ἐπὶ
1053 3104 1168 3173 τὴν
1194 3103 1309 3175 γῆν
1322 3124 1445 3175 μου
1466 3108 1724 3178 ἰσχυρὸν
1768 3111 1866 3165 καὶ

1983 2006 2279 2062 laudabunt
2306 2015 2380 2071 te,
2397 2003 2645 2069 Domine,
2676 2017 2849 2074 neque
2882 2018 3072 2058 omnes
3100 2004 3195 2073 qui
3229 2004 3564 2059 descendunt

1981 2099 2036 2155 in
2072 2097 2369 2154 infernum.
2406 2098 2511 2153 Sed
2536 2112 2636 2153 nos
2664 2096 2756 2167 qui
2793 2096 3044 2164 vivimus,
3077 2096 3458 2153 henedieemus
3490 2108 3561 2163 te,

1980 2191 2210 2248 Domine
2238 2190 2304 2243 °°.
2348 2208 2367 2241 t
2392 2188 2543 2255 Quod
2584 2188 2628 2244 si
2670 2188 2869 2259 placet,
2916 2188 3313 2257 propositorum
3371 2189 3563 2243 verbu-

1978 2299 2098 2340 rum
2120 2282 2387 2339 sententia
2425 2280 2597 2351 magis
2635 2290 2845 2334 terrene
2868 2279 3216 2348 intelligatur.
3243 2280 3297 2334 Si
3322 2295 3415 2350 per
3433 2296 3563 2335 eru-

1976 2390 2096 2434 cam
2113 2384 2170 2432 et
2197 2375 2297 2430 alia
2317 2374 2531 2444 frugum
2561 2370 2896 2428 incommoda
2923 2387 3098 2425 causa:
3148 2372 3387 2441 ipsorum
3422 2374 3558 2427 lacti-

1976 2468 2064 2523 tiaa
2114 2476 2448 2534 consumpta:
2495 2472 2643 2525 sunt,
2703 2476 2927 2532 prorsus
2986 2462 3167 2531 utique
3230 2478 3350 2517 cum
3400 2463 3559 2519 uber-

1973 2565 2087 2614 tate
2118 2559 2390 2613 fructuum
2418 2570 2603 2611 eorum
2637 2554 2731 2625 qui
2766 2562 2910 2607 tanta
2944 2554 3220 2623 voluptate
3248 2542 3556 2611 aﬂieieban-

1974 2660 2084 2716 tur,
2106 2650 2365 2718 gaudium
2402 2658 2456 2704 et
2475 2649 2664 2704 laetitia
2692 2657 2999 2703 evanescat.
3034 2647 3265 2705 Necesse
3303 2661 3388 2706 est
3410 2652 3553 2706 enim

1971 2742 2282 2799 contristari
2320 2741 2393 2798 ob
2424 2754 2630 2808 eaquae
2659 2739 2835 2795 tristia
2894 2740 3167 2805 accidunt,
3198 2751 3253 2796 et
3284 2742 3555 2799 tristitiam

1969 2848 2232 2905 generare
2260 2840 2679 2896 consueverunt,
2717 2846 2819 2886 nec
2851 2831 3085 2887 invalida
3132 2842 3279 2899 sunt,
3309 2835 3552 2904 inquam,

1970 2927 2319 2981 utacerboret
2351 2922 2672 2979 intolerabili
2720 2923 2969 2979 cruciatu
2995 2924 3349 2981 carunculam
3406 2926 3556 2984 labe-

1967 3018 2146 3072 facere
2167 3026 2388 3086 queant.

2038 3111 2204 3165 Vens.
2227 3110 2282 3173 6,
2313 3107 2364 3161 7.
2402 3104 2536 3161 Getis
2557 3108 2695 3159 enim
2729 3107 2961 3160 ascendit
2988 3124 3145 3177 super
3171 3119 3219 3163 te
3232 3126 3555 3175 rt-atttmeam

268 3194 711 3263 ἀναρίθμητον.
738 3182 805 3249 Ol
828 3196 1071 3262 ὀδόντες
1100 3197 1287 3253 αὐτοῦ
1322 3198 1566 3267 ὀδόντες
1591 3202 1863 3270 λέοντος,

1972 3200 2120 3269 fortis
2148 3195 2631 3252 etinnumerabilis.
2656 3195 2845 3250 Dentes
2876 3196 2991 3259 eius
3040 3210 3094 3261 ut
3148 3200 3325 3255 dentes
3361 3203 3553 3268 leonis,

268 3286 378 3339 καὶ
421 3288 480 3339 al
506 3287 696 3355 μύλαι
723 3286 931 3342 αὐτοῦ·
956 3288 1254 3358 σκύμνου.
1284 3290 1493 3346 Ἕθετο
1524 3290 1641 3359 τὴν
1675 3293 1865 3363 ἀμπε-

268 3378 397 3431 λόν
427 3396 549 3447 μου
579 3381 668 3445 εις
708 3378 1074 3449 ἀφανισμὸν,
1114 3380 1212 3435 καὶ
1252 3380 1359 3445 τὰς
1400 3381 1597 3449 συκᾶς
1622 3402 1740 3453 μου
1778 3387 1865 3451 εἰς

268 3470 722 3540 συγκλασμὸν,
755 3470 1020 3538 ἐρευνῶν
1049 3471 1465 3542 ἐξηρεύνησεν
1511 3475 1722 3543 αὐτὴν,
1768 3476 1866 3529 καὶ

268 3558 692 3629 ἐξερῤἰζωσεν,
721 3560 1015 3617 Meditare
1041 3564 1114 3617 τὰ
1140 3563 1415 3633 κλήματα
1438 3564 1650 3633 αὐτῆς.

348 3656 447 3720 ς’.
489 3652 847 3724 ’Δμιλλᾶσθαι
885 3654 1089 3724 τρόπον
1130 3654 1253 3709 τινὰ
1284 3659 1398 3720 τοῖς
1434 3655 1859 3727 συμϐεϐηκόσιν,

266 3744 447 3816 ἤγουν
505 3744 723 3798 ἔσεσθαι
768 3745 1274 3816 προσδοκωμένοις,
1323 3748 1417 3800 καὶ
1473 3747 1534 3801 τὸ
1598 3746 1691 3801 ἐπὶ
1741 3752 1861 3813 ταῖς

250 3842 255 3843 “
271 3833 685 3904 μεταγνώσεσιν
712 3835 915 3889 ἐθέλων
941 3835 1199 3907 δάκρυον,
1234 3836 1526 3906 ἀφηγείται
1556 3839 1771 3902 λεπτῶς
1794 3842 1862 3893 τὰ

267 3927 528 3997 ἐσόμενα,
562 3927 659 3979 καὶ
693 3926 803 3980 τῶν
836 3927 1178 3998 σκυθρωπῶν
1217 3929 1316 3995 τὴν
1351 3928 1539 3998 ἔφοδον
1577 3933 1860 4002 μονονουχὶ

267 4019 370 4074 καὶ
400 4020 459 4072 ὲν
472 4019 592 4088 ὕψει
620 4018 811 4083 τιθεὶς,
834 4020 1015 4073 δίδωσί
1040 4037 1095 4073 τι
1110 4022 1222 4083 τοῖς
1248 4022 1564 4092 παιομένοις
1595 4022 1688 4076 καὶ
1720 4023 1852 4095 θρή-

264 4130 445 4184 νημα,
489 4113 585 4167 καὶ
615 4113 779 4167 above).
807 4112 998 4184 γοερὸν
1035 4113 1341 4167 ἐκδιδάσκει
1375 4112 1536 4183 μέλος
1578 4116 1703 4179 τοὺς
1740 4116 1859 4169 ὀδύ-

268 4204 466 4272 ρεσθαι
502 4203 990 4275 κεκελευσμένους,
1020 4205 1197 4257 ἐκεῖνό
1216 4222 1277 4258 τε
1309 4204 1489 4275 λέγειν
1517 4206 1701 4263 λοιπὸν
1730 4209 1858 4262 ἀναο

266 4294 477 4358 πείθει,
502 4295 587 4347 ὃτι
615 4314 637 4345 c
657 4294 850 4358 Ἔθνος
891 4294 1060 4363 ἀνέϐη
1100 4295 1195 4347 ἐπὶ
1218 4293 1316 4364 τὴν
1345 4295 1451 4365 γῆν
1484 4314 1586 4366 μου
1636 4296 1857 4369 ἰσχυρὸν

262 4388 366 4440 καὶ
388 4387 763 4458 ἀναρίθμητον
783 4404 805 4418 τ
824 4407 841 4440 t
872 4388 968 4441 καὶ
995 4388 1119 4442 ὅσον
1138 4389 1263 4457 ἥκει
1278 4391 1356 4452 εἰς
1383 4388 1610 4442 ὀδόντων
1635 4390 1843 4460 ἀκμὰς,

262 4476 453 4533 λέουσι
491 4496 551 4532 τε
588 4479 683 4533 καὶ
725 4480 986 4550 σκύμνοις
1030 4480 1190 4548 ὀλίγα
1240 4483 1581 4552 παραχωρεῖ.
1620 4481 1851 4553 mnos;

1971 3303 2017 3346 et
2035 3291 2261 3345 molares
2284 3289 2396 3357 ejus
2415 3297 2469 3341 ut
2492 3287 2655 3340 catuli
2682 3286 2872 3342 leonis.
2890 3286 3075 3343 Posuit
3134 3290 3336 3345 vineam
3386 3309 3552 3357 meum

1969 3386 2023 3437 in
2065 3382 2489 3451 dissipationcm,
2535 3389 2581 3432 et
2638 3379 2770 3448 licus
2816 3396 2958 3435 ruens
2996 3381 3058 3436 in
3105 3382 3551 3452 confractionatu;

1966 3484 2208 3530 scrutatis
2229 3482 2493 3529 scrutatus
2548 3481 2623 3526 est
2682 3487 2819 3537 eam,
2867 3477 2914 3526 e't
2962 3475 3550 3541 eradicauit,dealbavit

1966 3584 2140 3623 ramos
2160 3566 2293 3637 ejus.
3390 3570 3403 3581 ”

2038 3659 2473 3715 VLContendere
2492 3659 2672 3731 aliquo
2686 3660 2843 3715 modo
2859 3672 2981 3714 eum
3009 3658 3357 3724 eventis,sive
3374 3661 3550 3729 potius

1965 3767 2087 3807 cum
2121 3752 2205 3807 his
2236 3766 2355 3819 qua:
2378 3760 2636 3807 eventura
2654 3759 3064 3819 exspectantur,
3110 3760 3166 3806 et
3188 3765 3252 3808 ex
3283 3751 3549 3821 pmniten-

1967 3846 2040 3898 tia
2061 3843 2243 3898 (letum
2273 3842 2471 3898 elicere
2490 3842 2736 3913 cupiens,
2771 3842 3018 3898 minutim
3074 3842 3255 3899 futura
3306 3852 3548 3907 enarrat,

1964 3943 2018 3988 et
2042 3948 2224 3987 rerum
2271 3932 2642 3988 tristiﬁearum
2697 3933 2975 3988 incursum
3026 3934 3411 4003 propemodum
3448 3935 3549 3989 sub

1965 4034 2240 4095 aspectum
2275 4022 2593 4091 subiiciens,
2629 4024 2694 4079 iis
2726 4024 2829 4094 qui
2873 4024 3165 4080 multantur
3253 4024 3548 4081 lamentum

1964 4116 2289 4185 suppeditat,
2314 4124 2367 4169 et
2400 4128 2537 4185 quos
2562 4115 2628 4171 ad
2663 4116 2981 4185 plorandum
3012 4116 3287 4179 invitarat,
3335 4132 3430 4173 eos
3457 4117 3540 4172 lu-

1962 4208 2132 4277 gubre
2156 4220 2376 4260 carmen
2413 4206 2590 4270 docet,
2614 4205 2756 4275 quod
2786 4206 2840 4261 in
2876 4216 3150 4277 posterum
3178 4222 3440 4277 usurpare
3454 4224 3547 4265 vo-

1960 4298 2114 4354 cibus
2139 4298 2409 4354 hurtatnr.
2448 4315 2467 4350 ι
2504 4297 2648 4353 Gens
2680 4299 2924 4354 ascendit
2955 4314 3117 4367 super
3141 4309 3342 4355 terram
3372 4317 3544 4356 meam

1961 4388 2117 4446 fortis
2143 4397 2200 4443 et
2227 4388 2659 4455 innumerabilis,
2700 4405 2982 4460 rquasque
3009 4392 3402 4457 dentiumacie,
3435 4395 3546 4449 leo-

1959 4480 2121 4536 nibus
2141 4489 2197 4534 et
2217 4478 2651 4535 catulisleonum
2678 4495 2867 4547 parum
2899 4482 3168 4535 concedit.
3223 4482 3415 4537 Verum
3443 4485 3545 4539 hoc

267 4572 372 4642 μὲν
399 4566 493 4625 οὖν
518 4571 577 4623 τὸ
610 4571 823 4643 χρῆμα,
863 4572 969 4626 κᾶν
1006 4573 1053 4625 εἰ
1083 4572 1175 4624 ἐπὶ
1215 4573 1434 4644 ἀκρίδος
1464 4574 1641 4643 τυχὸν
1656 4578 1849 4638 νοοῖτο,

1971 4577 2069 4633 εει,
2090 4568 2339 4638 quamvis
2357 4568 2427 4623 de
2451 4568 2656 4624 locusta
2679 4571 2843 4633 forte,
2874 4584 2940 4623 ac
2960 4574 3025 4625 de
3048 4572 3272 4635 brueho,
3300 4584 3352 4626 et
3379 4590 3542 4630 eruca

265 4665 504 4735 βρούχου
551 4682 613 4717 τε
654 4664 750 4717 καὶ
799 4664 1049 4733 κάμπης.
1095 4665 1342 4733 Ἀμαχον
1393 4664 1503 4735 γὰρ
1548 4665 1610 4718 τὸ
1664 4666 1857 4737 χρῆμά

1971 4659 2611 4731 Iccipiatur;-expugnari
2638 4660 2902 4730 siquidem
2935 4672 3226 4730 nequeunt,
3254 4671 3308 4716 et
3354 4680 3542 4720 eorum

260 4758 407 4817 ἐστι,
429 4756 524 4810 καὶ
553 4755 997 4823 ἀκαταγώνιστος
1027 4756 1223 4826 κομιδῇ
1260 4756 1369 4809 τῶν
1398 4755 1657 4812 τοιούτων
1699 4760 1732 4827 ή
1767 4759 1857 4827 ἐφ-

259 4847 407 4913 οδος,
430 4842 586 4918 ἱκανή
618 4864 680 4901 τε
703 4847 872 4919 ἄρδην
899 4848 1161 4901 ἀπολέσαι
1176 4848 1246 4902 τὰ
1275 4849 1331 4901 ἐν
1361 4849 1854 4920 ἀγροῖς,.καρπούς

257 4958 345 5005 τε,
385 4942 569 5012 φημὶ,
626 4941 722 4993 καὶ
772 4942 955 4995 πόαντ
1003 4940 1381 5010 καταφθεῖραι
1422 4957 1483 4995 τε
1542 4944 1715 5007 συκᾶς
1763 4946 1858 4997 καὶ

259 5032 569 5103 ἀμπέλους,
608 5033 770 5103 ψιλὴν
810 5033 866 5085 δὲ
911 5033 1005 5086 καὶ
1050 5032 1261 5102 ἀκαλλῆ
1294 5033 1393 5103 τῆς
1442 5033 1682 5106 ἀρούρας
1715 5036 1853 5090 ἀπο-

260 5124 431 5193 φῆναι
469 5125 569 5194 τὴν
591 5124 735 5186 ὄψιν.
768 5125 832 5178 Εἰ
857 5124 911 5178 δὲ
941 5124 1007 5195 δὴ
1035 5125 1420 5196 περιτράποιτο
1443 5126 1606 5180 πάλιν
1641 5129 1670 5181 ὁ
1691 5127 1851 5195 λόγος

264 5214 349 5277 εις
364 5214 464 5284 τὴν
483 5214 591 5267 τῶν
617 5214 1049 5286 πεπορθηκότων
1074 5214 1490 5286 ἀπανθρωπίαν,
1514 5218 1609 5272 καὶ
1631 5218 1849 5290 ὁλοτελῆ

261 5305 366 5377 τῆς
396 5303 581 5375 χώρας
612 5306 914 5376 ἐρήμωσιν,
943 5306 1271 5376 ὑποφήνειεν
1299 5304 1365 5358 ἂν
1403 5305 1588 5378 ἕτερον
1614 5306 1787 5371 οὐδὲν,
1816 5307 1847 5378 ἢ

259 5399 348 5452 ὅτι
373 5401 524 5452 πᾶσα
545 5399 644 5468 μὲν
669 5397 854 5461 αὐτοῖς
881 5396 1158 5452 ἀπόλωλεν
1188 5398 1221 5468 ἠ
1251 5396 1423 5469 χώρα,
1450 5396 1851 5469 δεδαπάνηνται

257 5490 319 5544 δὲ
360 5491 459 5544 καὶ
495 5494 544 5545 οἱ
597 5490 929 5563 προῦχοντες
992 5491 1125 5561 παρ’
1176 5489 1361 5553 αὐτοῖς
1382 5528 1399 5554 ,
1453 5488 1582 5560 δόξῃ
1631 5507 1690 5543 τε
1755 5492 1851 5543 καὶ

258 5584 482 5655 πλούτῳ
501 5584 563 5637 τὸ
590 5583 699 5637 τῶν
727 5584 995 5653 ἀγελαιων
1020 5583 1377 5655 ὑπερθέοντες
1408 5583 1608 5655 μέτρον
1644 5582 1760 5654 (ὡς
1788 5586 1848 5637 ἐν

256 5673 415 5741 τάξει
458 5674 697 5731 νοεῖσθαι
742 5676 915 5747 συκῆς
956 5694 1015 5730 τε
1061 5676 1156 5731 καὶ
1186 5675 1491 5745 ἀμπέλου),
1532 5676 1671 5747 πλὴν
1713 5676 1847 5729 ὑπο-

334 5851 385 5884 ”
418 5850 607 5909 Matth.
647 5868 697 5920 v,
740 5853 795 5910 5.
870 5854 914 5885 ⁸⁸
950 5850 1093 5909 Psal.
1129 5869 1201 5918 γι,
1241 5852 1292 5910 6.
1321 5852 1528 5909 "‘Psal.
1571 5870 1719 5921 cxm,
1766 5853 1941 5922 17,18.

1954 4752 2240 4823 impressio
2266 4768 2488 4822 prorsus
2513 4760 2613 4808 est—
2630 4752 3011 4820 insuperabilis
3044 4763 3206 4822 atque
3232 4756 3298 4809 ad
3312 4758 3510 4824 perilen

1955 4847 2053 4901 das
2083 4845 2226 4901 ruris
2252 4859 2384 4916 opes
2402 4845 2681 4901 universas
2704 4845 2920 4912 sufficit,
2948 4847 3012 4898 ad
3046 4844 3262 4901 fructus
3313 4857 3367 4901 et
3418 4849 3543 4903 her-

1958 4937 2076 5004 bas,
2108 4937 2351 5008 inquam,
2373 4946 2427 4993 et
2460 4937 2527 4992 ad
2580 4937 2737 5003 licus,
2784 4938 3033 5007 vitesque
3089 4942 3540 5010 corrumpentlas,

1960 5030 2026 5084 ad
2078 5030 2386 5085 nudandam
2447 5029 2679 5100 denique
2724 5038 2779 5085 et
2832 5029 3239 5086 deformandam
3288 5045 3539 5102 agrorum

1954 5121 2170 5179 faciem.
2232 5122 2388 5189 Quod
2443 5122 2490 5179 si
2544 5121 2709 5177 verba
2758 5122 3035 5192 propheta:
3079 5123 3147 5176 ad
3199 5131 3538 5178 vastatornui

1955 5214 2331 5269 crudelitatem
2364 5222 2419 5271 et
2448 5229 2715 5270 summam
2743 5216 2979 5286 regionis
3011 5215 3355 5273 solitudinem
3381 5231 3536 5272 revo-

1955 5322 2160 5373 cemus,
2203 5308 2349 5362 aliud
2381 5307 2511 5363 nihil
2547 5307 2990 5373 subindicabunt,
3056 5322 3217 5379 quam
3272 5309 3365 5364 loti
3413 5323 3539 5377 pro-

1955 5401 2147 5457 vincite
2185 5401 2481 5471 perniciem
2518 5415 2614 5457 eos
2673 5402 2940 5467 attulisse,
2971 5409 3025 5457 et
3085 5402 3350 5473 primores
3413 5415 3537 5456 con-

1954 5504 2200 5565 sumptos
2227 5510 2370 5551 esse.
2406 5493 2507 5562 Qui
2543 5509 2849 5563 quanquam
2880 5494 3048 5564 gloria
3093 5502 3147 5548 et
3172 5493 3375 5573 divitiis
3434 5490 3536 5559 ple-

1954 5587 2198 5642 beiorum
2235 5588 2510 5643 modulum
2546 5590 2871 5645 excederent
2891 5588 2972 5657 (ut
3003 5595 3259 5655 utrosque
3282 5598 3377 5654 per
3399 5581 3533 5638 licus

1954 5687 2008 5733 et
2031 5680 2163 5734 vites
2182 5679 2590 5751 intelligamus),
2610 5679 2959 5735 nihilominus
2970 5672 3530 5740 emarceredcbuisse,
