4068 6538
527 409 632 469 ’559

1531 411 1590 468 S.
1632 412 1914 471 εγιιιιιι
1954 410 2424 470 ALEXANDle
2462 410 2782 468 ARClllEP.

3677 412 3785 471 διο

523 527 667 583 sicut
689 527 743 582 in
774 525 903 597 ipsis
925 525 1089 600 204
1134 526 1333 584 vitibus
1381 530 1482 585 sub
1513 545 1733 589 sensum
1782 531 2103 589 cadentibus

2210 532 2386 602 μεῖναι
2413 531 2504 586 τὸν
2530 528 2851 603 μαρασμόν⁹
2884 528 3132 599 καθάπερ
3153 527 3347 598 ἀμέλει
3372 528 3466 583 καὶ
3485 527 3574 582 ἐπ’
3605 529 3786 585 αὐτῶν

524 618 642 672 fieri
672 632 775 673 non
812 617 1142 688 ignoramus,
1172 620 1218 675 si
1263 634 1357 678 eas
1397 620 1730 679 locustarum
1753 623 1944 681 dentes
1972 624 2104 680 atti-

525 709 722 779 gerint.
748 707 959 779 Stirpes
989 711 1157 779 enim,
1179 726 1366 767 earum
1416 714 1697 770 humorem
1755 727 2103 787 exsugentes,

523 807 579 853 et
605 797 712 852 vim
746 812 964 854 omnem
1006 799 1224 855 vitalem
1280 803 1660 869 absorbentes,
1716 804 1867 861 brevi
1927 804 2103 862 arefa-

523 889 694 944 ciunt.
724 888 853 945 Inde
898 890 1061 946 etiam
1092 901 1193 958 est,
1222 893 1364 962 quod
1392 893 1516 950 vitis
1570 896 1691 951 alba
1753 896 2101 968 conSpieitur.

524 981 712 1047 Itaque
738 982 928 1039 dentes
952 983 1190 1040 hostium
1215 987 1675 1053 consumentium,
1714 985 1892 1043 locum
1917 987 2105 1043 vitium

527 1083 800 1142 tenentes,
836 1084 930 1130 aut
976 1077 1141 1131 etiam
1196 1077 1405 1134 ﬁcubus
1440 1078 1852 1149 respondentes,
1891 1080 2107 1148 penitus

524 1176 1002 1237 consumpserunt,
1063 1177 1119 1225 et
1179 1170 1499 1240 quisquilias
1570 1172 1943 1237 reddiderunt,
2011 1182 2107 1227 aut

526 1255 719 1325 gladiis
752 1266 1075 1327 mactantes,
1140 1269 1236 1316 aut
1285 1261 1566 1319 servitutis
1615 1263 1748 1335 iugo
1795 1263 2108 1320 submitten-

527 1358 631 1405 ωε.

596 1532 1174 1607 Poteritquispiam,si
1231 1536 1469 1604 libuerit,
1491 1538 1605 1594 haec
1667 1539 1794 1594 item
1824 1539 1889 1594 de
1919 1553 2108 1610 pecca-

528 1626 742 1683 toribus
806 1627 1179 1699 intcrpretari,
1212 1632 1264 1686 in
1316 1646 1547 1701 quorum
1599 1639 1810 1685 mentes
1836 1640 1889 1683 et
1913 1629 2104 1696 corda,

530 1715 676 1772 velut
701 1717 945 1785 locustae,
972 1720 1160 1776 bruchi
1181 1731 1236 1777 et
1265 1722 1955 1790 erucae,irrepuntsemper
1981 1718 2107 1773 mali

528 1810 754 1879 spiritus
778 1821 834 1866 et
855 1813 1167 1880 passionum
1196 1814 1424 1869 diversa“:
1455 1813 1665 1883 species
1718 1820 1880 1880 atque
1937 1810 2105 1875 modi,

527 1920 732 1974 eosque
757 1906 1113 1976 despicabiles
1159 1917 1214 1962 et
1262 1907 1610 1978 turpissimos
1661 1905 1835 1961 videri
1878 1904 2105 1973 faciunt,

528 1999 696 2065 quiet
722 1997 938 2067 pietatis
971 2000 1156 2055 ﬂorent
1184 2001 1487 2065 amiserint,
1543 2008 1597 2054 et
1638 1999 1845 2055 nullum
1883 1998 2108 2068 iustitia:

528 2102 750 2156 germen
780 2090 1108 2163 possideant.
1141 2090 1235 2145 His
1281 2105 1410 2163 ergo
1458 2090 1770 2146 aliirmarim
1818 2090 2109 2146 convenire

529 2196 802 2249 perennes
838 2162 1127 2254 lacrymas,
1151 2192 1205 2237 et
1252 2162 1693 2238 lamentationem
1742 2198 1923 2237 coram
1973 2181 2103 2246 Deo,

527 2290 595 2329 ac
633 2274 958 2330 desiderium
1000 2274 1233 2330 assiduis
1277 2273 1528 2343 precibus
1584 2276 1777 2338 veniae,
1824 2285 1878 2328 et
1913 2271 2033 2342 Opis
2075 2286 2108 2327 a

526 2367 641 2421 Deo
664 2366 1044 2437 impetrandae;
1080 2377 1139 2421 ut
1161 2382 1470 2437 quanquam
1498 2380 1622 2421 sero
1663 2367 1902 2430 tandem,
1935 2374 1991 2421 et
2020 2364 2108 2418 vix

526 2458 800 2527 sapientes
832 2472 897 2513 ac
928 2458 1137 2515 robusti
1161 2459 1411 2522 evadant,
1433 2458 1647 2513 liberati
1683 2457 1770 2525 iis,
1796 2457 1848 2511 in
1879 2471 2000 2525 qua:
2030 2456 2112 2510 in-

526 2546 791 2602 ciderunt.
821 2547 1046 2617 Spectat
1074 2558 1131 2604 et
1171 2548 1275 2603 hoc
1302 2548 1369 2602 ad
1399 2560 1494 2602 eos
1522 2560 1750 2615 quorum
1798 2546 2011 2601 animus
2042 2549 2110 2599 ad

524 2654 792 2695 novarum
823 2640 1137 2711 opinionum
1170 2640 1426 2696 doctores
1480 2649 1535 2694 et
1590 2639 1803 2694 sincera
1855 2638 2111 2693 Ecclesia:

525 2731 776 2803 dogmata
805 2732 1173 2788 adulterantes
1199 2731 1498 2788 audiendos
1531 2728 1824 2785 declinavit
1856 2730 1962 2784 :de
1986 2729 2110 2798 qui-

524 2823 629 2880 bus
658 2824 873 2880 dicatur
893 2824 1247 2880 meritissimo
1274 2841 1293 2877 :
1352 2840 1372 2874 t
1413 2821 1609 2877 Dentes
1652 2834 1863 2886 eorum,
1921 2820 2110 2875 dentes

524 2915 741 2973 leonum
772 2924 827 2971 et
847 2915 1079 2972 molares
1101 2913 1402 2970 catulorum
1448 2912 1686 2969 leonum.
1718 2930 1738 2964 ι
1788 2910 1972 2967 Genus
2016 2910 2112 2964 bu-

524 3006 732 3066 minum
756 3007 864 3063 Deo
894 3006 1151 3071 invisum,
1182 3004 1547 3060 adulterinum
1570 3011 1735 3073 atque
1762 3002 2107 3073 pestiferum,

523 3100 915 3171 simpliciorum
946 3106 1155 3155 mentes
1214 3097 1327 3153 suis
1378 3095 1701 3152 commentis
1761 3095 2030 3150 devorans
2057 3104 2112 3148 et

2134 1873 2183 1933 B

2205 621 2406 674 νοεῖται
2428 619 2539 675 τῶν
2564 618 2839 691 αἰσθητῶν
2887 606 3172 690 ἀμπέλων,
3195 619 3244 671 εί
3276 617 3383 673 τῶν
3418 618 3658 690 ἀκρίδων
3676 624 3784 687 τοῖς

2205 710 2386 766 ὀδοῦσι
2415 712 2655 783 συμϐαίη
2701 713 3039 783 περιπεσεῖν.
3080 710 3430 766 Ἐκπίνουσαι
3462 711 3574 784 γάρ
3599 710 3701 784 τὴν
3727 714 3787 767 ὲν

2204 804 2321 866 τοῖς
2347 806 2533 872 φυτοῖς
2569 801 2798 873 ίκμάδα,
2831 800 2930 855 καὶ
2972 802 3154 857 πᾶσαν
3181 802 3366 866 αὐτοῖς
3389 802 3490 873 τὴν
3526 802 3787 868 ζωοποιδν

2205 891 2617 966 ἀναρῤοφοῦσιι
2658 892 2915 963 δύναμιν,
2938 892 3038 946 οὐκ
3084 893 3168 956 είς
3208 893 3430 964 μακράν
3482 894 3785 966 ἀποξηραί-

2206 1000 2393 1039 νουσι’
2422 983 2680 1058 ταύτῃτοι
2716 986 2814 1039 καὶ
2838 984 3037 1056 λευκὴν
3063 983 3298 1056 ὁρᾶσθαι
3337 976 3788 1057 παρασκευάζου-

2208 1094 2314 1133 σιν.
2338 1077 2548 1133 Οὐκοῦν
2575 1078 2626 1131 oi
2658 1078 2870 1141 ὀδόντες
2896 1075 3004 1131 τῶν
3030 1077 3397 1132 δαπανώντων
3429 1077 3642 1149 ἐχθρῶν
3662 1079 3789 1142 τοὺς

2207 1171 2266 1225 ἐν
2292 1170 2444 1235 τάξει
2475 1169 2763 1241 κειμένους
2796 1169 3073 1240 ἀμπέλων,
3098 1170 3134 1241 ἢ
3180 1169 3276 1223 καὶ
3318 1171 3379 1224 ὲν
3421 1170 3550 1225 είδει
3584 1170 3786 1235 συκῶν,

2207 1263 2289 1326 είς
2315 1262 2487 1332 ἀκρον
2517 1262 2946 1332 δεδαπανήκασι,
2977 1262 3072 1315 καὶ
3101 1263 3183 1325 είς
3206 1262 3538 1333 ἀχρειότητα
3575 1263 3789 1332 πεπόμ-

2208 1371 2344 1424 φασι
2377 1354 2639 1425 παντελῆ,
2659 1354 2695 1425 ἢ
2720 1353 2897 1424 ξίφεσι
2925 1353 3393 1423 καταπαίοντες,ἢ
3422 1355 3519 1408 καὶ
3551 1356 3663 1419 τοῖς
3690 1356 3790 1425 τῆς

2206 1447 2450 1512 δουλείας
2477 1446 2888 1515 καθυπάγοντες
2919 1446 3126 1513 ζυγοῖς.

2290 1540 2599 1608 Ἐκδέξεται
2633 1540 2690 1593 δέ
2723 1556 2827 1605 τις,
2852 1542 3011 1613 είπερ
3042 1541 3218 1594 ἕλοιτο
3242 1541 3391 1593 νοεῖν
3419 1539 3514 1593 καὶ
3542 1552 3789 1608 πνευμαρ

2207 1632 2403 1699 τικῶς,
2431 1633 2524 1686 καὶ
2554 1633 2643 1686 ἐπ’
2672 1631 2977 1703 ἀνθρώπων
3016 1629 3365 1701 ἁμαρτωλῶν
3384 1629 3454 1683 τὰ
3478 1629 3660 1683 τοιάδε
3688 1629 3792 1682 πά-

2209 1726 2314 1781 λιν.
2347 1720 2444 1789 Οίς
2469 1727 2549 1788 είς
2576 1725 2701 1780 νοῦν
2734 1727 2831 1779 καὶ
2864 1724 3116 1798 καρδίαν,
3155 1724 3231 1788 ὡς
3259 1725 3317 1777 ὲν
3355 1722 3577 1794 ἀκρίδος
3603 1722 3792 1793 τρόπῳ

2210 1818 2308 1873 καὶ
2338 1817 2587 1889 βρούχου,
2612 1819 2708 1871 καὶ
2737 1817 2922 1888 μέντοι
2966 1818 3061 1870 καὶ
3094 1816 3345 1888 κάμπης,
3380 1813 3652 1871 είσδύεταί
3675 1830 3793 1877 πως

2208 1910 2296 1964 ἀεὶ
2322 1910 2389 1963 τὰ
2421 1908 2633 1981 πονηρά
2672 1910 2958 1980 πνεύματα
2977 1949 2991 1971 ,
3020 1909 3114 1963 καὶ
3143 1908 3281 1961 αὐτὰ
3312 1907 3369 1961 δὲ
3411 1904 3665 1974 πολυειδῆ
3701 1906 3794 1959 καὶ

2209 2002 2525 2075 πολύτροπα
2550 2001 2722 2074 πάθη,
2755 2002 2849 2055 καὶ
2890 2001 2955 2073 δὴ
2992 2002 3088 2054 καὶ
3131 1999 3385 2073 ἀχρείους
3424 1998 3518 2052 καὶ
3560 1997 3790 2051 suam.

2208 2094 2441 2157 στάτους
2465 2093 2698 2164 ὁρᾶσθαι
2732 2095 2897 2158 ποιεῖ,
2929 2093 3025 2147 καὶ
3052 2095 3151 2164 τῆς
3182 2091 3465 2155 εὐσεϐείας
3494 2089 3594 2161 τὴν
3625 2089 3794 2159 ἄνθην

2208 2185 2675 2256 ἀποϐεϐληκότας,
2700 2184 2796 2239 καὶ
2829 2184 2979 2238 οὐδὲν
3018 2184 3241 2255 ἔχοντας
3266 2184 3324 2237 ὲν
3353 2184 3568 2246 ἑαυτοῖς
3590 2181 3796 2235 δικαιο-

2210 2278 2376 2349 σύνης
2408 2276 2714 2347 βλάστημα.
2749 2276 2920 2347 Φαίην
2950 2276 2996 2329 δ’
3024 2275 3113 2338 ἂν,
3158 2276 3242 2329 ὅτι
3291 2274 3493 2345 πρέποι
3518 2273 3584 2328 διν
3610 2273 3795 2336 αὐτοῖς

2208 2369 2273 2423 τὸ
2318 2369 2530 2423 κλαίειν
2563 2367 2980 2438 ἀκαταλήκτως,
3014 2368 3111 2421 καὶ
3153 2365 3619 2438 κατολοφύρεσθαι
3658 2365 3797 2437 πρὸς

2208 2462 2373 2515 Θεόν·
2423 2461 2706 2533 γλίχεσθαι
2753 2478 2813 2514 τε
2842 2463 3039 2531 ιτυχεῖν
3087 2459 3176 2514 διὰ
3232 2459 3432 2530 συχνῆς
3485 2458 3797 2529 προσευχῆς

2208 2554 2456 2622 ἀφέσεως
2497 2554 2591 2607 καὶ
2623 2552 2981 2624 ἐπικουρίας,
3011 2551 3087 2614 ὡς
3116 2549 3184 2606 ἂν
3220 2547 3351 2615 εἶεν,
3392 2550 3498 2603 κᾶν
3529 2550 3661 2619 γοῦν
3697 2549 3797 2618 ὀψέ

2211 2664 2343 2701 ποτε
2376 2647 2469 2700 καὶ
2506 2646 2682 2718 μόλις,
2718 2648 2875 2716 σοφοὶ
2919 2648 3015 2701 καὶ
3059 2645 3353 2708 εὐσθενεῖς,
3383 2643 3480 2696 καὶ
3524 2642 3797 2711 διαδιδρά-

2213 2754 2364 2791 σκειν
2411 2734 2601 2791 οἷοίτε
2647 2738 2718 2792 τά
2762 2737 3170 2809 συμϐεϐηκότα.
3210 2735 3440 2790 nasum
3466 2735 3512 2789 δ’
3565 2736 3634 2789 ἂν
3666 2734 3797 2788 αὐτὸ

2211 2830 2307 2884 καὶ
2336 2825 2419 2894 οἷς
2451 2833 2480 2883 ὁ
2526 2830 2652 2895 νοῦς
2684 2831 2914 2900 ἀμαθῶς
2948 2830 3267 2885 ὲκκέκλικεν
3308 2830 3389 2893 είς
3416 2846 3480 2897 γε
3509 2828 3571 2881 τὸ
3596 2829 3797 2899 χρῆναι

2211 2922 2497 2993 προσέχειν
2516 2925 2629 2987 τοῖς
2658 2923 2986 2994 ὲτεροδοξεῖν
3016 2922 3252 2987 εἰωθόσι,
3278 2922 3373 2974 καὶ
3402 2920 3475 2974 τὰ
3518 2920 3661 2991 όρθά
3688 2919 3791 2987 τῆς

2224 3012 2554 3085 Ἐκκλησίας
2600 3013 2899 3085 παραλύειν
2928 3013 3250 3083 διδάγματα,
3287 3012 3415 3082 περί⁵
3458 3005 3534 3066 ὧν
3588 3010 3657 3064 ἂν
3707 3009 3797 3062 λέ-

2211 3118 2381 3173 γοιτο,
2404 3107 2500 3159 καὶ
2534 3104 2678 3175 μάλα
2717 3105 2943 3168 εἰκότως
2963 3120 2976 3133 ·
3014 3105 3107 3159 «Ol
3140 3103 3352 3168 όδόντες
3377 3101 3557 3156 αὐτῶν
3584 3102 3797 3165 ὀδόντες

524 3194 904 3257 absumens,ut
925 3206 994 3246 ne
1022 3190 1266 3262 reliquiae
1292 3189 1509 3260 quidem
1534 3186 1735 3258 prioris
1763 3186 2027 3243 doctrinae
2055 3187 2107 3241 iu

2214 3195 2448 3257 λέοντος,
2481 3195 2575 3247 καὶ
2619 3195 2677 3249 αί
2722 3193 2885 3265 μύλαι
2929 3193 3109 3247 αὐτῶν
3150 3192 3427 3263 σκύμνου’
3469 3210 3488 3243 ι
3543 3191 3798 3261 θεομισὲς

525 3283 636 3338 illis
662 3290 978 3353 appareant.
998 3280 1064 3337 Hi
1088 3282 1299 3337 vineam
1329 3280 1655 3336 dominicam
1686 3279 1753 3333 ad
1800 3292 2101 3333 marcorem

526 3373 806 3445 redigunt,
834 3374 1049 3429 hortum
1076 3387 1107 3427 a
1143 3371 1351 3427 licubus
1382 3372 1624 3436 inanem,
1661 3368 1865 3424 nudum
1921 3376 1980 3423 et
2015 3367 2101 3420 in-

526 3463 735 3519 cultum
753 3462 1006 3518 reddunt.
1037 3480 1056 3514 t
1086 3460 1326 3528 Quorum
1353 3461 1616 3529 judicium
1647 3475 1754 3517 non
1788 3468 1965 3515 cessat
1984 3458 2051 3524 “;
2078 3476 2099 3509 ι

527 3554 624 3612 sed
656 3554 932 3611 damnatio
956 3553 1103 3625 justa
1130 3553 1235 3608 erit
1264 3567 1366 3609 suo
1404 3562 1645 3623 tempore
1668 3552 1740 3608 “.
1803 3550 1909 3619 Qui
1940 3550 2106 3621 igitur

526 3647 582 3701 in
607 3646 822 3702 inscitia
848 3646 1013 3701 vitam
1047 3644 1376 3715 transigunt,
1400 3645 1641 3710 locustae,
1678 3643 1868 3699 brucbi
1902 3651 1957 3698 et
1983 3658 2107 3697 eru-

525 3752 606 3792 ca:
663 3736 917 3806 pabulum
966 3743 1147 3800 erunt,
1199 3744 1256 3789 et
1287 3735 1357 3789 ab
1401 3735 1548 3789 omni
1587 3734 1834 3789 decentia
1863 3733 2105 3789 destituti

525 3829 943 3899 permanebunt,
971 3840 1073 3881 nec
1104 3836 1189 3881 est
1224 3825 1279 3879 in
1308 3825 1376 3881 iis
1396 3824 1695 3895 quidquam
1732 3822 2006 3880 ﬂoridum.
2038 3825 2109 3878 At

525 3934 658 3974 vero
687 3917 903 3990 sapiens
929 3925 983 3971 et
1009 3917 1176 3971 Deum
1215 3931 1407 3971 amans
1442 3916 1649 3982 anima,
1679 3925 1737 3970 et
1769 3914 2108 3986 dogmatibus

526 4011 773 4067 veritatis
815 4008 1092 4080 opulenta,
1136 4008 1472 4083 justitiazque
1536 4007 1802 4064 fructibus
1835 4022 1972 4077 pene
2003 4008 2110 4062 cir-

528 4102 854 4167 cumﬂuens,
880 4110 936 4157 et
973 4100 1198 4156 miriﬁce
1248 4100 1486 4169 undique
1528 4099 1731 4155 ﬂorens
1760 4114 1855 4155 cor
1880 4100 2107 4164 habens,

529 4194 677 4249 omni
706 4192 959 4248 libertate
990 4208 1114 4247 cum
1140 4206 1358 4261 sponsa,
1391 4207 1511 4262 qua:
1544 4192 1595 4246 in
1627 4190 1870 4247 Cantieis
1911 4192 2112 4247 intelli-

528 4288 695 4358 gitur,
727 4287 854 4341 illud
873 4286 1048 4340 dicet:
1080 4303 1101 4336 ι
1137 4285 1439 4340 Desceudat
1478 4298 1649 4353 nepos
1692 4299 1847 4340 meus
1890 4284 1945 4339 in
1985 4284 2114 4338 hor-

530 4388 645 4432 tum
671 4394 832 4434 suum
854 4386 910 4432 et
943 4377 1192 4432 comedat
1213 4375 1446 4429 fructum
1468 4388 1751 4444 pomorum
1783 4376 2108 4430 suorum'h

535 4470 727 4525 Dulces
752 4469 967 4539 pietatis
989 4468 1195 4522 fructus
1218 4477 1274 4521 et
1308 4466 1483 4520 dulcia
1519 4465 1957 4535 poma,205ubi
1985 4482 2114 4522 vera

2202 3284 2312 3357 γὰρ
2364 3283 2427 3337 τὸ
2454 3283 2630 3351 γένος,
2665 3283 2917 3354 κίϐδηλόν
2964 3300 3023 3336 τε
3060 3283 3185 3356 καὶ*
3205 3282 3507 3353 ἀλιτήριον,
3547 3280 3645 3333 καὶ
3678 3279 3796 3331 τῶν

2208 3374 2594 3445 ἁπλουστέρων
2624 3374 2715 3427 τὸν
2755 3372 2880 3428 νοῦν
2909 3376 3023 3437 τοῖς
3046 3372 3198 3442 σφῶν
3216 3372 3481 3444 εύρέμασι
3507 3371 3797 3426 κατεσθίον

2204 3487 2268 3524 τε
2313 3469 2425 3543 καὶ,
2459 3466 2788 3533 ἀναλίσκον,
2847 3466 2926 3530 ὡς
2969 3466 3103 3537 μηδὲ
3155 3466 3445 3538 ὀρθότητος
3499 3467 3558 3519 ὲν
3610 3465 3799 3527 αὐτοῖς

2204 3546 2433 3635 ὁρᾶσθαι
2463 3560 2733 3630 λείψανον.
2756 3554 2918 3616 Οὗτοι
2948 3560 3277 3615 Δεσποτικὸν
3299 3558 3598 3631 ἀμπελῶνα
3625 3574 3795 3612 stata-

2216 3655 2564 3727 μαραίνουσι,
2600 3652 2787 3706 συκῶν
2824 3651 3036 3723 ἔρημον
3070 3651 3433 3721 ἀποφαίνουσι
3465 3651 3558 3704 τὸν
3593 3649 3797 3719 κῆπον,

2205 3746 2361 3816 ψιλόν
2379 3762 2439 3798 τε
2460 3742 2768 3798 δεικνύουσι
2788 3744 2880 3796 καὶ
2900 3741 3312 3813 κεχερσωμένον
3334 3758 3348 3773 ο
3375 3735 3506 3795 «Ὧν
3527 3739 3590 3794 τὸ
3615 3744 3795 3813 κρῖμα

2207 3841 2308 3894 ούκ
2329 3840 2510 3913 ἀργεῖ,
2535 3858 2555 3889 ι
2593 3837 2712 3892 ἀλλ’
2732 3835 2941 3890 ἔνδικον
2972 3836 3125 3891 ἔσται
3154 3836 3298 3891 κατὰ
3322 3834 3569 3907 καιρούς.
3595 3836 3660 3889 Οἱ
3696 3836 3796 3905 μὲν

2209 3930 2303 3988 οῦν
2350 3931 2563 4004 ἀμαθίᾳ
2612 3931 2784 4003 συζῇν
2826 3930 3113 3995 εἰωθότες,
3151 3930 3373 4003 ἀκρίδος
3412 3931 3506 3983 καὶ
3552 3929 3785 4001 βρούχου

2212 4025 2308 4080 καὶ
2352 4026 2579 4096 κάμπης
2622 4024 2838 4078 ἔσονται
2865 4022 3062 4095 τροφὴ,
3097 4022 3193 4077 καὶ
3230 4022 3449 4092 ἀπάσης
3500 4020 3801 4091 εὐκοσμίας

2216 4117 2555 4187 ἀπομενοῦσι
2597 4115 2819 4188 ἔρημοι,
2856 4114 3081 4177 εὐανθὲς
3117 4114 3175 4167 δὲ
3201 4113 3356 4167 οὐδὲν
3384 4116 3441 4166 ὲν
3480 4112 3685 4176 αὐτοῖς.
3735 4108 3799 4164 Ἦ

2214 4205 2272 4259 δέ
2302 4222 2366 4274 γε
2402 4203 2541 4277 σοφὴ
2588 4207 2685 4259 καὶ
2718 4204 2971 4275 φιλόθεος
3018 4202 3194 4274 ψυχὴ,
3246 4203 3341 4257 καὶ
3381 4204 3496 4266 τοῖς
3524 4201 3626 4271 τῆς
3668 4201 3801 4270 ἀλη-

2220 4298 2372 4362 θείας
2405 4299 2642 4368 δόγμασι
2673 4298 2903 4370 κομῶσα
2935 4298 3228 4362 πλουσίως,
3265 4296 3361 4351 καὶ
3404 4297 3638 4366 καρποῖς
3686 4297 3800 4356 τοῖς

2217 4391 2297 4452 εἰς
2330 4388 2674 4458 δικαιοσύνην
2721 4388 3007 4459 μονονουχὶ
3037 4386 3313 4458 βρύουσάν
3341 4403 3401 4439 τε
3436 4387 3530 4439 καὶ
3557 4381 3616 4439 εὖ
3655 4384 3803 4455 μάλα

2222 4480 2690 4552 περιηνθισμὲνην
2738 4479 2939 4550 ἔχουσα
2985 4480 3088 4551 τὴν
3117 4479 3367 4549 καρδίαν.
3419 4480 3536 4549 ἐρεῖ
3581 4478 3801 4538 πάντως

530 4564 767 4617 discendi
802 4561 1093 4630 cupiditas,
1121 4559 1341 4614 Christo
1369 4557 1610 4612 omnium
1638 4568 1879 4612 nostrum
1925 4557 2108 4614 Salva-

2218 4573 2282 4624 ὲκ
2311 4573 2646 4643 παρρησίας,
2668 4571 2812 4625 κατά
2830 4587 2893 4639 γε
2925 4572 3025 4642 τὴν
3043 4572 3102 4623 ἐν
3131 4570 3211 4641 τῷ
3235 4571 3479 4643 ’ᾼσματι
3504 4569 3802 4639 νοουμένην

530 4656 656 4723 tori,
690 4654 782 4724 qui
810 4667 864 4710 et
899 4665 1088 4709 noster
1129 4668 1297 4723 nepos
1325 4661 1429 4716 est,
1460 4659 1645 4720 utpote
1673 4665 1739 4706 ex
1791 4667 1979 4707 sorore
2011 4670 2107 4709 no-

528 4758 664 4815 stra,
711 4749 929 4803 domina
980 4746 1312 4802 omnimodis
1367 4743 1795 4800 iucoutamiuata
1860 4746 2115 4815 progeni-

2221 4661 2441 4734 νύμφην
2463 4679 2475 4691 ·
2518 4683 2536 4714 t
2566 4660 2878 4732 Καταϐήτω
2907 4661 3222 4730 ἀδελφιδοῦς
3254 4678 3363 4732 μου
3382 4662 3463 4724 είς
3496 4660 3673 4729 κῆπον
3698 4660 3802 4711 αὐ-

2221 4754 2341 4818 τοῦ,
2370 4757 2465 4809 καὶ
2502 4756 2726 4825 φαγέτω
2755 4755 2966 4825 καρπὸν
3000 4754 3316 4825 ἀκροδρύων
3350 4752 3537 4808 αὑτοῦ.
3576 4771 3596 4803 ι
3625 4752 3800 4814 Ἠδεῖς

2226 4848 2278 4899 oi
2299 4848 2397 4918 τῆς
2420 4848 2700 4911 εὐσεϐείας
2723 4848 2928 4919 καρποὶ
2961 4847 3055 4900 καὶ
3081 4847 3179 4917 τῆς
3202 4845 3438 4916 ἀληθοῦς
3472 4843 3800 4914 φιλομαθίας

528 4935 809 5007 ἀκρόδρυα
837 4933 916 5004 τῷ
942 4934 1160 4987 πάντων
1189 4932 1346 5004 ἡμῶν
1369 4931 1579 5003 Σωτῆρι
1600 4930 1843 5003 Χριστῷ.
1869 4931 1929 4995 ὃς
1993 4930 2144 4985 ἐἰντιν
2182 4936 2339 5008 ἡμῶν
2369 4941 2461 4994 καὶ
2520 4939 2852 5011 ἀδελφιδοῦς,
2881 4940 2955 5004 ὡς
2995 4940 3054 5003 ἐξ
3084 4938 3320 5009 ἀδελφῆς
3346 4938 3447 5008 τῆς
3482 4936 3797 5006 παναχράν-

527 5048 621 5084 του
652 5027 950 5098 Δεσποίνης
978 5026 1397 5098 γεγεννημένος.

604 5123 773 5178 Vsus.
806 5121 859 5176 8.
888 5120 1090 5192 Plange
1124 5123 1191 5174 ad
1224 5136 1304 5175 me
1354 5136 1511 5187 super
1566 5121 1823 5190 uirginem
1878 5118 2110 5186 ιιι-ωεξη-

529 5226 669 5271 ctam
711 5230 886 5283 sacco,
932 5228 1023 5268 seu
1076 5213 1250 5268 cilicio
1305 5228 1463 5281 super
1511 5214 1682 5266 virum
1733 5226 1891 5265 suum
1943 5211 2109 5281 virgi—

532 5324 706 5363 neum.

605 5398 714 5455 γιι.
754 5398 871 5456 Non
903 5398 1005 5454 levi
1034 5396 1284 5461 brachio,
1346 5410 1447 5451 nec
1501 5393 1651 5449 utin
1700 5393 1954 5456 transitu,
2019 5401 2112 5448 aut

2284 5120 2606 5190 Θρήνησον
2624 5123 2776 5190 πρός
2799 5139 2876 5191 με
2904 5121 3057 5189 ὑπὲρ
3076 5122 3324 5190 νύμφην
3353 5118 3799 5187 περιζωσμέν-ην

2210 5214 2449 5270 σάκκον
2474 5215 2575 5269 ἐπὶ
2598 5214 2708 5269 τὸν
2740 5212 2928 5281 ἀνδρα
2953 5210 3144 5280 αὐτῆς
3166 5212 3273 5265 τὸν
3302 5211 3667 5279 παρθενικόν

2283 5397 2357 5451 Ζ’.
2388 5394 2464 5447 Οὐ
2490 5394 2771 5465 πάρεργον
2796 5391 3015 5455 αὐτοὺς,
3038 5389 3162 5444 οὐδὲ
3189 5384 3300 5443 οἷον
3326 5389 3390 5443 ὲκ
3413 5387 3790 5462 παραδρομῆς.

533 5494 789 5565 segniter,
819 5502 874 5549 et
903 5507 1121 5563 quoquo
1144 5493 1304 5545 modo
1332 5487 1652 5560 paenitentia
1676 5526 1692 5553 ,
1730 5496 1789 5542 et
1816 5485 1907 5555 qui
1959 5486 2012 5540 in
2043 5499 2107 5540 ea

2211 5486 2246 5557 ἢ
2279 5486 2517 5557 ῥᾴθυμον
2548 5484 2734 5548 ἁπλῶς
2758 5483 2855 5554 τὴν
2889 5482 3233 5554 μετάγνωσιν
3278 5480 3551 5535 ποιεῖσθαι
3583 5478 3792 5534 κελεύει

534 5585 853 5655 intelligitur
888 5586 1033 5639 luctu
1063 5583 1208 5652 fungi
1238 5596 1334 5638 eos
1356 5582 1635 5654 postulat;
1695 5580 1790 5637 scd
1833 5579 1924 5651 qui
1982 5596 2107 5637 cum

2213 5578 2310 5633 καὶ
2360 5578 2422 5631 τὸ
2464 5578 2553 5631 ἐπ’
2592 5578 2729 5649 αὐτῇ
2772 5576 3066 5649 νοούμενον
3107 5574 3324 5641 πένθος,
3375 5573 3513 5628 ἀλλά
3556 5576 3672 5637 τοῖς
3711 5573 3792 5625 ὅτι
3860 5575 3865 5578 ’

533 5678 654 5734 aliis
693 5678 928 5735 luctibus
967 5674 1136 5732 multo
1182 5675 1421 5731 maxime
1466 5674 1723 5746 gravibus
1767 5689 1874 5731 non
1908 5672 2099 5732 leviter

2218 5670 2449 5743 μάλιστα
2474 5670 2583 5725 τῶν
2610 5669 2785 5727 ἄλλων
2814 5669 3267 5743 δυσαχθεστὲροις
3293 5667 3354 5723 οὐ
3380 5666 3616 5739 μετρίως
3641 5664 3797 5737 φιλο-

606 5859 648 5893 “
689 5859 706 5915 l
742 5858 887 5915 Pelr.
931 5875 989 5930 ιι,
1038 5858 1091 5915 '5.
1169 5859 1211 5891 "
1271 5857 1425 5914 llom.
1469 5871 1549 5925 ιιι,
1592 5856 1644 5910 8.
1724 5856 1768 5889 ⁸³
1802 5855 1959 5912 Cant.
1996 5869 2047 5923 ν,
2112 5852 2164 5908 l.
