4068 6542
248 446 358 503 54!

1146 451 1700 511 COMMENTARIUS
1736 453 1803 509 IN
1837 453 2103 514 JOELEM
2141 455 2587 515 PROPHETAM.

3417 456 3522 512 διε

248 570 478 623 νεικοῦν
515 570 608 624 καὶ
654 572 981 643 ἁμιλλᾶσθαι
1014 573 1335 640 σπουδάζον,
1371 576 1448 638 ὼς
1483 578 1834 650 ίσοστάθμους

1940 583 2247 648 contendat,
2284 593 2339 639 et
2388 594 2602 639 certare
2634 584 2893 646 studeat,
2938 593 2998 637 ut
3026 581 3239 639 dolores
3285 575 3519 648 peccatis

243 662 371 724 τοῖς
419 663 832 734 ἡμαρτημένοις
885 664 1159 718 ποιεῖσθαι
1205 667 1334 730 τοὺς
1373 668 1588 733 πόνους.
1611 670 1836 725 Φιλεῖδέ

246 767 379 815 πως
416 752 721 824 ἁρτίγαμος
749 755 884 827 κόρη
915 755 1276 826 κατοιμώζειν
1300 759 1439 828 ἄγαν
1458 762 1537 825 είς
1566 762 1837 816 τεθνεῶτα

245 843 491 913 νυμφίον
518 886 531 909 ,
576 846 671 898 καὶ
713 844 966 917 δριμείας
1027 847 1366 918 εἰσδέχεσθαι
1433 850 1534 914 τὰς
1577 852 1669 905 ἐπὶ
1700 851 1835 923 τῷδε

246 931 456 999 λύπας,
492 933 568 997 ὡς
596 932 882 999 νουθεσίας
928 934 1188 990 ἐπέκεινα
1226 937 1468 993 τίθεσθαι
1506 939 1604 1011 τὴν
1642 940 1834 1011 φρένα,

247 1026 353 1079 καὶ
390 1027 593 1097 μηδένα
615 1027 817 1098 τρόπον
840 1028 979 1100 αὑτῇ
1006 1029 1101 1083 τοῦ
1126 1030 1322 1102 χρῆναι
1358 1031 1575 1085 πενθεῖν
1601 1033 1839 1098 ἐπαξίως

248 1118 587 1188 ἀποχρῶντα
621 1115 761 1174 εἶναι
796 1120 973 1174 δοκεῖν
998 1138 1011 1152 ·
1046 1122 1233 1193 χρῆμα
1260 1121 1368 1195 γάρ
1401 1124 1461 1176 τὸ
1488 1123 1716 1193 θηλειῶν
1745 1144 1836 1195 φι-

245 1206 492 1280 λοδακρυ
525 1211 618 1263 καὶ
648 1210 969 1279 φιλοπενθὲς
1015 1213 1477 1285 ὁμολογουμένως,
1519 1216 1750 1286 μάλιστα
1781 1219 1839 1272 δὲ

245 1300 364 1351 τῶν
401 1300 577 1354 ἄλλων
606 1302 638 1372 ἡ
675 1302 1001 1374 παρθενικόν
1028 1322 1087 1358 τε
1118 1306 1215 1358 καὶ
1255 1305 1457 1377 ἔφηϐον
1488 1309 1670 1379 ὁρῶσα
1700 1327 1836 1381 νυμ-

251 1389 380 1461 φίον
408 1391 639 1465 οἰκτρῶς
664 1394 722 1445 ἐν
755 1394 939 1458 εὐναῖς
970 1395 1163 1466 νεκρόν
1195 1414 1255 1449 τε
1294 1398 1387 1451 καί⁵
1416 1398 1619 1453 ἄπνουν
1649 1400 1838 1472 κείμε-

247 1497 365 1533 νον.
409 1474 488 1552 ’ῌ
534 1482 597 1552 δὴ
650 1482 1080 1553 παρεικάζεσθαι
1126 1484 1235 1538 δεῖν
1266 1486 1367 1557 τὴν
1414 1487 1522 1541 τῶν
1569 1489 1837 1545 Ἰουδαίων

250 1572 467 1644 πληθὺν
488 1572 547 1628 εὖ
577 1574 720 1644 μάλα
747 1576 930 1645 φησὶν,
954 1574 1358 1648 ἀποκρούεσθαί
1374 1597 1433 1635 τε
1462 1580 1532 1634 τὰ
1560 1581 1617 1648 ἐξ
1644 1582 1834 1654 ὀργῆς,

250 1666 349 1717 καὶ
372 1659 486 1719 οἷον
514 1665 741 1736 ἄσχετον
770 1667 857 1719 ἐπ’
885 1668 1084 1732 αὐτοὺς
1114 1668 1300 1726 ἰοῦσαν
1338 1673 1452 1736 τοῖς
1495 1671 1710 1745 θρήνοις
1737 1676 1837 1746 τὴν

250 1756 410 1810 θείαν
439 1756 653 1827 κίνησιν
681 1757 1030 1825 ἀνακόπτειν,
1058 1760 1467 1833 τεθαρρηκότας
1490 1764 1569 1817 ὅτι
1605 1765 1839 1837 χρηστὸς

251 1850 350 1902 καὶ
393 1850 642 1921 ἐπιεικὴς
673 1852 701 1904 ὁ
749 1850 858 1905 τῶν
896 1851 1034 1905 ὅλων
1082 1853 1202 1906 ἐστὶ
1252 1855 1554 1927 Δεσπότης,
1599 1876 1616 1909 ι
1649 1857 1839 1929 φιλάν-

250 1942 496 2012 θρωπος,
532 1919 625 1997 καλ
657 1943 965 2011 πολυέλεος,
1002 1945 1096 2000 καὶ
1140 1947 1418 2019 μετανοῶν
1463 1919 1554 2003 ἐπὶ
1592 1919 1711 2014 ταῖς
1746 1968 1835 2004 κα·
1872 1919 1914 1976 Β

249 2031 457 2099 κίαις,ι
491 2032 632 2086 κατὰ
665 2033 725 2087 τὸ
759 2034 952 2104 γένος.

322 2206 475 2295 Πλὴν
516 2207 577 2262 οὐ
626 2209 968 2282 τεθρήνηκεν
1014 2215 1053 2282 ἡ
1085 2214 1193 2270 τῶν
1228 2215 1498 2271 Ἰουδαίων
1537 2219 1834 2295 Συναγωγή

247 2292 344 2346 τὸν
375 2293 438 2358 ἐξ
478 2296 707 2383 οῦρανοῦ
750 2299 1005 2369 νυμφίον,
1040 2301 1186 2355 τοῦτ’
1217 2302 1336 2358 ἔστι
1380 2306 1635 2377 Χριστόν.
1683 2292 1834 2383 Αὕτη

247 2384 320 2453 τά
329 2402 362 2455 ρ
383 2381 691 2453 ἀπέκτεινε,
717 2392 811 2442 καῖ
833 2392 1229 2465 πεπαριξξνηκεν
1250 2399 1328 2459 είς
1350 2398 1531 2455 αὐτόν.
1546 2381 1833 2474 Τοιγάρτοι

246 2477 361 2530 τῶν
392 2478 553 2533 θείων
592 2480 838 2554 εἴργεται
883 2484 1123 2549 παστῶν,
1150 2484 1254 2551 ἔξω
1287 2505 1346 2540 τε
1374 2491 1483 2543 τῶν
1527 2493 1687 2564 ίερῶν
1719 2496 1833 2549 ἐστι

246 2568 465 2639 γάμων,
485 2571 579 2624 καὶ
609 2571 710 2641 τῆς
736 2574 933 2645 ἑορτῆς
966 2577 1235 2648 ἀμέτοχος
1263 2582 1566 2650 παντελῶς,
1593 2585 1833 2660 ἀπόκληέ

251 2662 342 2731 pi;
366 2678 425 2714 τε
461 2665 555 2717 καὶ
580 2665 966 2739 ἀπερριμμένη
1004 2668 1219 2737 λοιπὸν,
1254 2674 1348 2728 καὶ
1380 2674 1480 2745 τῆς
1525 2677 1634 2732 τῶν
1661 2679 1832 2750 ἁγίων

248 2754 466 2818 ἐλπίδος
490 2756 566 2818 ὡς
602 2757 880 2815 ἁποτάτω.
912 2761 1275 2835 Είσκέκληται
1315 2768 1371 2821 δὲ
1400 2769 1514 2822 ἀντ’
1552 2772 1767 2844 ἐκείνης
1795 2776 1828 2847 ή

248 2847 345 2900 νέα
383 2848 479 2901 καὶ
521 2848 872 2921 ἀρυτίδωτος,
904 2854 937 2923 ἡ
988 2853 1280 2924 πάναγνος,
1318 2859 1413 2911 καὶ
1446 2860 1605 2934 σοφὴ,
1645 2864 1739 2917 καὶ
1768 2865 1832 2919 ἐκ

245 2940 485 2994 Λιϐάνου
516 2942 724 3014 νύμφη,
758 2945 897 3016 καλή
930 2963 989 2998 τε
1024 2950 1339 3021 περιστερά,
1373 2954 1673 3019 τουτέστιν,
1708 2959 1739 3027 ἡ
1773 2958 1831 3026 ἐξ

247 3032 421 3088 ἐθνῶν
457 3035 778 3105 Ἐκκλησία,
813 3038 848 3105 ἡ
891 3039 985 3113 καὶ.
1018 3039 1150 3092 αὐτὸ
1192 3040 1255 3093 τὸ
1297 3041 1469 3106 πάθος
1497 3044 1833 3115 ὁμολογοῦσα

246 3124 512 3195 Χριστοῦ,
544 3131 825 3200 μονονουχὶ
849 3130 906 3183 δὲ
944 3130 1036 3185 καὶ
1065 3133 1152 3186 ἐπ’
1182 3133 1331 3204 αὐτῷ
1364 3135 1625 3191 κλαίουσα
1658 3139 1745 3193 διὰ
1773 3141 1833 3195 τὸ

247 3217 594 3289 συμπάσχειν
625 3221 717 3274 καὶ
747 3222 985 3291 πενθεῖν,
1010 3224 1187 3295 αἴρειν
1216 3244 1276 3282 τε
1300 3226 1392 3281 τὸν
1422 3227 1552 3282 ίδιον
1593 3233 1828 3304 σταυρὸν

246 3313 343 3366 κού⁸
363 3313 681 3369 ἀκολουθεῖν
709 3317 881 3389 αὐτῷ,
915 3318 1009 3372 καὶ
1051 3319 1140 3374 διὰ
1176 3319 1286 3376 τῶν
1316 3321 1447 3378 ῐσων
1488 3324 1625 3380 ίέναι
1656 3327 1829 3396 φιλεῖν

243 3404 336 3459 διά
357 3423 443 3458 τοι
473 3406 571 3477 τὴν
604 3409 684 3473 είς
711 3409 873 3465 αὑτὸν
904 3412 1148 3484 ἀγάπην,
1178 3415 1515 3488 Παρθενικὸς
1547 3419 1604 3472 δὲ
1632 3421 1661 3473 ὁ
1692 3439 1831 3493 νυμ-

246 3495 370 3565 φίος
403 3499 559 3551 νοοῖτ’
590 3499 656 3553 ἂν
684 3502 853 3573 αὐτῆς
885 3502 913 3556 ὁ
948 3504 1295 3579 Ἑμμανουὴλ
1322 3510 1540 3579 (καίτοι
1568 3511 1832 3586 δοκούσης

246 3588 666 3658 μεμοιχεῦσθαι,
690 3594 784 3649 καὶ
803 3593 882 3664 τῷ
901 3595 1117 3667 Σατανᾷ
1134 3601 1582 3674 πεπορνευμένης
1608 3606 1749 3661 κατά
1765 3623 1831 3675 γε

243 3676 340 3729 τὸν
368 3678 463 3732 τοῦ
503 3681 809 3741 πλανᾶσθαι
832 3686 1076 3759 τρόπον),
1108 3689 1199 3744 διὰ
1227 3690 1325 3767 τὴν
1352 3693 1560 3750 ἄνωθεν
1595 3697 1828 3766 ἀναγέν-

246 3785 429 3837 νησιν,
465 3772 532 3842 ἢν
564 3772 653 3827 διὰ
681 3774 773 3830 τοῦ
822 3777 1140 3849 Πνεῦματος
1187 3782 1683 3857 πεπλουτήκαμεν,
1731 3788 1831 3860 τὴν

246 3858 520 3931 σαρκικὴν
544 3862 891 3934 ἀρνούμενοι.
914 3866 1231 3937 Γέγραπται
1251 3872 1359 3942 γάρ
1395 3874 1523 3944 περ)⁹
1548 3858 1826 3947 Χριστοῦῖ

250 3967 270 3998 σ
297 3948 391 4014 Εἰς
425 3951 492 4005 τὰ
523 3953 628 4008 ῐδια
648 3950 803 4026 ἦλθε,
837 3958 934 4015 καὶ
963 3960 1012 4013 oi
1042 3960 1165 4016 ίδιοι
1200 3964 1364 4019 αὑτὸν
1392 3965 1454 4018 οὐ
1500 3967 1827 4038 παρέλαϐον.

243 4038 408 4094 Ὅσοι
436 4042 494 4096 δὲ
521 4043 712 4100 ἔλαϐον
744 4048 927 4116 αὑτὸν,
958 4068 977 4102 ι
1009 4052 1103 4106 καὶ
1134 4053 1201 4107 τὰ
1227 4053 1377 4127 ἑξῆς.

329 4222 617 4293 Ἐξῇρται
654 4226 836 4282 θυσία
866 4228 966 4283 καὶ
1000 4231 1239 4301 σπονδὴ
1271 4232 1342 4298 ἐξ
1375 4233 1548 4289 οἴκου
1586 4236 1827 4305 Κυρίου.

243 4315 545 4381 Πενθεῑτε,
575 4319 628 4371 οἱ
652 4320 1144 4390 λειτουργοῦντες
1160 4326 1567 4398 θυσιαστηρίῳ
1587 4330 1827 4398 Κυρίου,

243 4404 335 4457 ὅτι
376 4408 855 4477 τεταλαιπώρηκε
882 4412 954 4467 τὰ
996 4414 1190 4467 πεδία.
1220 4417 1513 4471 Πενθείτω
1537 4419 1576 4486 ἠ
1606 4418 1711 4489 γῆ,
1743 4420 1833 4475 ὅτι

242 4498 738 4567 τεταλαιπὼρηκε
774 4502 965 4570 σῖτος,
1002 4503 1303 4576 ἐξηράνθη
1348 4504 1534 4574 οἶνος,
1566 4509 1831 4582 ὠλιγώθη

238 4590 473 4643 ἔλαιον.
515 4592 998 4665 Ἐξηρὰνθησαν.

316 4683 401 4734 H'.
436 4683 662 4753 Ὅμοιον
686 4687 762 4750 ὼς
793 4688 843 4739 εἰ
872 4687 1021 4756 λέγοι
1056 4690 1243 4759 σαφῶς
1262 4708 1275 4722 ·
1313 4692 1723 4748 Ἐκλελοίπασιν
1746 4696 1835 4748 εὑ-

242 4772 551 4843 χαριστίαι,
586 4776 677 4827 καὶ
706 4778 732 4828 ὁ
757 4776 934 4831 θύσων
956 4779 1035 4833 ἔτι
1070 4781 1349 4846 παντελῶς
1378 4783 1573 4848 οὐδεὶς,
1598 4787 1626 4838 ὁ
1660 4803 1832 4856 προσ-

1943 674 2247 729 commissis
2297 674 2652 745 proportione
2692 672 3079 743 respondeant.
3133 669 3284 726 Solet
3336 677 3517 721 autem

1938 763 2111 835 puella
2142 780 2279 820 nova
2310 774 2472 833 nupta
2499 764 2756 834 majorem
2790 763 2843 818 in
2868 763 3083 817 modum
3134 759 3338 827 eiulare
3383 770 3509 823 pro-

1939 861 2058 919 pter
2095 860 2361 905 mortuum
2386 866 2642 922 sponsum
2675 865 2855 914 suum,
2884 858 2939 905 et
2975 847 3093 917 ejus
3118 862 3280 902 causa
3319 844 3518 898 acerbo

1939 937 1992 992 in
2024 952 2259 995 mmrore
2301 940 2530 1006 versari,
2590 950 2647 996 ut
2694 941 2909 995 animus
2936 953 3149 993 omnem
3195 936 3515 990 medicinam

1940 1040 2179 1099 respuat,
2220 1046 2321 1086 nec
2349 1033 2488 1089 ullus
2515 1033 2563 1090 ei
2600 1032 2779 1088 luctus
2807 1031 2940 1089 satis
2972 1044 3198 1100 magnus
3220 1027 3519 1081 eLidoueus

1938 1120 2204 1177 videatur.
2259 1123 2503 1180 Feminae
2557 1124 2831 1195 siquidem
2884 1121 3154 1193 lacrymas
3210 1126 3265 1172 et
3314 1117 3515 1171 luctum

1937 1221 2120 1267 amant
2166 1215 2532 1275 communiter
2564 1254 2581 1279 ,
2640 1213 2939 1286 praesertim
2995 1227 3116 1285 quae
3167 1209 3515 1278 virgineum,

1939 1318 2057 1367 seu,
2093 1305 2176 1359 cui
2206 1305 2320 1376 ipsa
2356 1305 2713 1377 adhuevirgo
2760 1306 2963 1373 nupsit,
2989 1311 3062 1365 et
3091 1301 3388 1371 ephebum,
3418 1314 3511 1353 seu

1939 1395 2333 1451 adolescentem
2375 1397 2630 1452 maritum
2657 1395 3044 1451 miserabiliter
3091 1393 3146 1448 in
3173 1402 3307 1450 .toro
3361 1406 3510 1445 more:

1941 1498 2090 1544 tuum
2114 1499 2168 1545 et
2203 1489 2509 1547 exanimem
2554 1489 2829 1559 iacentem
2856 1488 3071 1557 aspicit.
3107 1485 3243 1545 Huic
3283 1483 3515 1540 similent

1939 1581 2055 1636 ﬁeri
2081 1581 2388 1638 Judzeorum
2420 1581 2675 1652 populum
2710 1588 2962 1652 oportere
3013 1579 3202 1645 aithet
3244 1578 3321 1631 ita
3366 1591 3517 1631 amo-

1938 1672 2048 1740 liri,
2089 1689 2207 1744 qua:
2234 1674 2426 1730 exira
2474 1673 2686 1730 caelesti
2726 1672 3018 1729 metuenda
3068 1671 3199 1737 sint,
3228 1685 3325 1734 \ac
3374 1668 3517 1726 velut

1940 1764 2301 1822 inevitabilem
2342 1765 2691 1836 ipsorumque
2742 1763 3050 1820 cervicibus
3101 1761 3364 1817 divinitus
3409 1760 3515 1814 im-

1938 1857 2267 1927 pendentem
2291 1858 2549 1928 impetum
2578 1857 2833 1914 lamentis
2886 1854 3201 1925 reprimere,
3248 1851 3510 1918 conlisos,

1942 1949 2067 2020 quia
2106 1948 2347 2006 clemens
2378 1965 2442 2006 ac
2507 1950 2656 2006 milis
2690 1958 2774 2006 est
2816 1948 3194 2004 universorum
3232 1944 3514 2010 Dominus,

1947 2058 1966 2091 ι
1988 2087 1991 2089 .
2014 2039 2306 2112 benignus,
2330 2050 2387 2097 et
2418 2040 2610 2097 multa:
2643 2039 3060 2106 misericordiae,
3090 2048 3162 2098 ,ει
3187 2034 3514 2111 praestabilis

1941 2147 2105 2202 super
2134 2132 2340 2189 malitia
2376 2142 2571 2188 natura
2594 2147 2706 2187 sua
2738 2132 2807 2187 “.
2844 2151 2866 2186 ο

2012 2224 2498 2281 Verumenimvero
2556 2223 2836 2281 nonluxit
2872 2222 3180 2279 Iudaeorum
3230 2219 3514 2292 Synagoga

1940 2329 2199 2384 sponsum
2249 2314 2548 2379 caelestem,
2580 2315 2685 2369 hoc
2733 2320 2818 2369 est
2858 2313 3169 2375 Christum,
3199 2325 3365 2379 quem
3398 2311 3531 2378 ipsa,

1940 2407 2216 2464 interemit
2288 2416 2344 2461 et
2419 2404 2813 2463 contumeliose
2890 2401 3513 2471 habuit..Q_uamobrem

1940 2514 1967 2553 a
1990 2499 2173 2554 divino
2205 2496 2444 2553 thalamo
2472 2506 2745 2563 arcetur,
2779 2504 2833 2552 et
2866 2497 3038 2554 sacris
3082 2494 3286 2565 nuptiis
3325 2490 3515 2547 exclu-

1940 2592 2107 2656 ditur,
2154 2600 2208 2646 et
2245 2589 2365 2645 festi
2393 2604 2586 2659 expers
2609 2596 2665 2643 et
2697 2588 2945 2644 exhaeres
2997 2595 3108 2650 est,
3146 2583 3390 2654 proiecta
3443 2582 3513 2637 de

1938 2693 2155 2750 czetero,
2194 2691 2354 2753 atque
2390 2698 2419 2734 a
2468 2689 2780 2736 sanctorum
2833 2694 2927 2749 spe
2968 2674 3360 2733 remotissima.
3409 2674 3514 2728 Vo-

1937 2785 2056 2829 cata
2079 2784 2161 2830 est
2179 2784 2358 2830 autem
2391 2772 2535 2827 intro
2553 2771 2605 2826 in
2632 2772 2808 2827 locum
2830 2771 2947 2842 ejus
2976 2767 3063 2824 illa
3086 2764 3511 2826 adolescentulo,

1939 2879 2113 2934 nuper
2146 2875 2292 2929 nata,
2336 2862 2425 2917 illa
2457 2860 2790 2927 castissima,
2821 2869 2876 2914 et
2897 2859 3214 2930 sapiens,et
3246 2869 3443 2927 sponsa
3479 2869 3510 2908 a

1939 2954 2168 3018 Libano,
2203 2954 2471 3020 columba,
2511 2953 2760 3023 pulchra,
2787 2966 2980 3022 nempe
3012 2948 3251 3005 Ecclesia
3277 2961 3344 3001 ex
3374 2960 3510 3017 gens

1941 3049 2105 3111 tibus,
2136 3062 2254 3117 qua:
2291 3051 2462 3117 ipsam
2502 3044 2702 3101 Christi
2757 3043 3067 3113 passionem
3105 3040 3421 3125 conﬁtetur,
3458 3047 3516 3092 ct

1941 3149 2147 3193 tantum
2182 3153 2286 3192 non
2325 3137 2592 3204 deplorat,
2628 3134 2753 3203 quia
2780 3133 3128 3203 compatitur,
3169 3139 3224 3185 et
3259 3128 3424 3196 luget,
3457 3135 3513 3182 et

1940 3227 2076 3281 tollit
2114 3242 2331 3282 crucem
2360 3240 2536 3289 suam,
2583 3232 2641 3279 et
2671 3223 2851 3292 ipsum
2900 3221 3171 3289 sequitur,
3217 3226 3275 3274 et
3316 3216 3507 3272 iisdem

1936 3319 2187 3373 incedere
2236 3317 2479 3385 vestigiis
2523 3314 2869 3380 delectatur,
2916 3319 3136 3381 propter
3186 3308 3509 3364 charitatem

1932 3425 2037 3478 qua
2077 3409 2128 3461 in
2175 3407 2327 3461 illum
2377 3415 2483 3461 est.
2537 3403 2824 3468 Virgineus
2873 3408 3055 3456 autem
3106 3411 3340 3468 sponsus
3393 3396 3511 3467 ejus

1938 3497 2164 3568 intelligi
2191 3504 2370 3567 potest
2409 3493 2726 3549 Ernmanuel
2764 3492 2913 3564 (licet
2967 3489 3235 3546 adulterio
3281 3486 3506 3559 polluta,

1932 3599 1986 3646 et
2021 3605 2141 3646 cum
2170 3588 2369 3644 Satana
2410 3585 2677 3642 fornicata
2730 3582 3024 3641 secundum
3052 3580 3319 3635 rationem
3356 3592 3507 3635 erro:

1935 3681 2011 3738 ris
2037 3681 2118 3737 sui
2147 3681 2442 3748 videatur),
2473 3686 2696 3747 propter
2720 3688 3011 3745 supernam
3043 3670 3508 3743 regenerationem

1932 3793 2038 3848 qua
2068 3792 2164 3848 per
2202 3774 2467 3846 Spiritum
2495 3772 2650 3828 ditati
2703 3783 2920 3833 sumus,
2967 3766 3241 3824 carnalem
3268 3777 3502 3831 genera.—

1936 3872 2134 3926 tionem
2168 3868 2523 3937 abnegantes.
2558 3861 2837 3931 Scriptum
2866 3859 3122 3919 estenim
3153 3858 3220 3913 de
3250 3855 3468 3913 Christo
3493 3874 3506 3909 :

1937 3960 2054 4024 ¢.ln
2118 3959 2338 4030 pr0pria
2391 3958 2582 4024 venit,
2612 3967 2667 4011 et
2695 3955 2779 4010 sui
2830 3968 2954 4011 eum
3006 3966 3114 4008 non
3165 3955 3508 4019 receperunt.

1932 4052 2205 4122 Quotquot
2240 4058 2417 4105 autem
2438 4061 2572 4104 .eum
2591 4052 2932 4116 receperunt
2977 4043 3044 4109 ⁸³,
3088 4059 3107 4095 ι
3157 4049 3212 4098 ει
3246 4054 3367 4112 qua:
3424 4053 3511 4097 se:

1933 4154 2196 4215 qmmtur.

2003 4235 2194 4304 206,
2221 4233 2385 4289 Vens.
2421 4233 2618 4298 9,10.
2670 4230 3046 4285 Ablatumeet
3092 4227 3414 4295 sacriﬁcium
3459 4235 3507 4280 ιι

1933 4326 2117 4379 libatio
2141 4324 2390 4381 dedomo
2439 4323 2672 4381 Domini.
2700 4320 2916 4394 Lugete,
2968 4320 3267 4375 sacerdotes
3294 4357 3336 4383 ,ν
3357 4317 3511 4372 mini-

1934 4426 2161 4473 strantes
2198 4416 2357 4470 altari
2385 4416 2618 4482 Domini,
2643 4415 2897 4487 quoniam
2919 4412 3284 4471 desolatisunt
3315 4408 3508 4477 campi.

1936 4508 2133 4580 Lugeat
2162 4517 2329 4570 terra,
2354 4508 2611 4577 quoniam
2636 4506 2909 4576 afﬂictum.
2944 4513 3018 4558 est
3045 4503 3281 4555 triticum
3307 4517 3325 4565 ;
3369 4499 3509 4553 aruit

1862 4618 1907 4673 υ
1938 4599 2113 4653 vinum
2138 4638 2154 4663 ,
2181 4597 2523 4652 imminutum
2551 4606 2625 4653 est
2651 4592 3165 4651 oleum..Aruerunt.

2005 4687 2140 4745 Vill.
2168 4687 2401 4744 Perinde
2448 4702 2511 4741 ac
2537 4687 2579 4741 si
2631 4686 2776 4741 dicat
2802 4684 3050 4757 apertius
3113 4697 3139 4735 ε.
3188 4679 3509 4737 Defecernnt

1930 4778 2229 4850 gratiarum
2279 4778 2633 4844 actiones,,,et
2654 4774 2945 4845 quisacris
2966 4781 3259 4844 Operetur;
3292 4787 3515 4841 prorsus

242 4863 458 4935 κομιῶν
487 4865 766 4940 ἀνάθημα,
806 4872 902 4924 καὶ
942 4871 1111 4944 λη’ίων
1137 4875 1416 4946 ἀπαρχὰς,
1452 4876 1675 4949 δράγμα
1726 4896 1832 4934 που

1937 4884 2089 4925 nemo
2116 4878 2201 4927 est
2229 4870 2492 4941 amplius,
2522 4870 2612 4940 qui
2647 4883 2803 4923 sacra
2833 4867 2973 4922 dona
3003 4864 3199 4920 offerat
3214 4873 3270 4918 et
3302 4863 3511 4934 frugum

241 4956 468 5021 πάντως
490 4957 552 5011 τὸ
581 4958 747 5032 ἱερὸν,
776 4962 858 5025 είς
891 4962 1148 5035 ἀπαρχὴν
1173 4964 1436 5037 θερισμοῦ
1474 4968 1664 5041 πυρῶν
1695 4969 1830 5024 dva-

238 5048 530 5120 τιθέμενον
550 5051 630 5124 τῷ
660 5051 800 5123 Θεῷ,
830 5053 972 5108 κατὰ
997 5055 1090 5109 τὸν
1112 5055 1355 5121 Μωσέως
1390 5058 1574 5129 νόμον.
1610 5058 1830 5132 Πρωτό-

248 5141 381 5197 τοκά
417 5160 481 5196 τε
527 5142 594 5198 τὰ
631 5143 690 5209 ἐξ
718 5144 877 5217 ὡρῶν
913 5146 1089 5211 οὐδεὶς
1124 5147 1152 5200 ὀ
1179 5148 1486 5219 καρτάλλῳ,
1521 5153 1708 5222 φησὶν,
1739 5152 1827 5206 ἐν-

238 5232 436 5298 τιθεὶς,
482 5235 582 5288 καὶ
609 5238 978 5309 πορευόμενος
1015 5239 1095 5302 εἰς
1125 5236 1276 5293 οἶκον
1305 5241 1534 5311 Κυρίου,
1572 5243 1829 5297 ἀνάπτων

1929 4964 2229 5034 primitias,
2274 4965 2611 5033 manipnlmn
2648 5004 2662 5028 ,
2705 4971 2854 5032 puta,
2888 4975 2986 5028 pro
3016 4958 3269 5029 primitiis
3320 4958 3513 5013 messis

1931 5052 2216 5121 frumenti,
2245 5056 2353 5111 Deo
2393 5056 2692 5111 secundum
2735 5052 2904 5124 legem
2951 5049 3151 5122 Moysis
3188 5064 3515 5106 consecran-

1936 5146 2084 5202 dum.
2121 5146 2233 5204 Nec
2263 5156 2346 5204 est
2377 5148 2471 5220 qui
2502 5147 2557 5203 in
2587 5147 2812 5203 cartnllo
2849 5154 3034 5216 ponat,
3061 5144 3263 5213 quique
3310 5142 3512 5211 primo-

1934 5238 2117 5306 genita
2154 5248 2438 5311 segreget,
2488 5248 2543 5295 et
2575 5239 2628 5293 in
2671 5239 2886 5293 domum
2918 5235 3130 5292 Domini
3167 5234 3393 5296 veniat,
3451 5248 3513 5285 ac

236 5320 299 5374 δὲ
325 5320 404 5392 τῷ
431 5322 552 5394 Θεῷ
593 5325 689 5378 καὶ
739 5325 882 5396 ᾠδὰς
920 5327 1022 5391 τὰς
1050 5329 1473 5401 χαριστηρίους,
1501 5331 1568 5395 ἃς
1609 5328 1676 5404 ἦν
1699 5334 1834 5403 ἀγο-

1937 5322 2030 5380 Deo
2059 5327 2251 5383 laudes
2280 5339 2577 5399 gratesque
2620 5325 2937 5398 persolvat,
2999 5334 3056 5379 ut
3096 5322 3325 5379 solebat.
3378 5322 3504 5376 Ideo

237 5413 427 5482 ρεύειν
455 5414 638 5485 ἔργον.
669 5417 937 5491 Ταύτῃ-τοι
967 5419 1184 5474 πενθεῖν
1210 5422 1271 5475 τὸ
1295 5422 1593 5477 ἀπόλεκτον
1623 5424 1833 5480 κελεύει

236 5504 419 5573 γένος,
452 5507 598 5577 φημὶ
620 5507 685 5580 δὴ
716 5509 842 5573 τοὺς
876 5511 1079 5582 ἱερέας,
1112 5513 1174 5566 οὐ
1198 5513 1503 5585 λημμάτων
1532 5516 1693 5570 ἕνεκα
1720 5517 1835 5571 δια-

236 5595 640 5667 πονουμένους,
672 5599 789 5652 ἀλλ’
822 5599 897 5664 ὡς
932 5600 1041 5654 τῶν
1080 5602 1186 5656 ὑπὸ
1218 5606 1374 5675 χεῖρα
1404 5602 1551 5657 λαῶν
1598 5604 1835 5677 ὑπερηλ-

231 5684 505 5757 γηκότας,
538 5688 633 5740 καὶ
672 5686 1023 5759 τεθειμένους
1066 5692 1145 5754 εἰς
1182 5690 1525 5765 λειτουργίαν
1549 5694 1648 5767 τὴν
1681 5697 1833 5769 ἱεράν

316 5859 361 5892 ⁸³
409 5859 527 5917 .loel
587 5878 645 5929 tr,
698 5863 779 5919 ιε.
859 5864 902 5897 ⁸⁸
961 5862 1115 5921 Joau.
1143 5866 1317 5939 1,)“,
1374 5868 1461 5924 12.

1933 5419 2119 5491 Ingere
2153 5421 2308 5490 jubet
2350 5420 2585 5476 electum
2627 5434 2839 5490 genus,
2889 5416 3199 5474 sacerdotes
3252 5413 3459 5469 scilicet
3495 5430 3512 5477 ;

1932 5526 2039 5564 non
2072 5521 2130 5564 ut
2176 5510 2268 5580 qui
2311 5509 2629 5581 compendia
2681 5523 2779 5564 sua
2838 5505 3218 5579 perdiderint,
3269 5516 3500 5569 quorum

1933 5618 2100 5660 causa
2131 5602 2455 5670 laborarint,
2486 5602 2580 5659 sed
2635 5599 2825 5657 crediti
2853 5598 3037 5670 populi
3071 5597 3244 5651 vicem
3286 5592 3511 5649 nimium

1933 5703 2193 5765 quantum
2246 5691 2527 5763 dolentes,
2555 5698 2617 5750 et
2654 5690 2937 5765 praefectos
2973 5685 3235 5746 obeunda
3283 5682 3509 5754 titurgiae
