  <div class='ocr_page' id='page_1' title='image "/cluster/home/n/w/nwhite01/storage/ocr_20150623/71/hvd.32044019207885/193.png"; bbox 0 0 4068 6610; ppageno 0'>
   <div class='ocr_carea' id='block_1_1' title="bbox 558 442 663 498">
    <p class='ocr_par' dir='ltr' id='par_1_1' title="bbox 558 442 663 498">
     <span class='ocr_line' id='line_1_1' title="bbox 558 442 663 498; baseline -0.057 1"><span class='ocrx_word' id='word_1_1' title='bbox 558 442 663 498; x_wconf 71' lang='grc'><strong>565</strong></span> 
     </span>
    </p>
   </div>
   <div class='ocr_carea' id='block_1_2' title="bbox 1545 437 2773 495">
    <p class='ocr_par' dir='ltr' id='par_1_2' title="bbox 1545 437 2773 495">
     <span class='ocr_line' id='line_1_2' title="bbox 1545 437 2773 495; baseline 0.002 -2"><span class='ocrx_word' id='word_1_2' title='bbox 1545 437 1601 493; x_wconf 89' lang='lat' dir='ltr'><strong>S.</strong></span> <span class='ocrx_word' id='word_1_3' title='bbox 1644 438 1911 495; x_wconf 71' lang='lat' dir='ltr'><strong>CYRIIJJ</strong></span> <span class='ocrx_word' id='word_1_4' title='bbox 1950 437 2418 495; x_wconf 77' lang='lat' dir='ltr'><strong>ALEXANDRINI</strong></span> <span class='ocrx_word' id='word_1_5' title='bbox 2455 440 2773 495; x_wconf 77' lang='lat' dir='ltr'><strong>ARCHIEP.</strong></span> 
     </span>
    </p>
   </div>
   <div class='ocr_carea' id='block_1_3' title="bbox 3698 446 3815 501">
    <p class='ocr_par' dir='ltr' id='par_1_3' title="bbox 3698 446 3815 501">
     <span class='ocr_line' id='line_1_3' title="bbox 3698 446 3815 501; baseline -0.017 0"><span class='ocrx_word' id='word_1_6' title='bbox 3698 446 3815 501; x_wconf 70' lang='lat'><strong>5“</strong></span> 
     </span>
    </p>
   </div>
   <div class='ocr_carea' id='block_1_4' title="bbox 558 548 2128 626">
    <p class='ocr_par' dir='ltr' id='par_1_4' title="bbox 558 548 2122 624">
     <span class='ocr_line' id='line_1_4' title="bbox 558 548 2122 624; baseline 0 -17"><span class='ocrx_word' id='word_1_7' title='bbox 558 566 749 613; x_wconf 69' lang='lat' dir='ltr'><strong>sacrm,</strong></span> <span class='ocrx_word' id='word_1_8' title='bbox 802 558 857 603; x_wconf 92' lang='lat' dir='ltr'><strong>et</strong></span> <span class='ocrx_word' id='word_1_9' title='bbox 881 548 1229 615; x_wconf 65' lang='lat' dir='ltr'><strong>admirandae,</strong></span> <span class='ocrx_word' id='word_1_10' title='bbox 1263 559 1319 603; x_wconf 92' lang='lat' dir='ltr'><strong>ut</strong></span> <span class='ocrx_word' id='word_1_11' title='bbox 1371 558 1426 605; x_wconf 91' lang='lat' dir='ltr'><strong>et</strong></span> <span class='ocrx_word' id='word_1_12' title='bbox 1474 567 1585 619; x_wconf 73' lang='lat' dir='ltr'><strong>pra:</strong></span> <span class='ocrx_word' id='word_1_13' title='bbox 1632 553 1754 607; x_wconf 85' lang='lat' dir='ltr'><strong>aliis</strong></span> <span class='ocrx_word' id='word_1_14' title='bbox 1811 554 1911 624; x_wconf 88' lang='lat' dir='ltr'><strong>ipsi</strong></span> <span class='ocrx_word' id='word_1_15' title='bbox 1955 554 2122 607; x_wconf 79' lang='lat' dir='ltr'><strong>Deum</strong></span> 
     </span>
    </p>
   </div>
   <div class='ocr_carea' id='block_1_5' title="bbox 2232 548 3817 626">
    <p class='ocr_par' dir='ltr' id='par_1_5' title="bbox 2232 553 3817 626">
     <span class='ocr_line' id='line_1_5' title="bbox 2232 553 3817 626; baseline 0.002 -19"><span class='ocrx_word' id='word_1_16' title='bbox 2232 554 2408 621; x_wconf 71' lang='grc' dir='ltr'>τεῖκαὶ</span> <span class='ocrx_word' id='word_1_17' title='bbox 2442 553 2789 623; x_wconf 87' lang='grc' dir='ltr'>ἀξιάγαστον,</span> <span class='ocrx_word' id='word_1_18' title='bbox 2826 556 2911 609; x_wconf 85' lang='grc' dir='ltr'><strong>ἴνα</strong></span> <span class='ocrx_word' id='word_1_19' title='bbox 2942 556 3033 609; x_wconf 77' lang='grc' dir='ltr'><strong>καὶ</strong></span> <span class='ocrx_word' id='word_1_20' title='bbox 3069 555 3173 626; x_wconf 84' lang='grc' dir='ltr'>πρό</span> <span class='ocrx_word' id='word_1_21' title='bbox 3198 574 3258 623; x_wconf 86' lang='grc' dir='ltr'><strong>γε</strong></span> <span class='ocrx_word' id='word_1_22' title='bbox 3292 556 3399 609; x_wconf 87' lang='grc' dir='ltr'><strong>τῶν</strong></span> <span class='ocrx_word' id='word_1_23' title='bbox 3430 556 3604 610; x_wconf 77' lang='grc' dir='ltr'>ἄλλων</span> <span class='ocrx_word' id='word_1_24' title='bbox 3652 558 3817 611; x_wconf 68' lang='grc' dir='ltr'>αὐτοὶ</span> 
     </span>
    </p>
   </div>
   <div class='ocr_carea' id='block_1_6' title="bbox 558 642 2122 716">
    <p class='ocr_par' dir='ltr' id='par_1_6' title="bbox 558 642 2122 716">
     <span class='ocr_line' id='line_1_6' title="bbox 558 642 2122 716; baseline -0.001 -17"><span class='ocrx_word' id='word_1_25' title='bbox 558 642 926 704; x_wconf 81' lang='lat' dir='ltr'><strong>reconcilient,</strong></span> <span class='ocrx_word' id='word_1_26' title='bbox 958 642 1239 709; x_wconf 91' lang='lat' dir='ltr'><strong>ipsumque</strong></span> <span class='ocrx_word' id='word_1_27' title='bbox 1271 654 1547 696; x_wconf 91' lang='lat' dir='ltr'><strong>sacrorum</strong></span> <span class='ocrx_word' id='word_1_28' title='bbox 1575 644 1875 701; x_wconf 77' lang='lat' dir='ltr'><strong>antistitem</strong></span> <span class='ocrx_word' id='word_1_29' title='bbox 1902 644 2122 716; x_wconf 84' lang='lat' dir='ltr'><strong>Moysen</strong></span> 
     </span>
    </p>
   </div>
   <div class='ocr_carea' id='block_1_7' title="bbox 555 732 2121 803">
    <p class='ocr_par' dir='ltr' id='par_1_7' title="bbox 555 732 2121 803">
     <span class='ocr_line' id='line_1_7' title="bbox 555 732 2121 803; baseline -0.001 -12"><span class='ocrx_word' id='word_1_30' title='bbox 555 734 836 791; x_wconf 82' lang='lat' dir='ltr'><strong>imitentur</strong></span> <span class='ocrx_word' id='word_1_31' title='bbox 868 774 883 798; x_wconf 93' lang='lat'><strong>,</strong></span> <span class='ocrx_word' id='word_1_32' title='bbox 918 732 1007 803; x_wconf 91' lang='lat' dir='ltr'><strong>qui</strong></span> <span class='ocrx_word' id='word_1_33' title='bbox 1044 732 1299 787; x_wconf 89' lang='lat' dir='ltr'><strong>lsraelem</strong></span> <span class='ocrx_word' id='word_1_34' title='bbox 1340 733 1499 799; x_wconf 77' lang='lat' dir='ltr'><strong>rexit,</strong></span> <span class='ocrx_word' id='word_1_35' title='bbox 1544 744 1597 789; x_wconf 89' lang='lat' dir='ltr'><strong>et</strong></span> <span class='ocrx_word' id='word_1_36' title='bbox 1624 735 1760 790; x_wconf 81' lang='lat' dir='ltr'><strong>dixit</strong></span> <span class='ocrx_word' id='word_1_37' title='bbox 1798 754 1812 791; x_wconf 87' lang='lat'><strong>:</strong></span> <span class='ocrx_word' id='word_1_38' title='bbox 1863 753 1884 787; x_wconf 76' lang='grc' dir='ltr'><strong>ι</strong></span> <span class='ocrx_word' id='word_1_39' title='bbox 1942 735 2121 791; x_wconf 88' lang='lat' dir='ltr'><strong>Obse-</strong></span> 
     </span>
    </p>
   </div>
   <div class='ocr_carea' id='block_1_8' title="bbox 557 824 2128 897">
    <p class='ocr_par' dir='ltr' id='par_1_8' title="bbox 557 824 2128 897">
     <span class='ocr_line' id='line_1_8' title="bbox 557 824 2128 897; baseline 0 -18"><span class='ocrx_word' id='word_1_40' title='bbox 557 840 673 890; x_wconf 89' lang='lat' dir='ltr'><strong>cro,</strong></span> <span class='ocrx_word' id='word_1_41' title='bbox 703 825 946 888; x_wconf 86' lang='lat' dir='ltr'><strong>Domine,</strong></span> <span class='ocrx_word' id='word_1_42' title='bbox 981 824 1220 894; x_wconf 80' lang='lat' dir='ltr'><strong>peccavit</strong></span> <span class='ocrx_word' id='word_1_43' title='bbox 1248 824 1333 880; x_wconf 89' lang='lat' dir='ltr'><strong>hic</strong></span> <span class='ocrx_word' id='word_1_44' title='bbox 1359 825 1587 896; x_wconf 88' lang='lat' dir='ltr'><strong>populus</strong></span> <span class='ocrx_word' id='word_1_45' title='bbox 1618 836 1899 897; x_wconf 89' lang='lat' dir='ltr'><strong>peceatum</strong></span> <span class='ocrx_word' id='word_1_46' title='bbox 1953 827 2128 881; x_wconf 84' lang='lat' dir='ltr'><strong>maxi-</strong></span> 
     </span>
    </p>
   </div>
   <div class='ocr_carea' id='block_1_9' title="bbox 557 914 2123 987">
    <p class='ocr_par' dir='ltr' id='par_1_9' title="bbox 557 914 2123 987">
     <span class='ocr_line' id='line_1_9' title="bbox 557 914 2123 987; baseline 0.001 -18"><span class='ocrx_word' id='word_1_47' title='bbox 557 932 752 983; x_wconf 88' lang='lat' dir='ltr'><strong>mum;</strong></span> <span class='ocrx_word' id='word_1_48' title='bbox 806 924 860 969; x_wconf 91' lang='lat' dir='ltr'><strong>et</strong></span> <span class='ocrx_word' id='word_1_49' title='bbox 890 915 934 970; x_wconf 92' lang='lat' dir='ltr'><strong>si</strong></span> <span class='ocrx_word' id='word_1_50' title='bbox 980 914 1196 984; x_wconf 85' lang='lat' dir='ltr'><strong>quidem</strong></span> <span class='ocrx_word' id='word_1_51' title='bbox 1230 915 1461 971; x_wconf 88' lang='lat' dir='ltr'><strong>dimittis</strong></span> <span class='ocrx_word' id='word_1_52' title='bbox 1514 916 1623 972; x_wconf 87' lang='lat' dir='ltr'><strong>illis</strong></span> <span class='ocrx_word' id='word_1_53' title='bbox 1675 927 1953 987; x_wconf 89' lang='lat' dir='ltr'><strong>peccatum</strong></span> <span class='ocrx_word' id='word_1_54' title='bbox 1980 957 1997 985; x_wconf 92' lang='lat'><strong>,</strong></span> <span class='ocrx_word' id='word_1_55' title='bbox 2040 918 2123 971; x_wconf 88' lang='lat' dir='ltr'><strong>di-</strong></span> 
     </span>
    </p>
   </div>
   <div class='ocr_carea' id='block_1_10' title="bbox 556 1006 2123 1081">
    <p class='ocr_par' dir='ltr' id='par_1_10' title="bbox 556 1006 2123 1081">
     <span class='ocr_line' id='line_1_10' title="bbox 556 1006 2123 1081; baseline 0.001 -20"><span class='ocrx_word' id='word_1_56' title='bbox 556 1009 750 1073; x_wconf 90' lang='lat' dir='ltr'><strong>mitte;</strong></span> <span class='ocrx_word' id='word_1_57' title='bbox 778 1008 861 1061; x_wconf 90' lang='lat' dir='ltr'><strong>sin</strong></span> <span class='ocrx_word' id='word_1_58' title='bbox 898 1016 1099 1073; x_wconf 89' lang='lat' dir='ltr'><strong>autem,</strong></span> <span class='ocrx_word' id='word_1_59' title='bbox 1129 1006 1245 1062; x_wconf 91' lang='lat' dir='ltr'><strong>dele</strong></span> <span class='ocrx_word' id='word_1_60' title='bbox 1280 1021 1366 1062; x_wconf 90' lang='lat' dir='ltr'><strong>me</strong></span> <span class='ocrx_word' id='word_1_61' title='bbox 1392 1008 1459 1065; x_wconf 87' lang='lat' dir='ltr'><strong>de</strong></span> <span class='ocrx_word' id='word_1_62' title='bbox 1488 1008 1628 1064; x_wconf 90' lang='lat' dir='ltr'><strong>libro</strong></span> <span class='ocrx_word' id='word_1_63' title='bbox 1661 1018 1752 1065; x_wconf 93' lang='lat' dir='ltr'><strong>luo</strong></span> <span class='ocrx_word' id='word_1_64' title='bbox 1787 1025 1947 1081; x_wconf 89' lang='lat' dir='ltr'><strong>quem</strong></span> <span class='ocrx_word' id='word_1_65' title='bbox 1982 1009 2123 1065; x_wconf 90' lang='lat' dir='ltr'><strong>scri-</strong></span> 
     </span>
    </p>
   </div>
   <div class='ocr_carea' id='block_1_11' title="bbox 556 1097 2126 1170">
    <p class='ocr_par' dir='ltr' id='par_1_11' title="bbox 556 1097 2126 1170">
     <span class='ocr_line' id='line_1_11' title="bbox 556 1097 2126 1170; baseline 0.003 -21"><span class='ocrx_word' id='word_1_66' title='bbox 556 1100 711 1166; x_wconf 77' lang='lat' dir='ltr'><strong>psisti</strong></span> <span class='ocrx_word' id='word_1_67' title='bbox 744 1099 812 1152; x_wconf 79' lang='grc'><strong>⁸⁷.</strong></span> <span class='ocrx_word' id='word_1_68' title='bbox 872 1116 893 1151; x_wconf 77' lang='grc' dir='ltr'><strong>ι</strong></span> <span class='ocrx_word' id='word_1_69' title='bbox 945 1097 1243 1169; x_wconf 86' lang='lat' dir='ltr'><strong>interponit</strong></span> <span class='ocrx_word' id='word_1_70' title='bbox 1289 1098 1432 1153; x_wconf 89' lang='lat' dir='ltr'><strong>enim</strong></span> <span class='ocrx_word' id='word_1_71' title='bbox 1468 1113 1526 1155; x_wconf 90' lang='lat' dir='ltr'><strong>se</strong></span> <span class='ocrx_word' id='word_1_72' title='bbox 1558 1099 1936 1170; x_wconf 65' lang='lat' dir='ltr'><strong>sacerdotium</strong></span> <span class='ocrx_word' id='word_1_73' title='bbox 1984 1100 2126 1154; x_wconf 88' lang='lat' dir='ltr'><strong>inter</strong></span> 
     </span>
    </p>
   </div>
   <div class='ocr_carea' id='block_1_12' title="bbox 556 1187 2118 1260">
    <p class='ocr_par' dir='ltr' id='par_1_12' title="bbox 556 1187 2118 1260">
     <span class='ocr_line' id='line_1_12' title="bbox 556 1187 2118 1260; baseline 0.001 -18"><span class='ocrx_word' id='word_1_74' title='bbox 556 1191 725 1244; x_wconf 83' lang='lat' dir='ltr'><strong>Deum</strong></span> <span class='ocrx_word' id='word_1_75' title='bbox 759 1196 813 1241; x_wconf 92' lang='lat' dir='ltr'><strong>et</strong></span> <span class='ocrx_word' id='word_1_76' title='bbox 852 1187 1146 1257; x_wconf 87' lang='lat' dir='ltr'><strong>populum;</strong></span> <span class='ocrx_word' id='word_1_77' title='bbox 1183 1197 1237 1243; x_wconf 91' lang='lat' dir='ltr'><strong>et</strong></span> <span class='ocrx_word' id='word_1_78' title='bbox 1268 1202 1360 1243; x_wconf 87' lang='lat' dir='ltr'><strong>eos</strong></span> <span class='ocrx_word' id='word_1_79' title='bbox 1392 1188 1538 1259; x_wconf 87' lang='lat' dir='ltr'><strong>ipsos</strong></span> <span class='ocrx_word' id='word_1_80' title='bbox 1594 1192 1687 1260; x_wconf 85' lang='lat' dir='ltr'><strong>qui</strong></span> <span class='ocrx_word' id='word_1_81' title='bbox 1734 1189 1801 1243; x_wconf 91' lang='lat' dir='ltr'><strong>ad</strong></span> <span class='ocrx_word' id='word_1_82' title='bbox 1851 1190 2118 1244; x_wconf 82' lang='lat' dir='ltr'><strong>sacrificia</strong></span> 
     </span>
    </p>
   </div>
   <div class='ocr_carea' id='block_1_13' title="bbox 554 1278 2123 1343">
    <p class='ocr_par' dir='ltr' id='par_1_13' title="bbox 554 1278 2123 1343">
     <span class='ocr_line' id='line_1_13' title="bbox 554 1278 2123 1343; baseline 0.001 -10"><span class='ocrx_word' id='word_1_83' title='bbox 554 1280 799 1333; x_wconf 75' lang='lat' dir='ltr'><strong>facienda</strong></span> <span class='ocrx_word' id='word_1_84' title='bbox 827 1278 1059 1332; x_wconf 90' lang='lat' dir='ltr'><strong>instituti</strong></span> <span class='ocrx_word' id='word_1_85' title='bbox 1094 1289 1241 1343; x_wconf 92' lang='lat' dir='ltr'><strong>sunt,</strong></span> <span class='ocrx_word' id='word_1_86' title='bbox 1277 1293 1399 1333; x_wconf 91' lang='lat' dir='ltr'><strong>cum</strong></span> <span class='ocrx_word' id='word_1_87' title='bbox 1437 1280 1510 1336; x_wconf 88' lang='lat' dir='ltr'><strong>sit</strong></span> <span class='ocrx_word' id='word_1_88' title='bbox 1535 1295 1728 1336; x_wconf 90' lang='lat' dir='ltr'><strong>munus</strong></span> <span class='ocrx_word' id='word_1_89' title='bbox 1781 1281 1915 1336; x_wconf 88' lang='lat' dir='ltr'><strong>adeo</strong></span> <span class='ocrx_word' id='word_1_90' title='bbox 1956 1297 2123 1335; x_wconf 86' lang='lat' dir='ltr'><strong>vene—</strong></span> 
     </span>
    </p>
   </div>
   <div class='ocr_carea' id='block_1_14' title="bbox 556 1368 2122 1442">
    <p class='ocr_par' dir='ltr' id='par_1_14' title="bbox 556 1368 2122 1442">
     <span class='ocr_line' id='line_1_14' title="bbox 556 1368 2122 1442; baseline 0.003 -20"><span class='ocrx_word' id='word_1_91' title='bbox 556 1368 753 1432; x_wconf 82' lang='lat' dir='ltr'><strong>rabile,</strong></span> <span class='ocrx_word' id='word_1_92' title='bbox 780 1368 954 1433; x_wconf 86' lang='lat' dir='ltr'><strong>decet,</strong></span> <span class='ocrx_word' id='word_1_93' title='bbox 982 1368 1194 1438; x_wconf 87' lang='lat' dir='ltr'><strong>opinor,</strong></span> <span class='ocrx_word' id='word_1_94' title='bbox 1228 1383 1325 1424; x_wconf 90' lang='lat' dir='ltr'><strong>nee</strong></span> <span class='ocrx_word' id='word_1_95' title='bbox 1354 1370 1551 1439; x_wconf 84' lang='lat' dir='ltr'><strong>injuria</strong></span> <span class='ocrx_word' id='word_1_96' title='bbox 1583 1385 1715 1427; x_wconf 74' lang='lat' dir='ltr'><strong>sane</strong></span> <span class='ocrx_word' id='word_1_97' title='bbox 1735 1410 1752 1438; x_wconf 88' lang='lat'><strong>,</strong></span> <span class='ocrx_word' id='word_1_98' title='bbox 1787 1372 2122 1442; x_wconf 82' lang='lat' dir='ltr'><strong>supplicandi</strong></span> 
     </span>
    </p>
   </div>
   <div class='ocr_carea' id='block_1_15' title="bbox 556 1457 2122 1530">
    <p class='ocr_par' dir='ltr' id='par_1_15' title="bbox 556 1457 2122 1530">
     <span class='ocr_line' id='line_1_15' title="bbox 556 1457 2122 1530; baseline 0.004 -19"><span class='ocrx_word' id='word_1_99' title='bbox 556 1457 797 1512; x_wconf 89' lang='lat' dir='ltr'><strong>libertas.</strong></span> <span class='ocrx_word' id='word_1_100' title='bbox 842 1457 1231 1527; x_wconf 84' lang='lat' dir='ltr'><strong>Propemodum</strong></span> <span class='ocrx_word' id='word_1_101' title='bbox 1280 1460 1422 1514; x_wconf 90' lang='lat' dir='ltr'><strong>enim</strong></span> <span class='ocrx_word' id='word_1_102' title='bbox 1492 1476 1652 1530; x_wconf 86' lang='lat' dir='ltr'><strong>supra</strong></span> <span class='ocrx_word' id='word_1_103' title='bbox 1710 1476 1898 1516; x_wconf 80' lang='lat' dir='ltr'><strong>omnes</strong></span> <span class='ocrx_word' id='word_1_104' title='bbox 1958 1464 2122 1517; x_wconf 86' lang='lat' dir='ltr'><strong>vitam</strong></span> 
     </span>
    </p>
   </div>
   <div class='ocr_carea' id='block_1_16' title="bbox 557 1547 2123 1621">
    <p class='ocr_par' dir='ltr' id='par_1_16' title="bbox 557 1547 2123 1621">
     <span class='ocr_line' id='line_1_16' title="bbox 557 1547 2123 1621; baseline 0.004 -18"><span class='ocrx_word' id='word_1_105' title='bbox 557 1564 709 1603; x_wconf 86' lang='lat' dir='ltr'><strong>suam</strong></span> <span class='ocrx_word' id='word_1_106' title='bbox 746 1547 855 1603; x_wconf 90' lang='lat' dir='ltr'><strong>Deo</strong></span> <span class='ocrx_word' id='word_1_107' title='bbox 880 1558 1223 1616; x_wconf 88' lang='lat' dir='ltr'><strong>consecrant,</strong></span> <span class='ocrx_word' id='word_1_108' title='bbox 1272 1565 1368 1619; x_wconf 89' lang='lat' dir='ltr'><strong>pro</strong></span> <span class='ocrx_word' id='word_1_109' title='bbox 1426 1552 1665 1621; x_wconf 85' lang='lat' dir='ltr'><strong>peccatis</strong></span> <span class='ocrx_word' id='word_1_110' title='bbox 1719 1555 1984 1610; x_wconf 81' lang='lat' dir='ltr'><strong>sacriﬁcia</strong></span> <span class='ocrx_word' id='word_1_111' title='bbox 2028 1572 2123 1611; x_wconf 86' lang='lat' dir='ltr'><strong>eo-</strong></span> 
     </span>
    </p>
   </div>
   <div class='ocr_carea' id='block_1_17' title="bbox 560 1643 2125 1715">
    <p class='ocr_par' dir='ltr' id='par_1_17' title="bbox 560 1643 2125 1715">
     <span class='ocr_line' id='line_1_17' title="bbox 560 1643 2125 1715; baseline 0.002 -17"><span class='ocrx_word' id='word_1_112' title='bbox 560 1646 855 1698; x_wconf 84' lang='lat' dir='ltr'><strong>medentes.</strong></span> <span class='ocrx_word' id='word_1_113' title='bbox 919 1643 1010 1700; x_wconf 90' lang='lat' dir='ltr'><strong>Sic</strong></span> <span class='ocrx_word' id='word_1_114' title='bbox 1069 1645 1211 1699; x_wconf 90' lang='lat' dir='ltr'><strong>enim</strong></span> <span class='ocrx_word' id='word_1_115' title='bbox 1265 1660 1361 1715; x_wconf 90' lang='lat' dir='ltr'><strong>per</strong></span> <span class='ocrx_word' id='word_1_116' title='bbox 1394 1661 1455 1701; x_wconf 93' lang='lat' dir='ltr'><strong>os</strong></span> <span class='ocrx_word' id='word_1_117' title='bbox 1519 1645 1672 1701; x_wconf 74' lang='lat' dir='ltr'><strong>Osca:</strong></span> <span class='ocrx_word' id='word_1_118' title='bbox 1722 1645 1958 1715; x_wconf 83' lang='lat' dir='ltr'><strong>loquitur</strong></span> <span class='ocrx_word' id='word_1_119' title='bbox 2006 1648 2125 1702; x_wconf 89' lang='lat' dir='ltr'><strong>uni-</strong></span> 
     </span>
    </p>
   </div>
   <div class='ocr_carea' id='block_1_18' title="bbox 558 1732 2130 1804">
    <p class='ocr_par' dir='ltr' id='par_1_18' title="bbox 558 1732 2130 1804">
     <span class='ocr_line' id='line_1_18' title="bbox 558 1732 2130 1804; baseline 0.004 -19"><span class='ocrx_word' id='word_1_120' title='bbox 558 1732 834 1786; x_wconf 84' lang='lat' dir='ltr'><strong>versitatis</strong></span> <span class='ocrx_word' id='word_1_121' title='bbox 870 1732 1129 1787; x_wconf 90' lang='lat' dir='ltr'><strong>Dominus</strong></span> <span class='ocrx_word' id='word_1_122' title='bbox 1184 1752 1197 1788; x_wconf 89' lang='lat'>:</span> <span class='ocrx_word' id='word_1_123' title='bbox 1236 1752 1255 1785; x_wconf 85' lang='grc'><strong><em>‹</em></strong></span> <span class='ocrx_word' id='word_1_124' title='bbox 1293 1732 1523 1788; x_wconf 83' lang='lat' dir='ltr'><strong>Peccata</strong></span> <span class='ocrx_word' id='word_1_125' title='bbox 1570 1736 1750 1804; x_wconf 89' lang='lat' dir='ltr'><strong>populi</strong></span> <span class='ocrx_word' id='word_1_126' title='bbox 1809 1737 1911 1790; x_wconf 89' lang='lat' dir='ltr'><strong>mei</strong></span> <span class='ocrx_word' id='word_1_127' title='bbox 1954 1752 2130 1793; x_wconf 86' lang='lat' dir='ltr'><strong>come-</strong></span> 
     </span>
    </p>
   </div>
   <div class='ocr_carea' id='block_1_19' title="bbox 559 1821 2128 1895">
    <p class='ocr_par' dir='ltr' id='par_1_19' title="bbox 559 1821 2128 1895">
     <span class='ocr_line' id='line_1_19' title="bbox 559 1821 2128 1895; baseline 0.003 -19"><span class='ocrx_word' id='word_1_128' title='bbox 559 1822 804 1887; x_wconf 88' lang='lat' dir='ltr'><strong>dent,et</strong></span> <span class='ocrx_word' id='word_1_129' title='bbox 856 1822 909 1876; x_wconf 90' lang='lat' dir='ltr'><strong>in</strong></span> <span class='ocrx_word' id='word_1_130' title='bbox 942 1821 1318 1890; x_wconf 83' lang='lat' dir='ltr'><strong>iniquitatibus</strong></span> <span class='ocrx_word' id='word_1_131' title='bbox 1365 1837 1551 1877; x_wconf 90' lang='lat' dir='ltr'><strong>eorum</strong></span> <span class='ocrx_word' id='word_1_132' title='bbox 1607 1824 1876 1895; x_wconf 88' lang='lat' dir='ltr'><strong>accipient</strong></span> <span class='ocrx_word' id='word_1_133' title='bbox 1916 1828 2128 1881; x_wconf 84' lang='lat' dir='ltr'><strong>animas</strong></span> 
     </span>
    </p>
   </div>
   <div class='ocr_carea' id='block_1_20' title="bbox 2232 640 3815 718">
    <p class='ocr_par' dir='ltr' id='par_1_20' title="bbox 2232 640 3815 718">
     <span class='ocr_line' id='line_1_20' title="bbox 2232 640 3815 718; baseline 0.002 -24"><span class='ocrx_word' id='word_1_134' title='bbox 2232 641 2365 694; x_wconf 86' lang='grc' dir='ltr'>Θεὸν</span> <span class='ocrx_word' id='word_1_135' title='bbox 2408 640 3000 712; x_wconf 52' lang='grc' dir='ltr'><strong>ἐκμειλίσσωπαιμιαλ⁸</strong></span> <span class='ocrx_word' id='word_1_136' title='bbox 3042 644 3207 697; x_wconf 82' lang='grc' dir='ltr'>αὐτὸν</span> <span class='ocrx_word' id='word_1_137' title='bbox 3250 643 3307 697; x_wconf 81' lang='grc' dir='ltr'>δὲ</span> <span class='ocrx_word' id='word_1_138' title='bbox 3340 645 3429 698; x_wconf 84' lang='grc' dir='ltr'><strong>τὸν</strong></span> <span class='ocrx_word' id='word_1_139' title='bbox 3478 646 3815 718; x_wconf 78' lang='grc' dir='ltr'><strong>ἱεροφάντην</strong></span> 
     </span>
    </p>
   </div>
   <div class='ocr_carea' id='block_1_21' title="bbox 2233 733 3816 809">
    <p class='ocr_par' dir='ltr' id='par_1_21' title="bbox 2233 733 3816 809">
     <span class='ocr_line' id='line_1_21' title="bbox 2233 733 3816 809; baseline 0.003 -24"><span class='ocrx_word' id='word_1_140' title='bbox 2233 733 2595 803; x_wconf 82' lang='grc' dir='ltr'>ἀπομιμοϊντο</span> <span class='ocrx_word' id='word_1_141' title='bbox 2629 734 2854 798; x_wconf 87' lang='grc' dir='ltr'>Μωσέα,</span> <span class='ocrx_word' id='word_1_142' title='bbox 2889 736 3269 806; x_wconf 82' lang='grc' dir='ltr'><strong>προεστηκότα</strong></span> <span class='ocrx_word' id='word_1_143' title='bbox 3288 735 3382 788; x_wconf 88' lang='grc' dir='ltr'><strong>τοῦ</strong></span> <span class='ocrx_word' id='word_1_144' title='bbox 3437 736 3678 809; x_wconf 77' lang='grc' dir='ltr'>Ἰσραὴλ,</span> <span class='ocrx_word' id='word_1_145' title='bbox 3714 739 3816 791; x_wconf 72' lang='grc' dir='ltr'><strong>καὶ</strong></span> 
     </span>
    </p>
   </div>
   <div class='ocr_carea' id='block_1_22' title="bbox 2232 823 3817 903">
    <p class='ocr_par' dir='ltr' id='par_1_22' title="bbox 2232 823 3817 903">
     <span class='ocr_line' id='line_1_22' title="bbox 2232 823 3817 903; baseline 0.003 -27"><span class='ocrx_word' id='word_1_146' title='bbox 2232 823 2350 895; x_wconf 87' lang='grc' dir='ltr'><strong>Θεῷ</strong></span> <span class='ocrx_word' id='word_1_147' title='bbox 2375 825 2601 893; x_wconf 84' lang='grc' dir='ltr'>λέγοντα</span> <span class='ocrx_word' id='word_1_148' title='bbox 2628 842 2639 854; x_wconf 88' lang='grc'>·</span> <span class='ocrx_word' id='word_1_149' title='bbox 2690 846 2708 876; x_wconf 76' lang='grc' dir='ltr'><strong>ι</strong></span> <span class='ocrx_word' id='word_1_150' title='bbox 2745 825 2975 896; x_wconf 87' lang='grc' dir='ltr'>Δέομαι,</span> <span class='ocrx_word' id='word_1_151' title='bbox 3008 827 3214 899; x_wconf 79' lang='grc' dir='ltr'>Κύριε,</span> <span class='ocrx_word' id='word_1_152' title='bbox 3245 827 3569 903; x_wconf 79' lang='grc' dir='ltr'><strong>ἡμάρτηκεν</strong></span> <span class='ocrx_word' id='word_1_153' title='bbox 3609 830 3642 881; x_wconf 75' lang='grc' dir='ltr'><strong>ὁ</strong></span> <span class='ocrx_word' id='word_1_154' title='bbox 3681 829 3817 891; x_wconf 76' lang='grc' dir='ltr'>λαὸς</span> 
     </span>
    </p>
   </div>
   <div class='ocr_carea' id='block_1_23' title="bbox 2232 906 3816 985">
    <p class='ocr_par' dir='ltr' id='par_1_23' title="bbox 2232 906 3816 985">
     <span class='ocr_line' id='line_1_23' title="bbox 2232 906 3816 985; baseline -0.001 -19"><span class='ocrx_word' id='word_1_155' title='bbox 2232 906 2385 975; x_wconf 73' lang='grc' dir='ltr'>οὗτος</span> <span class='ocrx_word' id='word_1_156' title='bbox 2434 914 2710 985; x_wconf 82' lang='grc' dir='ltr'><strong>ἁμαρτίαν</strong></span> <span class='ocrx_word' id='word_1_157' title='bbox 2758 914 3022 985; x_wconf 80' lang='grc' dir='ltr'><strong>μεγάλην,</strong></span> <span class='ocrx_word' id='word_1_158' title='bbox 3074 914 3169 967; x_wconf 75' lang='grc' dir='ltr'><strong>καὶ</strong></span> <span class='ocrx_word' id='word_1_159' title='bbox 3218 916 3267 968; x_wconf 90' lang='grc' dir='ltr'><strong>εἰ</strong></span> <span class='ocrx_word' id='word_1_160' title='bbox 3313 915 3411 985; x_wconf 81' lang='grc' dir='ltr'><strong>μὲν</strong></span> <span class='ocrx_word' id='word_1_161' title='bbox 3444 916 3591 985; x_wconf 82' lang='grc' dir='ltr'>ἀφῇς</span> <span class='ocrx_word' id='word_1_162' title='bbox 3623 915 3816 975; x_wconf 74' lang='grc' dir='ltr'>αὐτοῖς</span> 
     </span>
    </p>
   </div>
   <div class='ocr_carea' id='block_1_24' title="bbox 2220 1004 3818 1078">
    <p class='ocr_par' dir='ltr' id='par_1_24' title="bbox 2220 1004 3818 1078">
     <span class='ocr_line' id='line_1_24' title="bbox 2220 1004 3818 1078; baseline 0.001 -23"><span class='ocrx_word' id='word_1_163' title='bbox 2220 1004 2329 1077; x_wconf 81' lang='grc' dir='ltr'><strong>τὴν</strong></span> <span class='ocrx_word' id='word_1_164' title='bbox 2362 1005 2653 1075; x_wconf 83' lang='grc' dir='ltr'>ἁμαρτίαν,</span> <span class='ocrx_word' id='word_1_165' title='bbox 2700 1006 2867 1075; x_wconf 78' lang='grc' dir='ltr'>ἄφες·</span> <span class='ocrx_word' id='word_1_166' title='bbox 2916 1007 2964 1059; x_wconf 85' lang='grc' dir='ltr'><strong>εί</strong></span> <span class='ocrx_word' id='word_1_167' title='bbox 2995 1004 3052 1058; x_wconf 87' lang='grc' dir='ltr'><strong>δέ</strong></span> <span class='ocrx_word' id='word_1_168' title='bbox 3082 1007 3183 1078; x_wconf 78' lang='grc' dir='ltr'><strong>μὴ,</strong></span> <span class='ocrx_word' id='word_1_169' title='bbox 3228 1005 3506 1076; x_wconf 73' lang='grc' dir='ltr'>ἐξάλειψον</span> <span class='ocrx_word' id='word_1_170' title='bbox 3747 1006 3818 1057; x_wconf 77' lang='grc' dir='ltr'><strong>ἐκ</strong></span> 
     </span>
    </p>
   </div>
   <div class='ocr_carea' id='block_1_25' title="bbox 2230 1092 3817 1169">
    <p class='ocr_par' dir='ltr' id='par_1_25' title="bbox 2230 1092 3817 1169">
     <span class='ocr_line' id='line_1_25' title="bbox 2230 1092 3817 1169; baseline -0.006 -12"><span class='ocrx_word' id='word_1_171' title='bbox 2230 1094 2331 1164; x_wconf 85' lang='grc' dir='ltr'>τῆς</span> <span class='ocrx_word' id='word_1_172' title='bbox 2365 1092 2548 1162; x_wconf 74' lang='grc' dir='ltr'>βίδλου</span> <span class='ocrx_word' id='word_1_173' title='bbox 2570 1093 2777 1166; x_wconf 77' lang='grc' dir='ltr'>ταύτης</span> <span class='ocrx_word' id='word_1_174' title='bbox 2802 1092 2870 1169; x_wconf 76' lang='grc' dir='ltr'>ἧς</span> <span class='ocrx_word' id='word_1_175' title='bbox 2900 1095 3164 1167; x_wconf 74' lang='grc' dir='ltr'>ἔγραψας.</span> <span class='ocrx_word' id='word_1_176' title='bbox 3194 1116 3213 1149; x_wconf 75' lang='grc' dir='ltr'><strong>ι</strong></span> <span class='ocrx_word' id='word_1_177' title='bbox 3248 1096 3541 1152; x_wconf 76' lang='grc' dir='ltr'>Μεσιτεὺει</span> <span class='ocrx_word' id='word_1_178' title='bbox 3567 1098 3684 1167; x_wconf 73' lang='grc' dir='ltr'><strong>γάρ</strong></span> <span class='ocrx_word' id='word_1_179' title='bbox 3712 1097 3817 1165; x_wconf 75' lang='grc' dir='ltr'><strong>τῆς</strong></span> 
     </span>
    </p>
   </div>
   <div class='ocr_carea' id='block_1_26' title="bbox 2234 1183 3819 1257">
    <p class='ocr_par' dir='ltr' id='par_1_26' title="bbox 2234 1183 3819 1257">
     <span class='ocr_line' id='line_1_26' title="bbox 2234 1183 3819 1257; baseline 0.004 -22"><span class='ocrx_word' id='word_1_180' title='bbox 2234 1183 2535 1255; x_wconf 78' lang='grc' dir='ltr'><strong>ἱερωσύνης</strong></span> <span class='ocrx_word' id='word_1_181' title='bbox 2566 1183 2628 1236; x_wconf 87' lang='grc' dir='ltr'><strong>τὸ</strong></span> <span class='ocrx_word' id='word_1_182' title='bbox 2680 1185 2871 1257; x_wconf 81' lang='grc' dir='ltr'>χρῆμα</span> <span class='ocrx_word' id='word_1_183' title='bbox 2912 1186 3030 1257; x_wconf 86' lang='grc' dir='ltr'><strong>Θεῷ</strong></span> <span class='ocrx_word' id='word_1_184' title='bbox 3076 1203 3137 1240; x_wconf 87' lang='grc' dir='ltr'><strong>τε</strong></span> <span class='ocrx_word' id='word_1_185' title='bbox 3182 1187 3277 1240; x_wconf 74' lang='grc' dir='ltr'><strong>καὶ</strong></span> <span class='ocrx_word' id='word_1_186' title='bbox 3322 1187 3507 1251; x_wconf 78' lang='grc' dir='ltr'>λαοῖςο</span> <span class='ocrx_word' id='word_1_187' title='bbox 3556 1188 3654 1242; x_wconf 79' lang='grc' dir='ltr'><strong>καὶ</strong></span> <span class='ocrx_word' id='word_1_188' title='bbox 3701 1190 3819 1249; x_wconf 80' lang='grc' dir='ltr'>τοῖς</span> 
     </span>
    </p>
   </div>
   <div class='ocr_carea' id='block_1_27' title="bbox 2230 1276 3819 1349">
    <p class='ocr_par' dir='ltr' id='par_1_27' title="bbox 2230 1276 3819 1349">
     <span class='ocr_line' id='line_1_27' title="bbox 2230 1276 3819 1349; baseline 0 -21"><span class='ocrx_word' id='word_1_189' title='bbox 2230 1276 2583 1347; x_wconf 78' lang='grc' dir='ltr'>τεταγμένοις</span> <span class='ocrx_word' id='word_1_190' title='bbox 2616 1277 2694 1340; x_wconf 82' lang='grc' dir='ltr'><strong>εἰς</strong></span> <span class='ocrx_word' id='word_1_191' title='bbox 2719 1276 3059 1348; x_wconf 84' lang='grc' dir='ltr'>λειτουργίαν</span> <span class='ocrx_word' id='word_1_192' title='bbox 3096 1278 3195 1349; x_wconf 86' lang='grc' dir='ltr'><strong>τὴν</strong></span> <span class='ocrx_word' id='word_1_193' title='bbox 3230 1278 3372 1332; x_wconf 77' lang='grc' dir='ltr'>οὕτω</span> <span class='ocrx_word' id='word_1_194' title='bbox 3412 1279 3640 1349; x_wconf 74' lang='grc' dir='ltr'>σεπτὴν,</span> <span class='ocrx_word' id='word_1_195' title='bbox 3674 1278 3819 1348; x_wconf 78' lang='grc' dir='ltr'>πρέ-</span> 
     </span>
    </p>
   </div>
   <div class='ocr_carea' id='block_1_28' title="bbox 2233 1365 3821 1441">
    <p class='ocr_par' dir='ltr' id='par_1_28' title="bbox 2233 1365 3821 1441">
     <span class='ocr_line' id='line_1_28' title="bbox 2233 1365 3821 1441; baseline 0 -20"><span class='ocrx_word' id='word_1_196' title='bbox 2233 1385 2329 1422; x_wconf 79' lang='grc' dir='ltr'><strong>ποι</strong></span> <span class='ocrx_word' id='word_1_197' title='bbox 2367 1368 2452 1421; x_wconf 85' lang='grc' dir='ltr'><strong>ἂν.</strong></span> <span class='ocrx_word' id='word_1_198' title='bbox 2481 1365 2635 1439; x_wconf 79' lang='grc' dir='ltr'>οἶμαί</span> <span class='ocrx_word' id='word_1_199' title='bbox 2675 1384 2800 1433; x_wconf 83' lang='grc' dir='ltr'>που,</span> <span class='ocrx_word' id='word_1_200' title='bbox 2847 1370 2940 1422; x_wconf 78' lang='grc' dir='ltr'><strong>καὶ</strong></span> <span class='ocrx_word' id='word_1_201' title='bbox 2971 1371 3117 1440; x_wconf 84' lang='grc' dir='ltr'>μάλα</span> <span class='ocrx_word' id='word_1_202' title='bbox 3163 1372 3407 1435; x_wconf 78' lang='grc' dir='ltr'><strong>εἰκότως,</strong></span> <span class='ocrx_word' id='word_1_203' title='bbox 3454 1373 3487 1441; x_wconf 73' lang='grc' dir='ltr'><strong>ἡ</strong></span> <span class='ocrx_word' id='word_1_204' title='bbox 3526 1372 3589 1424; x_wconf 83' lang='grc' dir='ltr'><strong>ἐν</strong></span> <span class='ocrx_word' id='word_1_205' title='bbox 3636 1371 3821 1431; x_wconf 72' lang='grc' dir='ltr'>λιταῖς</span> 
     </span>
    </p>
   </div>
   <div class='ocr_carea' id='block_1_29' title="bbox 2236 1458 3821 1531">
    <p class='ocr_par' dir='ltr' id='par_1_29' title="bbox 2236 1458 3821 1531">
     <span class='ocr_line' id='line_1_29' title="bbox 2236 1458 3821 1531; baseline -0.001 -20"><span class='ocrx_word' id='word_1_206' title='bbox 2236 1458 2536 1529; x_wconf 73' lang='grc' dir='ltr'>παρρησία.</span> <span class='ocrx_word' id='word_1_207' title='bbox 2586 1459 2884 1528; x_wconf 72' lang='grc' dir='ltr'>Μονονουχὶ</span> <span class='ocrx_word' id='word_1_208' title='bbox 2926 1459 3032 1528; x_wconf 91' lang='grc' dir='ltr'><strong>γάρ</strong></span> <span class='ocrx_word' id='word_1_209' title='bbox 3079 1460 3173 1513; x_wconf 76' lang='grc' dir='ltr'><strong>καὶ</strong></span> <span class='ocrx_word' id='word_1_210' title='bbox 3226 1460 3364 1531; x_wconf 83' lang='grc' dir='ltr'>ὑπὲρ</span> <span class='ocrx_word' id='word_1_211' title='bbox 3399 1462 3656 1515; x_wconf 84' lang='grc' dir='ltr'>ἁπάντων</span> <span class='ocrx_word' id='word_1_212' title='bbox 3715 1460 3821 1527; x_wconf 75' lang='grc' dir='ltr'>τὴν</span> 
     </span>
    </p>
   </div>
   <div class='ocr_carea' id='block_1_30' title="bbox 2238 1548 3819 1621">
    <p class='ocr_par' dir='ltr' id='par_1_30' title="bbox 2238 1548 3819 1621">
     <span class='ocr_line' id='line_1_30' title="bbox 2238 1548 3819 1621; baseline 0.001 -20"><span class='ocrx_word' id='word_1_213' title='bbox 2238 1550 2373 1602; x_wconf 92' lang='grc' dir='ltr'>ἰδίαν</span> <span class='ocrx_word' id='word_1_214' title='bbox 2409 1549 2485 1619; x_wconf 83' lang='grc' dir='ltr'>τῷ</span> <span class='ocrx_word' id='word_1_215' title='bbox 2518 1548 2638 1619; x_wconf 85' lang='grc' dir='ltr'><strong>Θεῷ</strong></span> <span class='ocrx_word' id='word_1_216' title='bbox 2677 1548 2994 1620; x_wconf 75' lang='grc' dir='ltr'>καθιεροῦσι</span> <span class='ocrx_word' id='word_1_217' title='bbox 3024 1548 3189 1621; x_wconf 75' lang='grc' dir='ltr'>ζωὴν,</span> <span class='ocrx_word' id='word_1_218' title='bbox 3220 1549 3291 1602; x_wconf 88' lang='grc' dir='ltr'><strong>τά</strong></span> <span class='ocrx_word' id='word_1_219' title='bbox 3325 1551 3464 1621; x_wconf 77' lang='grc' dir='ltr'>ὑπὲρ</span> <span class='ocrx_word' id='word_1_220' title='bbox 3495 1553 3596 1613; x_wconf 81' lang='grc' dir='ltr'>τῆς</span> <span class='ocrx_word' id='word_1_221' title='bbox 3627 1551 3819 1619; x_wconf 82' lang='grc' dir='ltr'>ἁμαρ-</span> 
     </span>
    </p>
   </div>
   <div class='ocr_carea' id='block_1_31' title="bbox 2233 1639 3817 1712">
    <p class='ocr_par' dir='ltr' id='par_1_31' title="bbox 2233 1639 3817 1712">
     <span class='ocr_line' id='line_1_31' title="bbox 2233 1639 3817 1712; baseline -0.002 -17"><span class='ocrx_word' id='word_1_222' title='bbox 2233 1642 2351 1703; x_wconf 84' lang='grc' dir='ltr'>τίας</span> <span class='ocrx_word' id='word_1_223' title='bbox 2381 1641 2596 1712; x_wconf 85' lang='grc' dir='ltr'>θύματα</span> <span class='ocrx_word' id='word_1_224' title='bbox 2626 1639 2917 1705; x_wconf 74' lang='grc' dir='ltr'>ἐσθίοντες.</span> <span class='ocrx_word' id='word_1_225' title='bbox 2962 1641 3131 1695; x_wconf 81' lang='grc' dir='ltr'>Τοῦτο</span> <span class='ocrx_word' id='word_1_226' title='bbox 3163 1641 3256 1695; x_wconf 70' lang='grc' dir='ltr'><strong>καὶ</strong></span> <span class='ocrx_word' id='word_1_227' title='bbox 3297 1641 3384 1695; x_wconf 86' lang='grc' dir='ltr'>διὰ</span> <span class='ocrx_word' id='word_1_228' title='bbox 3420 1642 3605 1712; x_wconf 78' lang='grc' dir='ltr'>φωνῆς</span> <span class='ocrx_word' id='word_1_229' title='bbox 3649 1640 3817 1709; x_wconf 72' lang='grc' dir='ltr'>Ὦσηέ</span> 
     </span>
    </p>
   </div>
   <div class='ocr_carea' id='block_1_32' title="bbox 2235 1731 3822 1804">
    <p class='ocr_par' dir='ltr' id='par_1_32' title="bbox 2235 1731 3822 1804">
     <span class='ocr_line' id='line_1_32' title="bbox 2235 1731 3822 1804; baseline 0.001 -19"><span class='ocrx_word' id='word_1_230' title='bbox 2235 1750 2399 1803; x_wconf 86' lang='grc' dir='ltr'>φησιν</span> <span class='ocrx_word' id='word_1_231' title='bbox 2427 1734 2455 1785; x_wconf 85' lang='grc' dir='ltr'>ὁ</span> <span class='ocrx_word' id='word_1_232' title='bbox 2495 1732 2605 1785; x_wconf 83' lang='grc' dir='ltr'><strong>τῶν</strong></span> <span class='ocrx_word' id='word_1_233' title='bbox 2652 1731 2788 1785; x_wconf 82' lang='grc' dir='ltr'>ὅλων</span> <span class='ocrx_word' id='word_1_234' title='bbox 2814 1732 2945 1795; x_wconf 82' lang='grc' dir='ltr'>Θεός</span> <span class='ocrx_word' id='word_1_235' title='bbox 2968 1749 2983 1763; x_wconf 76' lang='grc' dir='ltr'><strong>ο</strong></span> <span class='ocrx_word' id='word_1_236' title='bbox 3010 1749 3029 1782; x_wconf 86' lang='lat'><strong>¢</strong></span> <span class='ocrx_word' id='word_1_237' title='bbox 3063 1732 3362 1804; x_wconf 80' lang='grc' dir='ltr'>Ἀμαρτίας</span> <span class='ocrx_word' id='word_1_238' title='bbox 3400 1733 3531 1786; x_wconf 90' lang='grc' dir='ltr'>λαοῦ</span> <span class='ocrx_word' id='word_1_239' title='bbox 3570 1750 3676 1803; x_wconf 78' lang='grc' dir='ltr'><strong>μου</strong></span> <span class='ocrx_word' id='word_1_240' title='bbox 3713 1733 3822 1801; x_wconf 72' lang='grc' dir='ltr'><strong>φά-</strong></span> 
     </span>
    </p>
   </div>
   <div class='ocr_carea' id='block_1_33' title="bbox 2233 1824 3821 1898">
    <p class='ocr_par' dir='ltr' id='par_1_33' title="bbox 2233 1824 3821 1898">
     <span class='ocr_line' id='line_1_33' title="bbox 2233 1824 3821 1898; baseline -0.002 -18"><span class='ocrx_word' id='word_1_241' title='bbox 2233 1843 2442 1896; x_wconf 86' lang='grc' dir='ltr'>γονται,</span> <span class='ocrx_word' id='word_1_242' title='bbox 2468 1826 2563 1879; x_wconf 78' lang='grc' dir='ltr'><strong>καὶ</strong></span> <span class='ocrx_word' id='word_1_243' title='bbox 2588 1827 2649 1879; x_wconf 83' lang='grc' dir='ltr'><strong>ἐν</strong></span> <span class='ocrx_word' id='word_1_244' title='bbox 2667 1827 2785 1889; x_wconf 87' lang='grc' dir='ltr'>ταῖς</span> <span class='ocrx_word' id='word_1_245' title='bbox 2810 1824 3046 1889; x_wconf 74' lang='grc' dir='ltr'>ἀδικίαις</span> <span class='ocrx_word' id='word_1_246' title='bbox 3072 1824 3253 1879; x_wconf 74' lang='grc' dir='ltr'>αὐτῶν</span> <span class='ocrx_word' id='word_1_247' title='bbox 3281 1827 3539 1898; x_wconf 75' lang='grc' dir='ltr'>λήψονται</span> <span class='ocrx_word' id='word_1_248' title='bbox 3568 1826 3668 1890; x_wconf 75' lang='grc' dir='ltr'>τὰς</span> <span class='ocrx_word' id='word_1_249' title='bbox 3711 1825 3821 1894; x_wconf 71' lang='grc' dir='ltr'><strong>ψυ-</strong></span> 
     </span>
    </p>
   </div>
   <div class='ocr_carea' id='block_1_34' title="bbox 561 1913 2128 1990">
    <p class='ocr_par' dir='ltr' id='par_1_34' title="bbox 561 1913 2127 1985">
     <span class='ocr_line' id='line_1_34' title="bbox 561 1913 2127 1985; baseline 0.003 -18"><span class='ocrx_word' id='word_1_250' title='bbox 561 1929 746 1967; x_wconf 86' lang='lat' dir='ltr'><strong>eorum</strong></span> <span class='ocrx_word' id='word_1_251' title='bbox 778 1915 845 1967; x_wconf 82' lang='grc'><strong>⁸⁸.</strong></span> <span class='ocrx_word' id='word_1_252' title='bbox 881 1932 900 1965; x_wconf 75' lang='grc' dir='ltr'><strong>ι</strong></span> <span class='ocrx_word' id='word_1_253' title='bbox 941 1913 1142 1968; x_wconf 79' lang='lat' dir='ltr'><strong>Sensus</strong></span> <span class='ocrx_word' id='word_1_254' title='bbox 1169 1921 1291 1979; x_wconf 88' lang='lat' dir='ltr'><strong>est,</strong></span> <span class='ocrx_word' id='word_1_255' title='bbox 1331 1929 1451 1968; x_wconf 91' lang='lat' dir='ltr'><strong>cum</strong></span> <span class='ocrx_word' id='word_1_256' title='bbox 1512 1916 1739 1984; x_wconf 81' lang='lat' dir='ltr'><strong>populus</strong></span> <span class='ocrx_word' id='word_1_257' title='bbox 1783 1916 1955 1985; x_wconf 76' lang='lat' dir='ltr'><strong>legem</strong></span> <span class='ocrx_word' id='word_1_258' title='bbox 2008 1918 2127 1972; x_wconf 84' lang='lat' dir='ltr'><strong>vio-</strong></span> 
     </span>
    </p>
   </div>
   <div class='ocr_carea' id='block_1_35' title="bbox 2232 1913 3819 1990">
    <p class='ocr_par' dir='ltr' id='par_1_35' title="bbox 2232 1915 3819 1990">
     <span class='ocr_line' id='line_1_35' title="bbox 2232 1915 3819 1990; baseline -0.003 -19"><span class='ocrx_word' id='word_1_259' title='bbox 2232 1920 2331 1990; x_wconf 84' lang='grc' dir='ltr'><strong>χάς</strong></span> <span class='ocrx_word' id='word_1_260' title='bbox 2364 1918 2569 1984; x_wconf 81' lang='grc' dir='ltr'>αὐτῶν,</span> <span class='ocrx_word' id='word_1_261' title='bbox 2599 1936 2619 1969; x_wconf 75' lang='grc' dir='ltr'><strong>ι</strong></span> <span class='ocrx_word' id='word_1_262' title='bbox 2649 1915 2946 1983; x_wconf 81' lang='grc' dir='ltr'>τουτέστιν,</span> <span class='ocrx_word' id='word_1_263' title='bbox 2977 1918 3104 1971; x_wconf 83' lang='grc' dir='ltr'>ὅταν</span> <span class='ocrx_word' id='word_1_264' title='bbox 3130 1918 3379 1981; x_wconf 84' lang='grc' dir='ltr'>ἀδικῶσι,</span> <span class='ocrx_word' id='word_1_265' title='bbox 3416 1917 3476 1971; x_wconf 84' lang='grc' dir='ltr'><strong>τὸ</strong></span> <span class='ocrx_word' id='word_1_266' title='bbox 3505 1917 3704 1972; x_wconf 88' lang='grc' dir='ltr'>δοκοῦν</span> <span class='ocrx_word' id='word_1_267' title='bbox 3737 1917 3819 1987; x_wconf 80' lang='grc' dir='ltr'>τῷ</span> 
     </span>
    </p>
   </div>
   <div class='ocr_carea' id='block_1_36' title="bbox 562 2003 2128 2073">
    <p class='ocr_par' dir='ltr' id='par_1_36' title="bbox 562 2003 2128 2073">
     <span class='ocr_line' id='line_1_36' title="bbox 562 2003 2128 2073; baseline 0.003 -17"><span class='ocrx_word' id='word_1_268' title='bbox 562 2003 752 2058; x_wconf 82' lang='lat' dir='ltr'><strong>laverit</strong></span> <span class='ocrx_word' id='word_1_269' title='bbox 801 2012 855 2058; x_wconf 93' lang='lat' dir='ltr'><strong>et</strong></span> <span class='ocrx_word' id='word_1_270' title='bbox 902 2003 1232 2073; x_wconf 87' lang='lat' dir='ltr'><strong>peccaverit,</strong></span> <span class='ocrx_word' id='word_1_271' title='bbox 1280 2012 1391 2058; x_wconf 90' lang='lat' dir='ltr'><strong>tum</strong></span> <span class='ocrx_word' id='word_1_272' title='bbox 1440 2007 1579 2060; x_wconf 87' lang='lat' dir='ltr'><strong>sacri</strong></span> <span class='ocrx_word' id='word_1_273' title='bbox 1619 2006 1932 2061; x_wconf 88' lang='lat' dir='ltr'><strong>divinorum</strong></span> <span class='ocrx_word' id='word_1_274' title='bbox 1990 2009 2128 2063; x_wconf 79' lang='lat' dir='ltr'><strong>alta-</strong></span> 
     </span>
    </p>
   </div>
   <div class='ocr_carea' id='block_1_37' title="bbox 562 2093 2123 2167">
    <p class='ocr_par' dir='ltr' id='par_1_37' title="bbox 562 2093 2123 2167">
     <span class='ocr_line' id='line_1_37' title="bbox 562 2093 2123 2167; baseline 0.003 -20"><span class='ocrx_word' id='word_1_275' title='bbox 562 2094 700 2148; x_wconf 89' lang='lat' dir='ltr'><strong>rium</strong></span> <span class='ocrx_word' id='word_1_276' title='bbox 760 2094 998 2149; x_wconf 89' lang='lat' dir='ltr'><strong>ministri</strong></span> <span class='ocrx_word' id='word_1_277' title='bbox 1074 2093 1341 2163; x_wconf 88' lang='lat' dir='ltr'><strong>accipient</strong></span> <span class='ocrx_word' id='word_1_278' title='bbox 1404 2096 1614 2151; x_wconf 87' lang='lat' dir='ltr'><strong>animas</strong></span> <span class='ocrx_word' id='word_1_279' title='bbox 1672 2111 1799 2153; x_wconf 85' lang='lat' dir='ltr'><strong>suas</strong></span> <span class='ocrx_word' id='word_1_280' title='bbox 1856 2113 1954 2167; x_wconf 91' lang='lat' dir='ltr'><strong>pro</strong></span> <span class='ocrx_word' id='word_1_281' title='bbox 2013 2099 2123 2153; x_wconf 85' lang='lat' dir='ltr'><strong>illo.</strong></span> 
     </span>
    </p>
   </div>
   <div class='ocr_carea' id='block_1_38' title="bbox 567 2185 2123 2257">
    <p class='ocr_par' dir='ltr' id='par_1_38' title="bbox 567 2185 2123 2257">
     <span class='ocr_line' id='line_1_38' title="bbox 567 2185 2123 2257; baseline 0.005 -23"><span class='ocrx_word' id='word_1_282' title='bbox 567 2202 586 2234; x_wconf 75' lang='grc' dir='ltr'><strong>ι</strong></span> <span class='ocrx_word' id='word_1_283' title='bbox 630 2185 912 2253; x_wconf 86' lang='lat' dir='ltr'><strong>Accipient</strong></span> <span class='ocrx_word' id='word_1_284' title='bbox 974 2203 992 2237; x_wconf 72' lang='grc' dir='ltr'><strong>ι</strong></span> <span class='ocrx_word' id='word_1_285' title='bbox 1038 2194 1263 2257; x_wconf 85' lang='lat' dir='ltr'><strong>usurpat</strong></span> <span class='ocrx_word' id='word_1_286' title='bbox 1292 2200 1388 2252; x_wconf 90' lang='lat' dir='ltr'><strong>pro</strong></span> <span class='ocrx_word' id='word_1_287' title='bbox 1416 2185 1666 2252; x_wconf 75' lang='lat' dir='ltr'><strong>offerent,</strong></span> <span class='ocrx_word' id='word_1_288' title='bbox 1701 2188 1817 2243; x_wconf 75' lang='lat' dir='ltr'><strong>sive</strong></span> <span class='ocrx_word' id='word_1_289' title='bbox 1844 2190 2123 2253; x_wconf 90' lang='lat' dir='ltr'><strong>dicabunt,</strong></span> 
     </span>
    </p>
   </div>
   <div class='ocr_carea' id='block_1_39' title="bbox 560 2274 2129 2349">
    <p class='ocr_par' dir='ltr' id='par_1_39' title="bbox 560 2274 2129 2349">
     <span class='ocr_line' id='line_1_39' title="bbox 560 2274 2129 2349; baseline 0.005 -23"><span class='ocrx_word' id='word_1_290' title='bbox 560 2285 616 2326; x_wconf 74' lang='lat' dir='ltr'><strong>ct</strong></span> <span class='ocrx_word' id='word_1_291' title='bbox 642 2274 889 2342; x_wconf 84' lang='lat' dir='ltr'><strong>accipere</strong></span> <span class='ocrx_word' id='word_1_292' title='bbox 916 2274 1051 2328; x_wconf 78' lang='lat' dir='ltr'><strong>dixit</strong></span> <span class='ocrx_word' id='word_1_293' title='bbox 1100 2288 1218 2343; x_wconf 90' lang='lat' dir='ltr'><strong>pro,</strong></span> <span class='ocrx_word' id='word_1_294' title='bbox 1270 2274 1381 2329; x_wconf 88' lang='lat' dir='ltr'><strong>Deo</strong></span> <span class='ocrx_word' id='word_1_295' title='bbox 1416 2290 1759 2333; x_wconf 90' lang='lat' dir='ltr'><strong>consecrare.</strong></span> <span class='ocrx_word' id='word_1_296' title='bbox 1810 2280 1938 2346; x_wconf 67' lang='lat' dir='ltr'><strong>Quae</strong></span> <span class='ocrx_word' id='word_1_297' title='bbox 1967 2295 2129 2349; x_wconf 74' lang='lat' dir='ltr'><strong>porro</strong></span> 
     </span>
    </p>
   </div>
   <div class='ocr_carea' id='block_1_40' title="bbox 560 2369 2124 2443">
    <p class='ocr_par' dir='ltr' id='par_1_40' title="bbox 560 2369 2124 2443">
     <span class='ocr_line' id='line_1_40' title="bbox 560 2369 2124 2443; baseline 0.001 -18"><span class='ocrx_word' id='word_1_298' title='bbox 560 2370 669 2427; x_wconf 86' lang='lat' dir='ltr'><strong>illis</strong></span> <span class='ocrx_word' id='word_1_299' title='bbox 685 2370 900 2443; x_wconf 80' lang='lat' dir='ltr'><strong>occasio</strong></span> <span class='ocrx_word' id='word_1_300' title='bbox 925 2369 1180 2441; x_wconf 77' lang='lat' dir='ltr'><strong>lugendi?</strong></span> <span class='ocrx_word' id='word_1_301' title='bbox 1211 2391 1229 2424; x_wconf 74' lang='grc' dir='ltr'><strong>ι</strong></span> <span class='ocrx_word' id='word_1_302' title='bbox 1268 2372 1500 2428; x_wconf 85' lang='lat' dir='ltr'><strong>Desolati</strong></span> <span class='ocrx_word' id='word_1_303' title='bbox 1521 2373 1897 2441; x_wconf 62' lang='lat' dir='ltr'><strong>sunteampi,»</strong></span> <span class='ocrx_word' id='word_1_304' title='bbox 1928 2372 2124 2441; x_wconf 90' lang='lat' dir='ltr'><strong>inquit;</strong></span> 
     </span>
    </p>
   </div>
   <div class='ocr_carea' id='block_1_41' title="bbox 559 2461 2129 2529">
    <p class='ocr_par' dir='ltr' id='par_1_41' title="bbox 559 2461 2129 2529">
     <span class='ocr_line' id='line_1_41' title="bbox 559 2461 2129 2529; baseline 0.004 -17"><span class='ocrx_word' id='word_1_305' title='bbox 559 2462 686 2529; x_wconf 80' lang='lat' dir='ltr'><strong>quin</strong></span> <span class='ocrx_word' id='word_1_306' title='bbox 710 2469 763 2516; x_wconf 89' lang='lat' dir='ltr'><strong>et</strong></span> <span class='ocrx_word' id='word_1_307' title='bbox 794 2461 1032 2517; x_wconf 90' lang='lat' dir='ltr'><strong>triticum</strong></span> <span class='ocrx_word' id='word_1_308' title='bbox 1060 2462 1313 2518; x_wconf 91' lang='lat' dir='ltr'><strong>dentibus</strong></span> <span class='ocrx_word' id='word_1_309' title='bbox 1348 2463 1681 2518; x_wconf 70' lang='lat' dir='ltr'><strong>locustarum</strong></span> <span class='ocrx_word' id='word_1_310' title='bbox 1742 2477 2023 2518; x_wconf 90' lang='lat' dir='ltr'><strong>corrosum</strong></span> <span class='ocrx_word' id='word_1_311' title='bbox 2075 2472 2129 2518; x_wconf 89' lang='lat' dir='ltr'><strong>et</strong></span> 
     </span>
    </p>
   </div>
   <div class='ocr_carea' id='block_1_42' title="bbox 562 2556 2123 2633">
    <p class='ocr_par' dir='ltr' id='par_1_42' title="bbox 562 2556 2123 2633">
     <span class='ocr_line' id='line_1_42' title="bbox 562 2556 2123 2633; baseline 0.004 -24"><span class='ocrx_word' id='word_1_312' title='bbox 562 2556 809 2627; x_wconf 81' lang='lat' dir='ltr'><strong>rubigine</strong></span> <span class='ocrx_word' id='word_1_313' title='bbox 836 2558 983 2613; x_wconf 84' lang='lat' dir='ltr'><strong>velut</strong></span> <span class='ocrx_word' id='word_1_314' title='bbox 1012 2561 1280 2613; x_wconf 90' lang='lat' dir='ltr'><strong>adustum.</strong></span> <span class='ocrx_word' id='word_1_315' title='bbox 1314 2558 1434 2614; x_wconf 82' lang='lat' dir='ltr'><strong>Urit</strong></span> <span class='ocrx_word' id='word_1_316' title='bbox 1463 2560 1605 2614; x_wconf 92' lang='lat' dir='ltr'><strong>enim</strong></span> <span class='ocrx_word' id='word_1_317' title='bbox 1640 2559 1941 2633; x_wconf 16' lang='lat' dir='ltr'><strong>rubigo,vet</strong></span> <span class='ocrx_word' id='word_1_318' title='bbox 1971 2560 2123 2630; x_wconf 82' lang='lat' dir='ltr'><strong>quasi</strong></span> 
     </span>
    </p>
   </div>
   <div class='ocr_carea' id='block_1_43' title="bbox 562 2646 2126 2720">
    <p class='ocr_par' dir='ltr' id='par_1_43' title="bbox 562 2646 2126 2720">
     <span class='ocr_line' id='line_1_43' title="bbox 562 2646 2126 2720; baseline 0.004 -22"><span class='ocrx_word' id='word_1_319' title='bbox 562 2651 612 2699; x_wconf 83' lang='lat' dir='ltr'><strong>lu</strong></span> <span class='ocrx_word' id='word_1_320' title='bbox 638 2647 849 2703; x_wconf 91' lang='lat' dir='ltr'><strong>cineres</strong></span> <span class='ocrx_word' id='word_1_321' title='bbox 878 2646 1074 2718; x_wconf 76' lang='lat' dir='ltr'><strong>redigit</strong></span> <span class='ocrx_word' id='word_1_322' title='bbox 1102 2664 1355 2716; x_wconf 90' lang='lat' dir='ltr'><strong>agrorum</strong></span> <span class='ocrx_word' id='word_1_323' title='bbox 1389 2649 1591 2719; x_wconf 82' lang='lat' dir='ltr'><strong>fruges.</strong></span> <span class='ocrx_word' id='word_1_324' title='bbox 1626 2650 1894 2720; x_wconf 79' lang='lat' dir='ltr'><strong>Oportere</strong></span> <span class='ocrx_word' id='word_1_325' title='bbox 1924 2660 2126 2706; x_wconf 87' lang='lat' dir='ltr'><strong>terram</strong></span> 
     </span>
    </p>
   </div>
   <div class='ocr_carea' id='block_1_44' title="bbox 560 2738 2131 2812">
    <p class='ocr_par' dir='ltr' id='par_1_44' title="bbox 560 2738 2131 2812">
     <span class='ocr_line' id='line_1_44' title="bbox 560 2738 2131 2812; baseline 0.005 -25"><span class='ocrx_word' id='word_1_326' title='bbox 560 2752 778 2808; x_wconf 77' lang='lat' dir='ltr'><strong>quoque</strong></span> <span class='ocrx_word' id='word_1_327' title='bbox 808 2738 995 2809; x_wconf 83' lang='lat' dir='ltr'><strong>lugere</strong></span> <span class='ocrx_word' id='word_1_328' title='bbox 1020 2742 1117 2803; x_wconf 89' lang='lat' dir='ltr'><strong>ait,</strong></span> <span class='ocrx_word' id='word_1_329' title='bbox 1145 2741 1417 2795; x_wconf 89' lang='lat' dir='ltr'><strong>viduatam</strong></span> <span class='ocrx_word' id='word_1_330' title='bbox 1444 2743 1557 2796; x_wconf 90' lang='lat' dir='ltr'><strong>suis</strong></span> <span class='ocrx_word' id='word_1_331' title='bbox 1580 2742 1846 2812; x_wconf 80' lang='lat' dir='ltr'><strong>frugibus.</strong></span> <span class='ocrx_word' id='word_1_332' title='bbox 1908 2760 1928 2791; x_wconf 74' lang='grc' dir='ltr'><strong>ι</strong></span> <span class='ocrx_word' id='word_1_333' title='bbox 1984 2741 2131 2797; x_wconf 74' lang='lat' dir='ltr'><strong>Atili-</strong></span> 
     </span>
    </p>
   </div>
   <div class='ocr_carea' id='block_1_45' title="bbox 560 2832 2128 2899">
    <p class='ocr_par' dir='ltr' id='par_1_45' title="bbox 560 2832 2128 2899">
     <span class='ocr_line' id='line_1_45' title="bbox 560 2832 2128 2899; baseline 0.003 -16"><span class='ocrx_word' id='word_1_334' title='bbox 560 2840 706 2883; x_wconf 87' lang='lat' dir='ltr'><strong>ctum</strong></span> <span class='ocrx_word' id='word_1_335' title='bbox 739 2839 823 2885; x_wconf 89' lang='lat' dir='ltr'><strong>est</strong></span> <span class='ocrx_word' id='word_1_336' title='bbox 852 2832 995 2885; x_wconf 85' lang='lat' dir='ltr'><strong>enim</strong></span> <span class='ocrx_word' id='word_1_337' title='bbox 1037 2834 1296 2899; x_wconf 83' lang='lat' dir='ltr'><strong>triticum,</strong></span> <span class='ocrx_word' id='word_1_338' title='bbox 1338 2834 1481 2888; x_wconf 86' lang='lat' dir='ltr'><strong>aruit</strong></span> <span class='ocrx_word' id='word_1_339' title='bbox 1518 2836 1701 2888; x_wconf 82' lang='lat' dir='ltr'><strong>vinum</strong></span> <span class='ocrx_word' id='word_1_340' title='bbox 1731 2876 1746 2899; x_wconf 96' lang='lat'><strong>,</strong></span> <span class='ocrx_word' id='word_1_341' title='bbox 1790 2835 2128 2889; x_wconf 88' lang='lat' dir='ltr'><strong>imtninutum</strong></span> 
     </span>
    </p>
   </div>
   <div class='ocr_carea' id='block_1_46' title="bbox 560 2924 2133 2996">
    <p class='ocr_par' dir='ltr' id='par_1_46' title="bbox 560 2924 2133 2996">
     <span class='ocr_line' id='line_1_46' title="bbox 560 2924 2133 2996; baseline 0.002 -21"><span class='ocrx_word' id='word_1_342' title='bbox 560 2934 642 2977; x_wconf 83' lang='lat' dir='ltr'><strong>cst</strong></span> <span class='ocrx_word' id='word_1_343' title='bbox 680 2924 877 2979; x_wconf 89' lang='lat' dir='ltr'><strong>oleum.</strong></span> <span class='ocrx_word' id='word_1_344' title='bbox 910 2925 1215 2989; x_wconf 86' lang='lat' dir='ltr'><strong>Arueruut,</strong></span> <span class='ocrx_word' id='word_1_345' title='bbox 1262 2944 1282 2977; x_wconf 73' lang='grc' dir='ltr'><strong>ι</strong></span> <span class='ocrx_word' id='word_1_346' title='bbox 1344 2926 1448 2980; x_wconf 91' lang='lat' dir='ltr'><strong>hoc</strong></span> <span class='ocrx_word' id='word_1_347' title='bbox 1489 2933 1591 2989; x_wconf 90' lang='lat' dir='ltr'><strong>est,</strong></span> <span class='ocrx_word' id='word_1_348' title='bbox 1646 2926 1807 2996; x_wconf 78' lang='lat'><strong>207</strong></span> <span class='ocrx_word' id='word_1_349' title='bbox 1857 2926 2133 2995; x_wconf 91' lang='lat' dir='ltr'><strong>perierunt</strong></span> 
     </span>
    </p>
   </div>
   <div class='ocr_carea' id='block_1_47' title="bbox 561 3015 2131 3086">
    <p class='ocr_par' dir='ltr' id='par_1_47' title="bbox 561 3015 2131 3086">
     <span class='ocr_line' id='line_1_47' title="bbox 561 3015 2131 3086; baseline 0.001 -20"><span class='ocrx_word' id='word_1_350' title='bbox 561 3015 741 3068; x_wconf 86' lang='lat' dir='ltr'><strong>omnia</strong></span> <span class='ocrx_word' id='word_1_351' title='bbox 776 3015 959 3083; x_wconf 88' lang='lat' dir='ltr'><strong>illius,</strong></span> <span class='ocrx_word' id='word_1_352' title='bbox 995 3025 1049 3070; x_wconf 92' lang='lat' dir='ltr'><strong>et</strong></span> <span class='ocrx_word' id='word_1_353' title='bbox 1073 3032 1300 3086; x_wconf 90' lang='lat' dir='ltr'><strong>quorum</strong></span> <span class='ocrx_word' id='word_1_354' title='bbox 1332 3031 1496 3072; x_wconf 90' lang='lat' dir='ltr'><strong>causa</strong></span> <span class='ocrx_word' id='word_1_355' title='bbox 1535 3026 1961 3073; x_wconf 82' lang='lat' dir='ltr'><strong>consentaneum</strong></span> <span class='ocrx_word' id='word_1_356' title='bbox 2012 3025 2131 3071; x_wconf 84' lang='lat' dir='ltr'><strong>erat</strong></span> 
     </span>
    </p>
   </div>
   <div class='ocr_carea' id='block_1_48' title="bbox 560 3107 2132 3180">
    <p class='ocr_par' dir='ltr' id='par_1_48' title="bbox 560 3107 2132 3180">
     <span class='ocr_line' id='line_1_48' title="bbox 560 3107 2132 3180; baseline 0.003 -21"><span class='ocrx_word' id='word_1_357' title='bbox 560 3123 680 3161; x_wconf 90' lang='lat' dir='ltr'><strong>eam</strong></span> <span class='ocrx_word' id='word_1_358' title='bbox 723 3117 781 3162; x_wconf 91' lang='lat' dir='ltr'><strong>ut</strong></span> <span class='ocrx_word' id='word_1_359' title='bbox 812 3110 1074 3162; x_wconf 89' lang='lat' dir='ltr'><strong>bonorum</strong></span> <span class='ocrx_word' id='word_1_360' title='bbox 1115 3107 1384 3164; x_wconf 84' lang='lat' dir='ltr'><strong>fructuum</strong></span> <span class='ocrx_word' id='word_1_361' title='bbox 1431 3117 1708 3180; x_wconf 85' lang='lat' dir='ltr'><strong>parentem</strong></span> <span class='ocrx_word' id='word_1_362' title='bbox 1756 3109 2132 3177; x_wconf 84' lang='lat' dir='ltr'><strong>nutricemque</strong></span> 
     </span>
    </p>
   </div>
   <div class='ocr_carea' id='block_1_49' title="bbox 561 3198 2129 3272">
    <p class='ocr_par' dir='ltr' id='par_1_49' title="bbox 561 3198 2129 3272">
     <span class='ocr_line' id='line_1_49' title="bbox 561 3198 2129 3272; baseline 0 -20"><span class='ocrx_word' id='word_1_363' title='bbox 561 3198 842 3253; x_wconf 87' lang='lat' dir='ltr'><strong>admirari.</strong></span> <span class='ocrx_word' id='word_1_364' title='bbox 895 3199 961 3254; x_wconf 87' lang='lat' dir='ltr'><strong>Et</strong></span> <span class='ocrx_word' id='word_1_365' title='bbox 997 3200 1113 3255; x_wconf 66' lang='lat' dir='ltr'><strong>haec</strong></span> <span class='ocrx_word' id='word_1_366' title='bbox 1162 3216 1189 3253; x_wconf 89' lang='lat' dir='ltr'><strong>a</strong></span> <span class='ocrx_word' id='word_1_367' title='bbox 1225 3200 1380 3255; x_wconf 90' lang='lat' dir='ltr'><strong>nobis</strong></span> <span class='ocrx_word' id='word_1_368' title='bbox 1410 3209 1469 3255; x_wconf 92' lang='lat' dir='ltr'><strong>ut</strong></span> <span class='ocrx_word' id='word_1_369' title='bbox 1510 3200 1570 3255; x_wconf 88' lang='lat' dir='ltr'><strong>in</strong></span> <span class='ocrx_word' id='word_1_370' title='bbox 1596 3200 1759 3256; x_wconf 87' lang='lat' dir='ltr'><strong>rebus</strong></span> <span class='ocrx_word' id='word_1_371' title='bbox 1801 3215 1921 3272; x_wconf 79' lang='lat' dir='ltr'><strong>quae</strong></span> <span class='ocrx_word' id='word_1_372' title='bbox 1964 3214 2129 3254; x_wconf 86' lang='lat' dir='ltr'><strong>sensu</strong></span> 
     </span>
    </p>
   </div>
   <div class='ocr_carea' id='block_1_50' title="bbox 568 3289 1327 3362">
    <p class='ocr_par' dir='ltr' id='par_1_50' title="bbox 568 3289 1327 3362">
     <span class='ocr_line' id='line_1_50' title="bbox 568 3289 1327 3362; baseline 0.001 -18"><span class='ocrx_word' id='word_1_373' title='bbox 568 3289 942 3362; x_wconf 84' lang='lat' dir='ltr'><strong>percipiuntur</strong></span> <span class='ocrx_word' id='word_1_374' title='bbox 968 3290 1111 3346; x_wconf 86' lang='lat' dir='ltr'><strong>dicta</strong></span> <span class='ocrx_word' id='word_1_375' title='bbox 1144 3300 1327 3346; x_wconf 85' lang='lat' dir='ltr'><strong>sunto.</strong></span> 
     </span>
    </p>
   </div>
   <div class='ocr_carea' id='block_1_51' title="bbox 634 3547 2139 3623">
    <p class='ocr_par' dir='ltr' id='par_1_51' title="bbox 634 3547 2139 3623">
     <span class='ocr_line' id='line_1_51' title="bbox 634 3547 2139 3623; baseline 0.004 -18"><span class='ocrx_word' id='word_1_376' title='bbox 634 3547 1048 3608; x_wconf 86' lang='lat' dir='ltr'><strong>Lamentabitur</strong></span> <span class='ocrx_word' id='word_1_377' title='bbox 1076 3566 1206 3607; x_wconf 81' lang='lat' dir='ltr'><strong>vero</strong></span> <span class='ocrx_word' id='word_1_378' title='bbox 1236 3551 1545 3623; x_wconf 87' lang='lat' dir='ltr'><strong>quicunque</strong></span> <span class='ocrx_word' id='word_1_379' title='bbox 1595 3562 1678 3608; x_wconf 91' lang='lat' dir='ltr'><strong>est</strong></span> <span class='ocrx_word' id='word_1_380' title='bbox 1720 3554 2139 3623; x_wconf 83' lang='lat' dir='ltr'><strong>probatissimus</strong></span> 
     </span>
    </p>
   </div>
   <div class='ocr_carea' id='block_1_52' title="bbox 563 3643 2133 3718">
    <p class='ocr_par' dir='ltr' id='par_1_52' title="bbox 563 3643 2133 3718">
     <span class='ocr_line' id='line_1_52' title="bbox 563 3643 2133 3718; baseline 0.003 -22"><span class='ocrx_word' id='word_1_381' title='bbox 563 3644 813 3698; x_wconf 74' lang='lat' dir='ltr'><strong>sacerdos</strong></span> <span class='ocrx_word' id='word_1_382' title='bbox 846 3658 957 3713; x_wconf 75' lang='lat' dir='ltr'><strong>pra:</strong></span> <span class='ocrx_word' id='word_1_383' title='bbox 987 3643 1274 3699; x_wconf 89' lang='lat' dir='ltr'><strong>immodica</strong></span> <span class='ocrx_word' id='word_1_384' title='bbox 1301 3643 1569 3699; x_wconf 91' lang='lat' dir='ltr'><strong>dementia</strong></span> <span class='ocrx_word' id='word_1_385' title='bbox 1609 3646 1988 3715; x_wconf 87' lang='lat' dir='ltr'><strong>purgationem</strong></span> <span class='ocrx_word' id='word_1_386' title='bbox 2036 3662 2133 3718; x_wconf 90' lang='lat' dir='ltr'><strong>per</strong></span> 
     </span>
    </p>
   </div>
   <div class='ocr_carea' id='block_1_53' title="bbox 568 3734 2134 3803">
    <p class='ocr_par' dir='ltr' id='par_1_53' title="bbox 568 3734 2134 3803">
     <span class='ocr_line' id='line_1_53' title="bbox 568 3734 2134 3803; baseline 0.004 -16"><span class='ocrx_word' id='word_1_387' title='bbox 568 3734 723 3789; x_wconf 82' lang='lat' dir='ltr'><strong>fidem</strong></span> <span class='ocrx_word' id='word_1_388' title='bbox 756 3736 1121 3803; x_wconf 89' lang='lat' dir='ltr'><strong>repudiantes,</strong></span> <span class='ocrx_word' id='word_1_389' title='bbox 1159 3750 1260 3789; x_wconf 90' lang='lat' dir='ltr'><strong>nec</strong></span> <span class='ocrx_word' id='word_1_390' title='bbox 1288 3746 1530 3791; x_wconf 86' lang='lat' dir='ltr'><strong>amantes</strong></span> <span class='ocrx_word' id='word_1_391' title='bbox 1580 3750 1609 3790; x_wconf 86' lang='lat' dir='ltr'><strong>a</strong></span> <span class='ocrx_word' id='word_1_392' title='bbox 1657 3736 1879 3793; x_wconf 89' lang='lat' dir='ltr'><strong>Christo</strong></span> <span class='ocrx_word' id='word_1_393' title='bbox 1926 3739 2134 3795; x_wconf 86' lang='lat' dir='ltr'><strong>sancti-</strong></span> 
     </span>
    </p>
   </div>
   <div class='ocr_carea' id='block_1_54' title="bbox 566 3823 2129 3900">
    <p class='ocr_par' dir='ltr' id='par_1_54' title="bbox 566 3823 2129 3900">
     <span class='ocr_line' id='line_1_54' title="bbox 566 3823 2129 3900; baseline 0.004 -22"><span class='ocrx_word' id='word_1_394' title='bbox 566 3823 737 3879; x_wconf 84' lang='lat' dir='ltr'><strong>flcari.</strong></span> <span class='ocrx_word' id='word_1_395' title='bbox 767 3824 1212 3880; x_wconf 81' lang='lat' dir='ltr'><strong>Manebunteuim</strong></span> <span class='ocrx_word' id='word_1_396' title='bbox 1246 3827 1311 3880; x_wconf 90' lang='lat' dir='ltr'><strong>ah</strong></span> <span class='ocrx_word' id='word_1_397' title='bbox 1340 3825 1556 3896; x_wconf 89' lang='lat' dir='ltr'><strong>frugum</strong></span> <span class='ocrx_word' id='word_1_398' title='bbox 1590 3828 1950 3896; x_wconf 88' lang='lat' dir='ltr'><strong>spiritualium</strong></span> <span class='ocrx_word' id='word_1_399' title='bbox 1979 3832 2129 3900; x_wconf 85' lang='lat' dir='ltr'><strong>copia</strong></span> 
     </span>
    </p>
   </div>
   <div class='ocr_carea' id='block_1_55' title="bbox 567 3916 2133 3994">
    <p class='ocr_par' dir='ltr' id='par_1_55' title="bbox 567 3916 2133 3994">
     <span class='ocr_line' id='line_1_55' title="bbox 567 3916 2133 3994; baseline 0.009 -30"><span class='ocrx_word' id='word_1_400' title='bbox 567 3916 928 3984; x_wconf 87' lang='lat' dir='ltr'><strong>undequaque</strong></span> <span class='ocrx_word' id='word_1_401' title='bbox 992 3925 1046 3971; x_wconf 94' lang='lat' dir='ltr'><strong>et</strong></span> <span class='ocrx_word' id='word_1_402' title='bbox 1103 3916 1427 3972; x_wconf 86' lang='lat' dir='ltr'><strong>omnimodis</strong></span> <span class='ocrx_word' id='word_1_403' title='bbox 1508 3919 1797 3981; x_wconf 90' lang='lat' dir='ltr'><strong>destituti,</strong></span> <span class='ocrx_word' id='word_1_404' title='bbox 1884 3930 1940 3975; x_wconf 90' lang='lat' dir='ltr'><strong>et</strong></span> <span class='ocrx_word' id='word_1_405' title='bbox 2005 3936 2133 3994; x_wconf 83' lang='lat' dir='ltr'><strong>ege-</strong></span> 
     </span>
    </p>
   </div>
   <div class='ocr_carea' id='block_1_56' title="bbox 565 4002 2136 4080">
    <p class='ocr_par' dir='ltr' id='par_1_56' title="bbox 565 4002 2136 4080">
     <span class='ocr_line' id='line_1_56' title="bbox 565 4002 2136 4080; baseline 0.005 -21"><span class='ocrx_word' id='word_1_406' title='bbox 565 4007 701 4059; x_wconf 90' lang='lat' dir='ltr'><strong>hunt</strong></span> <span class='ocrx_word' id='word_1_407' title='bbox 746 4007 892 4061; x_wconf 92' lang='lat' dir='ltr'><strong>omni</strong></span> <span class='ocrx_word' id='word_1_408' title='bbox 957 4002 1098 4076; x_wconf 73' lang='lat' dir='ltr'><strong>quoll</strong></span> <span class='ocrx_word' id='word_1_409' title='bbox 1159 4022 1253 4063; x_wconf 93' lang='lat' dir='ltr'><strong>eos</strong></span> <span class='ocrx_word' id='word_1_410' title='bbox 1307 4009 1453 4063; x_wconf 87' lang='lat' dir='ltr'><strong>alere</strong></span> <span class='ocrx_word' id='word_1_411' title='bbox 1486 4018 1539 4064; x_wconf 90' lang='lat' dir='ltr'><strong>et</strong></span> <span class='ocrx_word' id='word_1_412' title='bbox 1572 4010 1638 4063; x_wconf 90' lang='lat' dir='ltr'><strong>ad</strong></span> <span class='ocrx_word' id='word_1_413' title='bbox 1672 4011 2006 4080; x_wconf 85' lang='lat' dir='ltr'><strong>spiritualem</strong></span> <span class='ocrx_word' id='word_1_414' title='bbox 2057 4016 2136 4067; x_wconf 86' lang='lat' dir='ltr'><strong>vi-</strong></span> 
     </span>
    </p>
   </div>
   <div class='ocr_carea' id='block_1_57' title="bbox 568 4096 2133 4169">
    <p class='ocr_par' dir='ltr' id='par_1_57' title="bbox 568 4096 2133 4169">
     <span class='ocr_line' id='line_1_57' title="bbox 568 4096 2133 4169; baseline 0.006 -18"><span class='ocrx_word' id='word_1_415' title='bbox 568 4096 821 4152; x_wconf 89' lang='lat' dir='ltr'><strong>rilitatem</strong></span> <span class='ocrx_word' id='word_1_416' title='bbox 854 4100 1085 4153; x_wconf 80' lang='lat' dir='ltr'><strong>evehere</strong></span> <span class='ocrx_word' id='word_1_417' title='bbox 1114 4107 1318 4169; x_wconf 89' lang='lat' dir='ltr'><strong>potest,</strong></span> <span class='ocrx_word' id='word_1_418' title='bbox 1361 4098 1691 4155; x_wconf 82' lang='lat' dir='ltr'><strong>frumentum</strong></span> <span class='ocrx_word' id='word_1_419' title='bbox 1723 4110 1778 4156; x_wconf 91' lang='lat' dir='ltr'><strong>et</strong></span> <span class='ocrx_word' id='word_1_420' title='bbox 1809 4104 1993 4158; x_wconf 85' lang='lat' dir='ltr'><strong>vinum</strong></span> <span class='ocrx_word' id='word_1_421' title='bbox 2028 4121 2133 4159; x_wconf 89' lang='lat' dir='ltr'><strong>non</strong></span> 
     </span>
    </p>
   </div>
   <div class='ocr_carea' id='block_1_58' title="bbox 568 4188 2135 4262">
    <p class='ocr_par' dir='ltr' id='par_1_58' title="bbox 568 4188 2135 4262">
     <span class='ocr_line' id='line_1_58' title="bbox 568 4188 2135 4262; baseline 0.004 -19"><span class='ocrx_word' id='word_1_422' title='bbox 568 4188 851 4255; x_wconf 87' lang='lat' dir='ltr'><strong>habentes,</strong></span> <span class='ocrx_word' id='word_1_423' title='bbox 880 4204 979 4243; x_wconf 88' lang='lat' dir='ltr'><strong>usu</strong></span> <span class='ocrx_word' id='word_1_424' title='bbox 1004 4191 1107 4245; x_wconf 90' lang='lat' dir='ltr'><strong>olei</strong></span> <span class='ocrx_word' id='word_1_425' title='bbox 1135 4190 1348 4260; x_wconf 84' lang='lat' dir='ltr'><strong>privati.</strong></span> <span class='ocrx_word' id='word_1_426' title='bbox 1412 4190 1639 4260; x_wconf 82' lang='lat' dir='ltr'><strong>Mystice</strong></span> <span class='ocrx_word' id='word_1_427' title='bbox 1666 4192 1957 4262; x_wconf 84' lang='lat' dir='ltr'><strong>loquimur:</strong></span> <span class='ocrx_word' id='word_1_428' title='bbox 2011 4211 2135 4250; x_wconf 90' lang='lat' dir='ltr'><strong>nam</strong></span> 
     </span>
    </p>
   </div>
   <div class='ocr_carea' id='block_1_59' title="bbox 570 4276 2136 4357">
    <p class='ocr_par' dir='ltr' id='par_1_59' title="bbox 570 4276 2136 4357">
     <span class='ocr_line' id='line_1_59' title="bbox 570 4276 2136 4357; baseline 0.006 -26"><span class='ocrx_word' id='word_1_429' title='bbox 570 4276 730 4334; x_wconf 85' lang='lat' dir='ltr'><strong>fidem</strong></span> <span class='ocrx_word' id='word_1_430' title='bbox 780 4281 1204 4350; x_wconf 85' lang='lat' dir='ltr'><strong>recipientibus,</strong></span> <span class='ocrx_word' id='word_1_431' title='bbox 1254 4282 1489 4354; x_wconf 87' lang='lat' dir='ltr'><strong>seipsum</strong></span> <span class='ocrx_word' id='word_1_432' title='bbox 1545 4284 1795 4340; x_wconf 76' lang='lat' dir='ltr'><strong>Christus</strong></span> <span class='ocrx_word' id='word_1_433' title='bbox 1836 4296 1895 4339; x_wconf 91' lang='lat' dir='ltr'><strong>ut</strong></span> <span class='ocrx_word' id='word_1_434' title='bbox 1941 4302 2136 4357; x_wconf 84' lang='lat' dir='ltr'><strong>panem</strong></span> 
     </span>
    </p>
   </div>
   <div class='ocr_carea' id='block_1_60' title="bbox 568 4369 2137 4448">
    <p class='ocr_par' dir='ltr' id='par_1_60' title="bbox 568 4369 2137 4448">
     <span class='ocr_line' id='line_1_60' title="bbox 568 4369 2137 4448; baseline 0.006 -25"><span class='ocrx_word' id='word_1_435' title='bbox 568 4369 695 4425; x_wconf 75' lang='lat' dir='ltr'><strong>vita:</strong></span> <span class='ocrx_word' id='word_1_436' title='bbox 734 4381 964 4441; x_wconf 88' lang='lat' dir='ltr'><strong>apponet</strong></span> <span class='ocrx_word' id='word_1_437' title='bbox 1010 4372 1113 4444; x_wconf 87' lang='lat' dir='ltr'><strong>(sic</strong></span> <span class='ocrx_word' id='word_1_438' title='bbox 1160 4373 1300 4429; x_wconf 86' lang='lat' dir='ltr'><strong>enim</strong></span> <span class='ocrx_word' id='word_1_439' title='bbox 1340 4374 1519 4429; x_wconf 80' lang='lat' dir='ltr'><strong>aiebat</strong></span> <span class='ocrx_word' id='word_1_440' title='bbox 1561 4391 1625 4429; x_wconf 72' lang='grc' dir='ltr'>ι(</span> <span class='ocrx_word' id='word_1_441' title='bbox 1678 4374 1787 4447; x_wconf 89' lang='lat' dir='ltr'><strong>Ego</strong></span> <span class='ocrx_word' id='word_1_442' title='bbox 1829 4391 1945 4432; x_wconf 90' lang='lat' dir='ltr'><strong>sum</strong></span> <span class='ocrx_word' id='word_1_443' title='bbox 1982 4378 2137 4448; x_wconf 88' lang='lat' dir='ltr'><strong>panis</strong></span> 
     </span>
    </p>
   </div>
   <div class='ocr_carea' id='block_1_61' title="bbox 568 4463 2135 4542">
    <p class='ocr_par' dir='ltr' id='par_1_61' title="bbox 568 4463 2135 4542">
     <span class='ocr_line' id='line_1_61' title="bbox 568 4463 2135 4542; baseline 0.006 -26"><span class='ocrx_word' id='word_1_444' title='bbox 568 4463 723 4521; x_wconf 77' lang='lat' dir='ltr'><strong>vivus</strong></span> <span class='ocrx_word' id='word_1_445' title='bbox 752 4464 837 4537; x_wconf 72' lang='grc' dir='ltr'><strong>ι).</strong></span> <span class='ocrx_word' id='word_1_446' title='bbox 878 4474 931 4521; x_wconf 91' lang='lat' dir='ltr'><strong>et</strong></span> <span class='ocrx_word' id='word_1_447' title='bbox 986 4476 1047 4522; x_wconf 91' lang='lat' dir='ltr'><strong>ut</strong></span> <span class='ocrx_word' id='word_1_448' title='bbox 1097 4468 1276 4523; x_wconf 89' lang='lat' dir='ltr'><strong>vinum</strong></span> <span class='ocrx_word' id='word_1_449' title='bbox 1330 4469 1608 4525; x_wconf 67' lang='lat' dir='ltr'><strong>laetificans</strong></span> <span class='ocrx_word' id='word_1_450' title='bbox 1656 4484 1751 4525; x_wconf 92' lang='lat' dir='ltr'><strong>cor</strong></span> <span class='ocrx_word' id='word_1_451' title='bbox 1790 4470 2041 4542; x_wconf 65' lang='lat' dir='ltr'><strong>hominis)</strong></span> <span class='ocrx_word' id='word_1_452' title='bbox 2069 4471 2135 4525; x_wconf 72' lang='grc' dir='ltr'><strong>θ’.</strong></span> 
     </span>
    </p>
   </div>
   <div class='ocr_carea' id='block_1_62' title="bbox 568 4553 2131 4633">
    <p class='ocr_par' dir='ltr' id='par_1_62' title="bbox 568 4553 2131 4633">
     <span class='ocr_line' id='line_1_62' title="bbox 568 4553 2131 4633; baseline 0.004 -22"><span class='ocrx_word' id='word_1_453' title='bbox 568 4553 804 4612; x_wconf 76' lang='lat' dir='ltr'><strong>Rursum</strong></span> <span class='ocrx_word' id='word_1_454' title='bbox 858 4557 1101 4631; x_wconf 84' lang='lat' dir='ltr'><strong>intellige</strong></span> <span class='ocrx_word' id='word_1_455' title='bbox 1140 4561 1291 4632; x_wconf 59' lang='lat' dir='ltr'><strong>‘quod</strong></span> <span class='ocrx_word' id='word_1_456' title='bbox 1352 4561 1709 4631; x_wconf 85' lang='lat' dir='ltr'><strong>intelligentia</strong></span> <span class='ocrx_word' id='word_1_457' title='bbox 1763 4564 2131 4633; x_wconf 89' lang='lat' dir='ltr'><strong>perspicitur,</strong></span> 
     </span>
    </p>
   </div>
   <div class='ocr_carea' id='block_1_63' title="bbox 568 4650 2136 4726">
    <p class='ocr_par' dir='ltr' id='par_1_63' title="bbox 568 4650 2136 4726">
     <span class='ocr_line' id='line_1_63' title="bbox 568 4650 2136 4726; baseline 0.005 -24"><span class='ocrx_word' id='word_1_458' title='bbox 568 4650 708 4717; x_wconf 92' lang='lat' dir='ltr'><strong>quod</strong></span> <span class='ocrx_word' id='word_1_459' title='bbox 738 4650 1043 4705; x_wconf 83' lang='lat' dir='ltr'><strong>sanctificat</strong></span> <span class='ocrx_word' id='word_1_460' title='bbox 1063 4650 1340 4716; x_wconf 82' lang='lat' dir='ltr'><strong>nimirum,</strong></span> <span class='ocrx_word' id='word_1_461' title='bbox 1367 4661 1424 4707; x_wconf 89' lang='lat' dir='ltr'><strong>et</strong></span> <span class='ocrx_word' id='word_1_462' title='bbox 1454 4652 1522 4707; x_wconf 90' lang='lat' dir='ltr'><strong>de</strong></span> <span class='ocrx_word' id='word_1_463' title='bbox 1552 4652 1674 4722; x_wconf 86' lang='lat' dir='ltr'><strong>ejus</strong></span> <span class='ocrx_word' id='word_1_464' title='bbox 1702 4654 1875 4726; x_wconf 88' lang='lat' dir='ltr'><strong>gratia</strong></span> <span class='ocrx_word' id='word_1_465' title='bbox 1911 4654 2136 4725; x_wconf 89' lang='lat' dir='ltr'><strong>partici-</strong></span> 
     </span>
    </p>
   </div>
   <div class='ocr_carea' id='block_1_64' title="bbox 2228 2007 3829 2082">
    <p class='ocr_par' dir='ltr' id='par_1_64' title="bbox 2228 2007 3829 2082">
     <span class='ocr_line' id='line_1_64' title="bbox 2228 2007 3829 2082; baseline -0.002 -18"><span class='ocrx_word' id='word_1_466' title='bbox 2228 2012 2377 2082; x_wconf 80' lang='grc' dir='ltr'>νόμῳ</span> <span class='ocrx_word' id='word_1_467' title='bbox 2430 2009 2879 2080; x_wconf 78' lang='grc' dir='ltr'>πλημμελοῦντες</span> <span class='ocrx_word' id='word_1_468' title='bbox 2911 2009 2963 2061; x_wconf 76' lang='grc' dir='ltr'>οἱ</span> <span class='ocrx_word' id='word_1_469' title='bbox 3006 2007 3147 2071; x_wconf 76' lang='grc' dir='ltr'>λαοὶ,</span> <span class='ocrx_word' id='word_1_470' title='bbox 3180 2010 3301 2063; x_wconf 83' lang='grc' dir='ltr'>τότε</span> <span class='ocrx_word' id='word_1_471' title='bbox 3333 2010 3395 2081; x_wconf 76' lang='grc' dir='ltr'>δὴ</span> <span class='ocrx_word' id='word_1_472' title='bbox 3428 2011 3476 2063; x_wconf 89' lang='grc' dir='ltr'>οἱ</span> <span class='ocrx_word' id='word_1_473' title='bbox 3505 2010 3615 2063; x_wconf 87' lang='grc' dir='ltr'><strong>τῶν</strong></span> <span class='ocrx_word' id='word_1_474' title='bbox 3647 2010 3829 2063; x_wconf 78' lang='grc' dir='ltr'>θείων</span> 
     </span>
    </p>
   </div>
   <div class='ocr_carea' id='block_1_65' title="bbox 2230 2098 3822 2171">
    <p class='ocr_par' dir='ltr' id='par_1_65' title="bbox 2230 2098 3822 2171">
     <span class='ocr_line' id='line_1_65' title="bbox 2230 2098 3822 2171; baseline -0.003 -15"><span class='ocrx_word' id='word_1_475' title='bbox 2230 2102 2635 2171; x_wconf 85' lang='grc' dir='ltr'>θυσιαστηρίων</span> <span class='ocrx_word' id='word_1_476' title='bbox 2677 2100 2952 2171; x_wconf 75' lang='grc' dir='ltr'>ἱερουργοί</span> <span class='ocrx_word' id='word_1_477' title='bbox 2995 2100 3258 2170; x_wconf 71' lang='grc' dir='ltr'>λήψονται</span> <span class='ocrx_word' id='word_1_478' title='bbox 3287 2099 3365 2169; x_wconf 83' lang='grc' dir='ltr'><strong>τῷ</strong></span> <span class='ocrx_word' id='word_1_479' title='bbox 3405 2098 3523 2170; x_wconf 83' lang='grc' dir='ltr'><strong>Θεῷ</strong></span> <span class='ocrx_word' id='word_1_480' title='bbox 3552 2100 3651 2161; x_wconf 84' lang='grc' dir='ltr'>τὰς</span> <span class='ocrx_word' id='word_1_481' title='bbox 3682 2101 3822 2152; x_wconf 76' lang='grc' dir='ltr'>ἐαυο</span> 
     </span>
    </p>
   </div>
   <div class='ocr_carea' id='block_1_66' title="bbox 2227 2188 3817 2262">
    <p class='ocr_par' dir='ltr' id='par_1_66' title="bbox 2227 2188 3817 2262">
     <span class='ocr_line' id='line_1_66' title="bbox 2227 2188 3817 2262; baseline -0.004 -15"><span class='ocrx_word' id='word_1_482' title='bbox 2227 2192 2336 2249; x_wconf 82' lang='grc' dir='ltr'><strong>τῶν</strong></span> <span class='ocrx_word' id='word_1_483' title='bbox 2362 2191 2541 2262; x_wconf 70' lang='grc' dir='ltr'>ψυχὰς</span> <span class='ocrx_word' id='word_1_484' title='bbox 2586 2190 2727 2261; x_wconf 80' lang='grc' dir='ltr'>ὑπὲρ</span> <span class='ocrx_word' id='word_1_485' title='bbox 2771 2190 3015 2243; x_wconf 85' lang='grc' dir='ltr'>ἐκείνων.</span> <span class='ocrx_word' id='word_1_486' title='bbox 3049 2189 3121 2241; x_wconf 85' lang='grc' dir='ltr'><strong>Τὸ</strong></span> <span class='ocrx_word' id='word_1_487' title='bbox 3151 2188 3208 2241; x_wconf 82' lang='grc' dir='ltr'>δὲ</span> <span class='ocrx_word' id='word_1_488' title='bbox 3238 2206 3261 2239; x_wconf 73' lang='lat' dir='ltr'><strong>r</strong></span> <span class='ocrx_word' id='word_1_489' title='bbox 3280 2188 3536 2260; x_wconf 72' lang='grc' dir='ltr'>λήψονται</span> <span class='ocrx_word' id='word_1_490' title='bbox 3564 2208 3585 2241; x_wconf 73' lang='grc' dir='ltr'><strong>ι</strong></span> <span class='ocrx_word' id='word_1_491' title='bbox 3617 2190 3817 2258; x_wconf 75' lang='grc' dir='ltr'>φησὶν,</span> 
     </span>
    </p>
   </div>
   <div class='ocr_carea' id='block_1_67' title="bbox 2229 2278 3817 2356">
    <p class='ocr_par' dir='ltr' id='par_1_67' title="bbox 2229 2278 3817 2356">
     <span class='ocr_line' id='line_1_67' title="bbox 2229 2278 3817 2356; baseline -0.004 -18"><span class='ocrx_word' id='word_1_492' title='bbox 2229 2286 2352 2339; x_wconf 74' lang='grc' dir='ltr'>ἀντὶ</span> <span class='ocrx_word' id='word_1_493' title='bbox 2371 2284 2489 2349; x_wconf 88' lang='grc' dir='ltr'>τοῦ,</span> <span class='ocrx_word' id='word_1_494' title='bbox 2516 2303 2534 2334; x_wconf 84' lang='lat' dir='ltr'><strong>r</strong></span> <span class='ocrx_word' id='word_1_495' title='bbox 2560 2280 3012 2356; x_wconf 75' lang='grc' dir='ltr'>προσκομιοῦσιν,</span> <span class='ocrx_word' id='word_1_496' title='bbox 3034 2296 3055 2329; x_wconf 84' lang='grc'><strong>›</strong></span> <span class='ocrx_word' id='word_1_497' title='bbox 3081 2280 3246 2350; x_wconf 75' lang='grc' dir='ltr'>ήγουν</span> <span class='ocrx_word' id='word_1_498' title='bbox 3274 2278 3622 2349; x_wconf 79' lang='grc' dir='ltr'>ἀναθήσουσι.</span> <span class='ocrx_word' id='word_1_499' title='bbox 3652 2280 3817 2347; x_wconf 78' lang='grc' dir='ltr'>Λαμ-</span> 
     </span>
    </p>
   </div>
   <div class='ocr_carea' id='block_1_68' title="bbox 2230 2367 3823 2447">
    <p class='ocr_par' dir='ltr' id='par_1_68' title="bbox 2230 2367 3823 2447">
     <span class='ocr_line' id='line_1_68' title="bbox 2230 2367 3823 2447; baseline -0.006 -18"><span class='ocrx_word' id='word_1_500' title='bbox 2230 2375 2492 2429; x_wconf 81' lang='grc' dir='ltr'>6άνεσθαι</span> <span class='ocrx_word' id='word_1_501' title='bbox 2521 2374 2629 2447; x_wconf 77' lang='grc' dir='ltr'><strong>γὰρ</strong></span> <span class='ocrx_word' id='word_1_502' title='bbox 2662 2374 2881 2443; x_wconf 80' lang='grc' dir='ltr'>ἐλέγετο</span> <span class='ocrx_word' id='word_1_503' title='bbox 2917 2372 2977 2424; x_wconf 85' lang='grc' dir='ltr'><strong>τὸ</strong></span> <span class='ocrx_word' id='word_1_504' title='bbox 3012 2369 3327 2424; x_wconf 77' lang='grc' dir='ltr'>ἀνατιθέναι</span> <span class='ocrx_word' id='word_1_505' title='bbox 3368 2370 3448 2439; x_wconf 81' lang='grc' dir='ltr'>τῷ</span> <span class='ocrx_word' id='word_1_506' title='bbox 3485 2367 3621 2440; x_wconf 76' lang='grc' dir='ltr'><strong>Θεῷ,</strong></span> <span class='ocrx_word' id='word_1_507' title='bbox 3655 2368 3730 2421; x_wconf 86' lang='grc' dir='ltr'>Τί</span> <span class='ocrx_word' id='word_1_508' title='bbox 3761 2368 3823 2420; x_wconf 58' lang='grc' dir='ltr'><strong>δέ</strong></span> 
     </span>
    </p>
   </div>
   <div class='ocr_carea' id='block_1_69' title="bbox 2229 2458 3823 2538">
    <p class='ocr_par' dir='ltr' id='par_1_69' title="bbox 2229 2458 3823 2538">
     <span class='ocr_line' id='line_1_69' title="bbox 2229 2458 3823 2538; baseline -0.006 -17"><span class='ocrx_word' id='word_1_509' title='bbox 2229 2467 2326 2521; x_wconf 73' lang='grc' dir='ltr'><strong>καὶ</strong></span> <span class='ocrx_word' id='word_1_510' title='bbox 2367 2469 2401 2537; x_wconf 83' lang='grc' dir='ltr'><strong>ἡ</strong></span> <span class='ocrx_word' id='word_1_511' title='bbox 2436 2465 2709 2538; x_wconf 78' lang='grc' dir='ltr'>πρόφασις</span> <span class='ocrx_word' id='word_1_512' title='bbox 2736 2463 2830 2518; x_wconf 90' lang='grc' dir='ltr'><strong>τοῦ</strong></span> <span class='ocrx_word' id='word_1_513' title='bbox 2876 2462 3104 2526; x_wconf 81' lang='grc' dir='ltr'>πένθους</span> <span class='ocrx_word' id='word_1_514' title='bbox 3148 2461 3365 2527; x_wconf 49' lang='grc' dir='ltr'>αὐτοῖς</span> <span class='ocrx_word' id='word_1_515' title='bbox 3410 2480 3427 2511; x_wconf 75' lang='grc' dir='ltr'><strong>ι</strong></span> <span class='ocrx_word' id='word_1_516' title='bbox 3458 2458 3823 2513; x_wconf 78' lang='grc' dir='ltr'>Τεταλαιπώ-</span> 
     </span>
    </p>
   </div>
   <div class='ocr_carea' id='block_1_70' title="bbox 2233 2550 3823 2632">
    <p class='ocr_par' dir='ltr' id='par_1_70' title="bbox 2233 2550 3823 2632">
     <span class='ocr_line' id='line_1_70' title="bbox 2233 2550 3823 2632; baseline -0.006 -20"><span class='ocrx_word' id='word_1_517' title='bbox 2233 2576 2368 2632; x_wconf 87' lang='grc' dir='ltr'>ρηκε</span> <span class='ocrx_word' id='word_1_518' title='bbox 2406 2552 2474 2611; x_wconf 85' lang='grc' dir='ltr'><strong>τά</strong></span> <span class='ocrx_word' id='word_1_519' title='bbox 2504 2556 2698 2619; x_wconf 85' lang='grc' dir='ltr'>πεδία,</span> <span class='ocrx_word' id='word_1_520' title='bbox 2745 2575 2764 2608; x_wconf 74' lang='grc' dir='ltr'><strong>ι</strong></span> <span class='ocrx_word' id='word_1_521' title='bbox 2795 2555 2959 2625; x_wconf 75' lang='grc' dir='ltr'>φησὶ,</span> <span class='ocrx_word' id='word_1_522' title='bbox 3004 2556 3099 2608; x_wconf 78' lang='grc' dir='ltr'>καὶ</span> <span class='ocrx_word' id='word_1_523' title='bbox 3134 2554 3320 2624; x_wconf 79' lang='grc' dir='ltr'>μέντοι</span> <span class='ocrx_word' id='word_1_524' title='bbox 3357 2553 3451 2607; x_wconf 74' lang='grc' dir='ltr'><strong>καὶ</strong></span> <span class='ocrx_word' id='word_1_525' title='bbox 3502 2556 3641 2616; x_wconf 86' lang='grc' dir='ltr'>σῖτος</span> <span class='ocrx_word' id='word_1_526' title='bbox 3695 2550 3823 2613; x_wconf 79' lang='grc' dir='ltr'>τοῖς</span> 
     </span>
    </p>
   </div>
   <div class='ocr_carea' id='block_1_71' title="bbox 2232 2640 3824 2719">
    <p class='ocr_par' dir='ltr' id='par_1_71' title="bbox 2232 2640 3824 2719">
     <span class='ocr_line' id='line_1_71' title="bbox 2232 2640 3824 2719; baseline -0.006 -15"><span class='ocrx_word' id='word_1_527' title='bbox 2232 2650 2410 2704; x_wconf 80' lang='grc' dir='ltr'>ὀδοῦσι</span> <span class='ocrx_word' id='word_1_528' title='bbox 2448 2650 2558 2703; x_wconf 89' lang='grc' dir='ltr'><strong>τῶν</strong></span> <span class='ocrx_word' id='word_1_529' title='bbox 2592 2648 2831 2719; x_wconf 83' lang='grc' dir='ltr'>ἀκρίδων</span> <span class='ocrx_word' id='word_1_530' title='bbox 2877 2644 3364 2717; x_wconf 64' lang='grc' dir='ltr'>καταῷιλοὺμενος,</span> <span class='ocrx_word' id='word_1_531' title='bbox 3404 2645 3497 2699; x_wconf 75' lang='grc' dir='ltr'>καὶ</span> <span class='ocrx_word' id='word_1_532' title='bbox 3534 2640 3642 2698; x_wconf 70' lang='grc' dir='ltr'>οἷον</span> <span class='ocrx_word' id='word_1_533' title='bbox 3678 2646 3824 2713; x_wconf 80' lang='grc' dir='ltr'>ἐρυ-</span> 
     </span>
    </p>
   </div>
   <div class='ocr_carea' id='block_1_72' title="bbox 2233 2736 3825 2816">
    <p class='ocr_par' dir='ltr' id='par_1_72' title="bbox 2233 2736 3825 2816">
     <span class='ocr_line' id='line_1_72' title="bbox 2233 2736 3825 2816; baseline -0.006 -19"><span class='ocrx_word' id='word_1_534' title='bbox 2233 2744 2358 2816; x_wconf 75' lang='grc' dir='ltr'>σίϐῃ</span> <span class='ocrx_word' id='word_1_535' title='bbox 2407 2743 2935 2813; x_wconf 78' lang='grc' dir='ltr'>καταπιμπράμενα.</span> <span class='ocrx_word' id='word_1_536' title='bbox 2970 2741 3169 2809; x_wconf 82' lang='grc' dir='ltr'>Φλέγει</span> <span class='ocrx_word' id='word_1_537' title='bbox 3214 2739 3361 2810; x_wconf 77' lang='grc' dir='ltr'>γὰρ,</span> <span class='ocrx_word' id='word_1_538' title='bbox 3408 2738 3501 2792; x_wconf 75' lang='grc' dir='ltr'>καὶ</span> <span class='ocrx_word' id='word_1_539' title='bbox 3550 2736 3825 2807; x_wconf 65' lang='grc' dir='ltr'>ἀφανίζει</span> 
     </span>
    </p>
   </div>
   <div class='ocr_carea' id='block_1_73' title="bbox 2232 2824 3824 2907">
    <p class='ocr_par' dir='ltr' id='par_1_73' title="bbox 2232 2824 3824 2907">
     <span class='ocr_line' id='line_1_73' title="bbox 2232 2824 3824 2907; baseline -0.004 -18"><span class='ocrx_word' id='word_1_540' title='bbox 2232 2835 2423 2907; x_wconf 76' lang='grc' dir='ltr'>ὥσπερ</span> <span class='ocrx_word' id='word_1_541' title='bbox 2447 2835 2515 2888; x_wconf 84' lang='grc' dir='ltr'>τὰ</span> <span class='ocrx_word' id='word_1_542' title='bbox 2541 2836 2599 2887; x_wconf 83' lang='grc' dir='ltr'><strong>ἐν</strong></span> <span class='ocrx_word' id='word_1_543' title='bbox 2630 2824 2839 2905; x_wconf 82' lang='grc' dir='ltr'>ἀγροῖς.</span> <span class='ocrx_word' id='word_1_544' title='bbox 2859 2836 2976 2885; x_wconf 81' lang='grc' dir='ltr'>Δεῖν</span> <span class='ocrx_word' id='word_1_545' title='bbox 3000 2832 3058 2887; x_wconf 89' lang='grc' dir='ltr'><strong>δέ</strong></span> <span class='ocrx_word' id='word_1_546' title='bbox 3080 2850 3243 2904; x_wconf 82' lang='grc' dir='ltr'>φησιν</span> <span class='ocrx_word' id='word_1_547' title='bbox 3264 2832 3537 2894; x_wconf 77' lang='grc' dir='ltr'>οἱονείπως</span> <span class='ocrx_word' id='word_1_548' title='bbox 3555 2832 3646 2883; x_wconf 77' lang='grc' dir='ltr'><strong>καὶ</strong></span> <span class='ocrx_word' id='word_1_549' title='bbox 3673 2846 3824 2883; x_wconf 79' lang='grc' dir='ltr'>κατ-</span> 
     </span>
    </p>
   </div>
   <div class='ocr_carea' id='block_1_74' title="bbox 2232 2921 3821 2997">
    <p class='ocr_par' dir='ltr' id='par_1_74' title="bbox 2232 2921 3821 2997">
     <span class='ocr_line' id='line_1_74' title="bbox 2232 2921 3821 2997; baseline -0.005 -17"><span class='ocrx_word' id='word_1_550' title='bbox 2232 2925 2592 2997; x_wconf 75' lang='grc' dir='ltr'>ολοφύρεσθαι</span> <span class='ocrx_word' id='word_1_551' title='bbox 2617 2924 2718 2994; x_wconf 80' lang='grc' dir='ltr'>τὴν</span> <span class='ocrx_word' id='word_1_552' title='bbox 2740 2923 2865 2994; x_wconf 81' lang='grc' dir='ltr'>γῆν,</span> <span class='ocrx_word' id='word_1_553' title='bbox 2884 2923 3238 2977; x_wconf 74' lang='grc' dir='ltr'>ἀπολωλότων</span> <span class='ocrx_word' id='word_1_554' title='bbox 3260 2924 3396 2993; x_wconf 77' lang='grc' dir='ltr'>αὐτῇ</span> <span class='ocrx_word' id='word_1_555' title='bbox 3421 2922 3527 2976; x_wconf 89' lang='grc' dir='ltr'><strong>τῶν</strong></span> <span class='ocrx_word' id='word_1_556' title='bbox 3554 2921 3821 2991; x_wconf 70' lang='grc' dir='ltr'>καρπῶν.</span> 
     </span>
    </p>
   </div>
   <div class='ocr_carea' id='block_1_75' title="bbox 2240 3007 3826 3089">
    <p class='ocr_par' dir='ltr' id='par_1_75' title="bbox 2240 3007 3826 3089">
     <span class='ocr_line' id='line_1_75' title="bbox 2240 3007 3826 3089; baseline -0.004 -18"><span class='ocrx_word' id='word_1_557' title='bbox 2240 3039 2261 3071; x_wconf 75' lang='grc' dir='ltr'><strong>ι</strong></span> <span class='ocrx_word' id='word_1_558' title='bbox 2292 3015 2758 3089; x_wconf 85' lang='grc' dir='ltr'>Τεταλαιπὼρηκε</span> <span class='ocrx_word' id='word_1_559' title='bbox 2802 3014 2911 3085; x_wconf 78' lang='grc' dir='ltr'><strong>γάρ</strong></span> <span class='ocrx_word' id='word_1_560' title='bbox 2957 3018 3123 3079; x_wconf 84' lang='grc' dir='ltr'>σῖτος,</span> <span class='ocrx_word' id='word_1_561' title='bbox 3156 3013 3427 3085; x_wconf 78' lang='grc' dir='ltr'>ἐξηράνθη</span> <span class='ocrx_word' id='word_1_562' title='bbox 3470 3007 3634 3075; x_wconf 71' lang='grc' dir='ltr'>οἰνος,</span> <span class='ocrx_word' id='word_1_563' title='bbox 3676 3011 3826 3065; x_wconf 77' lang='grc' dir='ltr'>ὡλιο</span> 
     </span>
    </p>
   </div>
   <div class='ocr_carea' id='block_1_76' title="bbox 2234 3104 3829 3181">
    <p class='ocr_par' dir='ltr' id='par_1_76' title="bbox 2234 3104 3829 3181">
     <span class='ocr_line' id='line_1_76' title="bbox 2234 3104 3829 3181; baseline -0.005 -17"><span class='ocrx_word' id='word_1_564' title='bbox 2234 3110 2388 3181; x_wconf 85' lang='grc' dir='ltr'>γώθη</span> <span class='ocrx_word' id='word_1_565' title='bbox 2442 3108 2641 3162; x_wconf 74' lang='grc' dir='ltr'>ἔλαιον.</span> <span class='ocrx_word' id='word_1_566' title='bbox 2702 3106 3133 3179; x_wconf 81' lang='grc' dir='ltr'>Ἐξηράνθησαν,</span> <span class='ocrx_word' id='word_1_567' title='bbox 3181 3124 3201 3157; x_wconf 76' lang='grc' dir='ltr'><strong>ι</strong></span> <span class='ocrx_word' id='word_1_568' title='bbox 3246 3106 3561 3168; x_wconf 79' lang='grc' dir='ltr'>τουτέστιν,</span> <span class='ocrx_word' id='word_1_569' title='bbox 3600 3104 3829 3174; x_wconf 72' lang='grc' dir='ltr'>οἴχεται</span> 
     </span>
    </p>
   </div>
   <div class='ocr_carea' id='block_1_77' title="bbox 2236 3189 3825 3267">
    <p class='ocr_par' dir='ltr' id='par_1_77' title="bbox 2236 3189 3825 3267">
     <span class='ocr_line' id='line_1_77' title="bbox 2236 3189 3825 3267; baseline -0.006 -14"><span class='ocrx_word' id='word_1_570' title='bbox 2236 3202 2417 3255; x_wconf 84' lang='grc' dir='ltr'>πάντα</span> <span class='ocrx_word' id='word_1_571' title='bbox 2445 3198 2515 3252; x_wconf 83' lang='grc' dir='ltr'>τὰ</span> <span class='ocrx_word' id='word_1_572' title='bbox 2536 3198 2594 3264; x_wconf 84' lang='grc' dir='ltr'>ἐξ</span> <span class='ocrx_word' id='word_1_573' title='bbox 2624 3197 2814 3267; x_wconf 83' lang='grc' dir='ltr'>αὐτῆς,</span> <span class='ocrx_word' id='word_1_574' title='bbox 2838 3197 2931 3249; x_wconf 74' lang='grc' dir='ltr'><strong>καὶ</strong></span> <span class='ocrx_word' id='word_1_575' title='bbox 2957 3195 3024 3248; x_wconf 88' lang='grc' dir='ltr'><strong>τά</strong></span> <span class='ocrx_word' id='word_1_576' title='bbox 3050 3196 3132 3265; x_wconf 81' lang='grc' dir='ltr'><strong>ἐφ’</strong></span> <span class='ocrx_word' id='word_1_577' title='bbox 3163 3189 3242 3257; x_wconf 79' lang='grc' dir='ltr'>οἷς</span> <span class='ocrx_word' id='word_1_578' title='bbox 3266 3189 3335 3266; x_wconf 75' lang='grc' dir='ltr'><strong>ἦν</strong></span> <span class='ocrx_word' id='word_1_579' title='bbox 3365 3195 3510 3258; x_wconf 77' lang='grc' dir='ltr'>εἰκὸς</span> <span class='ocrx_word' id='word_1_580' title='bbox 3536 3193 3825 3246; x_wconf 67' lang='grc' dir='ltr'>καταϐαυ-</span> 
     </span>
    </p>
   </div>
   <div class='ocr_carea' id='block_1_78' title="bbox 2158 3271 3833 3365">
    <p class='ocr_par' dir='ltr' id='par_1_78' title="bbox 2158 3271 3833 3365">
     <span class='ocr_line' id='line_1_78' title="bbox 2158 3271 3833 3365; baseline -0.008 -16"><span class='ocrx_word' id='word_1_581' title='bbox 2158 3271 2206 3332; x_wconf 76' lang='lat' dir='ltr'><strong>c&#39;</strong></span> <span class='ocrx_word' id='word_1_582' title='bbox 2240 3292 2509 3365; x_wconf 77' lang='grc' dir='ltr'>μάξεσθαι</span> <span class='ocrx_word' id='word_1_583' title='bbox 2530 3290 2671 3351; x_wconf 83' lang='grc' dir='ltr'>λίαν,</span> <span class='ocrx_word' id='word_1_584' title='bbox 2698 3287 2773 3353; x_wconf 86' lang='grc' dir='ltr'>ὼς</span> <span class='ocrx_word' id='word_1_585' title='bbox 2816 3286 3045 3356; x_wconf 81' lang='grc' dir='ltr'>καρπῶν</span> <span class='ocrx_word' id='word_1_586' title='bbox 3075 3285 3295 3355; x_wconf 79' lang='grc' dir='ltr'>ἀγαθῶν</span> <span class='ocrx_word' id='word_1_587' title='bbox 3334 3286 3539 3357; x_wconf 82' lang='grc' dir='ltr'>μητέρα</span> <span class='ocrx_word' id='word_1_588' title='bbox 3569 3285 3661 3339; x_wconf 77' lang='grc' dir='ltr'>καὶ</span> <span class='ocrx_word' id='word_1_589' title='bbox 3685 3301 3833 3355; x_wconf 84' lang='grc' dir='ltr'>τρο-</span> 
     </span>
    </p>
   </div>
   <div class='ocr_carea' id='block_1_79' title="bbox 2236 3376 3835 3455">
    <p class='ocr_par' dir='ltr' id='par_1_79' title="bbox 2236 3376 3835 3455">
     <span class='ocr_line' id='line_1_79' title="bbox 2236 3376 3835 3455; baseline -0.006 -17"><span class='ocrx_word' id='word_1_590' title='bbox 2236 3385 2355 3455; x_wconf 81' lang='grc' dir='ltr'><strong>φόν.</strong></span> <span class='ocrx_word' id='word_1_591' title='bbox 2390 3383 2503 3437; x_wconf 70' lang='grc' dir='ltr'><strong>Καὶ</strong></span> <span class='ocrx_word' id='word_1_592' title='bbox 2530 3382 2687 3435; x_wconf 73' lang='grc' dir='ltr'>ταυτὶ</span> <span class='ocrx_word' id='word_1_593' title='bbox 2735 3380 2835 3451; x_wconf 86' lang='grc' dir='ltr'><strong>μὲν</strong></span> <span class='ocrx_word' id='word_1_594' title='bbox 2882 3381 3014 3450; x_wconf 77' lang='grc' dir='ltr'>ημῖν</span> <span class='ocrx_word' id='word_1_595' title='bbox 3055 3378 3131 3443; x_wconf 87' lang='grc' dir='ltr'>ὡς</span> <span class='ocrx_word' id='word_1_596' title='bbox 3157 3381 3216 3432; x_wconf 88' lang='grc' dir='ltr'><strong>ἐν</strong></span> <span class='ocrx_word' id='word_1_597' title='bbox 3254 3378 3536 3448; x_wconf 87' lang='grc' dir='ltr'>αἰσθηταῖς</span> <span class='ocrx_word' id='word_1_598' title='bbox 3570 3376 3835 3449; x_wconf 77' lang='grc' dir='ltr'>εἰρήσθω·</span> 
     </span>
    </p>
   </div>
   <div class='ocr_carea' id='block_1_80' title="bbox 2235 3476 2489 3549">
    <p class='ocr_par' dir='ltr' id='par_1_80' title="bbox 2235 3476 2489 3549">
     <span class='ocr_line' id='line_1_80' title="bbox 2235 3476 2489 3549; baseline -0.008 -18"><span class='ocrx_word' id='word_1_599' title='bbox 2235 3476 2489 3549; x_wconf 83' lang='grc' dir='ltr'>πράξεσι.</span> 
     </span>
    </p>
   </div>
   <div class='ocr_carea' id='block_1_81' title="bbox 2304 3560 3823 3637">
    <p class='ocr_par' dir='ltr' id='par_1_81' title="bbox 2304 3560 3823 3637">
     <span class='ocr_line' id='line_1_81' title="bbox 2304 3560 3823 3637; baseline -0.006 -16"><span class='ocrx_word' id='word_1_600' title='bbox 2304 3565 2802 3637; x_wconf 78' lang='grc' dir='ltr'>Καταθρηνήσειγε</span> <span class='ocrx_word' id='word_1_601' title='bbox 2839 3563 2945 3637; x_wconf 80' lang='grc' dir='ltr'><strong>μὴν</strong></span> <span class='ocrx_word' id='word_1_602' title='bbox 2964 3564 3091 3629; x_wconf 77' lang='grc' dir='ltr'>πᾶς,</span> <span class='ocrx_word' id='word_1_603' title='bbox 3116 3562 3264 3627; x_wconf 80' lang='grc' dir='ltr'>εῐτίς</span> <span class='ocrx_word' id='word_1_604' title='bbox 3295 3565 3412 3616; x_wconf 79' lang='grc' dir='ltr'>ἐστι</span> <span class='ocrx_word' id='word_1_605' title='bbox 3446 3560 3823 3631; x_wconf 78' lang='grc' dir='ltr'>δοκιμώτατος</span> 
     </span>
    </p>
   </div>
   <div class='ocr_carea' id='block_1_82' title="bbox 2236 3652 3819 3733">
    <p class='ocr_par' dir='ltr' id='par_1_82' title="bbox 2236 3652 3819 3733">
     <span class='ocr_line' id='line_1_82' title="bbox 2236 3652 3819 3733; baseline -0.006 -20"><span class='ocrx_word' id='word_1_606' title='bbox 2236 3661 2435 3733; x_wconf 72' lang='grc' dir='ltr'>ἱερεὺς,</span> <span class='ocrx_word' id='word_1_607' title='bbox 2460 3658 2583 3721; x_wconf 74' lang='grc' dir='ltr'>τοὺς</span> <span class='ocrx_word' id='word_1_608' title='bbox 2616 3657 2675 3722; x_wconf 81' lang='grc' dir='ltr'>ἐξ</span> <span class='ocrx_word' id='word_1_609' title='bbox 2705 3656 2944 3727; x_wconf 79' lang='grc' dir='ltr'>ἀμέτρου</span> <span class='ocrx_word' id='word_1_610' title='bbox 2992 3652 3416 3727; x_wconf 79' lang='grc' dir='ltr'>φρενοϐλαϐείας</span> <span class='ocrx_word' id='word_1_611' title='bbox 3467 3653 3562 3716; x_wconf 81' lang='grc' dir='ltr'>τὴν</span> <span class='ocrx_word' id='word_1_612' title='bbox 3592 3652 3689 3704; x_wconf 78' lang='grc' dir='ltr'>διὰ</span> <span class='ocrx_word' id='word_1_613' title='bbox 3734 3652 3819 3704; x_wconf 80' lang='grc' dir='ltr'><strong>πί-</strong></span> 
     </span>
    </p>
   </div>
   <div class='ocr_carea' id='block_1_83' title="bbox 2238 3744 3822 3818">
    <p class='ocr_par' dir='ltr' id='par_1_83' title="bbox 2238 3744 3822 3818">
     <span class='ocr_line' id='line_1_83' title="bbox 2238 3744 3822 3818; baseline -0.004 -17"><span class='ocrx_word' id='word_1_614' title='bbox 2238 3766 2406 3811; x_wconf 87' lang='grc' dir='ltr'>στεως</span> <span class='ocrx_word' id='word_1_615' title='bbox 2452 3748 2720 3818; x_wconf 84' lang='grc' dir='ltr'>κάθαρσιν</span> <span class='ocrx_word' id='word_1_616' title='bbox 2751 3746 2812 3801; x_wconf 84' lang='grc' dir='ltr'><strong>οὐ</strong></span> <span class='ocrx_word' id='word_1_617' title='bbox 2854 3746 3269 3817; x_wconf 79' lang='grc' dir='ltr'>προσιεμένους,</span> <span class='ocrx_word' id='word_1_618' title='bbox 3317 3745 3417 3798; x_wconf 77' lang='grc' dir='ltr'><strong>οὐκ</strong></span> <span class='ocrx_word' id='word_1_619' title='bbox 3460 3744 3822 3814; x_wconf 71' lang='grc' dir='ltr'>ἠγαπηκότας</span> 
     </span>
    </p>
   </div>
   <div class='ocr_carea' id='block_1_84' title="bbox 2234 3835 3823 3909">
    <p class='ocr_par' dir='ltr' id='par_1_84' title="bbox 2234 3835 3823 3909">
     <span class='ocr_line' id='line_1_84' title="bbox 2234 3835 3823 3909; baseline -0.005 -15"><span class='ocrx_word' id='word_1_620' title='bbox 2234 3840 2292 3894; x_wconf 79' lang='grc' dir='ltr'>δὲ</span> <span class='ocrx_word' id='word_1_621' title='bbox 2334 3841 2396 3894; x_wconf 85' lang='grc' dir='ltr'><strong>τὸ</strong></span> <span class='ocrx_word' id='word_1_622' title='bbox 2431 3838 2751 3908; x_wconf 77' lang='grc' dir='ltr'>ἀγιάζεσθαι</span> <span class='ocrx_word' id='word_1_623' title='bbox 2788 3837 2941 3909; x_wconf 80' lang='grc' dir='ltr'><strong>παρά</strong></span> <span class='ocrx_word' id='word_1_624' title='bbox 2988 3837 3249 3905; x_wconf 87' lang='grc' dir='ltr'>Χριστοῦ.</span> <span class='ocrx_word' id='word_1_625' title='bbox 3299 3835 3659 3906; x_wconf 84' lang='grc' dir='ltr'>Ἀπομενοῦσι</span> <span class='ocrx_word' id='word_1_626' title='bbox 3713 3836 3823 3906; x_wconf 72' lang='grc' dir='ltr'><strong>γὰρ</strong></span> 
     </span>
    </p>
   </div>
   <div class='ocr_carea' id='block_1_85' title="bbox 2238 3928 3821 4004">
    <p class='ocr_par' dir='ltr' id='par_1_85' title="bbox 2238 3928 3821 4004">
     <span class='ocr_line' id='line_1_85' title="bbox 2238 3928 3821 4004; baseline -0.003 -19"><span class='ocrx_word' id='word_1_627' title='bbox 2238 3934 2435 4004; x_wconf 77' lang='grc' dir='ltr'>ἔρημοι</span> <span class='ocrx_word' id='word_1_628' title='bbox 2466 3932 2645 4001; x_wconf 81' lang='grc' dir='ltr'>πάντη</span> <span class='ocrx_word' id='word_1_629' title='bbox 2670 3947 2727 3983; x_wconf 91' lang='grc' dir='ltr'><strong>τε</strong></span> <span class='ocrx_word' id='word_1_630' title='bbox 2769 3929 2865 3984; x_wconf 77' lang='grc' dir='ltr'><strong>καὶ</strong></span> <span class='ocrx_word' id='word_1_631' title='bbox 2896 3928 3115 3993; x_wconf 82' lang='grc' dir='ltr'>πάντως</span> <span class='ocrx_word' id='word_1_632' title='bbox 3136 3929 3236 3999; x_wconf 83' lang='grc' dir='ltr'>τῆς</span> <span class='ocrx_word' id='word_1_633' title='bbox 3256 3930 3454 3999; x_wconf 78' lang='grc' dir='ltr'>νοητῆς</span> <span class='ocrx_word' id='word_1_634' title='bbox 3489 3928 3821 3997; x_wconf 75' lang='grc' dir='ltr'>εὐκαρπίας,</span> 
     </span>
    </p>
   </div>
   <div class='ocr_carea' id='block_1_86' title="bbox 2238 4017 3823 4095">
    <p class='ocr_par' dir='ltr' id='par_1_86' title="bbox 2238 4017 3823 4095">
     <span class='ocr_line' id='line_1_86' title="bbox 2238 4017 3823 4095; baseline -0.005 -18"><span class='ocrx_word' id='word_1_635' title='bbox 2238 4026 2333 4078; x_wconf 73' lang='grc' dir='ltr'><strong>καὶ</strong></span> <span class='ocrx_word' id='word_1_636' title='bbox 2358 4027 2413 4077; x_wconf 82' lang='grc' dir='ltr'><strong>ἐν</strong></span> <span class='ocrx_word' id='word_1_637' title='bbox 2448 4022 2622 4093; x_wconf 76' lang='grc' dir='ltr'>ἐνδείᾳ</span> <span class='ocrx_word' id='word_1_638' title='bbox 2641 4020 2843 4095; x_wconf 74' lang='grc' dir='ltr'>παντὸς</span> <span class='ocrx_word' id='word_1_639' title='bbox 2865 4020 3077 4074; x_wconf 76' lang='grc' dir='ltr'>ἔσονται</span> <span class='ocrx_word' id='word_1_640' title='bbox 3109 4019 3209 4074; x_wconf 84' lang='grc' dir='ltr'><strong>τοῦ</strong></span> <span class='ocrx_word' id='word_1_641' title='bbox 3232 4020 3452 4090; x_wconf 72' lang='grc' dir='ltr'>τρέφειν</span> <span class='ocrx_word' id='word_1_642' title='bbox 3472 4019 3697 4080; x_wconf 71' lang='grc' dir='ltr'>εἰδότος,</span> <span class='ocrx_word' id='word_1_643' title='bbox 3729 4017 3823 4070; x_wconf 73' lang='grc' dir='ltr'>καὶ</span> 
     </span>
    </p>
   </div>
   <div class='ocr_carea' id='block_1_87' title="bbox 2239 4108 3821 4182">
    <p class='ocr_par' dir='ltr' id='par_1_87' title="bbox 2239 4108 3821 4182">
     <span class='ocr_line' id='line_1_87' title="bbox 2239 4108 3821 4182; baseline -0.005 -16"><span class='ocrx_word' id='word_1_644' title='bbox 2239 4116 2317 4177; x_wconf 81' lang='grc' dir='ltr'><strong>εἰς</strong></span> <span class='ocrx_word' id='word_1_645' title='bbox 2357 4112 2606 4182; x_wconf 86' lang='grc' dir='ltr'>ἀνδρείαν</span> <span class='ocrx_word' id='word_1_646' title='bbox 2659 4111 2855 4173; x_wconf 76' lang='grc' dir='ltr'>αὐτοὺς</span> <span class='ocrx_word' id='word_1_647' title='bbox 2884 4111 2985 4181; x_wconf 81' lang='grc' dir='ltr'><strong>τὴν</strong></span> <span class='ocrx_word' id='word_1_648' title='bbox 3014 4111 3392 4180; x_wconf 84' lang='grc' dir='ltr'>πνευματικὴν</span> <span class='ocrx_word' id='word_1_649' title='bbox 3433 4108 3821 4178; x_wconf 78' lang='grc' dir='ltr'>ἀναφέροντος,</span> 
     </span>
    </p>
   </div>
   <div class='ocr_carea' id='block_1_88' title="bbox 2240 4198 3815 4273">
    <p class='ocr_par' dir='ltr' id='par_1_88' title="bbox 2240 4198 3815 4273">
     <span class='ocr_line' id='line_1_88' title="bbox 2240 4198 3815 4273; baseline -0.004 -15"><span class='ocrx_word' id='word_1_650' title='bbox 2240 4207 2384 4258; x_wconf 87' lang='grc' dir='ltr'>σῖτον</span> <span class='ocrx_word' id='word_1_651' title='bbox 2415 4204 2509 4258; x_wconf 76' lang='grc' dir='ltr'><strong>καὶ</strong></span> <span class='ocrx_word' id='word_1_652' title='bbox 2539 4198 2681 4256; x_wconf 79' lang='grc' dir='ltr'>οἶνον</span> <span class='ocrx_word' id='word_1_653' title='bbox 2707 4202 2809 4259; x_wconf 80' lang='grc' dir='ltr'><strong>οὐκ</strong></span> <span class='ocrx_word' id='word_1_654' title='bbox 2844 4201 3078 4273; x_wconf 78' lang='grc' dir='ltr'>ἔχοντες,</span> <span class='ocrx_word' id='word_1_655' title='bbox 3120 4200 3354 4270; x_wconf 75' lang='grc' dir='ltr'>καὶτῆς</span> <span class='ocrx_word' id='word_1_656' title='bbox 3397 4200 3577 4255; x_wconf 83' lang='grc' dir='ltr'>ἐλαίου</span> <span class='ocrx_word' id='word_1_657' title='bbox 3618 4200 3815 4271; x_wconf 84' lang='grc' dir='ltr'>χρείας</span> 
     </span>
    </p>
   </div>
   <div class='ocr_carea' id='block_1_89' title="bbox 2239 4290 3823 4369">
    <p class='ocr_par' dir='ltr' id='par_1_89' title="bbox 2239 4290 3823 4369">
     <span class='ocr_line' id='line_1_89' title="bbox 2239 4290 3823 4369; baseline -0.004 -18"><span class='ocrx_word' id='word_1_658' title='bbox 2239 4296 2625 4369; x_wconf 72' lang='grc' dir='ltr'>ἐστερημένοι·</span> <span class='ocrx_word' id='word_1_659' title='bbox 2657 4294 2914 4367; x_wconf 84' lang='grc' dir='ltr'>μυστικὸς</span> <span class='ocrx_word' id='word_1_660' title='bbox 2956 4291 3066 4364; x_wconf 80' lang='grc' dir='ltr'>γὰρ</span> <span class='ocrx_word' id='word_1_661' title='bbox 3101 4292 3131 4345; x_wconf 79' lang='grc' dir='ltr'>ὀ</span> <span class='ocrx_word' id='word_1_662' title='bbox 3161 4290 3342 4361; x_wconf 82' lang='grc' dir='ltr'>λόγος.</span> <span class='ocrx_word' id='word_1_663' title='bbox 3395 4290 3518 4345; x_wconf 67' lang='lat' dir='ltr'><strong>&quot;Ott</strong></span> <span class='ocrx_word' id='word_1_664' title='bbox 3552 4293 3664 4354; x_wconf 86' lang='grc' dir='ltr'>τοῖς</span> <span class='ocrx_word' id='word_1_665' title='bbox 3723 4292 3823 4363; x_wconf 81' lang='grc' dir='ltr'>μὲν</span> 
     </span>
    </p>
   </div>
   <div class='ocr_carea' id='block_1_90' title="bbox 2239 4381 3823 4464">
    <p class='ocr_par' dir='ltr' id='par_1_90' title="bbox 2239 4381 3823 4464">
     <span class='ocr_line' id='line_1_90' title="bbox 2239 4381 3823 4464; baseline -0.008 -18"><span class='ocrx_word' id='word_1_666' title='bbox 2239 4391 2336 4464; x_wconf 80' lang='grc' dir='ltr'><strong>τὴν</strong></span> <span class='ocrx_word' id='word_1_667' title='bbox 2374 4391 2552 4445; x_wconf 80' lang='grc' dir='ltr'>πίστιν</span> <span class='ocrx_word' id='word_1_668' title='bbox 2580 4389 2978 4461; x_wconf 84' lang='grc' dir='ltr'>προσιεμένοις,</span> <span class='ocrx_word' id='word_1_669' title='bbox 3008 4383 3199 4438; x_wconf 78' lang='grc' dir='ltr'>ἐαυτὸν</span> <span class='ocrx_word' id='word_1_670' title='bbox 3227 4381 3535 4455; x_wconf 81' lang='grc' dir='ltr'>παραθήσει</span> <span class='ocrx_word' id='word_1_671' title='bbox 3586 4383 3823 4453; x_wconf 84' lang='grc' dir='ltr'>Χριστὸς</span> 
     </span>
    </p>
   </div>
   <div class='ocr_carea' id='block_1_91' title="bbox 2241 4473 3819 4555">
    <p class='ocr_par' dir='ltr' id='par_1_91' title="bbox 2241 4473 3819 4555">
     <span class='ocr_line' id='line_1_91' title="bbox 2241 4473 3819 4555; baseline -0.004 -18"><span class='ocrx_word' id='word_1_672' title='bbox 2241 4484 2317 4548; x_wconf 84' lang='grc' dir='ltr'>ὠς</span> <span class='ocrx_word' id='word_1_673' title='bbox 2339 4484 2509 4555; x_wconf 82' lang='grc' dir='ltr'>ἄρτον</span> <span class='ocrx_word' id='word_1_674' title='bbox 2534 4481 2680 4552; x_wconf 76' lang='grc' dir='ltr'>ζωῆς</span> <span class='ocrx_word' id='word_1_675' title='bbox 2711 4480 2936 4550; x_wconf 79' lang='grc' dir='ltr'>(ἔφασκε</span> <span class='ocrx_word' id='word_1_676' title='bbox 2962 4477 3070 4547; x_wconf 85' lang='grc' dir='ltr'><strong>γάρ</strong></span> <span class='ocrx_word' id='word_1_677' title='bbox 3088 4493 3105 4507; x_wconf 74' lang='grc' dir='ltr'><strong>ο</strong></span> <span class='ocrx_word' id='word_1_678' title='bbox 3133 4494 3152 4528; x_wconf 76' lang='grc' dir='ltr'><strong>ι</strong></span> <span class='ocrx_word' id='word_1_679' title='bbox 3175 4473 3317 4545; x_wconf 83' lang='grc' dir='ltr'><strong>Ἐγώ</strong></span> <span class='ocrx_word' id='word_1_680' title='bbox 3345 4475 3458 4545; x_wconf 86' lang='grc' dir='ltr'>εἰμι</span> <span class='ocrx_word' id='word_1_681' title='bbox 3482 4477 3510 4528; x_wconf 90' lang='grc' dir='ltr'><strong>ὀ</strong></span> <span class='ocrx_word' id='word_1_682' title='bbox 3538 4476 3703 4546; x_wconf 83' lang='grc' dir='ltr'>ἄρτος</span> <span class='ocrx_word' id='word_1_683' title='bbox 3721 4475 3819 4544; x_wconf 75' lang='grc' dir='ltr'><strong>τῆς</strong></span> 
     </span>
    </p>
   </div>
   <div class='ocr_carea' id='block_1_92' title="bbox 2242 4567 3816 4649">
    <p class='ocr_par' dir='ltr' id='par_1_92' title="bbox 2242 4567 3816 4649">
     <span class='ocr_line' id='line_1_92' title="bbox 2242 4567 3816 4649; baseline -0.004 -19"><span class='ocrx_word' id='word_1_684' title='bbox 2242 4575 2389 4649; x_wconf 77' lang='grc' dir='ltr'>ζωῆς</span> <span class='ocrx_word' id='word_1_685' title='bbox 2416 4576 2484 4644; x_wconf 76' lang='grc' dir='ltr'>ι),</span> <span class='ocrx_word' id='word_1_686' title='bbox 2537 4574 2613 4637; x_wconf 84' lang='grc' dir='ltr'>ὼς</span> <span class='ocrx_word' id='word_1_687' title='bbox 2638 4570 2779 4625; x_wconf 84' lang='grc' dir='ltr'>οἶνον</span> <span class='ocrx_word' id='word_1_688' title='bbox 2821 4570 3180 4640; x_wconf 72' lang='grc' dir='ltr'>εὑῲραίνοντα</span> <span class='ocrx_word' id='word_1_689' title='bbox 3230 4570 3461 4641; x_wconf 85' lang='grc' dir='ltr'>καρδίαν</span> <span class='ocrx_word' id='word_1_690' title='bbox 3511 4567 3816 4639; x_wconf 75' lang='grc' dir='ltr'>ἀνθρώπου.</span> 
     </span>
    </p>
   </div>
   <div class='ocr_carea' id='block_1_93' title="bbox 2241 4661 3820 4736">
    <p class='ocr_par' dir='ltr' id='par_1_93' title="bbox 2241 4661 3820 4736">
     <span class='ocr_line' id='line_1_93' title="bbox 2241 4661 3820 4736; baseline -0.006 -14"><span class='ocrx_word' id='word_1_691' title='bbox 2241 4668 2407 4732; x_wconf 79' lang='grc' dir='ltr'>Σύνες</span> <span class='ocrx_word' id='word_1_692' title='bbox 2435 4666 2595 4720; x_wconf 81' lang='grc' dir='ltr'>πάλιν</span> <span class='ocrx_word' id='word_1_693' title='bbox 2614 4667 2641 4719; x_wconf 85' lang='grc' dir='ltr'><strong>ὅ</strong></span> <span class='ocrx_word' id='word_1_694' title='bbox 2666 4682 2831 4736; x_wconf 75' lang='grc' dir='ltr'>φημι.</span> <span class='ocrx_word' id='word_1_695' title='bbox 2870 4664 3281 4734; x_wconf 81' lang='grc' dir='ltr'>Καταχρίσουσι</span> <span class='ocrx_word' id='word_1_696' title='bbox 3307 4662 3364 4715; x_wconf 77' lang='grc' dir='ltr'>δὲ</span> <span class='ocrx_word' id='word_1_697' title='bbox 3394 4662 3487 4715; x_wconf 72' lang='grc' dir='ltr'>καὶ</span> <span class='ocrx_word' id='word_1_698' title='bbox 3518 4662 3681 4733; x_wconf 77' lang='grc' dir='ltr'>ἐλαίῳ</span> <span class='ocrx_word' id='word_1_699' title='bbox 3701 4702 3715 4724; x_wconf 86' lang='grc'><strong>,</strong></span> <span class='ocrx_word' id='word_1_700' title='bbox 3743 4661 3820 4731; x_wconf 75' lang='grc' dir='ltr'>τῷ</span> 
     </span>
    </p>
   </div>
   <div class='ocr_carea' id='block_1_94' title="bbox 569 4739 2128 4834">
    <p class='ocr_par' dir='ltr' id='par_1_94' title="bbox 569 4739 2128 4809">
     <span class='ocr_line' id='line_1_94' title="bbox 569 4739 2128 4809; baseline 0.006 -18"><span class='ocrx_word' id='word_1_701' title='bbox 569 4753 698 4807; x_wconf 89' lang='lat' dir='ltr'><strong>pare</strong></span> <span class='ocrx_word' id='word_1_702' title='bbox 736 4739 1084 4809; x_wconf 84' lang='lat' dir='ltr'><strong>intelligitur.</strong></span> <span class='ocrx_word' id='word_1_703' title='bbox 1121 4740 1469 4797; x_wconf 79' lang='lat' dir='ltr'><strong>Voluntatem</strong></span> <span class='ocrx_word' id='word_1_704' title='bbox 1511 4752 1690 4797; x_wconf 88' lang='lat' dir='ltr'><strong>autem</strong></span> <span class='ocrx_word' id='word_1_705' title='bbox 1720 4759 1944 4808; x_wconf 63' lang='lat' dir='ltr'><strong>saevam,</strong></span> <span class='ocrx_word' id='word_1_706' title='bbox 1982 4759 2128 4801; x_wconf 89' lang='lat' dir='ltr'><strong>acer-</strong></span> 
     </span>
    </p>
   </div>
   <div class='ocr_carea' id='block_1_95' title="bbox 2232 4739 3814 4834">
    <p class='ocr_par' dir='ltr' id='par_1_95' title="bbox 2240 4754 3814 4834">
     <span class='ocr_line' id='line_1_95' title="bbox 2240 4754 3814 4834; baseline -0.006 -19"><span class='ocrx_word' id='word_1_707' title='bbox 2240 4760 2416 4834; x_wconf 85' lang='grc' dir='ltr'>νοητῷ</span> <span class='ocrx_word' id='word_1_708' title='bbox 2459 4758 2700 4829; x_wconf 83' lang='grc' dir='ltr'>δηλονότι</span> <span class='ocrx_word' id='word_1_709' title='bbox 2743 4758 2837 4811; x_wconf 71' lang='grc' dir='ltr'><strong>καὶ</strong></span> <span class='ocrx_word' id='word_1_710' title='bbox 2870 4757 3187 4825; x_wconf 70' lang='grc' dir='ltr'>ἀγιάζοντι,</span> <span class='ocrx_word' id='word_1_711' title='bbox 3235 4755 3332 4808; x_wconf 78' lang='grc' dir='ltr'><strong>καὶ</strong></span> <span class='ocrx_word' id='word_1_712' title='bbox 3371 4755 3448 4818; x_wconf 80' lang='grc' dir='ltr'>ὡς</span> <span class='ocrx_word' id='word_1_713' title='bbox 3498 4756 3556 4807; x_wconf 82' lang='grc' dir='ltr'><strong>ὲν</strong></span> <span class='ocrx_word' id='word_1_714' title='bbox 3599 4754 3814 4825; x_wconf 73' lang='grc' dir='ltr'>μεθέξει</span> 
     </span>
    </p>
   </div>
   <div class='ocr_carea' id='block_1_96' title="bbox 569 4832 2128 4922">
    <p class='ocr_par' dir='ltr' id='par_1_96' title="bbox 569 4832 2126 4898">
     <span class='ocr_line' id='line_1_96' title="bbox 569 4832 2126 4898; baseline 0.006 -15"><span class='ocrx_word' id='word_1_715' title='bbox 569 4832 690 4885; x_wconf 87' lang='lat' dir='ltr'><strong>ham</strong></span> <span class='ocrx_word' id='word_1_716' title='bbox 717 4841 771 4885; x_wconf 90' lang='lat' dir='ltr'><strong>et</strong></span> <span class='ocrx_word' id='word_1_717' title='bbox 804 4848 832 4885; x_wconf 89' lang='lat' dir='ltr'><strong>a</strong></span> <span class='ocrx_word' id='word_1_718' title='bbox 865 4833 974 4887; x_wconf 84' lang='lat' dir='ltr'><strong>Deo</strong></span> <span class='ocrx_word' id='word_1_719' title='bbox 1003 4834 1255 4898; x_wconf 84' lang='lat' dir='ltr'><strong>alienam,</strong></span> <span class='ocrx_word' id='word_1_720' title='bbox 1288 4847 1531 4891; x_wconf 83' lang='lat' dir='ltr'><strong>mentem</strong></span> <span class='ocrx_word' id='word_1_721' title='bbox 1555 4836 1889 4892; x_wconf 87' lang='lat' dir='ltr'><strong>incredulam</strong></span> <span class='ocrx_word' id='word_1_722' title='bbox 1915 4849 1968 4892; x_wconf 92' lang='lat' dir='ltr'><strong>et</strong></span> <span class='ocrx_word' id='word_1_723' title='bbox 1990 4855 2126 4893; x_wconf 87' lang='lat' dir='ltr'><strong>con-</strong></span> 
     </span>
    </p>
   </div>
   <div class='ocr_carea' id='block_1_97' title="bbox 2232 4832 3819 4922">
    <p class='ocr_par' dir='ltr' id='par_1_97' title="bbox 2240 4832 3819 4922">
     <span class='ocr_line' id='line_1_97' title="bbox 2240 4832 3819 4922; baseline -0.004 -17"><span class='ocrx_word' id='word_1_724' title='bbox 2240 4832 2515 4922; x_wconf 83' lang='grc' dir='ltr'>νοουμένῳ</span> <span class='ocrx_word' id='word_1_725' title='bbox 2545 4849 2644 4921; x_wconf 83' lang='grc' dir='ltr'><strong>τῆς</strong></span> <span class='ocrx_word' id='word_1_726' title='bbox 2669 4847 2801 4919; x_wconf 82' lang='grc' dir='ltr'>παρ’</span> <span class='ocrx_word' id='word_1_727' title='bbox 2842 4847 3007 4903; x_wconf 75' lang='grc' dir='ltr'>αὐτοῦ</span> <span class='ocrx_word' id='word_1_728' title='bbox 3052 4846 3294 4917; x_wconf 85' lang='grc' dir='ltr'>χάριτος.</span> <span class='ocrx_word' id='word_1_729' title='bbox 3330 4847 3469 4911; x_wconf 81' lang='grc' dir='ltr'>Τοὺς</span> <span class='ocrx_word' id='word_1_730' title='bbox 3512 4847 3570 4900; x_wconf 80' lang='grc' dir='ltr'>δὲ</span> <span class='ocrx_word' id='word_1_731' title='bbox 3598 4846 3819 4918; x_wconf 83' lang='grc' dir='ltr'>γνώμην</span> 
     </span>
    </p>
   </div>
   <div class='ocr_carea' id='block_1_98' title="bbox 570 4927 2128 5014">
    <p class='ocr_par' dir='ltr' id='par_1_98' title="bbox 570 4927 2128 5001">
     <span class='ocr_line' id='line_1_98' title="bbox 570 4927 2128 5001; baseline 0.008 -26"><span class='ocrx_word' id='word_1_732' title='bbox 570 4930 861 4989; x_wconf 89' lang='lat' dir='ltr'><strong>tumacem,</strong></span> <span class='ocrx_word' id='word_1_733' title='bbox 889 4940 1108 4994; x_wconf 92' lang='lat' dir='ltr'><strong>prorsus</strong></span> <span class='ocrx_word' id='word_1_734' title='bbox 1150 4927 1386 4997; x_wconf 90' lang='lat' dir='ltr'><strong>inopem,</strong></span> <span class='ocrx_word' id='word_1_735' title='bbox 1417 4938 1472 4984; x_wconf 84' lang='lat' dir='ltr'><strong>et</strong></span> <span class='ocrx_word' id='word_1_736' title='bbox 1497 4928 1762 4985; x_wconf 89' lang='lat' dir='ltr'><strong>bonorum</strong></span> <span class='ocrx_word' id='word_1_737' title='bbox 1808 4947 1928 5001; x_wconf 73' lang='lat' dir='ltr'><strong>quae</strong></span> <span class='ocrx_word' id='word_1_738' title='bbox 1976 4932 2128 4987; x_wconf 80' lang='lat' dir='ltr'><strong>mode</strong></span> 
     </span>
    </p>
   </div>
   <div class='ocr_carea' id='block_1_99' title="bbox 2232 4927 3816 5014">
    <p class='ocr_par' dir='ltr' id='par_1_99' title="bbox 2239 4940 3816 5014">
     <span class='ocr_line' id='line_1_99' title="bbox 2239 4940 3816 5014; baseline -0.003 -18"><span class='ocrx_word' id='word_1_739' title='bbox 2239 4944 2462 5014; x_wconf 75' lang='grc' dir='ltr'>ἔχοντας</span> <span class='ocrx_word' id='word_1_740' title='bbox 2486 4943 2690 5014; x_wconf 80' lang='grc' dir='ltr'>ἀπηνῆ,</span> <span class='ocrx_word' id='word_1_741' title='bbox 2726 4942 2922 5011; x_wconf 80' lang='grc' dir='ltr'>πικρόν</span> <span class='ocrx_word' id='word_1_742' title='bbox 2948 4957 3007 4992; x_wconf 89' lang='grc' dir='ltr'><strong>τε</strong></span> <span class='ocrx_word' id='word_1_743' title='bbox 3049 4942 3144 4993; x_wconf 76' lang='grc' dir='ltr'>καὶ</span> <span class='ocrx_word' id='word_1_744' title='bbox 3181 4940 3467 5008; x_wconf 69' lang='grc' dir='ltr'>ἀφιλόθεον</span> <span class='ocrx_word' id='word_1_745' title='bbox 3499 4940 3645 5005; x_wconf 87' lang='grc' dir='ltr'>νοῦν,</span> <span class='ocrx_word' id='word_1_746' title='bbox 3671 4942 3816 4992; x_wconf 79' lang='grc' dir='ltr'>ἀπει-</span> 
     </span>
    </p>
   </div>
   <div class='ocr_carea' id='block_1_100' title="bbox 571 5014 2128 5106">
    <p class='ocr_par' dir='ltr' id='par_1_100' title="bbox 571 5014 2128 5079">
     <span class='ocr_line' id='line_1_100' title="bbox 571 5014 2128 5079; baseline 0.008 -14"><span class='ocrx_word' id='word_1_747' title='bbox 571 5014 829 5079; x_wconf 81' lang='lat' dir='ltr'><strong>diximus,</strong></span> <span class='ocrx_word' id='word_1_748' title='bbox 870 5018 1095 5073; x_wconf 86' lang='lat' dir='ltr'><strong>omnino</strong></span> <span class='ocrx_word' id='word_1_749' title='bbox 1122 5031 1393 5075; x_wconf 77' lang='lat' dir='ltr'><strong>exsortem</strong></span> <span class='ocrx_word' id='word_1_750' title='bbox 1440 5023 1636 5077; x_wconf 90' lang='lat' dir='ltr'><strong>reddit.</strong></span> <span class='ocrx_word' id='word_1_751' title='bbox 1682 5022 1937 5078; x_wconf 84' lang='lat' dir='ltr'><strong>Sciamus</strong></span> <span class='ocrx_word' id='word_1_752' title='bbox 1975 5025 2128 5077; x_wconf 87' lang='lat' dir='ltr'><strong>etiam</strong></span> 
     </span>
    </p>
   </div>
   <div class='ocr_carea' id='block_1_101' title="bbox 2232 5014 3815 5106">
    <p class='ocr_par' dir='ltr' id='par_1_101' title="bbox 2241 5033 3815 5106">
     <span class='ocr_line' id='line_1_101' title="bbox 2241 5033 3815 5106; baseline -0.003 -18"><span class='ocrx_word' id='word_1_753' title='bbox 2241 5035 2307 5106; x_wconf 85' lang='grc' dir='ltr'>θῆ</span> <span class='ocrx_word' id='word_1_754' title='bbox 2348 5035 2442 5088; x_wconf 79' lang='grc' dir='ltr'><strong>καὶ</strong></span> <span class='ocrx_word' id='word_1_755' title='bbox 2496 5034 2809 5102; x_wconf 83' lang='grc' dir='ltr'>δυσάγωγον</span> <span class='ocrx_word' id='word_1_756' title='bbox 2833 5075 2847 5098; x_wconf 94' lang='grc'><strong>,</strong></span> <span class='ocrx_word' id='word_1_757' title='bbox 2906 5034 3061 5087; x_wconf 82' lang='grc' dir='ltr'>ἐνδεᾶ</span> <span class='ocrx_word' id='word_1_758' title='bbox 3111 5050 3214 5086; x_wconf 82' lang='grc' dir='ltr'>που</span> <span class='ocrx_word' id='word_1_759' title='bbox 3265 5033 3484 5097; x_wconf 79' lang='grc' dir='ltr'>πάντως</span> <span class='ocrx_word' id='word_1_760' title='bbox 3522 5033 3815 5102; x_wconf 68' lang='grc' dir='ltr'>ἀποφανεῖ,</span> 
     </span>
    </p>
   </div>
   <div class='ocr_carea' id='block_1_102' title="bbox 574 5103 2128 5197">
    <p class='ocr_par' dir='ltr' id='par_1_102' title="bbox 574 5103 2128 5188">
     <span class='ocr_line' id='line_1_102' title="bbox 574 5103 2128 5188; baseline 0.01 -31"><span class='ocrx_word' id='word_1_761' title='bbox 574 5103 700 5159; x_wconf 88' lang='lat' dir='ltr'><strong>licet</strong></span> <span class='ocrx_word' id='word_1_762' title='bbox 737 5106 985 5175; x_wconf 85' lang='lat' dir='ltr'><strong>Paulum,</strong></span> <span class='ocrx_word' id='word_1_763' title='bbox 1012 5112 1102 5178; x_wconf 91' lang='lat' dir='ltr'><strong>qui</strong></span> <span class='ocrx_word' id='word_1_764' title='bbox 1137 5114 1501 5168; x_wconf 82' lang='lat' dir='ltr'><strong>sanetilicavit</strong></span> <span class='ocrx_word' id='word_1_765' title='bbox 1540 5116 1888 5185; x_wconf 83' lang='lat' dir='ltr'><strong>Evangelium</strong></span> <span class='ocrx_word' id='word_1_766' title='bbox 1920 5116 1972 5170; x_wconf 94' lang='lat' dir='ltr'><strong>in</strong></span> <span class='ocrx_word' id='word_1_767' title='bbox 2008 5132 2128 5188; x_wconf 82' lang='lat' dir='ltr'><strong>gen-</strong></span> 
     </span>
    </p>
   </div>
   <div class='ocr_carea' id='block_1_103' title="bbox 2232 5103 3819 5197">
    <p class='ocr_par' dir='ltr' id='par_1_103' title="bbox 2242 5103 3819 5197">
     <span class='ocr_line' id='line_1_103' title="bbox 2242 5103 3819 5197; baseline -0.003 -16"><span class='ocrx_word' id='word_1_768' title='bbox 2242 5103 2336 5181; x_wconf 79' lang='grc' dir='ltr'><strong>καί</strong></span> <span class='ocrx_word' id='word_1_769' title='bbox 2363 5125 2639 5189; x_wconf 82' lang='grc' dir='ltr'>παντελῶς</span> <span class='ocrx_word' id='word_1_770' title='bbox 2673 5126 2941 5197; x_wconf 81' lang='grc' dir='ltr'>ἀμέτοχον</span> <span class='ocrx_word' id='word_1_771' title='bbox 2983 5126 3090 5179; x_wconf 92' lang='grc' dir='ltr'><strong>τῶν</strong></span> <span class='ocrx_word' id='word_1_772' title='bbox 3118 5126 3325 5197; x_wconf 84' lang='grc' dir='ltr'>ἀρτίως</span> <span class='ocrx_word' id='word_1_773' title='bbox 3356 5127 3490 5195; x_wconf 80' lang='grc' dir='ltr'>ἡμῖν</span> <span class='ocrx_word' id='word_1_774' title='bbox 3517 5123 3819 5195; x_wconf 84' lang='grc' dir='ltr'>εἰρημένων</span> 
     </span>
    </p>
   </div>
   <div class='ocr_carea' id='block_1_104' title="bbox 574 5194 2128 5291">
    <p class='ocr_par' dir='ltr' id='par_1_104' title="bbox 574 5194 2128 5276">
     <span class='ocr_line' id='line_1_104' title="bbox 574 5194 2128 5276; baseline 0.008 -29"><span class='ocrx_word' id='word_1_775' title='bbox 574 5194 737 5263; x_wconf 91' lang='lat' dir='ltr'><strong>libus,</strong></span> <span class='ocrx_word' id='word_1_776' title='bbox 764 5206 971 5253; x_wconf 87' lang='lat' dir='ltr'><strong>tantum</strong></span> <span class='ocrx_word' id='word_1_777' title='bbox 1027 5215 1132 5256; x_wconf 91' lang='lat' dir='ltr'><strong>non</strong></span> <span class='ocrx_word' id='word_1_778' title='bbox 1187 5203 1468 5261; x_wconf 80' lang='lat' dir='ltr'><strong>deﬂevisse</strong></span> <span class='ocrx_word' id='word_1_779' title='bbox 1508 5207 1816 5262; x_wconf 88' lang='lat' dir='ltr'><strong>incredulos</strong></span> <span class='ocrx_word' id='word_1_780' title='bbox 1850 5221 1913 5261; x_wconf 81' lang='lat' dir='ltr'><strong>ex</strong></span> <span class='ocrx_word' id='word_1_781' title='bbox 1954 5206 2128 5276; x_wconf 64' lang='lat' dir='ltr'><strong>lsrael1</strong></span> 
     </span>
    </p>
   </div>
   <div class='ocr_carea' id='block_1_105' title="bbox 2232 5194 3817 5291">
    <p class='ocr_par' dir='ltr' id='par_1_105' title="bbox 2242 5194 3817 5291">
     <span class='ocr_line' id='line_1_105' title="bbox 2242 5194 3817 5291; baseline -0.003 -18"><span class='ocrx_word' id='word_1_782' title='bbox 2242 5220 2483 5289; x_wconf 87' lang='grc' dir='ltr'>ἀγαθῶν.</span> <span class='ocrx_word' id='word_1_783' title='bbox 2552 5194 2746 5273; x_wconf 82' lang='grc' dir='ltr'>’ἰστέον</span> <span class='ocrx_word' id='word_1_784' title='bbox 2790 5194 2990 5287; x_wconf 43' lang='lat'><strong>65,61:</strong></span> <span class='ocrx_word' id='word_1_785' title='bbox 3028 5220 3122 5273; x_wconf 72' lang='grc' dir='ltr'><strong>καὶ</strong></span> <span class='ocrx_word' id='word_1_786' title='bbox 3157 5194 3712 5291; x_wconf 64' lang='grc' dir='ltr'>λΙαῦλοςίερουργῶν</span> <span class='ocrx_word' id='word_1_787' title='bbox 3741 5218 3817 5277; x_wconf 81' lang='grc' dir='ltr'><strong>εἰς</strong></span> 
     </span>
    </p>
   </div>
   <div class='ocr_carea' id='block_1_106' title="bbox 574 5287 2128 5385">
    <p class='ocr_par' dir='ltr' id='par_1_106' title="bbox 574 5287 2128 5371">
     <span class='ocr_line' id='line_1_106' title="bbox 574 5287 2128 5371; baseline 0.009 -32"><span class='ocrx_word' id='word_1_788' title='bbox 574 5287 726 5359; x_wconf 78' lang='lat' dir='ltr'><strong>cujus</strong></span> <span class='ocrx_word' id='word_1_789' title='bbox 754 5290 976 5345; x_wconf 86' lang='lat' dir='ltr'><strong>verbum</strong></span> <span class='ocrx_word' id='word_1_790' title='bbox 1006 5303 1089 5348; x_wconf 89' lang='lat' dir='ltr'><strong>est</strong></span> <span class='ocrx_word' id='word_1_791' title='bbox 1119 5311 1135 5352; x_wconf 89' lang='lat'><strong>:</strong></span> <span class='ocrx_word' id='word_1_792' title='bbox 1171 5314 1191 5347; x_wconf 72' lang='grc' dir='ltr'><strong>ι</strong></span> <span class='ocrx_word' id='word_1_793' title='bbox 1227 5295 1471 5363; x_wconf 83' lang='lat' dir='ltr'><strong>Tristitia</strong></span> <span class='ocrx_word' id='word_1_794' title='bbox 1497 5310 1580 5354; x_wconf 87' lang='lat' dir='ltr'><strong>est</strong></span> <span class='ocrx_word' id='word_1_795' title='bbox 1611 5298 1742 5354; x_wconf 89' lang='lat' dir='ltr'><strong>mihi</strong></span> <span class='ocrx_word' id='word_1_796' title='bbox 1795 5316 1989 5371; x_wconf 83' lang='lat' dir='ltr'><strong>magna</strong></span> <span class='ocrx_word' id='word_1_797' title='bbox 2030 5301 2079 5333; x_wconf 75' lang='lat'><strong>7°</strong></span> <span class='ocrx_word' id='word_1_798' title='bbox 2118 5320 2128 5353; x_wconf 80' lang='grc' dir='ltr'><strong>ι</strong></span> 
     </span>
    </p>
   </div>
   <div class='ocr_carea' id='block_1_107' title="bbox 2232 5287 3814 5385">
    <p class='ocr_par' dir='ltr' id='par_1_107' title="bbox 2241 5287 3814 5385">
     <span class='ocr_line' id='line_1_107' title="bbox 2241 5287 3814 5385; baseline -0.003 -20"><span class='ocrx_word' id='word_1_799' title='bbox 2241 5287 2309 5366; x_wconf 69' lang='grc' dir='ltr'><strong>τά</strong></span> <span class='ocrx_word' id='word_1_800' title='bbox 2333 5313 2460 5384; x_wconf 72' lang='grc' dir='ltr'>ἔθνη</span> <span class='ocrx_word' id='word_1_801' title='bbox 2485 5313 2545 5367; x_wconf 80' lang='grc' dir='ltr'>τὸ</span> <span class='ocrx_word' id='word_1_802' title='bbox 2573 5311 2669 5366; x_wconf 86' lang='grc' dir='ltr'><strong>τοῦ</strong></span> <span class='ocrx_word' id='word_1_803' title='bbox 2720 5310 2958 5385; x_wconf 77' lang='grc' dir='ltr'>Χριστοῦ</span> <span class='ocrx_word' id='word_1_804' title='bbox 2989 5312 3343 5379; x_wconf 80' lang='grc' dir='ltr'>Εὑαγγέλιον,</span> <span class='ocrx_word' id='word_1_805' title='bbox 3373 5287 3656 5382; x_wconf 74' lang='grc' dir='ltr'>μονονουχὶ</span> <span class='ocrx_word' id='word_1_806' title='bbox 3695 5326 3814 5362; x_wconf 86' lang='grc' dir='ltr'>κατ-</span> 
     </span>
    </p>
   </div>
   <div class='ocr_carea' id='block_1_108' title="bbox 574 5383 2128 5475">
    <p class='ocr_par' dir='ltr' id='par_1_108' title="bbox 574 5383 2128 5462">
     <span class='ocr_line' id='line_1_108' title="bbox 574 5383 2128 5462; baseline 0.009 -28"><span class='ocrx_word' id='word_1_807' title='bbox 574 5389 627 5435; x_wconf 93' lang='lat' dir='ltr'><strong>et</strong></span> <span class='ocrx_word' id='word_1_808' title='bbox 660 5383 862 5452; x_wconf 83' lang='lat' dir='ltr'><strong>reliqua</strong></span> <span class='ocrx_word' id='word_1_809' title='bbox 898 5386 1171 5458; x_wconf 91' lang='lat' dir='ltr'><strong>deinceps.</strong></span> <span class='ocrx_word' id='word_1_810' title='bbox 1230 5389 1324 5444; x_wconf 86' lang='lat' dir='ltr'><strong>Est</strong></span> <span class='ocrx_word' id='word_1_811' title='bbox 1374 5400 1551 5446; x_wconf 92' lang='lat' dir='ltr'><strong>autem</strong></span> <span class='ocrx_word' id='word_1_812' title='bbox 1584 5393 1850 5462; x_wconf 86' lang='lat' dir='ltr'><strong>mysticus</strong></span> <span class='ocrx_word' id='word_1_813' title='bbox 1889 5401 1947 5447; x_wconf 90' lang='lat' dir='ltr'><strong>et</strong></span> <span class='ocrx_word' id='word_1_814' title='bbox 1986 5407 2128 5448; x_wconf 73' lang='lat' dir='ltr'><strong>arca«</strong></span> 
     </span>
    </p>
   </div>
   <div class='ocr_carea' id='block_1_109' title="bbox 2232 5383 3812 5475">
    <p class='ocr_par' dir='ltr' id='par_1_109' title="bbox 2243 5383 3812 5475">
     <span class='ocr_line' id='line_1_109' title="bbox 2243 5383 3812 5475; baseline 0.003 -18"><span class='ocrx_word' id='word_1_815' title='bbox 2243 5383 2460 5475; x_wconf 83' lang='grc' dir='ltr'>εθρήνει</span> <span class='ocrx_word' id='word_1_816' title='bbox 2497 5406 2624 5469; x_wconf 76' lang='grc' dir='ltr'>τοὺς</span> <span class='ocrx_word' id='word_1_817' title='bbox 2651 5383 3010 5468; x_wconf 84' lang='grc' dir='ltr'>ἀπειθοῦντας</span> <span class='ocrx_word' id='word_1_818' title='bbox 3047 5404 3106 5470; x_wconf 78' lang='grc' dir='ltr'>ἐξ</span> <span class='ocrx_word' id='word_1_819' title='bbox 3149 5404 3381 5475; x_wconf 82' lang='grc' dir='ltr'>Ἰσραήλ.</span> <span class='ocrx_word' id='word_1_820' title='bbox 3412 5406 3658 5475; x_wconf 75' lang='grc' dir='ltr'>Ἔφασκε</span> <span class='ocrx_word' id='word_1_821' title='bbox 3689 5404 3812 5473; x_wconf 73' lang='grc' dir='ltr'>γὰρ.</span> 
     </span>
    </p>
   </div>
   <div class='ocr_carea' id='block_1_110' title="bbox 578 5476 2128 5569">
    <p class='ocr_par' dir='ltr' id='par_1_110' title="bbox 578 5476 1505 5548">
     <span class='ocr_line' id='line_1_110' title="bbox 578 5476 1505 5548; baseline 0.012 -23"><span class='ocrx_word' id='word_1_822' title='bbox 578 5487 698 5537; x_wconf 76' lang='lat' dir='ltr'><strong>nus,</strong></span> <span class='ocrx_word' id='word_1_823' title='bbox 722 5483 779 5527; x_wconf 94' lang='lat' dir='ltr'><strong>ut</strong></span> <span class='ocrx_word' id='word_1_824' title='bbox 813 5476 946 5541; x_wconf 72' lang='lat' dir='ltr'><strong>dixi,</strong></span> <span class='ocrx_word' id='word_1_825' title='bbox 980 5493 1141 5548; x_wconf 89' lang='lat' dir='ltr'><strong>super</strong></span> <span class='ocrx_word' id='word_1_826' title='bbox 1168 5480 1282 5534; x_wconf 64' lang='lat' dir='ltr'><strong>haec</strong></span> <span class='ocrx_word' id='word_1_827' title='bbox 1306 5497 1505 5536; x_wconf 89' lang='lat' dir='ltr'><strong>sermo.</strong></span> 
     </span>
    </p>
   </div>
   <div class='ocr_carea' id='block_1_111' title="bbox 2232 5476 3812 5569">
    <p class='ocr_par' dir='ltr' id='par_1_111' title="bbox 2248 5497 3812 5569">
     <span class='ocr_line' id='line_1_111' title="bbox 2248 5497 3812 5569; baseline 0.001 -20"><span class='ocrx_word' id='word_1_828' title='bbox 2248 5497 2330 5550; x_wconf 83' lang='grc' dir='ltr'>ὅτι</span> <span class='ocrx_word' id='word_1_829' title='bbox 2359 5498 2545 5569; x_wconf 79' lang='grc' dir='ltr'>«Ᾱύπη</span> <span class='ocrx_word' id='word_1_830' title='bbox 2580 5499 2669 5569; x_wconf 87' lang='grc' dir='ltr'><strong>μοί</strong></span> <span class='ocrx_word' id='word_1_831' title='bbox 2698 5499 2814 5553; x_wconf 88' lang='grc' dir='ltr'>ἐστι</span> <span class='ocrx_word' id='word_1_832' title='bbox 2845 5499 3079 5569; x_wconf 76' lang='grc' dir='ltr'>μεγάλη,</span> <span class='ocrx_word' id='word_1_833' title='bbox 3100 5518 3117 5550; x_wconf 77' lang='grc' dir='ltr'><strong>ι</strong></span> <span class='ocrx_word' id='word_1_834' title='bbox 3148 5500 3242 5553; x_wconf 75' lang='grc' dir='ltr'><strong>καὶ</strong></span> <span class='ocrx_word' id='word_1_835' title='bbox 3265 5499 3335 5553; x_wconf 86' lang='grc' dir='ltr'><strong>τά</strong></span> <span class='ocrx_word' id='word_1_836' title='bbox 3358 5499 3509 5569; x_wconf 78' lang='grc' dir='ltr'><strong>ἑξῆς.</strong></span> <span class='ocrx_word' id='word_1_837' title='bbox 3545 5498 3812 5562; x_wconf 73' lang='grc' dir='ltr'>Μυστικὸς</span> 
     </span>
    </p>
   </div>
   <div class='ocr_carea' id='block_1_112' title="bbox 2251 5590 3843 5664">
    <p class='ocr_par' dir='ltr' id='par_1_112' title="bbox 2251 5590 3843 5664">
     <span class='ocr_line' id='line_1_112' title="bbox 2251 5590 3843 5664; baseline 0.002 -22"><span class='ocrx_word' id='word_1_838' title='bbox 2251 5590 2327 5653; x_wconf 79' lang='grc' dir='ltr'><strong>δὲ,</strong></span> <span class='ocrx_word' id='word_1_839' title='bbox 2369 5590 2443 5654; x_wconf 81' lang='grc' dir='ltr'>ὡς</span> <span class='ocrx_word' id='word_1_840' title='bbox 2488 5591 2643 5662; x_wconf 76' lang='grc' dir='ltr'>ἔφην,</span> <span class='ocrx_word' id='word_1_841' title='bbox 2684 5590 2777 5643; x_wconf 74' lang='grc' dir='ltr'>καὶ</span> <span class='ocrx_word' id='word_1_842' title='bbox 2822 5593 3204 5662; x_wconf 84' lang='grc' dir='ltr'>κεκρυμμένος</span> <span class='ocrx_word' id='word_1_843' title='bbox 3259 5594 3287 5645; x_wconf 80' lang='grc' dir='ltr'><strong>ὁ</strong></span> <span class='ocrx_word' id='word_1_844' title='bbox 3327 5593 3419 5645; x_wconf 71' lang='grc' dir='ltr'><strong>ἐπὶ</strong></span> <span class='ocrx_word' id='word_1_845' title='bbox 3458 5592 3595 5664; x_wconf 84' lang='grc' dir='ltr'>τῷδε</span> <span class='ocrx_word' id='word_1_846' title='bbox 3640 5592 3795 5663; x_wconf 83' lang='grc' dir='ltr'>λόγος</span> <span class='ocrx_word' id='word_1_847' title='bbox 3840 5598 3843 5599; x_wconf 64' lang='grc'><strong><em>⁷</em></strong></span> 
     </span>
    </p>
   </div>
   <div class='ocr_carea' id='block_1_113' title="bbox 646 5842 2128 5925">
    <p class='ocr_par' dir='ltr' id='par_1_113' title="bbox 646 5842 2095 5920">
     <span class='ocr_line' id='line_1_113' title="bbox 646 5842 2095 5920; baseline 0.012 -25"><span class='ocrx_word' id='word_1_848' title='bbox 646 5842 692 5877; x_wconf 76' lang='grc'><strong>⁸⁷</strong></span> <span class='ocrx_word' id='word_1_849' title='bbox 743 5842 910 5897; x_wconf 72' lang='lat' dir='ltr'><strong>Exod.</strong></span> <span class='ocrx_word' id='word_1_850' title='bbox 964 5860 1138 5911; x_wconf 59' lang='grc' dir='ltr'>χχχιι,</span> <span class='ocrx_word' id='word_1_851' title='bbox 1192 5846 1281 5913; x_wconf 82' lang='grc'><strong>51,</strong></span> <span class='ocrx_word' id='word_1_852' title='bbox 1329 5848 1414 5901; x_wconf 71' lang='lat'><strong>5‘2.</strong></span> <span class='ocrx_word' id='word_1_853' title='bbox 1495 5849 1537 5881; x_wconf 77' lang='lat'><strong>&quot;</strong></span> <span class='ocrx_word' id='word_1_854' title='bbox 1590 5849 1725 5907; x_wconf 87' lang='lat' dir='ltr'><strong>Osee</strong></span> <span class='ocrx_word' id='word_1_855' title='bbox 1760 5867 1834 5920; x_wconf 74' lang='lat' dir='ltr'><strong>tv,</strong></span> <span class='ocrx_word' id='word_1_856' title='bbox 1898 5856 1948 5911; x_wconf 89' lang='lat'><strong>8.</strong></span> <span class='ocrx_word' id='word_1_857' title='bbox 2053 5854 2095 5884; x_wconf 64' lang='grc' dir='ltr'>θ’</span> 
     </span>
    </p>
   </div>
   <div class='ocr_carea' id='block_1_114' title="bbox 2232 5842 3469 5925">
    <p class='ocr_par' dir='ltr' id='par_1_114' title="bbox 2232 5856 3469 5925">
     <span class='ocr_line' id='line_1_114' title="bbox 2232 5856 3469 5925; baseline 0.001 -14"><span class='ocrx_word' id='word_1_858' title='bbox 2232 5873 2283 5913; x_wconf 86' lang='lat' dir='ltr'><strong>n.</strong></span> <span class='ocrx_word' id='word_1_859' title='bbox 2327 5873 2399 5921; x_wconf 81' lang='lat' dir='ltr'><strong>Vl,</strong></span> <span class='ocrx_word' id='word_1_860' title='bbox 2432 5856 2487 5909; x_wconf 70' lang='grc'><strong>41</strong></span> <span class='ocrx_word' id='word_1_861' title='bbox 2520 5875 2533 5922; x_wconf 77' lang='lat'>;</span> <span class='ocrx_word' id='word_1_862' title='bbox 2565 5858 2727 5913; x_wconf 71' lang='lat' dir='ltr'><strong>Ereti.</strong></span> <span class='ocrx_word' id='word_1_863' title='bbox 2770 5875 2855 5915; x_wconf 74' lang='lat' dir='ltr'><strong>XL.</strong></span> <span class='ocrx_word' id='word_1_864' title='bbox 2882 5857 2970 5912; x_wconf 74' lang='grc'><strong>20.</strong></span> <span class='ocrx_word' id='word_1_865' title='bbox 3052 5858 3097 5890; x_wconf 75' lang='grc' dir='ltr'><strong>ὀ</strong></span> <span class='ocrx_word' id='word_1_866' title='bbox 3126 5857 3282 5912; x_wconf 75' lang='lat' dir='ltr'><strong>Rom.</strong></span> <span class='ocrx_word' id='word_1_867' title='bbox 3315 5873 3391 5925; x_wconf 72' lang='grc' dir='ltr'>ιι,</span> <span class='ocrx_word' id='word_1_868' title='bbox 3416 5858 3469 5913; x_wconf 72' lang='lat'><strong>2.</strong></span> 
     </span>
    </p>
   </div>
  </div>
