4068 6586
144 400 254 457 555

1071 396 1624 455 COMMENTARIUS
1664 399 1734 453 1N
1774 399 2035 456 JOELEM
2079 402 2515 461 t'itUPIlETAM.

3333 405 3436 460 546

212 520 530 590 l‘suproi,
570 518 837 587 θρηνεῖτε
876 499 1147 587 armatiita
1202 519 1355 588 ὑπὲρ
1411 520 1608 589 πυροῦ
1655 522 1752 575 καὶ

1939 522 2101 579 Vsus.
2138 524 2225 585 Η,
2260 523 2347 576 12.
2395 523 2677 591 Agricola’,
2727 522 2896 593 lugete
2946 487 3299 591 possessiones
3340 541 3436 592 pro

141 610 387 681 κριθῆς,
420 612 527 667 ὅτι
551 613 827 668 ἀπόλωλε
849 609 1139 679 τρυγητὸς
1158 610 1226 675 ἐξ
1256 611 1763 682 ἁγροῦ.“Αμπελος

142 702 500 771 ἐξηράνθη,
537 700 634 757 καὶ
661 705 721 755 αὶ
777 700 968 755 συκαῖ
1004 700 1416 771 ὠλιγώθησαν.
1475 703 1614 758 Ῥοὰ
1664 704 1763 758 καί

143 793 375 864 φοῖνιξ,
402 794 521 848 καὶ
551 793 776 864 μῆλον,
808 794 907 846 καὶ
938 792 1136 847 πάντα
1168 792 1239 847 τὰ
1261 793 1419 858 ξύλα
1445 793 1549 848 τοῦ
1574 795 1762 864 ἀγροῦ

145 884 618 953 ἑξτζράνθησαν,
667 884 755 938 ὅτι
796 885 1082 954 ᾔσχυναν
1125 886 1319 955 χαρὰν
1375 888 1429 940 οἱ
1472 886 1593 942 υἱοί
1645 884 1763 941 τῶν

147 975 533 1043 ἀνθρώπων..
1330 1020 1339 1028 .

241 1068 325 1126 Θ’.
386 1068 610 1134 Πένθος
662 1068 912 1140 ἀληθῶς,
964 1070 1191 1140 ἀλγημά
1236 1086 1295 1122 τε
1358 1069 1454 1124 καὶ
1509 1070 1763 1142 θρῆνημα

146 1165 262 1225 τοῖς
295 1161 541 1214 εἰωθόσι
572 1163 851 1230 γηπονεῖν,
888 1160 996 1215 τῶν
1023 1163 1083 1215 ὲν
1112 1163 1302 1232 ἀγροῖς
1331 1162 1366 1232 ἠ
1395 1162 1758 1234 πανωλεθρία,

151 1254 247 1308 καὶ
282 1251 347 1306 τὺ
377 1253 562 1323 μηδὲν
592 1252 729 1317 ὅλως
759 1255 854 1305 ἀπ’
876 1253 1058 1307 αὐτῶν
1091 1254 1448 1325 συγκομίζειν
1472 1254 1755 1321 δύνασθαι,

154 1347 247 1398 καὶ
289 1345 439 1414 μετὰ
482 1346 731 1416 μακροὺς
768 1345 996 1414 ἱδρῶτας
1032 1343 1145 1397 ἔσθ’
1192 1345 1303 1397 ὅτε.
1350 1339 1467 1398 Αὗα
1495 1344 1554 1397 δὲ
1582 1346 1649 1400 τὰ
1700 1348 1759 1399 ὲν

156 1441 356 1510 κήποις
414 1440 562 1509 όρᾷν
610 1440 717 1493 τῶν
774 1439 946 1504 ξύλων
991 1439 1267 1511 ἐξαίρετα,
1312 1440 1485 1511 ληῖοις
1518 1458 1580 1495 τε
1622 1441 1763 1513 ὁμοῦ

155 1528 250 1590 τὰς
299 1528 603 1596 ἀμπέλους
665 1527 1145 1599 κατεφθαρμὲειας,
1201 1530 1297 1582 καὶ
1334 1532 1503 1601 αὐτὴν
1546 1531 1602 1584 δὲ
1659 1531 1757 1604 τὴν

156 1618 355 1689 ἀγρίαν
382 1618 531 1689 ὕλην
552 1622 665 1680 τοῖς
694 1620 893 1690 κήποις
931 1621 1252 1690 συγκαταφθ
1264 1621 1501 1677 ίνουσαν.
1534 1641 1551 1673 ι
1570 1623 1759 1681 Πάντα

157 1711 284 1780 γὰρ,
314 1710 489 1778 φησὶ,
526 1710 595 1764 τὰ
618 1710 747 1775 ξύλα
762 1711 855 1763 τοῦ
876 1712 1048 1782 ἀγροῦ
1065 1710 1463 1784 ἐξηράνθησαν,
1481 1715 1563 1769 ὅτι
1578 1716 1751 1787 ᾔσχυ-

156 1817 249 1852 ναν
284 1800 537 1874 χαρῆν]
553 1803 661 1857 υἱοὶ
686 1802 794 1856 τῶν
808 1802 1113 1875 ἀνθρώπων
1130 1844 1146 1869 ,
1171 1823 1191 1855 ι
1217 1804 1533 1873 τουτέστιν,
1561 1806 1748 1877 αἰσχύ-

1868 614 2133 684 frumento
2161 626 2209 668 et
2239 613 2456 676 hordeo,
2486 614 2610 683 quia
2657 614 2807 679 periit
2862 615 3122 667 vindemia
3170 631 3235 670 ea:
3284 632 3434 685 agro.

1878 706 2043 761 Vinea
2077 707 2242 771 aruit,
2276 716 2323 760 et
2365 706 2496 773 ﬁcus
2542 704 2834 758 imminuta:
2877 713 3019 757 sunt.
3060 704 3263 760 Malum
3309 724 3435 777 gra-

1867 809 2049 851 natum
2075 838 2090 863 ,
2142 808 2188 852 et
2224 798 2421 866 palma,
2456 807 2502 849 et
2550 796 2772 857 malum,
2815 805 2863 850 et
2906 796 3082 849 omnia
3142 797 3286 867 tigna
3318 800 3437 870 agri

1864 891 2100 959 arefacta
2144 899 2289 955 sunt,
2347 890 2593 960 quoniam
2643 888 2992 957 confuderunt
3032 890 3287 959 gaudium
3335 892 3436 960 lilii

1862 982 2151 1035 hominum.
2734 1020 2737 1023 μ

1934 1072 2029 1127 IX.
2084 1072 2309 1127 Luctum
2352 1072 2470 1126 sine
2528 1069 2711 1133 dubio,
2762 1067 3003 1123 dolorem
3062 1079 3117 1122 et
3173 1068 3433 1138 eiulatum

1864 1179 2021 1227 terra:
2051 1165 2354 1223 cultoribus
2378 1163 2521 1232 parit
2552 1177 2732 1217 rerum
2761 1160 2817 1216 in
2851 1160 2997 1232 agris
3042 1175 3107 1214 ex
3140 1175 3263 1215 asse
3307 1174 3434 1230 per-

1862 1262 2053 1325 nicies,
2091 1275 2211 1315 cum
2245 1257 2378 1313 nihil
2412 1255 2627 1325 penitus
2650 1254 2775 1309 inde
2805 1252 2931 1308 licet
2969 1251 3242 1322 colligere,
3270 1253 3433 1322 idque

1862 1362 1983 1425 post
2004 1353 2191 1423 longos
2218 1350 2446 1405 sudores
2479 1348 2789 1417 aliquando.
2838 1344 2905 1399 Et
2934 1345 3120 1399 videre
3168 1346 3222 1397 in
3260 1346 3433 1398 hortis

1860 1446 2127 1501 arefactas
2154 1443 2378 1497 arbores
2405 1454 2725 1511 generosas,
2783 1444 2837 1491 et
2876 1452 2998 1491 cum
3022 1436 3155 1491 satis
3185 1439 3344 1501 viles,
3377 1448 3433 1491 et

1860 1553 1983 1601 cum
2010 1537 2184 1594 hortis
2209 1535 2373 1591 silvas
2396 1534 2621 1607 periisse
2643 1570 2658 1587 .
2696 1548 2715 1583 ι
2749 1529 2941 1589 Omnia
2970 1530 3113 1585 enim
3139 1531 3283 1600 ligna
3314 1530 3429 1600 agri

1858 1628 2100 1685 arefacta
2152 1634 2279 1683 sunt
2308 1665 2325 1691 ,
2354 1624 2547 1694 inquit,
2600 1625 2857 1694 quoniam
2893 1621 3253 1678 confuderunt
3297 1636 3429 1690 gan-

1860 1721 2010 1775 dium
2043 1719 2137 1774 ﬁlii
2175 1717 2485 1783 hominum,
2510 1734 2532 1767 ›
2561 1717 2664 1772 hoc
2696 1723 2780 1771 est
2810 1752 2825 1780 ,
2875 1714 3211 1769 habitatores
3268 1722 3426 1791 terrae

1857 1811 2210 1866 reddiderunt
2237 1819 2448 1881 tempus
2476 1808 2760 1865 dedecoris
2790 1847 2810 1875 ,
2852 1806 3093 1876 pudoris,
3135 1806 3432 1877 reprehen-

159 1908 253 1961 νης
289 1908 351 1943 τε
401 1892 509 1945 καὶ
556 1893 862 1965 ἐντροπῆς,
902 1894 997 1947 καὶ
1041 1892 1299 1965 ἐλέγχων,
1338 1897 1532 1968 ποινῆς
1561 1915 1620 1951 τε
1653 1900 1751 1952 καὶ

1860 1905 2052 1969 sionis,
2079 1918 2255 1975 poena:
2283 1911 2338 1958 et
2369 1902 2614 1968 ultionis,
2656 1917 2764 1972 quo
2800 1910 3043 1970 tempore
3064 1914 3276 1968 aequum
3315 1908 3433 1954 erat

157 1982 310 2052 δίκης
352 1982 658 2049 ἀπέδειξαν
710 1984 902 2057 καιρὸν
946 1987 995 2039 οἱ
1043 1988 1423 2052 κατοικοῦντες
1466 1990 1564 2060 τὴν
1623 1989 1748 2060 γῆν,

163 2071 284 2124 καθ’
305 2070 365 2123 δν
388 2073 545 2137 εἰκὸς
566 2069 635 2144 ἦν
667 2075 759 2128 καὶ
778 2076 1171 2149 ἀνευρύνεσθαι
1192 2082 1312 2141 ταῖς
1335 2079 1656 2151 εὐημερίαις
1682 2080 1750 2134 ca

160 2162 214 2227 ἐξ
237 2163 429 2235 ἀγρῶν
464 2166 847 2235 συλλέγοντας,
883 2169 975 2223 καὶ
1002 2171 1333 2243 ἀναμετρεῖν
1369 2173 1468 2241 μὲν
1506 2172 1639 2246 σίτῳ
1654 2173 1749 2235 τὰς

163 2255 472 2325 ἀποθήκας,
529 2258 829 2327 ἐπιφωνεῖν
884 2261 943 2313 δὲ
992 2262 1238 2332 τρυγῶσι
1283 2263 1380 2327 τὰς
1437 2263 1749 2335 ἑπιληνίους

162 2344 320 2412 ᾠδὰς,
344 2346 445 2398 καὶ
479 2351 606 2411 ταῖς
626 2349 753 2402 οἰῶν
788 2351 1013 2420 ἀγέλαις
1047 2353 1365 2423 ἐφήδεσθαι,
1403 2354 1663 2425 πλείστης
1688 2373 1743 2409 τε

166 2437 286 2507 ὅσης
351 2439 450 2492 καὶ
513 2440 777 2505 sitas/005;
845 2444 1036 2511 αὑταῖς
1103 2448 1568 2517 παρερριμμένης
1645 2447 1747 2517 τῆς

166 2528 315 2592 πόας.

259 2621 445 2675 Ἔοικε
500 2624 559 2677 δὲ
617 2626 720 2678 κάν
766 2626 903 2697 τῷδε
956 2628 1120 2682 πάλιν
1168 2630 1197 2681 ὁ
1249 2629 1409 2697 λόγος
1466 2632 1747 2701 γεωργοὺς

167 2713 447 2782 ὀνομάζειν
471 2717 887 2787 αἰνιγματωδῶς
910 2722 1038 2785 τοὺς
1068 2722 1176 2775 τῶν
1222 2722 1492 2777 Ἰουδαίων
1530 2726 1745 2797 ταγμά-

172 2819 268 2857 των
291 2809 705 2877 προεστηκότας
731 2812 1070 2880 τοτηνικάδε,
1115 2813 1211 2879 οὓς
1248 2817 1341 2869 καὶ
1370 2815 1480 2869 δεῖν
1512 2817 1616 2886 ἔφη
1651 2834 1747 2871 κα-

170 2893 471 2964 ταθρηνείν,
511 2898 587 2963 ὡς
640 2900 766 2954 ὅσον
811 2902 965 2955 οὓπω
1003 2903 1371 2975 βαδιουμένων
1409 2909 1489 2970 εἰς
1522 2908 1747 2979 ὄλεθρον

174 2985 417 3039 ἁπάντων
468 2989 581 3043 τῶν
632 2992 770 3045 κατά
812 2993 1017 3064 χώραν,
1056 2996 1175 3066 ἦτοι
1204 2997 1312 3051 τῶν
1352 2998 1751 3059 κατοικούντων

172 3076 264 3146 τὴν
285 3079 411 3147 γῆν,
438 3079 490 3131 οἳ
519 3080 615 3133 καὶ
648 3082 707 3134 ἐν
741 3083 892 3148 τάξει
923 3086 1120 3156 πυροῦ,
1154 3088 1250 3141 καὶ
1285 3088 1496 3159 κριθῆς.
1544 3091 1637 3143 καὶ
1660 3090 1749 3154 ξύ-

172 3168 271 3221 λων
304 3168 525 3238 ὡραίων
552 3172 794 3244 νοηθεὴν
814 3176 898 3237 ἄν.
945 3178 1279 3249 Ἐφαρμόσει
1307 3179 1365 3232 δὲ
1406 3180 1514 3243 τῶν
1544 3183 1748 3253 νοημά-

1856 1994 2041 2067 augeri
2105 1995 2258 2049 bona:
2314 1993 2653 2063 tempestatis
2705 1993 2820 2047 dies
2868 1990 2975 2055 his,
3007 1990 3098 2067 qui
3145 1989 3323 2060 fruges
3365 2004 3430 2044 ex

1856 2064 2003 2156 agris
2048 2094 2408 2154 comportant,
2450 2094 2505 2139 et
2546 2084 2666 2140 illos
2713 2083 2986 2139 frumento
3034 2064 3244 2152 istipare
3302 2082 3431 2135 bor-

1858 2196 1970 2244 rea,
2012 2189 2068 2236 et
2108 2180 2439 2236 messoribus
2494 2177 2793 2233 cantilenas
2843 2174 3135 2231 messorias
3162 2173 3428 2238 accinere,

1855 2274 2023 2345 208
2052 2273 2226 2327 laetari
2250 2286 2413 2342 super
2457 2271 2639 2326 ovium
2690 2267 3149 2341 gregibus,.uberi
3194 2275 3249 2322 et
3295 2267 3429 2321 viri-

1855 2365 2002 2418 danti
2043 2364 2208 2419 herba
2243 2376 2303 2418 se
2330 2361 2657 2432 subjiciente
2686 2360 3059 2432 pascentibus.

1925 2632 2151 2688 Videtur
2192 2637 2371 2684 autem
2408 2624 2668 2698 propheta
2717 2623 2810 2678 hic
2860 2613 3427 2683 rursumlludaeortm

1855 2741 1952 2795 per
1988 2725 2039 2779 id
2099 2732 2315 2792 tempus
2369 2717 2627 2789 praesides
2657 2724 2712 2771 et
2739 2722 2978 2769 rectores
3012 2708 3280 2780 agricolas
3331 2721 3429 2760 uo-

1856 2816 2081 2881 minare,
2112 2813 2308 2883 quibus
2333 2809 2622 2878 lugendum
2655 2804 2962 2868 conﬁrmat,
3000 2814 3059 2854 ut
3088 2813 3211 2854 mox
3246 2798 3427 2851 omni-

1855 2912 1954 2964 bus
1986 2907 2076 2978 qui
2112 2908 2164 2961 in
2190 2886 2417 2977 regione
2444 2909 2595 2966 sunt,
2632 2900 2749 2956 sive
2799 2906 3002 2953 terram
3042 2890 3427 2955 incolentibus,

1856 3016 1952 3057 seu
1989 3000 2281 3070 indigenis,
2314 2997 2540 3053 exitium
2564 2995 2618 3049 in
2652 2986 3258 3064 cervicilutsghabituris
3289 3002 3303 3039 :
3334 2986 3425 3054 qui

1855 3082 2071 3163 quidem
2118 3090 2423 3160 indigenae,
2476 3083 2777 3148 frumenti,
2835 3080 3019 3137 hordei
3055 3088 3109 3135 et
3156 3077 3422 3147 lignorum

1855 3185 2221 3256 speciosorum
2245 3178 2527 3235 vocabulis
2562 3174 2894 3244 intelligendi
2926 3182 3074 3227 sunt.
3102 3170 3422 3237 Quanquam

174 3275 272 3311 των
297 3262 329 3330 ή
348 3261 583 3333 δύναμις
603 3265 1051 3338 πρεπωδέστερόν
1079 3283 1181 3324 που
1201 3270 1338 3339 τάχα
1360 3273 1472 3334 τοῖς
1497 3273 1751 3343 Γραμμα-

1857 3280 1946 3333 hic
1973 3289 2166 3332 sensus
2196 3271 2531 3327 commodius
2560 3270 2792 3323 fortasse
2822 3267 2875 3321 in
2917 3264 3137 3321 Scribas
3185 3270 3240 3317 et
3282 3261 3427 3314 Pha-

173 3350 317 3405 τεῠσι
366 3355 466 3406 καὶ
513 3356 850 3428 Φαρισαίοις.
907 3359 971 3412 Οἳ
1035 3360 1131 3413 καὶ
1176 3361 1430 3434 γηπόνων
1482 3364 1541 3417 ὲν
1595 3362 1746 3430 τάξει

178 3442 406 3512 κείμενοι
441 3448 914 3518 πεπαρῳνήκασιν
939 3452 1021 3514 είς
1039 3451 1298 3522 Χριστὸν,
1331 3454 1669 3509 ἀπεκτόνασί
1688 3470 1749 3509 τε

178 3533 261 3587 τὸν
306 3535 666 3607 κληρονόμον,
695 3537 761 3592 ἵν’
795 3538 971 3610 ἔχοιεν
1000 3541 1154 3596 αὐτοὶ
1172 3543 1269 3596 τὸν
1286 3545 1519 3615 καρπὸν,
1547 3545 1753 3614 γένοιν-

182 3624 236 3679 τό
284 3643 343 3678 τε
384 3627 576 3683 λοιπὸν
612 3628 709 3682 τοῦ
765 3631 1088 3700 ἀμπελῶνος
1134 3632 1412 3696 δεσπόται,
1468 3635 1753 3705 μονονουχὶ

182 3714 338 3785 ληῖοις
359 3716 552 3790 ὥσπερ
594 3720 1043 3789 ὲπαγαλλώμενοι
1083 3725 1148 3794 τῇ
1180 3706 1499 3796 πολυάνδρῳ
1551 3726 1754 3796 πληθύῖ

185 3808 282 3860 τῶν
303 3810 743 3883 ύποζευγμένων,
789 3816 884 3869 καὶ¹
925 3816 1052 3880 τοὺς
1083 3817 1140 3869 ὲν
1172 3816 1358 3880 αὐτοῖς
1392 3819 1474 3871 ὅτι
1517 3818 1754 3889 μάλιστα

186 3897 472 3972 λαμπροὺς,
496 3905 573 3968 ὡς
603 3906 754 3975 ῥοὰν,
795 3906 871 3971 ὡς
905 3908 1075 3979 μῆλον
1104 3909 1424 3980 ἀποτρυγᾷν
1469 3900 1750 3976 εἰωθότας.

199 3990 480 4048 εἷλεν
519 3997 718 4060 αὐτοὺς
739 4000 768 4052 ό
802 3997 1090 4069 Ῥωμαίων
1124 3998 1381 4071 πόλεμος,
1415 4001 1754 4073 δεδαπάνηκε

190 4083 345 4152 μέγαν
374 4087 468 4140 καὶ
498 4089 715 4159 μικρὸν,
755 4088 1008 4161 λαμπρόν
1040 4108 1098 4145 τε
1130 4090 1225 4145 καὶ
1265 4091 1559 4163 ἐπίσημον,
1590 4094 1667 4157 ὡς
1695 4096 1754 4149 ὲν

191 4180 364 4241 συκαῖς
409 4180 769 4252 νοουμένους,
815 4181 1068 4254 καθάπερ
1121 4182 1258 4252 ἔφην
1307 4184 1526 4252 ἀρτίως,
1578 4185 1653 4249 ὡς
1697 4187 1754 4239 ἐν

190 4268 397 4340 ἀμπέλῳ
422 4272 605 4343 τυχὸν,
639 4273 840 4343 φοίνικί
871 4292 929 4328 τε
964 4274 1060 4328 καὶ
1105 4274 1283 4347 μήλῳ,
1319 4275 1413 4329 καὶ
1441 4276 1499 4327 ὲν
1549 4275 1750 4342 ξύλοις,

191 4357 257 4421 ὡς
280 4360 333 4413 ὲν
356 4362 516 4434 κριθῇ
553 4364 649 4418 καὶ
673 4364 830 4436 πυρῷ
850 4380 863 4394 ·
894 4364 1141 4435 διάφοροι
1170 4366 1279 4441 γὰρ
1307 4368 1358 4421 οἱ
1393 4367 1620 4439 τρόποι,
1661 4368 1754 4421 καὶ

192 4450 275 4522 οὐχ
311 4454 367 4506 ὲν
406 4456 578 4510 ἅπασι
606 4456 700 4510 τοῦ
746 4457 861 4529 βίου
889 4458 951 4511 τὸ
986 4459 1204 4531 μέτρον.
1248 4459 1466 4531 Ἐπειδὴ
1504 4459 1561 4512 δὲ
1608 4458 1754 4525 ἅπαξ

193 4543 329 4615 ἀγρῷ
358 4550 656 4620 παρείκασε
688 4551 787 4622 τὴν
827 4551 932 4621 γῆν
962 4550 1071 4605 τῶν
1125 4552 1411 4615 Ἰουδαίων,
1442 4553 1539 4605 καὶ
1577 4552 1752 4622 γηπόι

1852 3369 2039 3423 τίεαξοε
2068 3364 2384 3427 conveniet,
2415 3361 2508 3432 qui
2540 3359 2906 3430 agricolarum
2942 3355 3124 3410 locum
3157 3361 3425 3415 tenentes,

1851 3462 1905 3518 iu
1929 3460 2203 3516 Christum
2239 3472 2297 3512 se
2327 3453 2618 3526 iniuriosos
2650 3451 3017 3521 praebuerunt,
3055 3458 3110 3503 et
3153 3444 3423 3501 hmredem

1853 3552 2186 3614 occiderunt,
2218 3557 2277 3602 ut
2306 3546 2406 3602 sibi
2440 3545 2676 3601 fructum
2705 3540 3068 3606 vindicarent,
3097 3552 3161 3592 ac
3214 3537 3280 3591 de
3308 3550 3416 3589 cae~

1856 3652 1970 3698 tero
1999 3641 2210 3697 vineam
2249 3638 2590 3710 possiderent
2613 3674 2628 3699 ,
2663 3634 2868 3705 ingenti
2903 3631 3242 3688 subditorum
3282 3628 3426 3683 mul-

1855 3733 2081 3789 titudine
2138 3741 2346 3785 tantum
2401 3743 2507 3782 non
2558 3736 2615 3780 ut
2659 3726 2933 3799 segetibus
2987 3722 3346 3784 exsultantes,
3374 3729 3429 3774 et

1856 3828 1908 3882 in
1982 3840 2042 3880 ea
2090 3822 2285 3893 opibus
2340 3818 2728 3874 eminentiores
2779 3824 2839 3870 ut
2902 3813 3041 3868 mala
3094 3819 3318 3882 grauata
3376 3820 3431 3864 et

1852 3932 2012 3990 poma
2042 3917 2336 3983 decerpere
2360 3910 2525 3966 soliti.
2559 3907 2666 3964 Sed
2697 3923 2791 3964 eos
2838 3904 3216 3977 pessumdedit
3246 3916 3273 3955 a
3316 3900 3428 3955 Ro-

1854 4008 2031 4066 manis
2081 4006 2303 4070 bellum,
2364 4018 2614 4073 magnum
2669 4009 2723 4055 et
2762 4013 3012 4070 parvum,
3070 3995 3333 4050 illustrem
3377 4001 3432 4049 et

1855 4100 2145 4156 obscurum
2179 4095 2538 4167 consumpsit,
2571 4092 2726 4163 quasi
2765 4092 2900 4148 ﬁcus
2926 4131 2944 4156 ,
2990 4096 3050 4143 ut
3079 4087 3241 4143 modo
3269 4084 3378 4140 dixi
3413 4123 3429 4150 ,

1855 4193 2010 4263 quasi
2036 4193 2195 4255 vites,
2224 4190 2484 4261 palmam,
2515 4186 2746 4251 malum,
2769 4184 2935 4254 ligna,
2973 4181 3261 4246 hordeum,
3312 4177 3425 4232 irn-

1857 4291 2096 4339 mentum
2132 4295 2149 4335 :
2182 4296 2286 4336 non
2313 4288 2395 4335 est
2422 4277 2566 4333 enim
2597 4274 2840 4332 omnium
2874 4288 2978 4329 una
3020 4269 3239 4327 vivendi
3270 4268 3430 4334 ratio,

1854 4386 1910 4432 et
1941 4376 2270 4432 institutum.
2309 4370 2445 4438 Quia
2471 4384 2602 4427 vero
2627 4366 2791 4423 semel
2824 4365 3063 4421 Judaeum
3108 4376 3239 4433 agro
3282 4374 3432 4417 com-

1856 4466 2089 4538 paravit,
2139 4474 2194 4519 et
2250 4461 2526 4532 principes
2581 4461 2727 4529 ipsos
2788 4455 3055 4527 agricolas
3103 4450 3430 4514 nominavit,

1858 4559 1911 4613 in
1944 4556 2305 4612 translatione
2342 4554 2565 4619 mansit,
2598 4561 2655 4607 et
2682 4550 2929 4605 subditos
2951 4563 3073 4601 eum
3110 4545 3244 4599 satis
3271 4553 3433 4612 atque

194 4650 301 4700 ννυς
336 4638 584 4711 ὠνόμασε
629 4641 755 4706 τοὺς
790 4641 1216 4713 προεστηκότας,
1251 4642 1490 4697 σέσωκεν
1533 4644 1561 4696 ὁ
1590 4643 1749 4711 λόγος

1857 4649 2160 4710 arboribus.
2192 4646 2294 4702 alia
2326 4655 2487 4716 atque
2513 4644 2617 4699 alia
2644 4643 2712 4698 de
2760 4656 2926 4709 causa
2968 4637 3218 4693 contulit.

198 4727 340 4801 μέχρι
366 4733 565 4798 παντὸς
610 4733 710 4806 τὴν
753 4733 1091 4807 μεταφορὰν,
1133 4733 1305 4809 ληϊοις
1336 4752 1396 4788 τε
1440 4736 1535 4789 καὶ
1574 4733 1752 4801 ξύλοις

198 4822 319 4875 κατὰ
334 4823 583 4896 διάφορον
608 4825 809 4897 τρόπον
834 4825 1200 4896 παραϐάλλων
1239 4827 1366 4892 τοὺς
1405 4826 1498 4879 ὑπ’
1532 4823 1751 4889 αύτούς.

256 4913 312 4966 El
350 4916 403 4969 δὲ
439 4918 506 4989 δή
552 4935 634 4981 τις
677 4917 847 4979 οἴοιτο⁴
869 4920 949 4983 είς
980 4916 1240 4990 ἐξήγησιν
1275 4917 1473 4989 ἠθικὴν
1505 4918 1662 4972 ταυτὶ
1690 4916 1754 4989 δὴ

199 5006 368 5074 χρῆναι
395 5010 801 5082 μετακομίζειν,
833 5013 1095 5083 φρονήσει
1121 5011 1321 5075 καλῶς.
1346 5011 1754 5082 Παρεικαστέον

199 5095 293 5165 γὰρ
319 5097 552 5169 ἀρεταῖς,
580 5103 675 5156 καὶ
701 5105 811 5166 τοῖς
838 5105 917 5165 είς
949 5102 1073 5157 νοῦν
1106 5102 1544 5173 κατορθώμασιν,
1576 5103 1755 5173 ἀμπεο

202 5182 295 5251 λον,
325 5191 410 5245 καὶ
441 5194 632 5265 συκῆν,
668 5195 762 5249 καί⁹
788 5195 858 5253 τὰ
883 5196 1047 5267 ἔτερα
1075 5196 1183 5250 τῶν
1212 5194 1407 5264 ξύλων,
1456 5195 1494 5250 ἆ
1522 5198 1755 5267 καρποῖς

201 5273 399 5347 ὡραίοις
450 5285 844 5353 στεφανοῦσθαι
894 5286 1058 5357 φιλεῖ.
1104 5286 1244 5340 Ἀλλ’
1294 5288 1343 5340 εί
1386 5287 1484 5358 μέν
1531 5305 1616 5351 τις
1667 5288 1751 5359 εἴη

208 5372 345 5440 σοφὸς
392 5378 482 5433 καὶ
532 5380 810 5451 ἀγχίνους,
846 5382 942 5438 καὶ
990 5382 1323 5454 αὐχημάτων
1370 5382 1591 5451 ἀγαθῶν
1638 5385 1757 5436 ἐπι-

207 5462 455 5538 μελητὴς,
503 5471 707 5543 εὐανθῆ
751 5491 811 5526 τε
845 5475 940 5529 καὶ
968 5472 1189 5542 εῦξυλον
1243 5474 1336 5528 τὸν
1380 5475 1460 5537 είς
1491 5473 1615 5529 νοῦν
1662 5475 1755 5528 καὶ

209 5557 404 5626 καρδίαν
440 5565 658 5634 φορὲσει
679 5567 872 5636 κῆπον,
905 5567 1156 5637 πολυειδῆ
1190 5567 1288 5637 τὴν
1312 5566 1513 5639 ἀρετὴν
1538 5566 1753 5637 τρέφων

209 5645 257 5699 ὲν
282 5648 464 5723 ἐαυτῷ,
517 5657 610 5711 καὶ
642 5657 819 5711 πάντα
861 5660 1062 5730 τρόπον
1110 5658 1427 5721 ἐπιεικείας.
1484 5657 1548 5713 Ei.
1592 5658 1645 5712 δὲ
1689 5656 1752 5728 δὴ

212 5738 418 5812 ῥᾴθυμος
463 5748 557 5802 καὶ
606 5749 917 5822 φιλήδονος,
967 5751 1061 5807 καὶ
1105 5749 1237 5805 πολὺ
1268 5749 1388 5804 λίαν
1421 5748 1751 5813 ὲκνενευκὼς

211 5831 289 5885 ἐπὶ
314 5837 375 5890 τὰ
404 5842 615 5913 αἰσχίω,
651 5844 1050 5916 καταθρηνὴσει
1083 5843 1319 5909 πάντως.
1351 5842 1751 5910 μαραινομένης

1923 4911 1980 4966 Si
2032 4910 2154 4981 quis
2195 4907 2311 4964 hinc
2346 4906 2415 4960 ad
2475 4901 2735 4960 moralem
2777 4896 3171 4969 expositionem
3213 4906 3429 4948 accom-

1854 5003 2117 5062 modanda
2154 5000 2386 5072 putabit,
2422 5005 2575 5052 recte
2599 4992 2832 5064 putabit.
2891 4985 3247 5046 Coufereudre
3282 4982 3429 5038 enim

1859 5106 1986 5151 sunt
2012 5095 2268 5158 virtutes,
2299 5100 2354 5146 et
2388 5088 2660 5159 praeclarae
2688 5083 2934 5140 actiones
2975 5080 3141 5134 animi
3176 5093 3300 5133 cum
3345 5075 3429 5128 vi-

1862 5201 1987 5250 nea,
2036 5185 2243 5239 ﬁcnbus
2265 5192 2319 5237 et
2365 5179 2674 5244 arboribus,
2709 5191 2829 5246 qua:
2878 5174 3144 5229 lructibus
3176 5169 3432 5241 pulcher-

1858 5276 2010 5331 rimis
2034 5278 2377 5332 deeorantur.
2417 5271 2568 5340 Quod
2597 5272 2642 5327 si
2672 5271 2794 5341 quis
2826 5267 3043 5338 sapiens
3074 5304 3090 5330 ,
3146 5273 3201 5318 et
3235 5260 3429 5323 solers,

1854 5377 1909 5424 et
1949 5368 2189 5438 probatae
2242 5367 2428 5441 glorias
2475 5350 2748 5423 studiosus
2781 5362 2938 5418 fuerit
2969 5401 2984 5427 ,
3035 5360 3249 5412 hortum
3291 5351 3433 5407 belle

1852 5460 2157 5526 ﬂorentem,
2187 5467 2240 5515 et
2262 5457 2513 5514 felicibus
2557 5455 2816 5512 refertum
2857 5447 3141 5513 arboribus
3185 5445 3237 5499 in
3269 5441 3433 5498 corde

1852 5562 1905 5607 et
1948 5552 2129 5607 animo
2163 5566 2261 5607 suo
2319 5546 2599 5615 excitabit,
2626 5547 2790 5601 multa
2832 5544 3089 5598 virtutum
3141 5550 3335 5608 genera
3377 5542 3431 5588 et

1852 5660 2040 5703 omnes
2094 5645 2354 5701 bonitatis
2404 5642 2590 5698 modos
2630 5641 2680 5695 in
2733 5652 2799 5694 eo
2840 5637 3047 5692 fovens.
3110 5630 3205 5685 Sin
3244 5636 3428 5683 contra

1860 5744 2103 5812 ignavus,
2138 5738 2397 5810 voluptati
2429 5737 2662 5800 deditus,
2726 5742 2780 5787 et
2812 5730 2876 5784 ad
2920 5727 3200 5783 inhonesta
3251 5718 3428 5789 proje-

1858 5847 1999 5902 ctus,
2045 5833 2191 5889 ﬂebit
2224 5830 2463 5902 largiter,
2485 5833 2755 5884 marcente
2776 5822 2874 5879 sibi
2898 5818 3136 5875 bonitate
3164 5820 3218 5869 ct
3247 5812 3431 5865 animo
