4068 6598
596 435 703 492 517

1622 437 1683 495 S.
1722 437 2000 496 CYRILLI
2039 434 2509 493 ALEXANDRINI
2548 434 2871 491 ARCUIEP.

3760 434 3884 506 3‘8

596 554 936 609 sterilitatem
988 552 1209 610 multam
1263 555 1597 626 experiente.
1661 545 1994 614 Providentia
2052 566 2176 614 sunt

2284 554 2429 627 αὐτῷ
2454 555 2554 625 τῆς
2585 553 2907 618 ἐπιεικείας,
2940 553 3032 607 καὶ
3064 551 3263 624 πολλὴν
3295 550 3556 615 παθόντος
3590 548 3885 620 ἀκαρπίαν

596 646 760 716 igitur
784 644 1137 713 prudentibus
1167 645 1398 703 sollicite
1423 650 1558 704 bona
1583 650 1784 714 cordis,
1840 665 1960 720 quin
2022 665 2168 705 sem-

594 752 692 804 per
718 738 948 792 aderunt
997 736 1223 806 utique,
1270 739 1535 810 siquidem
1586 741 1690 796 illis
1743 741 1874 811 ipsis
1904 742 2174 797 oblectare

592 822 896 881 cmlestium
924 826 1191 884 bonorum
1224 832 1684 902 suppeditatorem
1712 833 2004 889 voluerint.

677 1000 839 1059 Vnus.
868 1004 958 1059 15.
1010 1005 1365 1076 Acciugimini
1436 1018 1484 1063 et
1535 1008 1806 1080 plangite,
1852 1011 2169 1075 sacerdotes,

597 1092 960 1152 lamentamiui
989 1099 1081 1169 qui
1105 1099 1418 1154 ministratis
1445 1100 1621 1155 altari.
1645 1101 2021 1172 lugredimiui,
2046 1106 2173 1157 dor-

598 1186 727 1240 mite
756 1188 812 1241 in
827 1189 997 1243 saccis
1016 1190 1381 1245 ministrantes
1412 1191 1555 1257 Deo;
1578 1194 1703 1265 quia
1720 1193 1908 1264 defecit
1936 1199 2001 1251 de
2020 1196 2174 1251 domo

600 1276 699 1333 Dei
725 1279 879 1334 vestri
900 1279 1227 1349 sacri/icium
1254 1290 1301 1334 et
1327 1280 1533 1338 tibatio.

669 1456 835 1527 209
865 1456 933 1511 X.
962 1456 1139 1514 Etiam
1175 1459 1261 1515 liis
1291 1461 1396 1517 alte
1446 1470 1737 1533 exaggerat
1777 1463 2179 1533 quodammodo

598 1562 721 1616 qua:
747 1548 1065 1614 acciderint,
1106 1558 1162 1606 et
1195 1559 1395 1606 metum
1442 1552 1635 1607 incutit
1664 1553 2001 1622 horribilem,
2029 1572 2175 1613 rem-

597 1655 703 1709 que
765 1639 923 1711 longe
966 1640 1212 1710 plurimis
1255 1642 1727 1699 obsecrationibus
1782 1647 2175 1713 procurandum

597 1740 780 1786 monet
801 1746 865 1787 ex
896 1748 982 1796 eo,
1010 1735 1151 1804 quod
1169 1735 1477 1790 sacerdotes
1498 1736 1641 1806 ipsos
1671 1736 1928 1808 plangere
1959 1753 2179 1795 necesse

596 1833 700 1880 est.
730 1824 1106 1880 Verumtamen
1146 1825 1274 1881 latet
1305 1826 1558 1896 quiddam
1584 1828 1799 1884 artiﬁcii
1848 1830 1899 1884 in
1946 1830 2031 1886 his
2054 1845 2177 1885 ver-

2275 643 2371 698 τοῦ
2420 642 2533 700 νοῦ.
2597 643 2983 715 Ἐπιμελητέον
3013 643 3078 715 δὴ
3110 638 3205 696 οὖν
3232 644 3346 706 τοῖς
3373 641 3632 713 ἐχέφροσι
3669 638 3787 693 τῶν
3817 639 3885 689 ἐν

2276 733 2521 807 καρδίαις
2544 735 2784 804 ἀγαθῶν,
2808 735 2845 790 ἀ
2883 735 2947 806 δὴ
2994 734 3290 807 προσέσται
3323 734 3562 797 πάντως,
3594 734 3646 785 εἰ
3676 729 3777 784 ἑπί
3808 747 3881 797 γε

2279 826 2466 895 σφίσιν
2498 827 2684 891 αὐτοῖς
2714 827 3028 897 εὐφραίνειν
3083 826 3290 880 ἕλοιντο
3317 826 3409 882 τὸν
3454 824 3561 879 τῶν
3602 821 3880 895 οὐρανίων

2276 914 2502 984 ἀγαθῶν
2539 916 2760 989 δοτῆρα.

2347 1005 2756 1075 Περιζώσασθε
2803 1009 2903 1061 καὶ
2968 1008 3264 1063 κόπτεσθε
3282 1046 3298 1071 ,
3351 1010 3407 1062 οι
3468 1004 3645 1074 ἱερεῖς
3661 1020 3677 1035 ’
3728 1006 3883 1072 θρη-

2277 1096 2453 1161 νεῖτε,
2475 1100 2532 1153 οἱ
2542 1099 3037 1170 λειτουργοῦντες
3062 1099 3485 1166 θυσιαστηρίῳ.
3519 1098 3877 1156 Ἐσέλθετε,

2276 1188 2600 1245 ὑπνώσατε
2673 1190 2743 1244 ἐν
2815 1189 3067 1259 σάκκοις
3136 1189 3625 1260 λειτουργοῦντες
3708 1186 3881 1252 Θεῷ⁶

2280 1282 2371 1337 ὅτι
2431 1282 2786 1355 ἀπέσχηκεγ
2825 1283 2894 1350 ἐξ
2934 1284 3105 1339 οἴκου
3147 1284 3294 1339 Θεοῦ
3335 1282 3503 1353 ὑμῶν
3540 1282 3727 1337 θυσία
3770 1280 3883 1334 καί

2279 1373 2544 1440 σπονδή.

2354 1468 2411 1519 I'.
2455 1467 2607 1538 Αἴρει
2638 1466 2737 1538 μὲν
2763 1467 2954 1539 ὥσπερ
2984 1468 3078 1521 καὶ
3103 1467 3191 1522 διά
3214 1465 3418 1520 τούτων
3444 1464 3538 1536 ὕψι
3571 1464 3641 1518 τά
3670 1463 3886 1534 συμϐε-

2280 1557 2509 1630 6ηκότα,
2545 1558 2641 1612 καὶ
2673 1561 2731 1615 ὲν
2756 1560 3055 1631 ἀφορήτοις
3088 1561 3322 1613 ποιεῖται
3346 1559 3582 1629 δείμασι,
3611 1556 3886 1626 πλείστης

2283 1650 2384 1722 μὲν
2411 1652 2541 1723 ὅσης
2569 1650 2776 1705 δεῖσθαι
2807 1651 2960 1721 λιτῆς
3008 1650 3071 1704 τὸ
3115 1653 3303 1722 χρῆμα
3333 1648 3528 1721 δηλῶν,
3554 1649 3645 1702 διά
3671 1665 3736 1717 γε
3772 1646 3877 1699 τοῦ

2282 1741 2480 1811 χρῆναι
2516 1741 2610 1794 καλ⁸
2652 1742 2850 1805 αὐτοὺς
2896 1740 3261 1812 κατοιμώζειν
3308 1741 3435 1803 τοὺς
3483 1740 3675 1810 ἱερεῖς.
3724 1736 3885 1805 Πλὴν

2285 1826 2397 1897 ἔχει
2428 1845 2482 1880 τι
2524 1827 2621 1881 καὶ
2652 1828 2903 1901 εὐτεχνὲς
2939 1831 2967 1883 ὁ
2997 1829 3175 1898 λόγος.
3219 1828 3437 1899 Ἐπειδὴ
3475 1828 3586 1899 γὰρ
3620 1830 3734 1890 τοῖς
3768 1827 3888 1879 τῶν

598 1915 700 1972 bis.
733 1915 870 1983 Quia
936 1932 1169 1987 namque
1225 1917 1488 1974 idolorum
1551 1918 1788 1976 delubris
1863 1921 2176 1977 stultissime

2284 1916 2514 1971 εἰδώλων
2543 1918 2828 1989 τεμένεσιν
2857 1917 3195 1972 ἀϐουλότατα
3213 1916 3668 1991 προσιζήσαντες,
3696 1914 3889 1969 καίτοι

599 2012 943 2079 assederant,
994 2026 1058 2067 ac
1106 2011 1216 2067 Deo
1254 2028 1321 2068 ex
1376 2013 1455 2068 ira
1501 2016 1860 2085 percuti‘ente,
1919 2016 2177 2072 auxilium

599 2102 722 2156 inde
761 2104 1141 2171 quaesiveraut,
1182 2104 1388 2160 utiliter
1420 2107 1795 2162 universorum
1854 2108 2115 2165 Dominus
2147 2125 2175 2162 a

597 2193 968 2249 sacerdotibus
1038 2194 1150 2249 suis
1200 2195 1449 2264 requirit,
1485 2205 1545 2251 ut
1597 2198 1917 2268 suppliciter
1972 2200 2179 2254 orando

597 2281 718 2337 aliis
746 2292 1005 2352 premant,
1034 2292 1091 2337 et
1126 2284 1229 2354 ipsi
1264 2284 1451 2341 afﬂicti
1505 2288 1820 2344 ardentibus
1853 2290 2180 2357 poenitentiae

594 2374 789 2430 studiis
828 2374 1067 2444 praesint,
1118 2385 1174 2429 ut
1212 2389 1539 2446 cognoscant
1574 2382 1813 2449 percussi
1850 2383 2014 2451 quod,
2077 2383 2176 2437 nisi

596 2465 708 2520 Deo
761 2476 974 2537 gratum
1034 2466 1216 2523 facere
1267 2469 1435 2525 velint
1480 2471 1641 2541 eique
1699 2472 1971 2542 supplices
2020 2474 2177 2538 ﬁeri,

596 2557 716 2622 ejus
765 2557 834 2612 ab
875 2572 935 2614 se
979 2558 1115 2613 iram
1147 2574 1254 2614 non
1282 2563 1526 2617 aversuri
1555 2564 1684 2618 sint.
1715 2563 1942 2634 Oportet
1995 2566 2178 2637 igitur,

597 2648 693 2712 ait,
710 2648 1013 2704 sacerdotio
1050 2648 1336 2721 fungentes
1360 2654 1745 2722 propemodum
1784 2656 1947 2711 etiam
1973 2660 2182 2713 caneris

596 2738 943 2794 commodare
989 2742 1057 2796 de
1118 2742 1554 2800 obsecrationum
1604 2745 1917 2810 laboribus,
1951 2747 2178 2813 ululatu,

597 2826 854 2895 latuerito,
889 2830 1030 2885 sacci
1064 2831 1287 2897 amictu,
1345 2848 1442 2901 per
1464 2848 1624 2902 quem
1665 2833 1979 2891 deliciarum
2005 2845 2055 2890 et
2081 2837 2176 2891 otii

597 2918 862 2987 depositio
934 2919 1291 2990 signiﬁcatur,
1362 2922 1548 2976 durior
1604 2923 1879 2991 tractatio,
1937 2925 2178 2979 laborum

599 3008 864 3074 molestia,
898 3017 952 3064 et
982 3010 1104 3065 vitae
1133 3025 1252 3080 qua:
1284 3020 1501 3067 sanctos
1531 3013 1739 3079 deceat,
1773 3013 2048 3068 sincerum
2080 3016 2165 3069 in-

601 3100 985 3172 culpatumque
1027 3104 1288 3160 studium.
1338 3104 1541 3159 Deinde
1575 3120 1792 3160 causam
1825 3105 2027 3161 laboris
2072 3109 2176 3163 hn-

596 3193 689 3261 jus
721 3193 1059 3249 manifestam
1087 3210 1359 3265 promens,
1374 3197 1633 3252 defecisse
1654 3197 1877 3267 inquita
1901 3197 2061 3253 domo
2076 3200 2181 3255 Do-

605 3283 736 3337 mini
768 3285 1093 3339 sacriﬁcium
1117 3294 1172 3340 et
1189 3284 1443 3341 libamen.
1468 3286 1651 3341 Dirum
1684 3287 1826 3342 dictu
1855 3306 1869 3343 :
1902 3304 2007 3344 non
2038 3291 2180 3345 enim

602 3373 835 3429 afﬁrmat
900 3375 1226 3431 sacriﬁcium
1287 3386 1341 3432 et
1374 3377 1683 3433 libationem
1732 3379 2033 3447 imminuta,
2091 3392 2186 3438 aut

601 3464 859 3521 inferiora
904 3466 1046 3522 facta
1074 3485 1089 3534 ;
1126 3468 1218 3522 sed
1250 3466 1515 3526 defecisse
1542 3470 1739 3539 potius,
1794 3472 1845 3526 id
1876 3481 1980 3537 est,
2005 3476 2184 3530 οιηιιὶο

601 3572 675 3613 no
721 3572 905 3613 eversa
935 3574 999 3614 ac
1027 3557 1309 3630 proﬂigata
1358 3574 1500 3617 esse.
1529 3561 1634 3617 Res
1690 3563 1872 3634 gravis
1897 3572 1955 3620 et
2009 3565 2181 3620 mole-

601 3659 684 3704 sta
718 3650 959 3720 profecto
982 3652 1411 3723 magistratibus,
1434 3654 1480 3711 si
1519 3654 1666 3710 nullo
1696 3639 1856 3711 modo
1903 3673 1933 3711 a
2001 3657 2184 3726 subje-

601 3740 709 3797 ctis
738 3742 945 3798 colatur
979 3742 1139 3800 Deus.

674 3915 837 3970 Vsus.
896 3916 1107 3981 14,15.
1157 3917 1498 3988 Sauctiﬁcate
1548 3922 1835 3992 jejunium,
1901 3926 2183 3993 pradicate

600 3994 946 4074 curationem,
996 4021 1302 4080 eougregate
1360 4015 1626 4075 seniores,
1685 4031 1863 4069 omnes
1931 4016 2179 4070 habitau-

603 4108 679 4153 tes
718 4108 906 4155 terram
941 4101 998 4155 in
1026 4102 1239 4155 domum
1274 4102 1481 4159 Domini
1544 4105 1638 4159 Dei
1673 4108 1847 4170 vestri,
1882 4116 1933 4161 et
1974 4108 2177 4163 clama-

603 4201 653 4245 te
674 4193 742 4244 ad
781 4190 1065 4247 Dominum
1085 4194 1442 4251 vehementer:
1478 4195 1595 4251 Heu
1658 4199 1805 4263 mihi,
1858 4199 1959 4253 Ιιειι
2028 4201 2177 4266 mihi,

602 4280 702 4334 heu
731 4282 880 4348 mihi,
917 4283 973 4336 in
1014 4283 1173 4339 diem.

672 4370 762 4426 XI.
799 4373 916 4440 Quo
974 4382 1133 4444 pacto
1197 4376 1328 4443 ipsis
1372 4376 1662 4448 lugendum
1717 4381 1790 4435 sit
1824 4396 2038 4437 rursum
2084 4384 2178 4440 de-

603 4472 892 4532 monstrat,
921 4479 1148 4538 seseque
1181 4466 1286 4522 illis
1320 4467 1374 4523 in
1423 4467 1564 4522 viam
1605 4471 1941 4539 paenitentiae
1993 4473 2179 4528 ducto-

2276 2007 2413 2062 Θεοῦ
2447 2009 2843 2072 καταπαίοντος
2862 2010 2920 2073 ἐξ
2952 2011 3143 2081 ὀργῆς,
3170 2008 3274 2073 τὰς
3302 2009 3620 2082 ἐπικουρίας
3646 2006 3889 2077 ἐζήτουν

2278 2100 2513 2166 ἐκεῖθεν,
2566 2101 2831 2172 ἀπονέμει
2861 2101 3150 2172 χρησίμως
3176 2102 3206 2154 ό
3243 2101 3354 2153 τῶν
3397 2100 3533 2154 ὅλων
3582 2098 3719 2162 θεὸς
3764 2099 3888 2159 τοῖς

2280 2191 2431 2256 ἰδίοις
2464 2192 2769 2264 ἱερουργοῖς
2797 2191 2859 2245 τὸ
2887 2192 3249 2264 καθηγεῖσθαι
3287 2191 3480 2255 λιταῖς,
3532 2190 3629 2244 καὶ
3663 2190 3886 2259 τληπα·

2278 2280 2388 2345 θῶς
2415 2281 2743 2353 προεστάναι
2779 2279 2887 2333 τῶν
2918 2282 2998 2343 είς
3034 2279 3373 2350 μετάγνωσιν
3405 2275 3880 2346 σπουδάσματων,

2280 2370 2350 2423 ἵν’
2396 2370 2586 2424 εἰδεῖεν
2642 2371 2691 2423 οἱ
2740 2368 3101 2440 πεπληγότες,
3150 2368 3227 2432 ὡς
3270 2369 3318 2422 εί
3372 2367 3445 2439 μὴ
3497 2365 3617 2433 Θεῷ
3675 2364 3886 2435 μᾶλλον

2280 2460 2489 2514 ἕλοιντο
2536 2461 2608 2514 τά
2644 2461 2777 2530 φίλα
2820 2459 3023 2532 ζητεῖν,
3061 2461 3155 2515 καὶ
3198 2458 3344 2529 αὐτῷ
3391 2458 3729 2531 προσάγοιεν
3776 2454 3886 2518 τὰς

2278 2551 2451 2614 λιτὰς,
2486 2551 2586 2605 οὐκ
2618 2551 2685 2604 ἂν
2734 2550 3150 2622 διακρούσαιντο
3184 2550 3287 2621 τὴν
3318 2550 3510 2622 ὀργήν.
3544 2550 3768 2620 Χρῆναι
3816 2547 3885 2616 δὴ

2280 2638 2373 2696 οὖν
2404 2642 2509 2714 ἔφη
2539 2644 2669 2707 τοὺς
2700 2643 3103 2715 ίερατεύοντας,
3147 2642 3429 2715 μονονουχὶ
3473 2643 3569 2695 καὶ
3613 2639 3888 2704 δανείζειν

2279 2738 2393 2799 τοῖς
2429 2734 2612 2799 ἄλλοις
2645 2735 2773 2799 τοὺς
2799 2737 2858 2788 ὲν
2884 2739 3006 2801 ταῖς
3050 2735 3225 2800 λιταῖς
3270 2735 3498 2799 πόνους,
3526 2732 3785 2787 κωκυτὰν
3815 2749 3874 2784 τε

2280 2825 2374 2879 καὶ
2404 2824 2623 2895 θρῆνον,
2654 2826 2748 2878 καὶ
2789 2825 2993 2879 σάκκου
3044 2826 3362 2898 περιόολὴν,
3394 2826 3461 2881 δι’
3495 2820 3557 2881 οὗ
3602 2825 3883 2896 σημαίνε-

2278 2932 2368 2969 ται
2394 2915 2608 2986 τρυφῆς
2671 2917 2765 2969 καὶ
2797 2916 3117 2987 ἀναπαύλης
3144 2917 3420 2981 ἀπόθεσις,
3455 2915 3884 2987 σκληραγωγία,

2282 3008 2375 3060 καὶ
2405 3006 2586 3071 πόνος,
2618 3010 2713 3061 καὶ
2743 3006 2891 3079 ζωῆς
2924 3009 3292 3081 ἁγιοπρεποῦς
3335 3008 3470 3081 ὀρθὴ
3509 3010 3605 3062 καὶ
3632 3008 3886 3079 ἀμώμη-

2281 3114 2373 3161 τος
2411 3097 2777 3167 ὲπιτήδευσις.
2827 3096 2959 3153 Εἶτα
2989 3099 3085 3153 τοῦ
3116 3100 3277 3153 πόνου
3310 3099 3407 3172 τὴν
3452 3098 3630 3154 αἰτίαν
3662 3097 3883 3169 ἐναργῆ

2284 3187 2569 3256 καθιστὰς,
2616 3189 2994 3260 ἀπεσχηκέναι
3037 3191 3202 3261 φησὶν
3235 3189 3297 3255 ἐξ
3322 3190 3473 3244 οἴκου
3520 3189 3734 3261 Κυρίου
3784 3188 3884 3241 θυ-

2287 3281 2405 3333 σίαν
2433 3280 2528 3333 καὶ
2557 3281 2809 3352 σπονδήν.
2852 3283 3061 3352 Δριμὺς
3086 3282 3115 3334 ὁ
3154 3280 3311 3351 λόγος
3332 3297 3348 3313 ⁸
3382 3282 3444 3335 οὐ
3481 3281 3588 3353 γὰρ
3623 3280 3774 3351 πρὸς
3820 3280 3884 3332 τὺ

2288 3372 2439 3441 μεῖον
2493 3368 2816 3440 ἑνηνέχθαιι,
2867 3370 2910 3440 ἢ
2950 3370 3298 3439 ὴλαττῶσθαί
3353 3387 3488 3443 φησι
3538 3369 3736 3424 θυσίαν
3786 3371 3884 3423 καὶ

2286 3460 2540 3530 σπονδὴν,
2572 3460 2942 3531 ἀπεσχηκένα.
2969 3459 3029 3514 δὲ
3064 3460 3286 3531 μᾶλλον,
3312 3461 3450 3532 ὅπερ
3494 3461 3612 3514 ἐστὶ
3662 3476 3881 3512 παντε-

2283 3552 2390 3614 λῶς
2421 3552 2735 3622 ἀνατροπῆς
2766 3550 3120 3622 σημαντικόν.
3150 3549 3332 3606 Δε-ινδν
3358 3551 3417 3605 δὲ
3439 3550 3501 3604 τὸ
3530 3551 3725 3622 χρῆμα
3778 3551 3879 3603 καὶ

2282 3641 2546 3713 δυσαχθὲς
2592 3643 2808 3713 ἀληθῶς
2835 3645 2950 3707 τοῖς
2994 3643 3140 3698 λαῶν
3184 3642 3593 3716 προεστηκόσιν,
3624 3642 3672 3695 εί
3729 3642 3883 3694 κατά

2287 3734 2496 3805 μηδένα
2528 3733 2728 3806 τρόπον
2761 3736 2868 3790 ὑπὸ
2896 3735 3008 3789 τῶν
3049 3734 3470 3806 ὑπεζευγμένων
3507 3734 3882 3806 θεραπεύοιτο

2282 3828 2437 3890 Θεός.

2332 3892 2678 3989 ’Ἂγιάσατε
2754 3918 3050 3984 νηστείαν
3070 3957 3085 3984 ,
3154 3916 3452 3987 κηρύξατε
3520 3920 3877 3987 θεραπείαν,

2281 4010 2652 4080 συναγάγετε
2710 4007 3175 4076 πρεσϐυτέρους,
3237 4009 3467 4076 πάντας
3515 4011 3880 4065 κατοικοῦν-

2279 4117 2387 4167 τας
2436 4100 2556 4172 γῆν
2598 4102 2687 4167 είς
2733 4095 2904 4154 οἷκον
2942 4101 3092 4156 Θεοῦ
3144 4099 3331 4171 ὑμῶν,
3383 4102 3482 4156 καί
3530 4101 3877 4170 κεκράξατε

2278 4190 2430 4259 πρὸς
2466 4192 2687 4262 Κύριον
2732 4190 3019 4259 ἐντενὼς·
3072 4191 3240 4263 Οῖμοι
3299 4192 3494 4264 οῑμοι,
3543 4194 3720 4263 οἶμοι,
3779 4198 3875 4261 εἰς

2278 4281 2528 4351 ἡμέραν.

2347 4372 2447 4429 IA’.
2490 4374 2624 4430 Τίνα
2649 4373 2720 4447 δὴ
2738 4375 2942 4446 τρόπον
2966 4375 3165 4440 αὐτοῦς
3200 4375 3468 4430 ποιεῖσθαι
3499 4378 3776 4448 προσήκει
3815 4379 3877 4432 τὸ

2276 4466 2493 4533 πένθος,
2521 4467 2802 4538 διατρανοῖ
2832 4466 3019 4535 πάλιν,
3051 4467 3145 4524 καὶ
3172 4468 3459 4542 ὕφηγητὴς
3484 4470 3643 4539 σοφὸς
3677 4472 3875 4535 αὐτοῖς

603 4573 716 4613 rem
745 4558 1042 4629 sapientem
1072 4569 1315 4632 praestat,
1349 4568 1406 4615 et
1432 4562 1628 4630 quibus
1656 4562 2032 4619 universorum
2060 4565 2168 4620 Do-

2284 4560 2535 4630 φαίνεται
2553 4560 2651 4631 τῆς
2681 4562 2760 4625 εἰς
2793 4562 3141 4632 μετάγνωσιν
3171 4559 3314 4624 ὁδοῦ,
3348 4562 3444 4614 καὶ⁸
3489 4561 3557 4615 τά
3585 4562 3653 4615 δι’
3682 4556 3764 4616 ὧν
3806 4565 3875 4618 ἄν

604 4650 782 4705 minus
819 4649 967 4707 mitis
1010 4666 1074 4708 ac
1129 4652 1424 4709 benevolus
1449 4652 1711 4709 elﬁciatur
1763 4657 2007 4726 exponit.
2061 4656 2175 4714 Hoc

600 4755 762 4811 porro
793 4750 898 4807 est,
934 4752 994 4797 ut
1025 4757 1127 4812 ego
1158 4744 1438 4810 existimo,
1473 4749 1613 4802 iram
1646 4746 1877 4803 volentis
1927 4748 2176 4806 inhibere

598 4843 654 4888 et
687 4848 965 4890 removere
995 4836 1211 4905 penitus
1238 4839 1381 4907 quod
1443 4840 1749 4905 contristat,
1779 4850 1834 4896 et
1868 4855 2176 4912 compesce-

603 4940 662 4979 re
706 4927 850 4995 quod
878 4926 1043 4993 laedit,
1067 4938 1123 4983 et
1166 4928 1329 4982 vitam
1373 4931 1595 5003 insuper
1640 4933 1852 4988 felicem
1884 4932 2176 4989 bonorum-

601 5030 706 5085 que
740 5017 950 5086 copiam
1009 5017 1215 5089 largiri.
1250 5021 1340 5075 Ait
1385 5038 1535 5092 ergo,
1591 5042 1611 5076 ι
1650 5024 2003 5080 Sanctiﬁcate
2041 5026 2177 5096 jeju-

605 5110 815 5164 nium.)
851 5108 906 5164 Id
968 5120 1073 5175 est,
1104 5119 1358 5183 tanquam
1410 5115 1717 5178 anathema,
1759 5125 1813 5170 et
1839 5115 2165 5172 sacriﬁcium

603 5218 729 5258 vere
805 5202 1272 5268 sacratissimum,
1346 5212 1419 5273 et,
1456 5219 1487 5259 a
1552 5208 1973 5275 reprehensione
2046 5208 2176 5265 alie-

604 5309 773 5366 num,
850 5306 1112 5368 usurpate
1165 5296 1451 5368 jejunium.
1510 5296 1661 5352 Haud
1718 5298 1860 5354 enim
1920 5297 2002 5355 ias
2045 5310 2174 5366 est,

601 5385 846 5443 ciborum
877 5388 1200 5444 abstinentia
1235 5388 1611 5458 corpusculum
1652 5388 1947 5455 emaciare,
1984 5400 2039 5445 et
2097 5392 2176 5446 in-

606 5490 687 5535 ter
744 5479 1094 5550 jejunandum
1174 5494 1237 5535 ea
1305 5479 1526 5545 facere,
1578 5479 1775 5549 quibus
1838 5481 1904 5535 ad
1958 5482 2178 5539 iracun-

602 5570 745 5623 diam
778 5569 920 5623 Deus
952 5568 1213 5623 irritetur.
1238 5566 1372 5623 Nam
1397 5569 1467 5635 si,
1496 5583 1618 5625 cum
1646 5567 1852 5638 jejunio
1888 5586 1983 5626 nos
2012 5570 2179 5628 aﬁici-

606 5676 748 5725 mus,
784 5675 815 5714 a
843 5658 1074 5728 propriis
1105 5659 1476 5716 voluntatibus
1515 5659 1797 5716 discedere
1836 5662 2091 5729 nolimus,
2122 5674 2178 5720 et

605 5750 904 5822 atﬁigamus
932 5748 1194 5816 subditos,
1224 5760 1276 5806 et
1306 5752 1374 5805 ad
1415 5749 1676 5822 judicium
1741 5765 1805 5806 ac
1837 5765 2042 5823 pugnas
2097 5754 2175 5825 je-

608 5844 880 5909 iunemus,
915 5840 1080 5913 210
1108 5852 1162 5899 et
1205 5842 1573 5916 percutiamus
1631 5858 1810 5916 pugno
1871 5846 2176 5904 conditione

2276 4652 2481 4722 γένοιτο
2507 4654 2682 4724 πρᾶος
2711 4653 2803 4706 καὶ
2847 4652 3081 4724 εὐμενὴς
3122 4653 3153 4705 ό
3198 4652 3305 4705 τῶν
3332 4653 3472 4707 ὅλων
3499 4654 3647 4716 θεὸς,
3686 4671 3867 4708 κατα-

2274 4748 2534 4802 δείκνυσι.
2569 4744 2741 4800 Τοῦτο
2775 4744 2839 4815 δὴ
2865 4740 2956 4815 ἦν,
2986 4740 3165 4814 οἶμαι,
3199 4744 3293 4797 καὶ
3320 4745 3585 4813 ἀνακόψαι
3612 4745 3872 4809 θέλοντος

2274 4840 2375 4910 τὴν
2400 4837 2588 4911 ὀργὴν,
2624 4837 2719 4891 καὶ
2761 4834 3021 4904 ἀφανίσαι
3048 4834 3108 4888 τὸ
3136 4834 3361 4897 λυποῦν,
3396 4835 3489 4889 καὶ
3525 4838 3869 4907 περιστεῖλαι

2274 4930 2335 4982 τὸ
2370 4929 2626 4999 βλάπτον,
2658 4925 2937 4982 ἐπιδοῦναί
2964 4943 3024 4979 τε
3058 4924 3219 4981 πάλιν
3248 4925 3431 4990 αὐτοῖς
3460 4927 3521 4982 τὸ
3546 4928 3865 4998 εὐημερεῖν,

2277 5022 2371 5076 καὶ
2398 5021 2698 5091 διαχεῖσθαι
2726 5022 2841 5083 τοῖς
2878 5018 3125 5087 ἀγαθοῖς.
3176 5021 3320 5091 Ἔφη
3353 5019 3569 5074 τοίνυνο
3599 5039 3618 5071 ι
3668 5022 3868 5089 Ἀγιά-

2279 5131 2410 5167 σατε
2435 5112 2709 5183 νηστείαν,
2747 5130 2767 5162 ι
2799 5111 3097 5177 τουτέστιν,
3127 5109 3203 5174 ὡς
3242 5111 3307 5165 ὲν
3326 5111 3672 5184 ἀναθήματος
3690 5120 3869 5168 ποιεῖ-

2278 5205 2372 5260 σθε
2403 5202 2577 5270 τάξει,
2608 5204 2703 5257 καὶ
2740 5203 2816 5266 ὡς
2848 5203 2908 5254 ὲν
2951 5200 3143 5267 θυσίας
3161 5203 3385 5274 τρόπῳ,
3407 5204 3507 5275 τὴν
3531 5204 3606 5269 ὠς
3642 5206 3868 5277 ἀληθῶς

2277 5296 2540 5366 πανάγιον
2572 5295 2666 5350 καὶ
2694 5293 2997 5365 ἀμώμητον
3045 5295 3320 5365 νηστείαν.
3353 5295 3428 5349 Οὐ
3458 5295 3568 5368 γάρ
3601 5297 3663 5367 δὴ
3694 5316 3867 5368 προσο

2277 5390 2401 5459 ήκει
2426 5390 2545 5451 ταῖς
2564 5387 2662 5458 μὲν
2682 5386 2920 5450 ἀσιτίαις
2949 5386 3356 5458 κατατήκεσθαι
3386 5387 3449 5441 τὸ
3471 5390 3866 5462 σαρκίον,δρᾷν

2277 5479 2335 5534 δὲ
2362 5480 2559 5544 αὐτοὺς
2592 5478 3021 5551 νενηστευκότας
3048 5479 3118 5533 τὰ
3146 5480 3231 5549 ἐφ’
3260 5475 3341 5539 οἷς
3374 5481 3443 5534 ἀν
3467 5482 3864 5554 παροτρύνοιτο

2277 5572 2430 5637 Θεός.
2488 5573 2553 5626 Εί
2610 5572 2719 5643 γὰρ
2772 5570 3061 5642 μέλλοιμεν
3119 5573 3176 5625 ἐν
3218 5572 3395 5645 καιρῷ
3437 5574 3693 5645 νηστείας
3751 5577 3861 5629 τῶν

2281 5664 2427 5720 ίδίων
2467 5663 2570 5717 οὐκ
2605 5661 2992 5743 ἀποπαύεσθαι
3045 5662 3388 5733 θελημάτων,
3433 5664 3759 5718 ὑπονύττειν
3802 5666 3859 5718 δὲ

2276 5758 2402 5821 τοὺς
2431 5754 2772 5829 ὑποχειρίους
2820 5757 2900 5819 εις
2949 5754 3128 5824 κρίσιν
3158 5770 3216 5807 τε
3258 5755 3353 5808 καὶ
3383 5756 3595 5827 μάχας,
3633 5758 3861 5809 τύπτειν

2279 5866 2337 5904 τε
2367 5852 2610 5922 πυγμαῖς
2631 5848 2887 5904 ταπεινὸν
2924 5846 3065 5901 κατὰ
3094 5844 3153 5899 τὸ
3182 5845 3356 5915 γένος,
3390 5845 3543 5903 οὔπω
3573 5847 3857 5918 νενηστεύ-
