4068 6552
72 419 168 474 3J9

957 380 1511 471 connEN'raiuos
1548 414 1616 468 IN
1654 412 1922 470 meum
1965 411 2416 471 pnorns'rau.

3152 456 3156 461 ι
3229 410 3334 468 550

76 528 337 602 κεκμηώς
359 528 477 582 δεί’
500 528 677 581 πόνων
699 526 756 581 δὲ
784 526 986 597 ζημίας
1009 527 1386 599 ὑπομενοῦμεν
1400 529 1648 595 εἰκότως,

1765 530 2034 597 humilem,
2081 530 2318 585 nondum
2354 538 2414 583 ut
2457 528 2611 584 decet
2642 526 2966 597 jejunamus,
2993 534 3051 582 et
3086 526 3331 583 alllictio-

73 622 197 678 Θεοῦ
230 619 669 693 διακεκραγὰως
692 630 719 652 ·’
746 637 765 670 ι
792 620 867 673 Οὐ
902 618 1012 692 γὰρ
1048 619 1252 691 ταύτην
1283 620 1382 693 τὴν
1409 621 1661 692 νηστείαν

77 715 181 785 ἐγὼ
204 712 569 785 ἐξελεξάμην.
609 731 629 766 ι
663 712 756 764 Δεῖ
789 711 853 781 δὴ
884 707 979 766 οὖν
1020 712 1357 783 ἀποσχέσθαι
1392 714 1663 784 φαυλότη-

75 826 182 871 τος,
215 806 460 859 ἕπεσθαί
492 821 571 869 τε,
602 805 699 859 καὶ
736 804 881 876 μάλα
910 806 1196 868 νεανικῶς,
1221 808 1336 870 τοῖς
1366 806 1460 859 τοῦ
1504 823 1663 876 νομο-

79 900 229 952 θέτου
260 897 525 966 δόγμασι,
552 896 651 967 τὴν
680 896 913 967 καρδίαν
938 896 1339 960 ἀπευθύνοντας
1375 896 1513 969 πρὸς
1554 899 1662 951 πᾶν

79 989 247 1044 ὁτιοῦν
297 989 417 1042 τῶν
456 988 797 1059 ἀρεσκόντων
826 988 995 1059 αὐτῷ,
1052 989 1146 1043 καὶ
1181 989 1272 1043 τὸν
1301 990 1401 1060 τῆς
1425 989 1663 1054 διανοίας

84 1079 459 1149 ὑποφέροντας
513 1078 737 1148 αὐχένα,
782 1078 1087 1148 ψάλλοντάς
1128 1096 1189 1132 τε
1236 1080 1332 1133 καὶ
1362 1080 1618 1148 λέγοντας
1643 1095 1658 1112 ο

88 1173 188 1226 Ἰδε
207 1172 308 1242 τὴν
338 1170 676 1224 ταπείνωσίν
701 1188 802 1241 μου
828 1174 923 1224 καὶ
946 1171 1039 1225 τὸν
1064 1171 1231 1225 κόπον
1256 1188 1378 1242 μου,
1403 1172 1498 1225 καλ⁵
1527 1172 1665 1242 ἄφες

84 1264 251 1325 πάσας
278 1260 381 1325 τὰς
415 1259 712 1331 ἁμαρτίας.
730 1261 839 1313 Καὶ
878 1260 987 1330 μὴν
1017 1259 1152 1329 πρὸς
1177 1259 1316 1329 τῷδε
1356 1259 1573 1313 κάκεῖνο
1600 1259 1663 1313 τὸ

86 1352 451 1425 προφητικόψ
495 1371 513 1403 ι
562 1352 692 1406 Ἰδοὺ
722 1352 831 1405 οἵδε
859 1353 1018 1422 ἡμεῖς
1064 1350 1300 1421 ἐσόμεθά
1338 1369 1440 1414 σοι,
1469 1352 1550 1405 ὅτι
1595 1351 1660 1405 σὺ

87 1447 275 1517 Κύριος
299 1447 330 1498 ό
348 1444 490 1507 Θεὸς
516 1443 674 1514 ἡμῶν
702 1438 772 1496 εί.
814 1463 834 1495 ι
868 1444 1216 1513 Παράστασις
1245 1442 1354 1515 γὰρ
1383 1442 1479 1514 ἥδε
1508 1460 1663 1497 πνευ-

92 1537 300 1607 parui},
332 1536 435 1590 καὶ
478 1535 775 1590 ἁνδάνουσα
804 1535 884 1606 τῷ
915 1535 1033 1605 Θεῷ
1079 1535 1219 1604 ὑπὲρ
1267 1536 1467 1606 μόσχον
1513 1534 1655 1598 νέον,

90 1628 217 1697 ὑπὲρ
241 1627 419 1697 ἀμνὸν
450 1629 518 1681 ἐκ
544 1627 832 1697 ποιμνίων,
864 1626 1002 1697 ὑπὲρ
1024 1625 1210 1696 ἔριφον
1240 1627 1298 1693 ἐξ
1323 1626 1662 1697 αἰγῶν,ὑπὲρ

94 1720 352 1791 σεμίδαλιν
385 1719 488 1774 καὶ
523 1719 838 1774 λιϐανωτόν.
871 1722 1279 1790 Πνευματικαίς
1315 1719 1421 1792 γὰρ
1451 1720 1661 1784 θυσίαις

91 1814 452 1883 εὐαρεστεῖται
503 1812 657 1874 Θεός.
718 1812 1065 1882 ’Δγιάζοντες
1125 1813 1182 1866 δὲ
1232 1812 1332 1885 τὴν
1386 1814 1659 1884 νηστείαν,

1764 639 1893 677 num
1955 638 2142 693 poenas
2164 622 2432 685 dabimus,
2456 621 2650 676 merito
2671 619 2938 676 clamante
2962 622 3070 676 Deo
3094 639 3107 675 :
3143 639 3162 672 ι
3189 618 3337 675 Nun-

1763 714 1890 785 quid
1926 716 2028 771 hoc
2074 721 2160 769 est
2181 714 2466 786 jejunium,
2497 713 2641 783 quod
2688 711 2823 782 elegi
2855 711 2947 767 πί
2976 730 2994 763 ι
3043 711 3334 767 Abstinen-

1763 808 1892 863 dum
1926 807 2088 877 igitur
2118 807 2187 861 ab
2225 804 2595 877 improbitate,
2626 814 2680 859 et
2710 805 2963 858 mandata
3016 802 3337 874 legislatoris

1763 895 2132 951 exhaurienda
2160 905 2408 963 strenue,
2452 893 2902 963 dirigendumque
2928 906 3027 947 cor
3062 894 3129 947 ad
3174 907 3338 948 omne

1763 987 1859 1043 Dei
1898 988 2314 1056 beueplacitum,
2377 996 2429 1043 et
2468 987 2666 1042 mentis
2736 986 2917 1041 cervix
2978 985 3334 1054 subjicienda,

1764 1080 2205 1150 psallendumque
2245 1094 2311 1135 ac
2354 1080 2715 1135 dicendumzr
2771 1078 2903 1132 Vide
2976 1076 3343 1131 humilitatem-

1764 1187 1941 1228 meam
1972 1186 2036 1227 ac
2069 1172 2307 1227 laborem
2357 1186 2557 1236 meum,
2583 1180 2636 1226 et
2662 1170 2870 1227 dimitte
2901 1168 3081 1224 omnia
3118 1178 3337 1236 peccata

1765 1264 2005 1320 mea".i
2041 1264 2266 1335 Insuper
2312 1262 2442 1317 illud
2466 1262 2868 1332 propheticum:
2907 1260 3075 1315 «Ecce
3104 1275 3201 1314 nos
3259 1258 3333 1312 tui

1764 1358 1988 1418 erimus,
2027 1355 2153 1425 quia
2201 1365 2254 1409 tu
2307 1356 2560 1410 Dominus
2604 1355 2744 1409 Deus
2788 1362 2973 1409 noster
3020 1367 3099 1408 es.
3142 1373 3162 1405 ι
3211 1350 3337 1406 ilice

1763 1449 1904 1504 enim
1923 1448 2219 1518 spiritualis
2247 1458 2328 1503 est
2353 1448 2646 1512 oblatio,et
2669 1448 2841 1515 placet
2876 1447 2983 1503 Deo
3006 1460 3167 1516 super
3196 1447 3338 1500 vitu-

1764 1542 1872 1596 lum
1921 1542 2187 1597 novellum
2214 1541 2282 1607 ⁷⁸,
2314 1560 2335 1593 ι
2362 1554 2521 1610 super
2565 1555 2761 1610 agnum
2787 1539 2854 1594 de
2886 1538 3160 1609 gregibus,
3177 1553 3339 1607 super

1766 1636 1978 1690 landum
2005 1636 2071 1689 de
2092 1633 2293 1703 capris,
2317 1646 2480 1700 super
2513 1631 2637 1685 thus
2666 1640 2721 1686 et
2745 1630 2996 1685 similam.
3028 1629 3337 1700 Spirituali-

1764 1726 1865 1782 bus
1888 1741 2120 1796 namque
2151 1724 2436 1781 sacriﬁciis
2468 1733 2766 1780 recreatur.
2790 1721 3205 1777 Sanctilicantes
3232 1736 3333 1774 au-

1769 1830 1875 1873 tem
1917 1818 2181 1888 jejunium
2248 1816 2600 1887 pradicemus
2643 1814 2997 1879 curationem,
3044 1812 3160 1868 .boc
3213 1822 3341 1878 est,

95 1905 404 1977 κηρύξωμεν
449 1905 768 1977 θεραπείαν,
809 1907 1077 1971 τουτέστι,
1106 1907 1203 1979 τὴν
1233 1909 1344 1961 τῶν
1382 1908 1539 1962 θείων
1570 1908 1658 1962 θε-

1767 1886 2073 1968 divinarum
2116 1886 2450 1963 voluntatum
2507 1905 2890 1974 expletioncm,
2920 1918 3083 1972 quam
3136 1902 3338 1957 decen-

93 1998 335 2070 λημάτων
357 1999 733 2070 ἐκπλήρωσιν,
759 1993 878 2073 δὴ
905 2000 997 2054 καὶ
1018 2000 1337 2071 πρεπόντως
1364 2001 1663 2072 παρέποιτο

96 2092 157 2143 ἂν
185 2090 242 2143 τὸ
275 2088 429 2156 εὐθὺ,
467 2090 528 2143 τὸ
560 2089 841 2159 εὐάγωγον
879 2089 974 2143 τοῦ
1005 2090 1233 2161 τρόπου,
1276 2092 1337 2144 τὸ
1381 2091 1521 2162 πρὸς
1552 2094 1660 2146 πᾶν

93 2182 252 2235 ὁτιοῦν
295 2181 517 2252 ἕτοιμον
566 2182 677 2236 τῶν
717 2184 799 2246 είς
850 2183 1133 2248 εὐσεϐείας
1170 2184 1411 2254 ἡκόντων
1442 2184 1658 2251 λόγους.

106 2269 524 2339 Ἐπιτελέσωμεν
546 2270 601 2324 δὲ
625 2272 754 2336 τοὺς
779 2272 1015 2343 τρόπους
1029 2272 1129 2343 τῆς
1158 2273 1471 2344 θεραπείας,
1488 2292 1664 2327 συνειο

98 2360 351 2430 λεγμὲνων
395 2362 459 2413 ἐν
519 2360 815 2431 Ἐκκλησία
847 2361 957 2414 τῶν
1000 2362 1068 2415 ἐκ
1104 2362 1428 2431 γερουσίας,
1481 2363 1666 2415 συνδε-

100 2451 436 2523 δραμηκότων
472 2454 570 2507 καὶ
599 2453 817 2507 πάντων
844 2453 955 2507 τῶν
982 2454 1381 2508 κατοικούντων
1410 2454 1507 2526 τὴν
1537 2456 1660 2525 γῆν,

101 2544 367 2597 κλαιόντων
408 2562 474 2598 τε
504 2546 599 2599 καὶ
640 2545 787 2614 μάλα
834 2545 1101 2609 συντόνως
1131 2549 1211 2611 εἰς
1254 2547 1389 2617 ὅλην
1418 2548 1656 2619 ἡμέραν,

101 2637 184 2690 καὶ
221 2636 505 2708 ἀραρότως
539 2638 922 2708 διακειμένων,
953 2640 1037 2692 ὅτι
1063 2639 1281 2693 πάντων
1318 2639 1458 2692 ἐλεεῖ
1494 2639 1625 2703 Θεός
1646 2656 1660 2671 ο

102 2730 201 2782 ἐστι
225 2729 329 2799 γάρ
361 2748 380 2780 ι
396 2730 774 2801 μακρόθυμος,
801 2731 898 2784 καὶ
926 2730 1230 2795 πολυέλεος,
1260 2732 1355 2785 xui.
1388 2731 1660 2802 ἀληθινὸς,

104 2819 310 2890 ὶξαίρων
336 2821 596 2890 ἀνομίας,
622 2822 716 2875 καὶ
747 2820 1091 2892 ὑπερϐαίνων
1129 2822 1364 2886 ἀδικίας,
1412 2841 1434 2875 ι
1466 2823 1560 2876 καὶ
1600 2822 1662 2876 οῦ

106 2912 319 2981 συνέχων
357 2913 439 2975 εἰς
485 2913 791 2984 μαρτυρίαν
814 2914 985 2984 ὀργὴν
1028 2912 1193 2968 αὑτοῦ
1226 2913 1369 2969 κατά
1396 2913 1458 2968 τό
1486 2915 1661 2985 γένος,

110 3021 127 3055 ι
158 3004 270 3057 Ὀτι
296 3003 528 3076 θελητὴς
566 3004 745 3070 ἐλέους
777 3006 911 3061 ἐστί.
953 3025 972 3059 ι

163 3135 273 3190 Ὀτι
296 3136 477 3206 ἐγγὺς
506 3137 543 3205 ἠ
571 3135 759 3206 ἡμέρα
786 3138 1033 3206 Κυρίου,
1058 3139 1155 3194 καί
1188 3140 1269 3206 ὡς
1294 3141 1664 3211 ταλαιπωρία

1768 2013 1849 2057 ter
1879 2002 2228 2057 comitabitur
2276 1996 2563 2061 rectitudo,
2592 2010 2802 2049 morum
2853 1996 3240 2063 tractabilitas,
3270 1997 3337 2051 ad

1763 2093 1944 2148 omnia
1990 2101 2273 2162 promptus
2327 2105 2391 2145 ac
2445 2098 2665 2156 paratus
2713 2087 2963 2153 animus,
3002 2102 3340 2157 quaecunque

1766 2184 1955 2254 pietati
1983 2192 2111 2238 sunt
2137 2181 2340 2237 allinia.
2379 2183 2747 2250 Exsequemur
2779 2194 2906 2235 vero
2946 2181 3133 2235 modos
3185 2196 3341 2235 cura-

1767 2276 1928 2330 tionis
1957 2274 2300 2346 congregatis
2331 2274 2383 2328 in
2415 2274 2657 2329 Ecclesia
2697 2273 2939 2340 senibus,
2970 2282 3023 2329 et
3067 2273 3339 2328 conﬂuen-

1766 2369 1910 2423 tibus
1935 2367 2203 2423 universis
2237 2375 2437 2422 terram
2487 2366 2875 2433 habitantibus,
2901 2366 3341 2435 plorantibusque

1765 2461 2116 2517 vehementer
2155 2468 2264 2515 tota
2292 2459 2400 2526 die,
2434 2467 2489 2513 et
2525 2460 2910 2514 convenienter
2938 2458 3171 2523 aﬂ'ectis,
3202 2472 3338 2527 quo-

1764 2552 1910 2608 niam
1937 2550 2177 2607 omnium
2202 2553 2491 2607 miseretur
2524 2550 2665 2605 Deus
2694 2567 2708 2603 :
2741 2559 2825 2605 est
2852 2552 2996 2605 enim
3026 2568 3044 2602 ι
3096 2550 3341 2616 longam-

1766 2644 1891 2709 mis,
1921 2651 1975 2697 et
2003 2643 2187 2699 multa:
2217 2644 2598 2699 misericordia:
2626 2651 2681 2698 et
2706 2642 2983 2708 verum,»
3008 2648 3062 2696 et
3089 2641 3342 2696 auferens

1765 2735 2079 2805 iniquitates
2118 2735 2187 2802 ",
2205 2744 2260 2790 et
2300 2734 2830 2805 superansjustitias
2856 2734 2955 2798 ⁷⁷.»
2982 2747 3160 2800 neque
3206 2747 3342 2786 con-

1764 2826 1940 2882 tinens
1972 2826 2107 2880 iram
2134 2840 2286 2880 suam
2314 2826 2366 2879 in
2394 2825 2761 2881 testimonium
2786 2839 2981 2881 natura
3011 2839 3131 2891 sua,
3151 2840 3170 2875 ι
3195 2821 3347 2890 ροσ-

1766 2917 1914 2971 niam
1941 2915 2128 2973 volens
2161 2916 2588 2972 misericordiam
2626 2925 2711 2971 est
2742 2917 2843 2970 ⁷⁸.»

1840 3141 2003 3196 Vens.
2039 3141 2128 3203 15,
2170 3140 2257 3197 16.
2292 3140 2552 3206 Quoniam
2579 3138 2739 3210 juxta
2761 3148 2836 3193 est
2868 3139 2978 3193 dies
3014 3138 3261 3202 Domini,
3293 3149 3346 3192 et

108 3227 165 3281 ἐκ
191 3229 579 3296 ταλαιπωρίας
618 3228 769 3298 ἥξει.
812 3228 1137 3284 Κατέγαντι
1183 3231 1302 3285 τῶν
1340 3231 1662 3301 ὀφθαλμῶν

1766 3235 1917 3303 quasi
1954 3234 2167 3286 miseria
2206 3233 2270 3285 de
2294 3231 2505 3286 miseria
2532 3232 2718 3286 veniet.
2760 3232 2893 3285 Ante
2924 3231 3101 3285 oculos
3154 3242 3343 3285 vestros

108 3318 251 3387 ὑμῶν
273 3319 578 3390 βρώματα.
656 3320 1104 3391 Ἐξωλοθρεύθη
1157 3321 1225 3386 ἐξ
1279 3322 1452 3377 οἴκου
1516 3322 1664 3377 Θεοῦ

110 3410 254 3480 ὑμῶν
274 3412 643 3481 εὐφροσύνη,
664 3410 761 3466 καί
784 3411 959 3480 χαρά.

169 3543 257 3598 ιβ’.
303 3544 548 3615 Ἥμέραν
592 3544 799 3615 Κυρίου
845 3546 997 3617 φησὶ,
1036 3545 1157 3600 καθ’
1188 3545 1255 3617 ἢν
1287 3545 1396 3599 ἔδει
1426 3545 1665 3616 πληροῦ-

116 3635 300 3690 σθαιτά
334 3637 391 3701 ἐξ
413 3637 613 3709 ὀργῆς,
648 3637 681 3709 ἢ
710 3638 809 3708 τῆς
831 3639 1052 3707 ἀκρίδος
1081 3640 1264 3702 αὐτοῖς
1296 3638 1666 3709 ἐπενηνεγμέ-

115 3746 214 3797 νης,
240 3729 326 3782 καὶ
351 3731 418 3785 τά
452 3732 513 3783 ἐν
542 3730 699 3801 ἀγρῷ
726 3730 1073 3803 δαπανώσης,
1107 3732 1201 3784 καὶ
1238 3731 1318 3794 εἰς
1359 3729 1521 3801 λιμοῦ
1571 3730 1665 3784 καὶ

118 3819 291 3885 ἐνδείας
334 3821 661 3893 πεμπούσης
707 3822 959 3893 δείματα,
1006 3823 1102 3876 καὶ
1141 3822 1309 3894 αὐτὴν
1362 3821 1665 3892 ἐντιθείσης

116 3910 194 3964 τοῦ
220 3910 433 3968 θανάτου
477 3914 577 3987 τὴν
608 3915 801 3980 πτόαν,
833 3915 1002 3986 ἤγουν
1030 3913 1138 3968 τῶν
1167 3914 1526 3968 Βαϐυλωνίων
1566 3930 1667 3968 κα-

121 4000 486 4074 ταφθειρόντων
511 4007 749 4071 ᾶπαντα,
781 4005 971 4059 πόλεσι
993 4023 1054 4059 τε
1087 4005 1181 4059 καὶ
1213 4004 1430 4077 κώμαις
1457 4007 1663 4077 ἐμφυο-

122 4092 287 4161 μένων,
326 4097 455 4152 ἀλλο
487 4115 548 4151 τε
593 4098 681 4152 ἐπ’
711 4097 856 4169 ἄλλῳ
900 4098 1425 4170 προσεργαζομένων
1469 4098 1662 4165 κακὸν,

120 4185 196 4237 καὶ
216 4186 577 4261 ταλαιπωρίαν
618 4191 684 4243 ἐκ
713 4190 1090 4265 ταλαιπωρίας
1140 4189 1666 4261 προσεπιρμπτούν-

118 4292 208 4328 των
231 4278 308 4331 ἀεὶ
332 4281 599 4336 ἐνοικοῦσι
628 4281 723 4354 τὴν
764 4283 889 4354 γῆν,
925 4282 998 4346 ὡς
1030 4280 1151 4353 μηδ’
1183 4283 1306 4336 ὅσον
1331 4284 1504 4336 εἰπεῖν
1528 4282 1664 4335 ἀνα-

121 4369 316 4426 πνεῦσαι
341 4374 603 4447 δύνασθαι
632 4374 827 4445 βραχὺ,
870 4374 962 4428 καί
999 4392 1051 4429 τι
1079 4376 1169 4431 διὰ
1212 4377 1377 4447 μέσου
1412 4376 1665 4446 γενέσθαι

123 4464 340 4533 χρηστόν.
378 4466 468 4535 ἐφ’
500 4457 683 4537 ὧνπερ
711 4462 779 4536 ἦν
812 4467 980 4531 εἰκὸς,
1022 4466 1123 4521 κᾶν
1165 4469 1294 4537 γοῦν
1337 4468 1445 4523 ἀπὸ
1466 4469 1665 4542 μέρους

1769 3324 2038 3379 alimenta.
2081 3322 2301 3379 Sublata
2327 3335 2443 3378 sunt
2468 3323 2533 3378 de
2558 3323 2712 3377 domo
2760 3320 2859 3376 Dei
2883 3323 3039 3378 vestri
3064 3322 3248 3378 fwtitia
3295 3331 3343 3377 et

1766 3413 2040 3485 gaudium.

1836 3548 1954 3605 Xll.
1988 3550 2139 3605 Diem
2182 3549 2391 3606 Domini
2428 3561 2606 3615 vocat,
2642 3566 2748 3621 qua
2780 3549 2876 3606 ira:
2923 3550 3040 3620 ejus
3083 3548 3344 3604 satisﬁeri

1766 3650 1998 3710 oportet,
2030 3650 2122 3697 aut
2148 3642 2354 3698 locusta
2389 3642 2519 3713 ipsis
2545 3643 2808 3707 immissa,
2836 3650 2889 3696 et
2919 3640 3098 3709 fruges
3130 3640 3182 3695 in
3213 3654 3346 3710 agro

1765 3732 2111 3801 depascente,
2136 3742 2192 3789 et
2218 3731 2380 3788 famis
2418 3741 2581 3802 atque
2618 3733 2857 3803 penuria:
2887 3732 3143 3787 horrores
3188 3730 3345 3785 incu-

1767 3824 1954 3889 tiente,
2014 3823 2297 3892 ipsumque
2364 3823 2555 3878 mortis
2605 3837 2859 3893 pavorem
2907 3822 3205 3887 inferentc;
3250 3832 3344 3877 aut

1766 3913 2077 3985 Babyloniis
2102 3913 2285 3969 omnia
2333 3915 2690 3979 vastantibus,
2741 3913 3071 3982 urbibusque
3117 3921 3172 3967 et
3210 3912 3345 3968 vicis

1767 4007 2229 4071 incumbentibus,
2273 4016 2328 4061 et
2354 4007 2561 4062 cladem
2595 4005 2745 4062 clade
2788 4004 3209 4071 cumulantibus,
3241 4004 3344 4059 mi-

1767 4099 2077 4167 seriamque
2104 4114 2171 4153 ex
2203 4099 2424 4155 miseria
2458 4098 2727 4169 indigenis
2775 4096 3338 4167 superadjicientibus,

1770 4202 1830 4248 ut
1862 4206 1930 4248 ne
1956 4192 2025 4246 ad
2047 4202 2303 4261 punctum
2332 4191 2550 4261 quidem
2594 4191 2855 4260 temporis
2902 4188 3117 4258 paulum
3166 4191 3340 4258 respi-

1770 4298 1892 4338 rare
1955 4292 2176 4352 queant,
2242 4292 2297 4338 et
2336 4282 2541 4337 interea
2616 4280 2818 4351 aliquid
2879 4280 3004 4335 boni
3076 4279 3190 4336 fiat.
3278 4278 3343 4334 Et

1766 4391 1980 4444 aequum
2037 4384 2156 4430 erat
2225 4374 2417 4429 saltem
2494 4389 2562 4429 ex
2614 4385 2766 4443 parte
2814 4384 2868 4428 et
2937 4374 3197 4430 mediocri
3255 4388 3347 4428 so.

1767 4464 1897 4520 latio
1961 4464 2197 4535 perfrui,
2239 4468 2330 4535 qui
2390 4474 2469 4519 tot
2536 4466 2893 4519 incommodis
2948 4479 3072 4520 sese
3151 4479 3347 4520 conse-

125 4555 313 4625 μετρίαν
353 4557 611 4613 δύνασθαι
663 4560 994 4632 παραψυχὴν
1026 4560 1170 4632 ἔχειν
1200 4563 1325 4625 τοὺς
1362 4565 1428 4634 τῇ
1471 4563 1662 4633 συχνό-

1766 4556 2075 4626 quentibus'
2103 4555 2501 4610 intolerandum
2552 4556 2605 4610 in
2632 4556 2845 4610 modum
2880 4554 3059 4610 allecti
3098 4554 3344 4612 fuissent.

124 4660 223 4713 τητι
260 4645 430 4704 λοιπὸν
490 4650 600 4703 τῶν
641 4650 828 4705 κακῶν
873 4652 1167 4723 ἀφορήτως
1210 4653 1660 4724 ἐντετηγμένους.

133 4734 314 4809 Ἐπειδὴ
351 4739 406 4793 δὲ
458 4743 869 4813 πεπαινομένων
892 4742 1001 4798 τῶν
1028 4742 1254 4815 καρπῶν
1286 4745 1408 4817 ἤδη,
1441 4745 1536 4799 καὶ
1573 4746 1664 4800 τὸν

124 4824 316 4891 ἀμῶντα
352 4829 538 4885 λοιπὸν
582 4832 892 4888 καλούντων
936 4834 1023 4904 ἐφ’
1068 4835 1281 4898 ἑαυτοῖς
1326 4834 1434 4889 τῶν
1472 4834 1664 4905 ληῖων,

128 4916 309 4988 βότρυός
336 4939 392 4975 τε
418 4926 952 4997 καταπερκάζοντος,
992 4927 1085 4981 καὶ
1128 4926 1453 4999 γλιχομένου
1484 4928 1665 4981 ἐκθλί-

126 5008 303 5076 ϐεσθαι,
329 5015 514 5085 γέγονὲ
544 5035 647 5071 που
673 5017 814 5089 τάχα
834 5019 934 5090 τῆς
956 5019 1175 5092 ἁκρίδος
1194 5021 1228 5091 ἡ
1262 5020 1489 5092 ἐμϐολὴ,
1514 5020 1662 5093 Βρώο

130 5116 266 5168 ματα,
294 5110 471 5178 φησὶν,
497 5111 872 5185 ἐξωλοθρεύθη
914 5111 975 5178 ἐξ
996 5112 1285 5184 ὀφθαλμῶν
1314 5112 1516 5178 αὐτῶν,
1556 5108 1667 5169 οἷον

127 5192 448 5267 ἡρπασμένων
492 5203 605 5257 τῶν
638 5205 697 5258 ἐν
738 5204 861 5276 ϐψει
890 5205 1293 5277 γεγενημένων,
1334 5206 1669 5277 παρακειμέ-

125 5300 211 5337 νων
236 5286 402 5364 ῶσπερ
429 5294 634 5361 αὐτοῖς,
680 5296 776 5351 καὶ
803 5296 901 5369 τὴν
940 5297 1241 5353 ἀπόλαυσιν
1266 5298 1500 5368 ἐχόντων
1534 5300 1668 5353 ἐτοι-

130 5377 350 5450 μπάτην.
387 5386 710 5458 Ἑξῃρθῆναι
746 5390 811 5451 ,δὲ
852 5389 1016 5445 πάλιν
1043 5389 1448 5446 διαϐεϐαιοῦται
1481 5392 1576 5446 καὶ
1605 5393 1664 5460 ἐξ

126 5462 248 5555 οἴκου
269 5471 458 5543 Κυρίου
484 5476 585 5549 τὴν
609 5479 948 5553 εὐφροσύνην
973 5484 1067 5536 καὶ
1085 5483 1186 5552 τὴν
1225 5482 1416 5555 χαράν.
1453 5483 1652 5538 Ἔθυον

128 5554 356 5627 γάρνταῖς
386 5566 441 5634 ἐξ
480 5568 668 5641 ἀγρῶν
701 5571 1028 5645 εὐκαρπίαις
1070 5574 1519 5647 ἐπαγαλλόμενοι,
1561 5574 1655 5630 καὶ

1768 4648 1835 4702 Ει
1862 4647 1986 4718 quia
2022 4646 2269 4716 frugibus
2317 4647 2475 4716 211
2504 4646 2754 4713 maturis,
2786 4656 2841 4702 et
2870 4647 3143 4716 segetibus
3208 4660 3347 4701 mes-

1761 4754 1942 4794 sorem
1984 4737 2097 4808 jam
2147 4739 2489 4804 vocantibus,
2546 4746 2601 4792 et
2658 4752 2760 4791 uva
2808 4747 2959 4791 cocta
3029 4736 3340 4805 calcarique

1763 4830 2127 4895 desiderante,
2159 4828 2368 4884 locusta
2398 4828 2650 4885 celeriter
2688 4829 2831 4884 forte
2871 4828 3085 4899 irrupit,
3118 4828 3347 4883 alimen-

1765 4933 1814 4978 ta
1842 4922 1910 4977 ab
1947 4922 2122 4977 oculis
2149 4936 2338 4978 eorum
2378 4920 2557 4977 ablata
2604 4936 2724 4977 esse
2766 4920 3101 4991 pronuntiat,
3137 4918 3346 4975 velutsi

1764 5017 1987 5087 abrepta
2037 5015 2288 5082 fuissent,
2320 5031 2440 5086 quae
2475 5015 2529 5070 in
2565 5023 2858 5086 conspectu
2903 5022 2960 5069 et
3007 5021 3135 5068 ante
3165 5012 3352 5068 oculos

1766 5108 1871 5165 sibi
1913 5108 2110 5181 posita,
2135 5118 2191 5167 et
2244 5111 2312 5165 ad
2355 5109 2642 5165 fruendum
2714 5107 2950 5162 maxime
2995 5106 3051 5161 in
3100 5116 3348 5177 promptu

1766 5204 2101 5262 habuissent.
2162 5207 2351 5262 Denuo
2400 5203 2633 5260 atﬁrmat
2674 5205 2741 5260 de
2790 5204 2953 5260 domo
2996 5202 3207 5260 Domini
3250 5204 3350 5259 lae—

1765 5298 1937 5353 titiam
1997 5307 2054 5354 et
2118 5297 2376 5368 gaudium
2446 5297 2692 5369 periisse.
2753 5295 3149 5353 Sacriﬁcabant
3203 5295 3349 5351 enim

1762 5390 2258 5448 cumexsultatione
2293 5390 2363 5447 de
2380 5390 2532 5447 uberi
2574 5389 2788 5459 frugum
2818 5396 3103 5457 proventu,
3156 5385 3340 5440 trade-

1761 5484 1996 5554 bantque
2009 5499 2069 5540 se
2086 5482 3004 5553 hilaritatilomnimodis,gratiarum
3021 5492 3243 5535 munera
3262 5478 3351 5531 de-

1760 5576 2172 5649 dicantes,quod
2196 5585 2352 5635 terrae
2379 5577 2535 5636 bonis
2564 5575 2772 5633 affatim
2798 5573 3112 5633 circumfusi
3144 5577 3346 5630 essent.

188 5756 396 5846 ζξζυειι.
429 5769 609 5846 vn,§.
684 5771 731 5803 ⁷³
763 5772 905 5846 Psal.
947 5793 1091 5845 xx",
1124 5779 1207 5833 18.
1284 5779 1329 5810 ⁷⁸
1360 5776 1501 5834 Psal.
1558 5792 1659 5833 va

1783 5777 1873 5834 32.
1952 5778 1997 5812 ⁷⁵
2028 5778 2170 5836 Psal.
2196 5792 2294 5846 cu,
2335 5778 2387 5835 3.
2466 5777 2512 5810 ⁷⁸
2542 5774 2711 5833 Exod.
2781 5790 2967 5840 xxxw,
3006 5773 3059 5827 7.
3132 5769 3344 5827 "Psal.

136 5833 283 5896 um.
313 5833 359 5889 ὖ.
460 5840 505 5872 ⁷⁸
532 5839 669 5897 Osce
704 5858 774 5911 vr,
811 5844 875 5898 6.
