4068 6544
673 373 771 429 551

1682 377 2055 445 semitm
2096 375 2564 435 ALEXANDRINI
2603 365 2925 440 ARCHIEP.

670 493 795 553 τοὺς
816 490 913 554 ττις
941 490 1280 565 εὐφροσύνης
1304 495 1538 567 τρόπους
1563 498 1887 570 ἐπετήδευον
1909 497 2255 562 ἀνατιθέντες
2290 498 2359 552 τὰ
2393 502 2746 572 χαριστήρια,
2790 504 2879 558 διά
2905 522 2987 560 τοι
3027 504 3086 559 τὸ
3127 508 3467 580 περιχεῖσθαι
3509 511 3790 576 πλουσίως
3842 518 3959 577 τῶς

670 583 734 638 ὲκ
764 585 867 655 γῆς
898 586 1142 654 ἀγαθοῖς.
1222 630 1223 633 η

740 681 1003 740 Similiter
1042 687 1226 742 evenit
1294 688 1362 745 iis
1402 690 1494 760 qui
1528 690 1579 745 in
1609 690 1885 747 Christum
1939 689 2250 761 petulantis-

2426 687 2750 759 Εὑρήσομεν
2769 689 2827 744 δὲ
2861 691 3103 747 τοιοῦτόν
3128 711 3180 747 τι
3219 693 3556 759 πεπονθότας
3602 699 3701 752 καὶ
3748 700 3958 763 αὐτοὺς

668 778 790 833 simi
840 781 1186 839 exstiterunt.
1226 784 1355 840 Fuit
1390 786 1535 845 enim
1576 787 1712 858 ipsis
1744 798 1870 843 ante
1913 787 2100 843 oculos
2142 786 2253 855 jam

673 888 694 921 α
720 872 873 941 panis
909 874 1062 930 vivus
1115 876 1205 945 qui
1238 878 1305 933 de
1335 879 1476 935 coelo
1518 879 1820 947 descendit,
1853 891 1910 937 et
1958 883 2051 936 dat
2088 884 2254 936 vitam

671 966 875 1021 mundo
912 966 984 1022 "’:
1022 987 1043 1021 ι
1070 984 1300 1039 granum
1332 971 1520 1038 tritici,
1542 973 1683 1042 quod
1717 974 1927 1044 lapsum
1960 976 2014 1030 in
2053 984 2255 1031 terram

673 1059 1023 1130 multiplicem
1071 1060 1306 1118 fructum
1343 1065 1567 1135 protulit
1591 1065 1659 1132 '°;
1685 1068 1867 1123 vinum
1907 1070 2049 1139 quod
2074 1078 2256 1126 mente

670 1153 930 1221 cernitur,
971 1163 1026 1209 et
1078 1169 1174 1211 cor
1217 1156 1452 1212 hominis
1513 1158 1788 1215 laetiticare
1842 1159 2251 1217 consuevit”.

669 1246 776 1303 Sed
811 1248 936 1317 quia
999 1264 1104 1302 non
1161 1249 1485 1305 destiterunt
1524 1250 1578 1307 in
1620 1252 2091 1308 incredulitatibus
2140 1252 2254 1309 suis

668 1337 1047 1392 contumeliam
1084 1338 1281 1405 facere,
1316 1341 1386 1394 ab
1424 1356 1611 1395 eorum
1652 1352 1967 1413 conspectu,
2011 1352 2065 1397 et
2125 1353 2246 1397 tan-

665 1447 826 1501 quam
852 1448 883 1487 e
909 1434 1086 1488 medio
1127 1433 1305 1490 ablata
1333 1446 1457 1491 sunt
1490 1437 1670 1492 omnia
1707 1437 1965 1494 alimenta
1993 1438 2250 1508 spiritua-

665 1525 759 1591 lia,
821 1535 876 1581 et
916 1528 1177 1582 abscessit
1216 1528 1286 1581 ab
1317 1530 1395 1584 eis
1428 1531 1607 1586 omnis
1639 1531 1768 1586 boni
1809 1529 2249 1596 communicatio,

662 1617 934 1689 periitque
981 1634 1012 1673 a
1055 1618 1218 1675 domo
1248 1634 1435 1676 eorum
1484 1621 1671 1678 laetitia
1711 1632 1767 1679 et
1809 1625 2084 1696 gaudium.
2132 1623 2252 1679 Dali

666 1720 795 1767 sunt
831 1712 977 1766 enim
1041 1712 1097 1768 in
1142 1712 1553 1781 desolationem,
1582 1724 1639 1771 et
1682 1716 1734 1771 in
1792 1731 2031 1772 aerumna
2087 1715 2255 1772 relin-

665 1813 926 1873 quuntur,
962 1818 1063 1859 nec
1106 1818 1288 1874 regem
1329 1804 1625 1873 habentes,
1652 1820 1753 1861 nec
1804 1806 2254 1876 principem,"nec

667 1894 1020 1960 sacriﬁcium,
1059 1911 1161 1952 nee
1199 1895 1391 1962 altare,
1419 1910 1518 1953 nec
1564 1897 1935 1963 sacerdotem,
1952 1912 2050 1953 nec
2072 1895 2249 1951 mani-

666 1990 803 2046 festa
838 1991 907 2047 ⁸¹.
959 1991 1078 2046 Alio
1114 1991 1240 2046 item
1265 1993 1424 2047 modo
1444 1992 1513 2047 ab
1556 1991 1727 2048 oculis
1769 2007 1957 2048 eorum
1993 1990 2247 2044 alimenta

665 2092 722 2138 et
752 2083 1016 2149 laetitiam,
1051 2091 1107 2138 et
1158 2084 1411 2153 gaudium
1463 2084 1641 2141 ablata
1681 2098 1804 2139 esse
1851 2084 2115 2140 dicimus,
2160 2082 2251 2137 Ait
2281 2052 2327 2108 Β

664 2175 809 2235 enim
858 2174 1190 2229 Dominusz‘t
1237 2172 1351 2230 Non
1398 2176 1450 2231 in
1496 2178 1613 2232 solo
1676 2191 1820 2246 pane
1864 2177 2009 2231 vivet
2052 2176 2247 2242 homo,

664 2267 757 2321 sed
796 2267 848 2321 in
888 2265 1043 2323 omni
1070 2269 1254 2333 verbo,
1285 2270 1428 2337 quod
1482 2269 1727 2338 procedit
1768 2269 1835 2324 de
1883 2282 1978 2323 ore
2028 2266 2118 2321 Dei
2143 2266 2257 2320 ".r

663 2358 858 2414 Mentis
904 2368 1082 2414 autem
1120 2358 1271 2414 cibus
1314 2360 1532 2414 verbum
1578 2370 1682 2417 εει.
1717 2358 2253 2415 Νοιιιοιόιὼίιονετίι

662 2450 931 2508 aliirmare
947 2455 1047 2509 hoc
1061 2456 1555 2527 verbum,inqnam,
1578 2472 1605 2510 a
1628 2457 1827 2512 Jndaeis
1843 2457 2077 2512 ablatum
2104 2471 2245 2523 esse,

663 2545 728 2596 ad
766 2544 1000 2611 inopiam
1046 2547 1191 2601 enim
1229 2548 1523 2617 spiritualis
1555 2550 1822 2605 alimonize
1854 2549 2054 2605 redacti
2086 2557 2247 2617 sunt;

663 2650 762 2687 nec
806 2636 1003 2703 scripta
1050 2636 1247 2707 Moysis
1281 2636 1699 2702 intellexerunt,
1755 2658 1775 2691 ‹
1802 2640 1895 2695 sed
1940 2654 2109 2709 usque
2152 2642 2250 2695 ho.

662 2725 752 2779 die
801 2727 1039 2795 positum
1090 2738 1171 2783 est
1224 2731 1472 2785 velamen
1538 2747 1702 2800 super
1755 2746 1850 2786 eor
1902 2747 2089 2787 eorum
2118 2733 2185 2796 3';
2225 2751 2245 2784 ο

661 2818 894 2871 oderunt.
931 2820 1197 2887 siquidem
1240 2821 1441 2875 Christi
1477 2823 1717 2877 oracula.
1753 2822 1922 2876 Periit
1952 2824 2084 2892 ipsis
2130 2837 2248 2876 om-

663 2906 747 2959 nis
777 2922 900 2961 esca
940 2910 1263 2978 spiritualis-;
1290 2926 1395 2965 non
1426 2912 1567 2980 quod
1604 2913 1714 2980 ipsa
1740 2913 2035 2980 perniciem
2091 2927 2247 2982 passa

662 3001 753 3065 sit,
777 3001 869 3054 sed
915 3002 1038 3071 quia
1077 3004 1252 3071 passis
1284 3019 1388 3058 non
1425 3004 1745 3072 apponitur;
1798 3013 1853 3058 et
1888 3014 2148 3074 quantum
2193 3007 2246 3059 in

663 3093 796 3162 ipsis
830 3092 949 3159 fuit,
1001 3094 1140 3149 nulla
1185 3104 1269 3150 est
1323 3095 1552 3165 amplius
1596 3098 1837 3151 omnino.
1889 3094 2087 3152 Verum
2147 3097 2248 3153 Do-

664 3184 843 3238 minus
899 3168 952 3239 in
1004 3200 1066 3241 se
1125 3188 1472 3244 credentibus
1528 3188 1749 3245 delicias
1821 3190 2151 3259 impertitnr,
2195 3200 2250 3245 et

664 3274 830 3328 vitam
885 3274 1081 3330 lautam
1130 3293 1194 3332 ac
1258 3278 1540 3333 delicatam
1597 3280 1648 3333 in
1702 3280 1860 3335 bonis
1914 3281 2245 3335 ceelestibus.

666 3363 936 3435 Scriptum
980 3378 1066 3423 est
1098 3371 1239 3425 enim
1277 3388 1290 3424 :
1327 3389 1346 3422 ι
1383 3371 1499 3425 Non
1541 3374 1753 3428 occidet
1790 3373 2048 3428 Dominus
2105 3374 2248 3430 fame
2274 3390 2317 3449 ε

663 3455 898 3512 animam
959 3458 1133 3528 justi;
1192 3461 1357 3514 vitam
1419 3454 1596 3517 autem
1663 3463 1950 3532 impiorum
2009 3466 2246 3520 subver-

665 3556 742 3600 tet
769 3547 835 3600 ⁸⁵.
878 3566 898 3599 ι

735 3638 896 3695 Vens.
916 3640 1099 3708 17,18.
1127 3641 1466 3698 saltauerunt
1492 3646 1670 3699 vitqu
1692 3647 1743 3699 in
1768 3648 2087 3715 prterepibu‘s
2109 3650 2253 3711 suis,

662 3732 901 3801 dissipati
926 3745 1045 3786 sunt
1076 3735 1329 3801 thesauri,
1372 3737 1600 3805 suffossa
1641 3749 1765 3790 sunt
1814 3739 1977 3809 212
2015 3740 2248 3792 torcula-

662 3823 766 3884 ria,
798 3823 920 3892 quia
958 3823 1247 3892 arefactum
1286 3837 1359 3879 est
1415 3825 1668 3880 triticum.
1732 3826 1871 3892 Quid
1939 3846 2245 3898 reponemus

662 3913 808 3966 nobis
830 3913 856 3967 ξ)
884 3915 1138 3983 ﬂeverunt
1168 3925 1403 3970 armenta
1435 3917 1610 3981 boum,
1643 3919 1770 3987 quia,
1810 3936 1912 3974 non
1976 3931 2123 3975 erant
2151 3937 2249 3991 pa-

663 4020 791 4057 scua
824 4005 923 4071 eis,
944 4014 992 4058 et
1035 4021 1214 4075 greges
1235 4006 1406 4060 ovium
1444 4008 1816 4078 disperieruut.

733 4179 871 4238 XIII.
902 4182 1075 4237 Etiam
1125 4184 1299 4240 brutis
1344 4185 1709 4243 animantibus
1756 4189 2019 4245 divinitus
2075 4190 2247 4262 inspi-

662 4283 782 4329 rata
833 4274 1110 4345 Scriptura
1156 4291 1539 4348 nonnunquam
1589 4281 1852 4336 rationem
1890 4280 2115 4353 aﬂlngit,
2156 4299 2249 4337 na-

663 4376 836 4421 turam
872 4383 1049 4422 rerum
1083 4368 1265 4437 lepore
1313 4371 1546 4439 quodam
1588 4381 1643 4427 et
1702 4373 1996 4430 feStivitate
2050 4375 2246 4430 distin-

661 4470 853 4525 guens,
883 4465 938 4511 et
965 4458 1119 4526 quasi
1159 4459 1418 4515 moralem
1442 4476 1627 4516 eorum
1659 4466 2017 4519 (nconomiam
2039 4465 2247 4522 descri-

661 4547 815 4613 hens,
865 4562 985 4617 quae
1036 4563 1133 4604 nos
1206 4550 1505 4621 intelligere
1568 4568 1664 4622 par
1705 4564 1808 4609 est.
1869 4557 2069 4613 Deinde
2116 4560 2245 4629 quid

662 4637 879 4705 mirum,
912 4639 1119 4694 etiamsi
1166 4640 1330 4694 vitula
1382 4643 1592 4696 dicatur
1661 4645 1950 4715 aliquando
2011 4649 2241 4705 saltasse

2356 778 2419 849 δὴ
2456 779 2692 850 μάλιστα
2736 782 2866 847 τοὺς
2919 786 3000 849 είς
3035 785 3271 855 Χριστὸν
3320 791 3822 860 πεπαρῳνηκότας.
3858 792 3957 845 Γέ-

2356 886 2483 939 γονε
2505 870 2606 941 μὲν
2634 871 2743 944 γὰρ
2772 874 2958 937 αὐτοῖς
2990 876 3047 928 ἐν
3069 875 3370 948 ὀφθαλμοῖς
3394 878 3494 949 ἤδη
3522 896 3641 943 πως
3678 899 3696 931 ι
3725 882 3756 933 ἐ
3791 882 3958 952 ἄρτιος

2356 962 2457 1030 τῆς
2495 961 2661 1033 ζωῆς,
2701 966 2730 1017 ὀ
2761 964 2823 1030 ἐξ
2857 965 3091 1036 οὐρανοῦ
3139 967 3383 1032 καταϐὰς
3406 1007 3422 1034 ,
3454 970 3551 1024 καὶ
3593 970 3742 1041 ζωὴν
3774 972 3957 1035 διδοὺς

2356 1053 2434 1125 τῷ
2464 1054 2655 1127 κόσμῳ
2683 1095 2699 1121 ,
2747 1075 2765 1108 ι
2811 1059 2842 1110 ὀ
2881 1058 3083 1121 κόκκος
3113 1057 3208 1111 τοῖ’)
3236 1059 3408 1125 σίτου,
3444 1062 3472 1114 ὀ
3493 1062 3678 1115 πεσὼν
3706 1065 3795 1124 εἰς
3828 1064 3953 1132 γῆν,

2357 1147 2453 1202 καὶ
2489 1148 2778 1214 πολλοστὸς
2804 1151 3035 1221 άναφὺς,
3075 1151 3104 1204 ὀ
3129 1151 3317 1222 νοητὸς
3346 1147 3508 1217 οἶνος,
3538 1155 3568 1207 ό
3596 1155 3833 1226 καρδίας
3864 1156 3958 1208 ἀν·-

2358 1239 2595 1312 θρώπων
2627 1243 3046 1314 κατευφραίνειν
3068 1243 3246 1307 είδὼς.
3300 1244 3518 1318 Ἐπειδὴ
3558 1246 3616 1300 δὲ
3656 1248 3719 1300 οὗ
3769 1248 3954 1300 διαλε-

2355 1334 2574 1390 λοίπασι
2610 1338 2732 1400 ταῖς
2779 1337 3085 1400 ἁπειθείοιις
3139 1340 3473 1411 ὑϐρίζοντες,
3507 1342 3740 1410 γέγονεν
3768 1344 3955 1405 αὐτοῖς

2356 1432 2414 1500 ἐξ
2441 1431 2753 1503 ὀφθαλμῶν,
2791 1433 2885 1487 καὶ
2910 1427 3022 1487 οἷον
3059 1437 3124 1488 ἐκ
3168 1436 3335 1506 μέσου
3388 1434 3656 1511 βρώματα
3697 1455 3954 1508 πνευμαο

2355 1522 2502 1579 τικά.
2546 1524 2983 1594 Ἀποπεφοίτηκε
3014 1525 3123 1596 γὰρ
3172 1526 3354 1581 αὐτῶν
3398 1528 3432 1597 ἡ
3482 1528 3689 1592 παντὸς
3737 1528 3953 1596 ἀγαθοῦ

2357 1615 2592 1687 μέθεξις.
2635 1616 2891 1689 Ἐξῇρται
2919 1617 2977 1671 δὲ
3030 1621 3124 1672 καὶ
3160 1618 3220 1684 ἐξ
3274 1618 3427 1673 οἴκου
3465 1620 3563 1673 τοῦ
3593 1622 3729 1691 παρ’
3764 1620 3955 1682 nisi;

2353 1710 2681 1782 εὐφροσύνη,
2727 1712 2820 1766 καὶ
2861 1713 3026 1784 χαρά.
3067 1712 3319 1767 Δέδονται
3364 1712 3476 1785 γὰρ
3510 1713 3593 1776 είς
3636 1713 3951 1785 ἐρήμωσιν,

2353 1804 2448 1857 καὶ
2476 1803 2811 1858 διατελοῦσιν
2850 1807 2898 1859 οἱ
2924 1806 3153 1869 τάλανες
3196 1806 3299 1861 οὐκ
3330 1806 3486 1871 ὀντος
3511 1806 3789 1878 βασιλέως
3834 1807 3954 1859 οὐδὲ

2353 1896 2636 1968 ἄρχοντος,
2658 1898 2761 1951 οὐκ
2778 1896 2947 1969 οὔσης
2972 1896 3185 1962 θυσίας,
3210 1899 3331 1953 οὐδὲ
3352 1898 3507 1963 ὄντος
3531 1898 3953 1968 θυσιαστηρίου,

2354 1984 2478 2039 οὔτε
2514 1985 2726 2057 ἱερέως,
2753 1985 2879 2039 οὔτε
2906 1986 3103 2058 δήλων.
3132 1988 3242 2041 Καὶ
3277 1987 3399 2042 καθ’
3427 1988 3617 2059 ἕτερον
3646 1987 3708 2040 δὲ
3745 1988 3953 2058 τρόπον

2354 2076 2651 2150 ἐξῃρῆσθαί
2682 2095 2865 2148 φαμεν
2882 2076 2942 2143 ἐξ
2966 2077 3262 2149 ὀφθαλμῶν
3292 2078 3472 2133 αὐτῶν
3501 2081 3573 2132 τά
3588 2096 3651 2132 τε
3680 2078 3956 2150 βρώματα

2352 2170 2449 2223 καὶ
2464 2169 2563 2241 τὴν
2582 2169 2943 2241 εὐφροσύνην,
2979 2170 3074 2224 καὶ
3106 2169 3205 2241 τὴν
3242 2172 3437 2241 χαράν.
3481 2169 3627 2242 Ἔφη
3659 2172 3762 2241 μὲν
3790 2170 3955 2241 rapui

2352 2261 2555 2333 Κύριος
2582 2277 2596 2290 υ
2638 2282 2655 2313 ι
2687 2263 2802 2314 Οὐκ
2853 2260 2940 2313 ἐπ’
2973 2260 3124 2332 ἄρτῳ
3183 2260 3330 2332 μόνῳ
3364 2259 3589 2331 ζήσεται
3632 2260 3950 2331 ἄνθρωπος,

2352 2353 2468 2408 ἀλλ’
2514 2355 2572 2406 ὲν
2621 2354 2785 2407 παντὶ
2824 2355 3037 2424 ῥήματι
3071 2354 3493 2425 ἐκπορευομένῳ
3537 2352 3627 2407 διὰ
3680 2354 3952 2423 στόματος

2353 2447 2509 2501 Θεοῦ.
2525 2466 2551 2498 ι
2568 2446 2679 2500 Νοῦ
2701 2447 2758 2500 δὲ
2791 2446 2987 2517 τρορὴ,
3021 2444 3197 2513 λόγος.
3223 2446 3339 2498 Οὐκ
3356 2445 3423 2498 ἂν
3448 2444 3495 2499 δ’
3530 2445 3838 2500 ἐνδοιάσειέ
3870 2462 3951 2507 τις

2352 2540 2511 2594 τοῦτο
2537 2538 2643 2608 τῆς
2682 2537 2955 2592 Ἰουδαίων
2985 2536 3227 2608 πληθύος
3275 2536 3507 2609 ὲξῇρθαι
3545 2536 3756 2603 λέγειν.
3782 2535 3951 2603 F516-

2353 2648 2476 2685 νασι
2497 2631 2605 2701 γὰρ
2623 2632 2679 2682 ὲν
2707 2629 2887 2699 ἐνδείᾳ
2912 2629 3122 2700 τροφῆς
3143 2627 3539 2699 πνευματικῆς,
3564 2627 3627 2679 οὐ
3652 2627 3948 2695 νενικήκασι

2352 2724 2421 2778 τὰ
2460 2724 2725 2785 Μωσέως,
2762 2739 2789 2772 «η
2810 2721 2924 2776 ἀλλ’
2961 2722 3090 2793 ἄχρι
3125 2721 3369 2792 σήμερον
3402 2720 3675 2789 κάλυμμα
3723 2719 3820 2771 ἐπὶ
3854 2718 3952 2787 τὴν

2353 2816 2585 2886 καρδίαν
2641 2814 2822 2867 αὐτῶν
2869 2815 3081 2867 κεῖταν
3114 2832 3132 2866 ι
3178 2814 3523 2885 μεμισήκασι
3564 2814 3676 2882 γὰρ
3740 2810 3813 2863 τά
3858 2810 3949 2862 τοῦ

2353 2901 2592 2972 Χριστοῦ
2646 2901 3014 2972 θεσπίσματα.
3090 2901 3437 2973 Ὦλόθρευται
3493 2901 3682 2964 αὐτοῖς
3737 2900 3951 2968 πᾶσιαή

2353 2994 2698 3066 πνευματικὴ
2732 2994 2947 3065 τροφὴ,-
2969 2994 3071 3047 oin:
3102 2993 3239 3064 αὑτὴ
3269 2992 3518 3047 παθοῦσα
3555 2994 3651 3057 τὸν
3699 2992 3950 3061 ὄλεθρον,

2352 3085 2487 3138 ἀλλὰ
2510 3088 2623 3149 τοῖς
2647 3086 2971 3139 πεπονθόσιν
2995 3086 3095 3139 οὐκ
3122 3084 3203 3137 ἑτι
3244 3084 3655 3156 παρακειμένη,
3701 3086 3803 3137 καὶ
3832 3086 3952 3137 ὅσον

2350 3173 2487 3249 ἧκεν
2511 3178 2587 3241 είς
2610 3177 2873 3241 ἐκείνους,
2896 3178 3017 3230 οὐδὲ
3044 3178 3366 3247 ὑπάρχουσα
3396 3176 3701 3240 παντελῶς.
3764 3175 3906 3227 Ἀλλ’
3926 3176 3952 3228 ὀ

2352 3283 2416 3334 γε
2442 3264 2645 3336 Κύριος
2667 3268 2776 3329 τοῖς
2801 3269 2882 3328 είς
2901 3266 3063 3319 αὐτὸν
3089 3266 3404 3319 πιστεύουσι
3424 3266 3482 3319 τὸ
3506 3266 3713 3337 χρῆναι
3737 3269 3950 3337 τρυφᾷν

2351 3358 2631 3428 διανέμει,
2688 3360 2781 3412 καὶ
2830 3359 3183 3429 ἐνσπαταλᾷνη
3228 3359 3454 3427 ἀγαθοῖς
3527 3360 3642 3421 τοῖς
3718 3357 3950 3411 ἄνωθεν.

2350 3452 2663 3521 Γέγραπται
2695 3451 2825 3521 γὰρ,
2849 3452 2931 3504 ὅτι
2957 3469 2975 3500 ι
3011 3451 3086 3503 Οὐ
3121 3449 3502 3521 λιμοκτονήσει
3531 3449 3747 3520 Κύριος
3776 3448 3952 3518 ψυχὴν

2349 3540 2583 3607 δικαίου,
2616 3541 2760 3613 ζωὴν
2787 3541 2850 3594 δὲ
2876 3540 3092 3595 άσεσῶν
3125 3540 3439 3613 ἀνατρέψει.
3478 3559 3499 3593 ι

2433 3634 2833 3702 Ἐσκίρτησαν
2848 3633 3140 3703 δαμάλεις
3162 3632 3263 3686 ἐπὶ
3283 3632 3414 3699 ταῖς
3435 3632 3693 3701 φάτναις
3722 3630 3949 3694 αὐτῶν,

2347 3726 2783 3795 ἠφανίσθησαν
2835 3724 3126 3793 θησαυροί
3149 3764 3166 3791 ,
3206 3724 3687 3794 κατεσκάφησαν
3743 3723 3950 3789 ληνοὶ,

2350 3820 2438 3875 ὅτι
2496 3820 2796 3889 ἐξηράνθη
2855 3819 3044 3887 σῖτος.
3105 3818 3167 3874 Τι
3212 3817 3605 3888 ἀποθήσομεν
3664 3816 3951 3882 ἑαυτοῖς;

2347 3913 2662 3968 ἔκλαυσαν
2680 3914 2981 3978 ,ϐουκόλια
3001 3911 3191 3981 βοῶν,
3238 3912 3329 3967 ὅτι
3361 3913 3475 3981 οὐχ
3510 3909 3761 3979 ὑπῆρχε
3791 3910 3948 3978 νομὴ

2347 4006 2573 4074 αὐτοῖς,
2602 4007 2698 4061 καί
2731 4005 2805 4060 τὰ
2830 4006 3078 4075 ποίμνια
3105 4004 3224 4060 τῶν
3253 4005 3563 4075 προϐάτων
3586 4003 3947 4072 ἠφανίσθη-

2349 4115 2491 4154 σαν.

2418 4193 2517 4248 ll".
2551 4192 2661 4247 Καὶ
2688 4194 2801 4255 τοῖς
2823 4190 3039 4261 ἀλόγοις
3060 4188 3169 4244 τῶν
3195 4189 3352 4256 ζώων
3388 4189 3497 4243 ἐσθ’
3533 4188 3621 4241 ὅτε
3646 4186 3824 4255 λόγον
3858 4203 3948 4239 πε-

2352 4285 2619 4358 ριτίθησιν
2647 4287 2680 4357 ἡ
2724 4284 3086 4349 θεόπνευστος
3128 4283 3325 4354 Γραφὴ
3347 4322 3362 4347 ,
3392 4282 3489 4345 τὰς
3538 4280 3647 4334 τῶν
3673 4279 3947 4351 πράξεων

2348 4385 2540 4453 φύσεις
2563 4386 2643 4447 εἰς
2665 4382 2727 4435 τὸ
2770 4381 2965 4453 εὖχαρί
3003 4398 3063 4434 τε
3108 4380 3205 4433 καὶ
3237 4378 3468 4441 ἀστείως
3511 4376 3633 4446 ἔχον
3664 4376 3948 4444 ἐντέχνως

2346 4475 2811 4539 διαποικίλλουσα,
2836 4474 2929 4527 καὶ
2954 4466 3066 4526 οἷον
3085 4472 3143 4526 ὲν
3170 4470 3301 4524 εἴδει
3336 4470 3624 4541 γράφουσα
3660 4468 3770 4530 τὰς
3800 4468 3941 4519 οἰκο-

2347 4569 2558 4639 νομίας,
2591 4563 2665 4621 ὧν
2688 4567 2756 4622 ἂν
2783 4566 2985 4639 πρέποι
3025 4566 3184 4619 νοεῖν.
3222 4559 3356 4616 Εῐτα
3398 4561 3453 4614 τί
3492 4559 3693 4631 θαῦμα,
3747 4558 3870 4612 κᾶν
3902 4561 3947 4610 εἰ

2347 4660 2577 4732 δάμαλις
2605 4658 2817 4727 λέγοιτο
2839 4656 3159 4727 διασκιρτᾷν
3177 4652 3359 4724 τυχὸν,
3385 4650 3617 4706 κλαῦσαί
3644 4666 3704 4702 τε
3739 4649 3947 4719 βουκό-

660 4728 980 4799 Ilevisseqne
1013 4742 1255 4786 armenta
1300 4733 1496 4788 boum?
1543 4736 1941 4793 lntolerandum
1996 4740 2241 4797 enim'in

2351 4728 2437 4805 λιοι
2473 4752 2645 4822 perint;
2711 4750 3028 4820 ’Λφορήτως
3079 4746 3191 4817 γὰρ
3243 4744 3383 4799 αὐτὰ
3420 4741 3823 4806 κατεπιέζοντο
3872 4741 3947 4809 τῷ

660 4820 879 4874 modum
912 4820 1052 4875 fame
1099 4824 1501 4892 premebantur.
1544 4825 1707 4882 Forte
1736 4830 1883 4884 enim
1913 4833 2245 4890 exsiliissent

659 4922 716 4970 et
749 4913 1044 4967 lamentata
1074 4925 1254 4969 essent
1299 4916 1413 4986 ipsa
1451 4933 1601 4985 arva,
1639 4920 1685 4975 si
1713 4938 1876 4991 quam
1928 4925 2240 4998 intelligen-

661 5006 750 5060 tiae
809 5015 1016 5075 partem
1050 5007 1434 5065 habuissent.r
1471 5011 1725 5083 Dissipati
1777 5026 1902 5072 sunt
1954 5019 2239 5089 thesauri,

660 5099 855 5169 inquit,
888 5110 943 5154 et
994 5099 1220 5156 suffossa
1273 5103 1656 5172 torculariap
1719 5108 1937 5177 penitus
1996 5112 2239 5183 neglecta

661 5192 910 5259 forsitan,
940 5192 1081 5263 quod
1110 5194 1240 5248 nihil
1272 5210 1339 5249 ex
1388 5198 1535 5266 agris
1568 5197 1948 5268 colligeretur;
1980 5205 2073 5258 sed
2126 5204 2236 5260 falx

658 5284 831 5339 otiosa
863 5297 1011 5340 esset
1077 5286 1144 5342 ad
1192 5288 1405 5344 botrum
1464 5290 1515 5345 in
1556 5292 1734 5357 vinea,
1786 5294 1934 5362 spica
1977 5297 2029 5350 in
2093 5300 2238 5368 agris

662 5385 846 5445 utpote
878 5388 1170 5449 prostrata,
1200 5381 1459 5448 aruisset,
1490 5396 1591 5438 nec
1624 5384 1691 5438 ad
1723 5387 2089 5442 maturitatem
2120 5405 2242 5459 per-

660 5470 916 5525 venisset.
950 5472 1072 5527 ldeo
1095 5474 1187 5540 ait,
1226 5492 1246 5525 ‹
1280 5473 1417 5541 Quid
1453 5489 1780 5545 reponemus
1830 5480 2023 5535 nobis?
2049 5502 2066 5534 ι
2099 5482 2234 5550 Quia

661 5571 867 5632 autem,
894 5573 958 5620 ut
1004 5566 1159 5632 dicit,
1184 5582 1306 5622 enm
1346 5567 1613 5627 lructibus
1653 5573 1977 5645 mitioribus,
2011 5588 2065 5632 et
2111 5579 2239 5649 ipsa:

2346 4843 2510 4915 λιμῷ.
2547 4843 2700 4914 Τάχα
2732 4858 2852 4905 πως
2877 4841 2970 4894 καὶ
2999 4838 3396 4909 ἀνεσκίρτησαν
3422 4837 3509 4897 ἂν,
3537 4834 3632 4887 καλ⁸
3665 4832 3947 4903 “opum:-

2347 4953 2507 4991 κασιν
2534 4936 2713 5006 ἀγροὶ,
2750 4936 2869 4987 εἶπε
2879 4951 2910 5004 ρ
2937 4928 3006 5004 ἦν
3040 4930 3222 4994 αὐτοῖς
3251 4928 3504 4999 αἴσθησις
3535 4925 3645 4978 τῶν
3670 4925 3946 4994 ἐπενηνε-

2345 5027 2581 5100 γμένων.
2655 5024 2978 5095 Ἠφανίσθαι
3009 5022 3067 5077 δέ
3114 5039 3248 5093 φησι
3278 5019 3586 5090 θησαυροὺς
3607 5056 3623 5083 ,
3656 5016 3762 5069 καὶ
3798 5032 3944 5068 κατ-

2345 5119 2615 5188 εσκάφθαι
2636 5115 2849 5189 ληνοὺς,
2890 5114 3145 5185 οὐδεμιᾶς
3174 5128 3278 5165 που
3300 5110 3443 5182 τάχα
3464 5106 3743 5181 φροντίδος
3765 5107 3944 5176 ἠξιω-

2341 5212 2553 5284 μένους,
2589 5209 2678 5263 διά
2708 5225 2791 5261 τοι
2814 5207 2878 5260 τὸ
2903 5206 3069 5277 μηδὲν
3100 5206 3160 5272 ἐξ
3177 5203 3364 5275 ἀγρῶν
3393 5198 3778 5268 συλλέγεσθαι,
3800 5198 3946 5251 ἀλλὰ

2337 5305 2611 5376 δρεπάνην
2641 5302 2737 5373 μὲν
2761 5302 3063 5371 ἀπρακτεῖν
3088 5299 3186 5369 τὴν
3213 5300 3271 5351 ὲν
3297 5295 3530 5367 ἀμπέλῳ
3577 5295 3673 5348 καὶ
3704 5292 3906 5363 βάτρυῖ
3927 5331 3944 5355 ,

2341 5397 2506 5469 ξηρὸν
2533 5396 2591 5448 δὲ
2623 5396 2717 5448 καί¹
2772 5392 3204 5463 άτελεσφόρητον
3234 5392 3345 5452 τοῖς
3393 5389 3585 5458 ἀγροῖς
3632 5384 3944 5438 ὲπικλίνειν

2338 5490 2429 5541 τὸν
2464 5489 2681 5557 στάχυν.
2710 5485 2897 5556 Ταύτῃ
2919 5483 3088 5554 φησί·
3123 5481 3218 5535 «Τί
3248 5478 3597 5550 άποθήσομεν
3626 5477 3846 5538 ἑαυτοῖς
3870 5492 3885 5538 ;
3914 5492 3934 5525 ι

2344 5580 2465 5633 Ὀτι
2493 5579 2569 5645 δὲ,
2595 5579 2669 5642 ὡς
2698 5578 2854 5649 ἔφην,
2874 5579 2987 5640 τοῖς
3007 5575 3115 5629 τῶν
3141 5573 3373 5646 καρπῶν
3394 5572 3625 5643 ἡμέροις
3647 5569 3744 5623 καὶ
3764 5565 3939 5622 αὐταὶ

737 5741 1072 5824 "3090.133.
1105 5744 1195 5800 '55.
1271 5745 1327 5824 εξ
1344 5745 1499 5807 Joan.
1533 5768 1630 5820 κη,
1670 5754 1762 5823 2i,
1794 5755 1886 5812 25.
1962 5758 2024 5790 ⁸⁰’
2070 5757 2234 5815 Eccli.

2358 5798 2371 5824 ,
2407 5757 2495 5813 ΞΟ.
2576 5758 2615 5790 ⁸⁸
2650 5757 2781 5813 Dan.
2812 5771 2891 5824 ιιι,
2932 5753 3020 5810 '58.
3101 5753 3145 5784 '"
3179 5751 3369 5807 Matth.
3400 5765 3474 5815 tv,
3509 5750 3567 5805 ι.
3648 5748 3699 5779 ⁸³
3722 5744 3764 5800 II
3797 5744 3930 5802 Cor.

1297 5818 1327 5833 σ-

665 5827 749 5877 ttt,
778 5813 860 5865 I5.
938 5814 982 5845 ⁸⁵
1009 5814 1165 5869 Prov.
1202 5831 1254 5881 κ,
1297 5818 1349 5871 5.

3849 395 3963 453 35.2
