4068 6544
88 422 208 479 555

1004 416 1664 477 COMMENTARIUS‘IN
1702 406 1967 471 JOELEM
2009 406 2456 470 PROPllETAM.

3211 443 3215 447 ·
3274 418 3383 475 854

86 533 524 595 συνδιολῴλασιν
546 536 603 589 αἱ
622 534 722 603 τῆς
759 536 969 606 ἐρήμου
1002 539 1151 603 πόαι,
1180 536 1505 607 καθίστησιν
1527 538 1689 606 ἐναρ-

1804 534 2106 589 solitudinis
2156 534 2337 588 lierbs:
2382 533 2679 600 perierunt,
2718 528 2939 601 subjiclt
2978 532 3147 599 clare,
3196 534 3379 589 ovium

86 626 216 694 γὲς,
265 623 565 695 ἠφανίσθαι
614 625 792 695 λέγων
842 628 939 681 καὶ
984 626 1123 681 αὐτὰ
1157 628 1268 681 τῶν
1307 628 1598 699 προϐάτων
1625 625 1696 681 τά

86 717 357 786 ποίμνια,
385 714 533 786 λιμῷ
576 716 799 782 πάντως
840 719 1293 791 κατεφθαρμένα.
1324 719 1419 772 καὶ
1446 720 1546 790 τῆς
1572 735 1697 772 συν-

88 809 268 879 ήθους
287 810 384 863 καὶ
405 809 731 880 φιλαιτάτης
752 811 936 874 αὐτοῖς
952 811 1075 864 ἐστε
1083 828 1150 882 ρη
1160 810 1297 881 μένα
1311 808 1474 881 ζωῆς.
1499 810 1696 878 Ἐφαρ-

92 902 260 971 μόσει
295 901 351 953 δὲ
382 902 474 954 καὶ
501 899 677 956 ταῦτα
702 902 880 971 σοφῶς
905 904 1027 966 ταῖς
1070 901 1338 955 Ἰουδαίων
1362 904 1693 972 συμφοραῖς,

88 995 143 1045 οῖ
180 993 653 1063 πεπαρῳνήκασιν
675 994 756 1056 είς
782 995 1040 1065 Χριστόν.

170 1084 335 1153 Πρὸς
354 1084 449 1149 σὲ,
479 1084 676 1152 Κύριε,
692 1083 1022 1154 βοήσομαι,
1046 1084 1135 1138 ὅτι
1162 1085 1283 1154 πῦρ
1309 1085 1596 1154 ἀνήλωσε
1625 1086 1697 1140 τὰ

91 1177 286 1244 ὡραῖα
307 1175 416 1246 τῆς
429 1176 671 1246 ἐρήμου,
700 1177 797 1230 καὶ
816 1176 977 1245 φλὸξ
998 1176 1199 1247 ἀνῆψε
1224 1177 1421 1231 πάντα
1447 1176 1519 1231 τὰ
1540 1177 1699 1241 ξύλα

94 1268 208 1323 τοῦ
250 1269 464 1338 ἀγροῦ,
493 1269 593 1323 καὶ
642 1270 716 1324 τὰ
752 1269 942 1338 κτήνη
968 1270 1074 1324 τοῦ
1098 1270 1309 1325 πεδίου
1349 1270 1698 1339 ἀνέϐλεψαν

99 1360 259 1429 πρὸς
287 1361 384 1423 σὲ,
418 1361 507 1415 ὅτι
538 1360 968 1430 ἐξηράνθησαν
1008 1360 1256 1430 ἀφέσεις
1312 1361 1566 1429 ὑδάτων,
1598 1361 1697 1415 καί

100 1453 224 1521 πῦρ
248 1452 548 1523 κατέφαγε
571 1453 643 1507 τὰ
668 1452 779 1521 τῆς
808 1453 1054 1523 ἐρήμου.

174 1546 277 1599 ΙΔ’.
310 1546 501 1617 Ὦραῖα
528 1546 627 1616 μὲν
651 1545 749 1615 τῆς
774 1546 983 1617 ἐρήμου
1008 1547 1142 1619 φησὶ
1163 1545 1234 1601 τὰ
1252 1549 1311 1603 ἐν
1332 1548 1537 1611 πεδίοις
1556 1549 1696 1618 τάχα

100 1657 208 1693 που
240 1641 356 1702 τοῖς
385 1638 671 1710 ἀνηρότοις
692 1639 1011 1709 αὐτομάτως
1046 1639 1398 1711 ἀναφυόμενα
1423 1657 1438 1672 σ
1466 1639 1598 1705 ξύλα
1632 1658 1695 1709 γε

104 1730 212 1801 μὴν
237 1730 335 1783 τοῦ
357 1730 553 1803 ἀγροῦ,
584 1731 654 1784 τά
675 1731 733 1783 ἐν
763 1730 961 1803 κήποις
990 1730 1086 1785 καὶ
1114 1731 1462 1803 παραδείσοις
1501 1733 1695 1804 εὐγενῆ

102 1821 485 1893 βλαστήματα,
517 1823 613 1876 κα)⁸
637 1824 758 1885 ταῖς
785 1821 844 1887 ἐξ
869 1821 1027 1894 ὡρῶν
1047 1822 1379 1894 εὐκαρπίαις
1409 1823 1696 1895 περιανθε-

1798 641 1989 697 greges
2040 626 2336 691 interiisse,
2371 624 2515 679 fame
2558 634 2782 679 enectos
2819 624 3076 691 funditus,
3120 639 3381 681 consueto

1798 728 1851 773 et
1893 717 2204 787 gratissimo
2257 717 2497 788 ipsorum
2536 716 2677 771 victu
2722 716 2985 787 privatos.
3049 717 3171 775 lino
3217 737 3381 792 porro

1798 825 1903 865 non
1961 811 2153 865 inscite
2202 810 2269 864 ad
2315 809 2621 865 Iudaeorum
2675 811 3014 866 calamitates
3063 808 3371 867 trahenturo

1798 902 1890 971 qui
1923 900 2196 958 Christum
2232 901 2441 972 injuriis
2470 912 2820 958 vexaverunt.

1869 1076 2033 1134 Vsus.
2070 1078 2271 1145 19,20.
2304 1078 2387 1132 Ad
2428 1087 2495 1144 te,
2536 1078 2783 1145 Domine,
2822 1078 3083 1143 clamabo,
3133 1082 3381 1149 quoniam

1802 1171 1939 1241 ignis
1990 1173 2310 1241 consumpsit
2341 1172 2574 1236 speciosa
2602 1171 2811 1236 deserti,
2847 1182 2892 1225 et
2916 1174 3134 1239 ﬂamma
3170 1188 3383 1226 succen-

1797 1266 1874 1317 dit
1909 1265 2083 1318 omnia
2113 1264 2258 1334 ligna
2296 1265 2435 1334 agri,
2461 1274 2509 1319 et
2548 1267 2793 1336 jumenta
2833 1266 3006 1334 campi
3038 1276 3381 1334 suspexerunt

1798 1359 1867 1410 ad
1896 1366 1966 1423 te,
1997 1358 2249 1427 quoniam
2294 1356 2544 1427 arefacta:
2585 1368 2707 1410 sunt
2746 1357 3047 1412 emissiones
3096 1372 3377 1428 aquarum,

1798 1461 1846 1504 et
1870 1452 2005 1519 ignis
2031 1450 2287 1504 devoravit
2319 1450 2554 1519 speciosa
2585 1450 2799 1503 deserti.

1867 1544 2007 1598 XIV.
2042 1542 2299 1612 Speciosa
2344 1541 2547 1597 deserti
2581 1541 2817 1609 appellat
2858 1539 3107 1603 fortasse,
3154 1556 3274 1612 quas
3326 1542 3377 1596 in

1798 1635 2008 1705 campis
2049 1651 2153 1690 non
2198 1635 2366 1690 aratis
2404 1642 2597 1704 sponte
2647 1644 2997 1689 enascuntur.
3030 1634 3196 1706 Ligna
3252 1648 3380 1689 vero

1799 1728 1938 1797 agri,
1974 1726 2256 1781 hortorum
2285 1737 2340 1781 et
2369 1725 2753 1781 viridariorum
2780 1726 2977 1782 nobilia
3018 1727 3259 1796 germina
3282 1768 3298 1791 ,
3325 1734 3381 1779 ct

1801 1819 2119 1889 tempestiva
2185 1818 2455 1873 fructuum
2533 1821 2685 1889 copia
2725 1817 3116 1874 circumornari
3199 1816 3377 1872 solita.

102 1913 296 1978 ζεσθαι
318 1916 621 1984 πεφυκότα.
654 1913 842 1968 Ταῦτα
869 1913 926 1967 δὲ
955 1916 1013 1967 ὲν
1041 1914 1171 1968 εῖδει
1204 1915 1378 1987 πυρὸς
1408 1915 1696 1987 κατεδηδο-

1804 1908 1925 1962 Haec
1965 1907 2105 1961 velut
2142 1907 2319 1978 ignem
2358 1910 2648 1963 devorasse
2693 1907 3080 1977 propemodum
3116 1905 3379 1961 bruclinm

104 2005 261 2059 κέναι
312 2007 478 2078 φησὶν
530 2008 815 2079 μονονουχὶ
874 2006 1102 2080 βροῦχόν
1151 2025 1214 2061 τε
1270 2008 1364 2062 καὶ
1409 2008 1689 2080 ἐρυσίϐην.

102 2100 346 2152 Ποιεῖται
379 2098 439 2151 δὲ
469 2100 757 2171 χρησίμως
805 2099 904 2171 τὴν
940 2101 1076 2171 πρὸς
1108 2100 1240 2154 Θεὸν
1292 2100 1457 2173 εὐχὴν
1479 2102 1696 2157 ἐκτενέ-

104 2207 298 2255 στατα,
321 2189 611 2255 διδάσκων,
643 2190 719 2254 ὡς
747 2190 948 2262 ἥκιστα
976 2191 1075 2261 μὲν
1105 2191 1235 2264 παρ’
1275 2193 1462 2262 ἑτέρου
1510 2191 1694 2261 ζητεῖν

102 2282 289 2352 δεήσει
332 2282 435 2353 τῆς
470 2284 755 2354 συμφορᾶς
801 2282 900 2355 τὴν
947 2284 1271 2349 ἀπόστασιν,
1308 2285 1604 2356 προσάγειν
1638 2282 1696 2336 δὲ

108 2375 255 2446 μόνῳ
282 2374 362 2445 τῷ
392 2374 587 2437 σώζειν
617 2375 853 2445 ἰσχύοντι
874 2375 973 2440 τάς
1010 2376 1181 2444 λιτὰς,
1212 2377 1305 2430 καὶ
1335 2376 1410 2440 ὼς
1436 2376 1494 2444 ἐξ
1524 2376 1696 2447 ὀργῆς

107 2467 456 2536 ἐπάγοντιτά
486 2467 822 2521 καταλυπεῖν
855 2468 1102 2524 εἰωθότα.
1133 2470 1224 2540 Μὴ
1257 2469 1363 2541 γὰρ
1392 2468 1456 2540 δὴ
1495 2468 1694 2540 χρῆναι

109 2560 328 2628 φρονεῖν
355 2553 416 2610 εὖ
439 2557 585 2627 μάλα
604 2558 769 2628 φησῖιν
795 2558 1116 2629 αὐτομάτως
1136 2558 1407 2629 συμϐῆναι
1429 2556 1499 2611 τὰ
1518 2559 1693 2612 τοιάδε

108 2646 219 2700 τῶν
247 2647 459 2713 κακῶν,
494 2647 854 2719 ἐπενηνέχθαι
882 2647 940 2700 δὲ
977 2646 1177 2718 μᾶλλον
1201 2646 1278 2712 ὡς
1309 2649 1374 2701 ἐκ
1404 2647 1563 2703 θείων
1597 2649 1696 2702 αὑ-

110 2742 223 2802 τοῖς
255 2738 602 2810 μηνιμάτων,
655 2740 752 2794 καὶ
798 2740 958 2794 τοῦτο
991 2740 1155 2805 αὐτὸς
1189 2742 1321 2812 ἡμῖν
1364 2742 1393 2794 ὁ
1424 2740 1534 2794 τῶν
1560 2739 1697 2794 ὅλων
1741 2801 1749 2805 _

111 2830 242 2894 Θεὸς
271 2831 362 2884 διὰ
392 2832 579 2903 φωνῆς
611 2830 797 2903 ἐτέρου
829 2832 1112 2903 προφήτου
1164 2832 1360 2901 φησιν’
1393 2850 1412 2884 ι
1448 2832 1511 2885 Εἰ
1545 2830 1697 2885 ἔσται

112 2923 281 2976 κακία
312 2923 369 2978 ἐν
398 2922 574 2988 πόλει,
607 2924 675 2994 ἣν
708 2923 915 2996 Κύριος
959 2924 1059 2977 οὐκ
1090 2924 1370 2994 ἐποίησεν.
1402 2941 1421 2975 ι
1462 2923 1540 2976 Οὐ
1589 2922 1699 2994 γὰρ

112 3013 183 3068 ἂν
206 3013 419 3082 γένοιτό
440 3032 495 3068 τι
525 3014 634 3068 τῶν
660 3014 864 3069 κακοῦν
886 3014 1157 3069 εἰωθότων
1191 3015 1398 3080 πόλεις,
1432 3014 1465 3084 ἢ
1493 3012 1696 3086 χώρας,

111 3105 141 3158 ὃ
167 3105 461 3175 πράττοιτο
498 3104 564 3159 ἂν
591 3106 663 3177 μὴ
686 3096 786 3160 ούκ
816 3108 1059 3175 ἐφιέντος
1081 3106 1238 3161 Θεοῦ.
1264 3102 1433 3172 Σώζει
1470 3108 1580 3180 γάρ
1607 3106 1703 3171 οὒς

114 3198 183 3251 ἂν
206 3198 405 3263 ἕλοιτο,
437 3198 533 3251 καὶ
552 3198 884 3253 ἀπαλλάττει
905 3200 1111 3254 κακῶν.
1150 3200 1460 3255 Ἀναπείθει
1484 3196 1576 3254 οὖν
1591 3199 1700 3254 τῶν

111 3290 503 3361 λελυπηκότων
533 3292 633 3363 τὴν
662 3290 815 3345 λύσιν
846 3291 1031 3362 ζητεῖν
1065 3292 1217 3363 παρὰ
1260 3290 1418 3357 Θεοῦ,
1453 3293 1702 3364 ῥιπτοῦν-

111 3401 215 3448 τας
249 3382 471 3455 μακρὰν
496 3384 557 3437 τό
600 3400 664 3453 γε
700 3382 907 3438 οἴεσθαι
935 3384 1048 3438 δεῖν
1080 3384 1182 3453 τῆς
1208 3384 1317 3438 τῶν
1335 3384 1707 3455 ψευδωνύμων

112 3473 269 3527 Θεῶν
307 3474 513 3544 χειρὸς,
544 3474 637 3528 καὶ
664 3474 989 3547 ἐπικουρίας
1020 3471 1305 3544 δεδεῆσθαι
1344 3472 1415 3527 τὰ
1460 3473 1579 3527 κατ’
1608 3474 1707 3527 αὐ-

112 3563 262 3627 τούς.
294 3582 313 3614 ι
346 3562 753 3634 Ἐξηράνθησαν
788 3563 876 3629 δὲ,
916 3564 1080 3635 φησιν
1101 3604 1115 3629 ,
1156 3562 1382 3632 ἀφέσεις
1430 3563 1657 3618 ὑδάτων.
1678 3582 1698 3615 ι

126 3655 319 3709 ’Υετοῦ
346 3655 458 3726 γάρ
474 3656 573 3709 οὐκ
591 3656 845 3727 ἀρδοντος
863 3653 962 3726 τὴν
983 3654 1109 3725 γῆν,
1136 3654 1292 3709 καθιε
1300 3654 1470 3726 μένης
1489 3654 1545 3708 δὲ
1568 3654 1706 3726 πρὸς

114 3747 295 3819 τούτῳ
332 3748 435 3817 τῆς
467 3747 746 3818 ἐρυσίϐης,
779 3745 1194 3818 ὲξωπλισμένης
1225 3746 1283 3801 δὲ
1318 3747 1413 3800 καὶ
1457 3746 1702 3816 ἀκρίδος,

114 3840 213 3895 καὶ
245 3839 476 3911 βρούχου
510 3838 809 3910 πηδῶντος,
840 3838 938 3892 καὶ
983 3837 1211 3909 κὰμπης
1250 3837 1548 3909 ἑρπούσης,
1587 3836 1706 3901 πῶς

112 3933 186 3986 ἂν
222 3929 530 4001 ἀμφίϐολον
578 3926 647 4000 ἢν
680 3929 756 3993 ὡς
786 3929 1005 3993 πάντως
1057 3928 1258 4001 οἴχοιτο
1301 3928 1368 3983 ἂν
1421 3931 1606 3994 αὐτοῖς
1636 3929 1707 3985 τὰ

113 4023 346 4095 ζωαρκῆ
389 4022 527 4092 πρὸς
573 4023 635 4075 τὸ
674 4022 873 4092 μηδένς
923 4020 1447 4092 Καταφθειρομένης
1497 4021 1553 4073 δὲ
1609 4022 1706 4075 καὶ

112 4114 280 4180 πόας,
313 4115 468 4168 πᾶσά
516 4130 633 4177 πως
662 4113 876 4183 ἀνάγκη
906 4111 1000 4165 καὶ
1020 4112 1191 4183 κτήνη
1224 4110 1419 4165 παθεῖν
1462 4111 1555 4164 τὸν
1587 4110 1706 4164 ὄλε-

112 4208 268 4279 Θρον.

200 4316 376 4386 Φαῖην
394 4314 440 4368 δ’
457 4313 545 4380 ἂν,
561 4314 642 4368 ὅτι
657 4313 799 4385 τάχα
819 4331 920 4366 που
942 4313 1036 4367 καὶ
1064 4310 1360 4376 Ἰουδαίοις,
1379 4311 1436 4364 ἐν
1457 4309 1708 4382 ἐσχάτοις

108 4408 209 4461 τοῦ
241 4408 443 4469 αἰῶνος
478 4407 691 4477 καιροῖς
724 4404 1115 4476 ἐπιστρέφουσι
1139 4403 1279 4473 πρὸς
1316 4401 1471 4466 Θεὸν,
1502 4401 1706 4470 πρέποι

111 4502 184 4555 ἂν
220 4503 396 4554 εἰπεῖν
428 4499 529 4561 τὰς
559 4497 771 4552 τοιάσδε
814 4496 1019 4567 φωνὰς,
1054 4498 1176 4559 ταῖς
1224 4494 1332 4548 τῶν
1372 4494 1595 4563 ἀγαθῶν
1622 4494 1709 4544 ἐν-

1794 2012 1849 2057 et
1891 2002 2189 2071 rubiginem
2229 2009 2496 2056 autumat.
2547 1999 2922 2055 lntensissime
2978 2008 3158 2052 autem
3211 1997 3378 2052 Deum

1794 2102 2069 2165 precatur,
2122 2103 2176 2148 et
2242 2092 2467 2156 utiliter,
2502 2092 2685 2147 dicens
2749 2090 2970 2145 minime
3015 2090 3152 2158 apud
3215 2088 3380 2143 alium

1795 2185 2138 2255 quaerendam
2186 2184 2553 2254 depulsionem
2591 2183 2938 2249 calamitatis,
2971 2194 3026 2237 et
3051 2181 3148 2236 soli
3177 2178 3385 2251 suppli-

1795 2275 2023 2331 candum
2085 2274 2183 2340 illi,
2210 2273 2301 2343 qui
2335 2274 2564 2335 salutem
2621 2271 2813 2325 afferre
2850 2279 3044 2339 potest,
3090 2279 3143 2325 et
3204 2270 3380 2324 iratus

1798 2366 2077 2434 repellere,
2108 2380 2225 2433 quae
2252 2366 2451 2419 habere
2480 2363 2777 2418 molestiam
2803 2371 3219 2419 consueverunt.
3256 2360 3377 2415 Non

1797 2457 1940 2511 enim
1981 2458 2355 2525 cogitandum,
2401 2467 2455 2510 et
2499 2464 2644 2509 recte
2688 2471 2842 2521 sane,
2905 2453 3209 2523 huiusmodi
3240 2452 3379 2506 mala

1797 2562 1895 2620 per
1935 2564 1994 2604 se
2031 2549 2364 2617 contingere,
2402 2547 2494 2601 sed
2526 2563 2591 2601 ex
2626 2547 2703 2600 ira
2739 2546 2918 2600 divina
2945 2547 3123 2614 potius
3154 2542 3379 2607 inferri;

1800 2642 1853 2698 id
1878 2641 2021 2711 quod
2053 2640 2223 2695 nobis”
2242 2639 2620 2693 universorum
2649 2637 2906 2692 Dominus
2947 2652 3039 2706 per
3069 2652 3131 2691 os
3156 2637 3385 2693 alterius

1799 2733 2074 2805 propheta:
2103 2731 2265 2802 213
2286 2729 2524 2785 iudicat:
2551 2748 2569 2781 ι
2606 2729 2664 2784 Si
2693 2730 2800 2783 erit
2839 2729 3041 2783 malum
3060 2730 3115 2784 iu
3138 2729 3383 2795 civitate,

1798 2824 1940 2896 quod
1970 2838 2077 2879 non
2114 2822 2247 2878 fecit
2291 2822 2551 2877 Dominus
2575 2820 2674 2875 “.s
2707 2820 2863 2876 Haud
2904 2821 3047 2875 enim
3089 2820 3385 2891 quidquam

1799 2933 1986 2974 eorum
2010 2914 2207 2987 quibus
2232 2914 2477 2970 civitates
2501 2923 2553 2969 et
2600 2915 2847 2984 regiones
2900 2912 3232 2984 alllignntur,
3274 2913 3387 2969 Deo

1800 3022 1906 3063 non
1938 3006 2259 3061 immittente
2291 3005 2551 3061 evenerit.
2583 3001 2779 3058 Servat
2812 3003 2956 3057 enim
2982 3020 3115 3072 quos
3149 3003 3263 3058 vult
3285 3046 3301 3072 ,
3329 3014 3387 3059 et

1804 3101 2064 3156 mals-rum
2120 3101 2386 3153 immunes
2428 3097 2622 3152 reddit.
2658 3094 2863 3151 Suadet
2898 3095 3063 3166 igitur
3102 3097 3387 3169 propheta,

1802 3208 1987 3247 eorum
2033 3192 2377 3259 quae;nocent
2411 3188 2681 3258 repulsam
2716 3202 2746 3241 a
2770 3187 2880 3242 Deo
2923 3196 3127 3258 petere,
3166 3184 3387 3259 ‘opiuio-

1805 3298 1877 3339 ne
1953 3283 2044 3338 illa
2068 3281 2255 3352 procul
2287 3281 2482 3350 ejecta,
2516 3279 2772 3335 falsorum
2804 3279 3027 3335 deorum
3062 3296 3240 3349 opem,
3272 3296 3388 3336 ma-

1805 3390 1933 3432 num
1978 3383 2033 3430 et
2067 3372 2326 3430 auxilium
2355 3372 2410 3427 in
2442 3372 2556 3427 suis
2590 3371 2751 3427 rebus
2785 3370 2887 3426 sibi
2922 3384 3042 3426 esse
3090 3372 3386 3441 imploran-

1805 3470 1983 3525 dum.r
2012 3465 2280 3522 Arelactae
2307 3474 2453 3532 sunt,
2489 3463 2685 3534 inquit,
2714 3462 3032 3519 emissiones
3061 3479 3343 3533 aquarum.
3361 3481 3382 3516 ι

1804 3561 1991 3617 Pluvia
2019 3560 2217 3631 quippe
2240 3569 2439 3615 terram
2464 3572 2569 3613 non
2602 3556 2885 3626 irrigante,
2909 3564 2964 3610 et
2987 3556 3225 3611 immissa
3254 3570 3392 3625 prae-

1807 3664 1951 3711 terea
1994 3652 2264 3722 rubigine,
2290 3658 2499 3707 armata
2532 3650 2661 3704 item
2692 3647 2924 3713 locusta,
2948 3653 3003 3701 et
3035 3646 3243 3701 brucbo
3280 3647 3393 3701 sal,-

1806 3758 1975 3815 tante,
2005 3756 2061 3803 et
2087 3761 2249 3802 eruca
2292 3752 2533 3815 repente,
2559 3742 2783 3812 quinam
2819 3738 3040 3795 dubium
3081 3746 3223 3804 erat,
3259 3739 3389 3809 quin

1806 3842 1941 3912 ipsis
1971 3840 2098 3895 vitae
2162 3838 2527 3894 susteatandte
2588 3832 2894 3890 necessaria
2927 3830 3167 3901 perirent
3207 3830 3393 3886 fundi-

1806 3926 1933 3982 tus?
1967 3926 2144 3981 Herba
2173 3934 2351 3980 autem
2375 3924 2700 3988 intereunte,
2720 3934 2943 3992 prorsus
2961 3928 3013 3975 et
3031 3917 3279 3989 iumenta
3304 3919 3390 3974 in~

1809 4021 1975 4077 terire
2004 4035 2227 4077 necesse
2256 4033 2395 4074 esse.

1880 4314 2116 4371 Dixerim
2155 4326 2335 4383 porro,
2365 4310 2600 4367 fortasse
2627 4324 2656 4365 a
2690 4308 2910 4375 Judteis,
2940 4308 3204 4363 extremis
3230 4320 3391 4361 munc

1811 4409 1861 4463 di
1916 4406 2252 4476 temporibus
2278 4404 2343 4458 ad
2373 4403 2655 4458 Dominum
2688 4400 3084 4456 revertentibus
3128 4398 3394 4455 bonorum

1812 4499 1991 4570 inopia
2036 4498 2238 4568 pressis
2267 4510 2321 4550 et
2368 4494 2731 4565 ejulantibus,
2781 4504 2903 4563 apte
2942 4493 3049 4548 dici
3088 4506 3245 4562 posse
3297 4493 3396 4547 bas

112 4596 291 4659 δεξαις
327 4591 788 4661 ὲντεθλιμμένοις,
820 4591 912 4644 κα)⁸
942 4587 1363 4660 κατοιμὼζουσι.
1393 4586 1704 4656 Δεδαπάνη-

1816 4607 1993 4647 voces.
2044 4589 2376 4657 Consumpta
2417 4595 2545 4642 sunt
2569 4585 2744 4652 enim,
2775 4583 2929 4654 quasi
2965 4584 3033 4638 ab
3061 4583 3203 4650 igne,
3253 4582 3395 4650 ipso-

112 4707 204 4742 ται
222 4685 335 4755 γὰρ
353 4685 539 4745 αὐτοῖς
565 4684 639 4746 ὡς
661 4681 765 4736 ὑπὸ
792 4681 965 4752 πυρὸς
986 4679 1055 4732 τὰ
1076 4681 1155 4743 είς
1180 4678 1305 4731 νοῦν
1330 4677 1531 4746 ἀγαθὰ,
1553 4677 1715 4747 ἀκρίς

111 4798 175 4833 τε
204 4778 347 4831 αύτά
376 4775 543 4846 νοητὴ
571 4773 919 4843 κατεδήδοκε,
943 4771 1036 4824 καὶ
1058 4768 1437 4839 ἐξηράνθησαν
1465 4768 1710 4836 ἀφέσεις.

123 4868 472 4924 Ἐνετείλατο
501 4868 610 4937 γάρ
641 4868 762 4928 ταῖς
798 4862 1051 4933 νεφέλαις
1089 4861 1183 4915 τοῦ
1230 4860 1304 4931 μὴ
1335 4859 1524 4930 βρέξαι
1561 4859 1715 4911 ὑετὸν

109 4959 337 5031 ἐπἰτῆς
368 4961 493 5031 γῆς,
527 4958 668 5013 κατά
706 4957 767 5011 τὸ
792 4955 969 5026 γένος,
1019 4954 1111 5008 καὶ¹
1154 4953 1377 5022 γέγονεν
1414 4950 1615 5013 ἅϐατός
1654 4965 1713 5004 τε

108 5055 210 5106 καί
263 5050 496 5121 ἄνυδρος
530 5048 603 5119 γῆ
624 5089 636 5113 ,
670 5048 793 5119 ἥτις
819 5046 879 5099 οὐ
921 5044 1401 5115 κατοικηθήσεται.
1439 5043 1628 5113 Ἦμῶν
1654 5042 1712 5095 δὲ

104 5141 174 5209 δὴ
229 5136 365 5209 πέρι
394 5137 503 5189 τῶν
540 5138 598 5189 ὲν
627 5136 808 5189 πίστει
858 5132 1295 5205 δεδικαιωμένων
1341 5131 1713 5204 προανεφώνει

106 5231 273 5293 θεὸς,
310 5227 528 5281 καὶτῶν
548 5226 635 5281 διὰ
656 5225 897 5298 Χριστοῦ
919 5225 1279 5298 χαρισμάτων
1304 5220 1715 5294 ἀμφιλαφεστά-

106 5338 216 5392 την
252 5320 480 5375 ἔσεσθαι
518 5320 616 5390 τὴν
667 5319 931 5391 χορηγίαν
984 5317 1274 5391 ὑπεδήλου,
1324 5315 1519 5385 λέγων’
1566 5334 1585 5367 ι
1624 5313 1714 5368 Ἐν

105 5417 181 5485 τῇ
211 5412 405 5483 ἡμέρᾳ
430 5412 615 5483 ἐκείνῃ
638 5409 1004 5475 ἀποσταλάξει
1041 5409 1110 5463 τὰ
1137 5409 1239 5482 ὅρη
1259 5407 1594 5478 γλυκασμδν,
1622 5406 1716 5461 καὶ

106 5510 158 5561 οἱ
189 5507 383 5579 βουνοὶ
402 5506 692 5576 ρυήσονται
720 5503 883 5572 γάλα,
914 5503 1007 5557 καὶ
1024 5504 1195 5557 πᾶσαι
1217 5503 1274 5557 αἱ
1299 5502 1522 5572 ἀφέσεις
1543 5499 1716 5553 Ἰούδα

108 5600 425 5671 ρυήσονται
458 5597 624 5649 ὕδατα
649 5637 663 5661 ,
697 5597 793 5649 καὶ
820 5594 971 5667 πηγὴ
1002 5594 1063 5661 ἐξ
1086 5595 1235 5649 οῐκου
1259 5593 1467 5666 Κυρίου
1497 5591 1713 5659 ἐξελεύ-

109 5710 301 5758 σεται,
328 5689 425 5744 καὶ
456 5690 634 5742 ποτιεῖ
654 5687 746 5741 τὸν
775 5687 1113 5760 χειμάρρουν
1140 5686 1249 5741 τῶν
1276 5686 1522 5758 σχοίνων.
1554 5704 1573 5739 ι
1603 5683 1712 5738 Καὶ

179 5879 260 5912 ⁸³·
305 5878 473 5932 Amos
515 5856 599 5941 ιιι,
656 5872 712 5928 6.
789 5873 833 5904 ⁸⁵
868 5870 971 5928 lsa.
1014 5888 1064 5938 v,
1102 5872 1157 5927 6.
1233 5872 1278 5903 ⁸⁸
1336 5872 1470 5927 Psal.
1502 5887 1631 5941 uti,
1676 5872 1727 5925 '5.

1813 4699 1931 4739 rum
1982 4683 2121 4738 bona
2158 4679 2347 4748 animi,
2374 4678 2582 4734 locusta
2613 4691 2733 4746 quae
2762 4684 2945 4730 mente
2975 4674 3279 4744 concipitur
3302 4673 3392 4726 illa

1813 4774 2116 4840 devoravit,
2144 4782 2199 4828 et
2221 4780 2552 4827 exaruerunt
2570 4769 2889 4825 emissiones
2911 4781 3201 4837 aquarum.
3236 4766 3392 4820 Man»

1814 4865 1960 4921 davit
1987 4864 2128 4919 enim
2163 4862 2401 4917 nubibus
2430 4876 2497 4916 ne
2525 4859 2770 4931 pluerent
2818 4858 3045 4912 imbrem
3090 4870 3253 4924 super
3286 4867 3393 4909 ter-

1813 4973 1953 5023 ram,
1979 4972 2074 5027 pro
2122 4969 2272 5011 more
2295 4964 2350 5009 et
2382 4962 2578 5008 natura
2616 4966 2713 5007 sua
2739 4951 2808 5018 ⁸⁸,
2865 4958 2919 5004 et
2964 4950 3105 5005 facta
3129 4958 3214 5004 est
3251 4957 3395 5002 terra

1814 5050 1959 5105 invia
1989 5058 2042 5103 et
2070 5048 2331 5115 inaquosa
2353 5045 2454 5111 ⁸⁸,ι
2486 5058 2605 5113 quae
2631 5056 2736 5097 non
2772 5040 3124 5096 habitabitur.
3172 5036 3246 5092 De
3300 5051 3401 5091 no-

1817 5142 1900 5196 bis
1954 5149 2134 5193 autem
2169 5138 2221 5192 in
2256 5137 2358 5192 lide
2384 5135 2701 5206 iustiﬁcatis
2732 5130 3110 5203 praenuntiavit
3144 5129 3307 5195 Deus,
3341 5137 3397 5182 et

1816 5244 1913 5303 per
1944 5230 2220 5285 Christum
2248 5244 2345 5284 nos
2367 5227 2712 5283 charismatis
2739 5223 3113 5295 copiosissime
3137 5221 3397 5276 donatum

1820 5323 1883 5378 iri
1944 5321 2293 5391 signiﬁcavit,
2336 5319 2422 5375 his
2474 5318 2686 5375 verbis:
2718 5315 2814 5370 (In
2850 5315 2940 5370 illa
2974 5314 3063 5369 die
3119 5310 3401 5366 stillabant

1819 5425 2027 5471 montes
2071 5412 2410 5468 dulcedinem
2429 5452 2444 5475 ,
2472 5418 2527 5465 et
2552 5408 2717 5466 colles
2742 5407 2913 5463 ﬂuent
2934 5405 3109 5470 lacte;
3131 5413 3187 5458 et
3209 5414 3399 5456 omnes

1813 5506 2136 5563 emissiones
2194 5503 2330 5559 Juda
2405 5501 2570 5557 liuent
2640 5499 2817 5568 aquis,
2853 5504 2907 5551 et
2950 5496 3068 5551 fons
3114 5493 3183 5547 de
3236 5492 3398 5545 domo

1817 5596 2025 5654 Domini
2057 5595 2384 5665 egredietur,
2408 5603 2460 5649 et
2483 5590 2728 5660 irrigabit
2749 5594 3044 5642 torrentem
3075 5579 3386 5637 funium'm

1813 5690 1952 5758 QUin
2017 5699 2071 5744 et
2104 5687 2304 5742 aliter:
2351 5702 2370 5737 ι
2416 5682 2529 5755 Ego
2570 5681 2833 5740 Dominus
2870 5678 3046 5743 Deus;
3086 5689 3187 5745 ego
3227 5684 3395 5728 exau-

1806 5869 1848 5901 ⁸⁷
1897 5866 2009 5921 Joel
2066 5880 2145 5930 ιιι,
2199 5863 2281 5918 18.
