4068 6552
687 385 795 442 355
1680 380 1775 438 *S.
1813 382 2095 440 CYRILLI
2133 384 2605 447 ALEXANDRINI
2641 387 2967 446 ARCHIEP.
3862 400 3971 456 356

686 504 829 559 diam
861 516 959 559 eos
990 500 1133 559 Deus
1154 501 1355 574 Israel};
1375 519 1482 559 non
1497 503 1870 575 derelinquam
1893 520 2012 574 eos,
2027 508 2121 563 sed
2140 522 2238 579 ape

2342 561 2345 574 ,
2377 509 2484 583 μὴν
2517 511 2613 565 atat
2644 510 2846 583 ἑτέρως
2866 529 2880 543 ·
2916 531 2935 565 ι
2963 513 3109 583 Ἐγὼ
3132 516 3338 587 Κύριος
3358 515 3387 571 ό
3406 516 3561 583 Θεὸς,
3592 517 3705 589 ἐγὼ
3727 521 3969 575 ἑπακού-

686 599 820 651 riam
857 597 912 651 in
954 596 1230 654 montibus
1276 596 1523 663 ﬂumina,
1558 605 1613 653 et
1652 597 1705 653 in
1736 599 1917 654 medio
1955 614 2238 670 camporum

2373 619 2537 673 σομαι
2574 604 2605 656 ὁ
2633 602 2766 669 Θεὸς
2800 605 3042 677 Ἰσραὴλ,
3078 607 3171 661 καὶ
3203 608 3305 662 οὐκ
3335 609 3714 680 ἐγκαταλείψω
3742 611 3969 677 αὐτοὺς,

682 687 877 751 fontes,
913 697 971 744 et
1004 688 1202 744 faciam
1246 689 1523 746 desertum
1551 691 1603 745 in
1636 690 1882 760 paludes,
1908 702 1964 746 et
1994 692 2238 747 sitientem

2371 692 2489 747 ἀλλ’
2536 694 2733 762 ἀνοίξω
2777 696 3005 750 ἐπὶτῶν
3046 697 3220 769 ὀρέων
3269 700 3571 770 ποταμοὺς,
3604 700 3700 753 καὶ⁵
3722 701 3786 753 ὲν
3816 702 3969 771 μέσῳ

607 844 611 848 ς
681 789 879 835 terram
905 779 959 836 in
996 781 1349 851 aqumductus
1374 782 1476 838 ⁸⁸.»
1508 780 1564 836 In
1600 782 1688 838 liis
1717 782 1900 852 itaque
1925 797 2022 838 nos
2056 796 2238 837 sumus

2368 789 2479 843 τῶν
2510 790 2707 843 πεδίων
2734 792 2815 854 είς
2835 790 2957 861 ἕλη,
2985 790 3083 845 καὶ
3104 790 3205 862 τὴν
3233 790 3474 861 διψῶσαν
3498 793 3604 863 γῆν
3626 793 3684 846 ὲν
3713 794 3967 865 ὑδραγω-

678 871 835 937 Quod
870 872 914 927 si
950 873 1015 927 ad
1050 874 1427 942 paenitentiam
1459 888 1521 928 se
1567 874 1869 939 conferent,
1894 882 1948 928 et
1978 874 2145 929 Deum
2181 889 2238 929 re

2368 882 2507 949 τοῖςο
2547 899 2567 932 ι
2598 880 2807 934 Οὐκοῦν
2835 881 2998 952 ἡμεῖς
3030 881 3128 952 μὲν
3162 882 3221 935 ὲν
3264 881 3497 945 τούτοις.
3534 882 3597 934 El
3626 881 3685 934 δὲ
3721 881 3792 953 δὴ
3819 881 3968 951 βαδί-

678 964 926 1033 spicient,
959 974 1013 1020 et
1040 966 1223 1022 dicent
1250 968 1413 1021 etiam
1441 966 1566 1037 ipsi,
1599 985 1619 1019 ι
1641 965 1723 1021 Ad
1756 975 1810 1022 te
1837 966 2138 1034 clamabo,»
2169 982 2233 1023 ac

2368 971 2513 1036 ζοιεν
2549 971 2685 1044 πρὸς
2712 973 3077 1043 μετάγνωσιν,
3112 974 3206 1027 καὶ
3246 972 3603 1042 ἀναὸλέψοιεν
3636 974 3774 1043 πρὸς
3805 973 3963 1031 Getis.

676 1057 879 1125 cipient
909 1073 1170 1128 aquarum
1212 1060 1560 1125 emissiones,
1590 1068 1647 1116 et
1692 1060 1944 1116 haurient
1984 1061 2238 1117 nobiscun

2367 1064 2577 1135 λέγοιεν
2598 1082 2658 1119 τε
2686 1065 2781 1120 καὶ
2806 1065 2988 1130 αὐτοὶ,
3015 1065 3191 1136 «Πρὸς
3219 1064 3301 1131 σὲ,
3323 1064 3517 1136 Κύριε,
3539 1065 3916 1136 κεκράξομαι,
3942 1085 3957 1115 ο

676 1163 868 1219 aquam
919 1166 1040 1220 quae
1100 1152 1214 1207 sola
1263 1152 1617 1222 intelligentia
1660 1152 1892 1220 videtur,
1934 1153 2001 1207 de
2023 1151 2265 1209 l‘omibus

675 1240 976 1298 Salvatoris
996 1243 1067 1311 ⁸⁹,
1092 1244 1532 1315 potabunturque
1568 1253 1813 1301 torrente
1850 1245 2140 1315 voluptatis
2162 1246 2207 1279 ’°
2230 1262 2261 1300 a

672 1333 785 1390 Deo
829 1334 1011 1403 Patre,
1039 1345 1093 1392 et
1137 1336 1340 1392 fontem
1375 1337 1500 1391 vita:
1543 1336 1596 1391 in
1656 1337 1910 1392 cordibus
1964 1336 2257 1393 habebunt.

669 1425 1027 1497 Apponentur
1047 1426 1176 1497 ipsis
1219 1427 1385 1482 etiam
1421 1428 1489 1481 ad
1520 1425 1742 1482 delicias
1766 1427 2012 1495 speciosa
2034 1428 2256 1495 deserti,

670 1517 724 1572 id
750 1529 851 1583 est,
880 1534 1077 1589 pascua
1117 1520 1256 1573 bona
1299 1526 1356 1573 et
1399 1517 1600 1587 ampla,
1631 1520 2006 1574 convertentia
2048 1534 2145 1576 eos
2189 1521 2256 1574 ad

669 1610 1026 1679 cognitionem
1050 1611 1286 1665 divinam
1316 1619 1371 1666 et
1398 1609 1928 1683 evangelicam,§quzn
1956 1612 2009 1668 in
2035 1611 2258 1669 Christo

668 1710 849 1756 mente
886 1701 1039 1756 conci
1048 1701 1211 1771 pitur.

1255 2033 1420 2107 214
1442 2033 1595 2091 CAP.
1622 2033 1688 2091 ll.

735 2147 894 2205 Vsus.
934 2146 1065 2211 l,2.
1119 2146 1307 2203 Canite
1356 2151 1480 2203 tuba
1546 2149 1603 2202 in
1643 2145 1799 2213 Sion,
1846 2148 2131 2214 prwdicate
2198 2149 2255 2206 in

659 2252 832 2296 monte
860 2254 1043 2296 sancto
1087 2259 1222 2306 meo,
1261 2252 1310 2297 et
1353 2243 1728 2297 conturbantur
1783 2256 1962 2296 omnes
2000 2242 2253 2297 habitan-

658 2344 734 2388 tes
761 2343 980 2399 terram,
1042 2336 1293 2404 quoniam
1359 2336 1504 2389 adest
1550 2333 1661 2388 dies
1698 2332 1956 2397 Domini;
2001 2334 2253 2403 quoniam

655 2441 813 2494 prope
857 2435 931 2479 est
982 2425 1095 2480 dies
1140 2427 1475 2480 tenebrarum
1511 2436 1558 2478 et
1608 2423 1875 2494 caliginis,
1916 2425 2025 2477 dies
2088 2423 2245 2477 nubis

654 2528 704 2572 et
748 2518 969 2573 nebulae.

724 2630 845 2687 XV.
935 2630 1174 2688 Venuste
1247 2647 1379 2688 sane
1449 2646 1665 2688 rursum
1734 2626 1891 2689 nobis
1964 2633 2088 2688 belli
2166 2633 2248 2688 la-

654 2725 769 2780 cies
835 2724 1180 2793 describitur,
1234 2735 1289 2782 et
1343 2741 1473 2781 vera
1550 2735 1635 2783 est
1676 2726 1991 2795 descriptio,
2032 2727 2145 2781 sive
2195 2726 2246 2781 in

655 2814 886 2881 locusta,
934 2816 1050 2872 sive
1143 2818 1197 2871 in
1256 2818 1463 2871 bI‘UCIlO
1511 2814 1652 2873 forte
1712 2816 2066 2888 intelligatur,
2135 2818 2247 2875 sive

660 2910 785 2978 quis
855 2910 923 2963 de
1004 2907 1140 2979 ipsis
1221 2908 1531 2981 Babyloniis
1623 2909 1870 2980 accipere
1969 2909 2245 2965 maluerit.

656 3000 824 3067 Quasi
885 2998 1031 3053 enim
1082 2997 1221 3053 bello
1273 2998 1382 3067 jam
1438 3011 1533 3067 per
1606 3006 1790 3069 portas
1862 2998 2142 3068 ingresso,
2192 3006 2249 3053 et

652 3107 753 3162 per
814 3102 979 3145 totam
1036 3091 1204 3145 ferme
1248 3089 1489 3156 Sionem,
1536 3105 1628 3146 seu
1673 3105 1770 3160 per
1806 3100 1972 3146 totam
2005 3090 2244 3155 Iudaeam

2364 1155 2623 1229 λήψονται
2643 1157 2744 1220 τάς
2764 1156 2874 1209 τῶν
2900 1155 3111 1209 ὑδάτων
3132 1156 3381 1225 ἀφέσεις,
3407 1155 3732 1227 ἀντλήσουσί
3752 1172 3819 1208 τε
3842 1155 3963 1227 μεθ’

2363 1246 2522 1317 ἡμῶν
2550 1246 2612 1300 τὸ
2630 1244 2776 1318 ὕδωρ
2796 1246 2859 1300 τὸ
2891 1246 3104 1319 νοητὸν,
3143 1247 3238 1301 καὶ
3266 1247 3333 1299 ὲκ
3361 1246 3470 1299 τῶν
3501 1248 3697 1318 πηγῶν
3731 1248 3834 1302 τοῦ
3858 1266 3963 1301 σιω-

2361 1335 2550 1407 τηρίου
2582 1336 3024 1409 ποτισθήσονται,
3061 1336 3271 1391 καὶτὸν
3310 1338 3648 1410 χειμάρρουν
3691 1339 3799 1409 τῆς
3825 1355 3958 1409 τρυ-

2362 1430 2471 1501 φῆς
2494 1431 2648 1501 ποιρά
2681 1428 2776 1484 τοῦ
2797 1430 2931 1484 Θεοῦ
2957 1430 3050 1484 καὶ
3082 1431 3316 1502 Πατρὸς,
3351 1430 3448 1485 καὶ
3495 1428 3593 1499 τὴν
3629 1428 3823 1500 πηγὴν
3860 1429 3958 1496 τῆς

2361 1524 2509 1595 ζωῆς
2533 1522 2748 1589 ἕξουσιν
2769 1523 2826 1577 ἐν
2848 1523 3119 1594 καρδίαις.
3149 1522 3555 1594 Παρακείσεται
3577 1521 3633 1575 δὲ
3659 1520 3852 1583 αὐτοῖς
3881 1522 3956 1582 είς

2358 1613 2573 1687 τρυφὴν
2606 1615 2703 1669 καὶ
2729 1613 2801 1668 τὰ
2827 1614 3007 1685 ὡραῖα
3059 1614 3157 1683 τῆς
3209 1615 3421 1687 ἐρήμου
3447 1653 3463 1680 ,
3497 1612 3765 1677 τουτέστι,
3813 1614 3954 1683 νομὴ

2357 1708 2500 1780 καλὴ
2547 1708 2643 1762 καὶ
2680 1706 3039 1779 ἀμφιλαφὴς,
3068 1708 3147 1771 είς
3179 1706 3381 1776 γνῶσιν
3424 1706 3624 1769 αὐτοὺς
3671 1705 3952 1775 ἀποστρέ-

2358 1819 2534 1872 φουσα
2569 1800 2669 1874 τὴν
2715 1803 2773 1857 ὲν
2801 1799 3025 1872 Χριστῷ
3054 1801 3353 1873 νοουμένην
3396 1800 3548 1855 θείαν
3570 1816 3630 1853 τε
3652 1800 3750 1853 καὶ
3784 1797 3952 1865 εὐαγο

2282 1878 2327 1934 Β
2356 1894 2607 1963 γελικίιν.

2966 2028 3223 2083 ΚΕΦΑΛ.
3265 2027 3341 2083 B'.

2425 2146 2770 2201 Σαλπίσατε
2793 2142 3082 2215 σάλπιγγι
3108 2142 3179 2198 ἐν
3197 2141 3370 2207 Σιὼν,
3399 2138 3704 2209 κηρύξατε
3733 2138 3809 2191 ἐν
3826 2138 3947 2206 {per

2353 2238 2500 2309 ἁγίῳ
2540 2255 2676 2307 μου,
2714 2236 2814 2291 καί
2853 2233 3340 2307 συγχυθήτωσαν
3384 2233 3608 2297 πάντες
3647 2232 3705 2284 oi
3745 2245 3948 2283 κατοι-

2353 2329 2604 2396 κοῦντες
2634 2330 2751 2398 τὴν
2792 2322 2928 2399 γῆν,
2981 2326 3130 2380 διότι
3161 2324 3455 2396 πάρεστιν
3481 2321 3675 2393 ἡμέρα
3698 2323 3943 2389 Kvpt'ov,

2352 2421 2441 2475 ὅτι
2470 2419 2650 2492 ἐγγὺς
2676 2418 2866 2491 ἡμέρα
2893 2420 3155 2485 σκότους
3192 2416 3291 2472 καὶ
3324 2416 3575 2488 γνόφου,
3623 2415 3823 2485 ἡμέρα
3856 2429 3948 2465 r8-

2351 2513 2544 2584 φέλης
2571 2514 2672 2568 καὶ
2706 2514 2982 2584 ὁμίχλης.

2422 2631 2523 2686 IE’.
2553 2630 2831 2702 Γράφεται
2851 2629 2915 2700 δὴ
2953 2627 3117 2682 πάλιν
3150 2625 3382 2691 ἀστείως
3410 2627 3543 2698 ἡμῖν
3569 2624 3666 2679 τοῦ
3699 2623 3943 2694 πολέμξυ

2348 2722 2410 2776 τὸ
2434 2722 2641 2794 σχῆμα.
2674 2722 2775 2792 Eii]
2814 2719 2860 2773 δ’
2900 2718 2968 2774 ἀν
2994 2720 3088 2774 καὶ
3120 2720 3208 2774 ἐπ’
3232 2720 3438 2790 ἀμφοῖν
3470 2717 3671 2788 ἀληθὲς
3698 2754 3717 2780 ,
3761 2716 3873 2769 κᾶν
3898 2716 3944 2766 εἰ

2349 2815 2437 2869 ἐπ’
2488 2815 2709 2885 ἀκρίδος
2760 2813 2853 2866 καὶ
2891 2811 3124 2884 βρούχου
3155 2812 3317 2883 τυχὸν
3373 2812 3565 2874 νοοῖτο,
3598 2808 3708 2862 κᾶν
3758 2809 3810 2861 εί
3858 2808 3943 2859 ἔπ’

2348 2906 2530 2961 αὐτῶν
2558 2906 2733 2961 ἐλοιτό
2757 2923 2843 2970 τις
2873 2905 2985 2959 τῶν
3006 2904 3385 2959 Βαϐυλωνίων.
3444 2904 3534 2966 Ὠς
3568 2902 3680 2972 γάρ
3715 2901 3822 2971 ἤδη
3851 2898 3941 2953 τοῦ

2348 3000 2587 3071 πολέμου
2626 2997 2922 3069 βεϐηκότος
2966 3014 3025 3050 τε
3062 2998 3195 3051 εῐσω
3246 2995 3428 3067 θυρῶν
3455 3035 3469 3059 ,
3502 2995 3598 3047 καὶ
3650 2991 3943 3064 μονονουχὶ

2346 3091 2489 3147 κατά
2522 3093 2701 3146 πᾶσαν
2723 3092 2823 3163 τὴν
2851 3090 3011 3157 Σιὼν,
3037 3091 3215 3161 ἤγουν·
3243 3090 3301 3143 ὲν
3335 3087 3431 3158 ὅλῃ
3474 3089 3542 3158 τῇ
3582 3084 3822 3155 Ἰουδαίᾳ
3848 3100 3941 3135 πε-

652 3185 894 3253 vulgato,
941 3184 1171 3237 tumultu
1226 3192 1282 3238 et
1330 3183 1625 3239 terroribus
1685 3183 1873 3240 urbem
1918 3186 2238 3256 completam

2349 3184 2769 3257 ριηγγελμὲνου,
2802 3183 2896 3238 καὶ
2943 3181 3197 3254 θορύὸου,
3230 3181 3326 3235 καὶ
3371 3179 3643 3250 δειμάτων
3684 3177 3938 3245 ἀναπλη-

652 3290 772 3328 esse
816 3276 987 3330 dicit:
1025 3292 1045 3325 ι
1090 3274 1254 3328 Adest
1283 3275 1424 3327 enim
1452 3273 1568 3329 dies
1599 3275 1861 3331 Domini.»
1900 3275 2053 3343 Quod
2099 3277 2238 3333 hanc

2345 3275 2540 3346 σθῆναι
2565 3274 2663 3346 τὴν
2692 3273 2844 3328 πόλιν
2874 3272 3061 3345 φησιν·
3091 3291 3109 3325 t
3140 3270 3383 3343 Πάρεστι
3408 3270 3517 3342 γὰρ
3542 3272 3575 3341 ἡ
3614 3269 3806 3340 ἡμέρα
3825 3270 3939 3322 Κυ-

652 3366 819 3421 habet
843 3367 950 3420 vim
980 3382 993 3418 :
1028 3379 1115 3419 res
1150 3379 1253 3418 nou
1310 3373 1393 3417 est
1444 3363 1675 3433 amplius
1727 3365 1871 3420 nuda
1922 3366 2234 3436 praedictio,

650 3455 746 3510 sed
783 3464 913 3509 ante
954 3454 1140 3508 oculos
1184 3454 1363 3506 omnia
1410 3466 1532 3522 qua:
1574 3453 1933 3523 praenuntiata
1977 3455 2234 3519 fuerunt,

650 3557 707 3601 et
734 3547 849 3616 ipsa
880 3545 1217 3616 experientia
1249 3554 1400 3615 gesta
1434 3555 1581 3600 sunt.
1613 3547 1693 3601 Ac
1719 3546 1914 3603 melius
1940 3557 2060 3601 erat
2099 3548 2237 3601 mul-

652 3650 708 3695 to
745 3640 811 3695 ad
842 3640 1064 3695 meliora
1092 3654 1153 3695 se
1182 3641 1453 3710 applicare
1507 3639 1766 3705 voluisse,
1798 3648 1853 3694 et
1884 3651 2009 3695 ante
2031 3642 2235 3696 adven-

652 3742 763 3787 tum
820 3732 1277 3802 praesentiumque
1340 3732 1604 3785 malorum
1664 3730 2083 3787 sollicitudinem
2139 3748 2237 3786 ex-

648 3826 907 3882 cussisse.
935 3825 1122 3895 itaque
1152 3826 1217 3880 de
1244 3824 1563 3895 poenitentia
1603 3824 1867 3879 incertum
1899 3838 2020 3878 esse
2055 3825 2237 3879 consi-

648 3917 707 3973 lii
735 3932 844 3972 non
878 3916 1030 3982 sinit,
1059 3918 1152 3971 sed
1206 3916 1451 3986 deposito
1493 3915 1657 3969 animi
1693 3915 1840 3969 velut
1892 3914 2151 3985 languore
2179 3926 2234 3970 et

648 4007 887 4079 ignavia,
923 4008 989 4062 ad
1020 4008 1200 4078 operis
1235 4007 1471 4061 studium
1512 4006 1762 4075 expedite
1812 4007 2052 4076 aggredi,
2082 4016 2137 4060 et
2168 4006 2233 4061 ad

646 4098 979 4153 voluntatem
1009 4098 1356 4169 sibimetipsis
1387 4096 1615 4151 viriliter
1640 4099 1987 4153 succurrendi
2020 4098 2231 4153 incum-

644 4189 966 4259 berejubet,
1000 4190 1065 4244 ad
1095 4189 1264 4244 Deum
1296 4191 1634 4259 properando
1657 4232 1672 4257 ,
1703 4198 2057 4258 veterumque
2101 4189 2233 4243 deli-

645 4294 857 4338 ctorum
911 4282 1150 4337 maculas
1195 4280 1481 4335 virtutibus
1519 4280 1846 4336 suﬂiciendis
1869 4280 2095 4336 delendo
2151 4282 2233 4334 vi-

647 4374 862 4428 delicet.
894 4370 1019 4428 Ideo
1057 4373 1136 4428 ait
1178 4387 1349 4443 prope
1378 4374 1570 4429 adesse
1634 4373 1779 4427 diem
1828 4372 2075 4439 Domini,
2123 4388 2228 4443 qua

645 4465 816 4521 futuri
845 4467 958 4522 sint
992 4474 1249 4535 tanquam
1281 4466 1334 4522 in
1369 4464 1583 4531 nebula,
1612 4472 1668 4519 et
1724 4463 1981 4529 tenebris,
2032 4463 2227 4519 famem

2342 3368 2457 3440 ρίου
2487 3383 2502 3398 ·
2539 3386 2558 3421 ι
2596 3366 2899 3433 τουτέστιν,
2938 3365 3125 3420 οὐκέτι
3179 3364 3579 3436 προαγόρευσις
3626 3364 3687 3415 τὸ
3743 3361 3939 3433 χρῆμα

2340 3461 2522 3531 μόνον,
2554 3458 2671 3513 ἀλλ’
2702 3459 2779 3522 ὡς
2812 3458 2872 3513 ὲν
2898 3457 3020 3528 ὄψει
3050 3457 3122 3512 τὰ
3150 3457 3352 3521 πάντα,
3386 3457 3481 3511 καὶ
3518 3457 3575 3511 ὲν
3616 3456 3823 3519 αὐταῖς
3848 3472 3937 3523 γε-

2336 3553 2528 3622 γόνασι
2553 3553 2673 3615 ταῖς
2704 3551 2924 3623 πείραις
2953 3550 3061 3604 τῶν
3091 3550 3261 3605 πάλαι
3296 3548 3793 3621 προηγγελμένων,
3843 3546 3935 3609 οὓς

2334 3640 2402 3717 ἦν
2427 3645 2650 3716 ἀμεινον
2683 3644 2827 3698 κατά
2866 3643 3005 3697 πολὺ
3057 3643 3390 3715 μεταφοιτᾷν
3427 3640 3644 3695 ἑλέσθαι
3677 3640 3832 3711 πρὸς
3867 3640 3933 3691 τὰ

2339 3735 2552 3807 βελτίω,
2592 3735 2685 3789 καὶ
2709 3734 2817 3807 πρὸ
2854 3733 3048 3803 ἐφόδου
3075 3734 3171 3787 καὶ
3198 3732 3525 3804 παρουσίας,
3554 3731 3652 3802 τὴν
3676 3731 3800 3785 τῶν
3831 3748 3931 3783 κα-

2338 3826 2450 3882 κῶν
2476 3825 2827 3880 ἀποσείεσθαι
2857 3823 3138 3896 φροντίδα.
3170 3824 3380 3879 Οὐκοῦν
3414 3823 3549 3895 πρὸς
3577 3822 3933 3893 μετάγνωσιν

2336 3917 2598 3973 ἀλύεσθαι
2619 3917 2719 3971 οὐκ
2743 3918 2810 3989 ἑᾷ
2830 3932 2843 3947 ’
2881 3916 3171 3988 μεθιέντας
3188 3915 3245 3970 δὲ
3269 3916 3459 3988 ὥσπερ
3486 3915 3546 3969 τὸ
3568 3916 3667 3986 τῆς
3686 3914 3930 3986 γνώμης

2332 4009 2727 4074 ἀναπεπτωκὸς
2766 4009 2861 4063 καὶ
2892 4008 2954 4063 τὸ
3003 4007 3245 4080 ῥᾴθυμον
3270 4048 3285 4072 ,
3321 4010 3402 4072 είς
3458 4007 3754 4078 φιλεργίας
3794 4007 3932 4059 ἱέναι

2333 4103 2549 4157 κελεύει
2571 4101 2808 4175 γοργῶς,
2828 4104 2922 4155 καὶ
2941 4102 3034 4154 ὲπί
3054 4116 3118 4168 γε
3134 4097 3196 4152 τὸ
3216 4097 3499 4168 βούλεσθαι
3523 4099 3705 4166 σφίσιν
3733 4097 3931 4158 utarei;

2334 4194 2610 4265 ὲπαμύναι
2657 4193 2912 4263 γενικῶς,
2964 4192 3084 4262 Θεῷ
3113 4191 3354 4264 δηλονότι
3384 4189 3783 4261 προσθέοντας,
3824 4189 3932 4241 τῶν

2331 4286 2578 4357 ἀρχαίων
2610 4284 2952 4358 αίτιαμάτων
2973 4283 3335 4353 ἀφανίζοντας
3354 4283 3422 4337 τὰ
3451 4283 3785 4353 ἐγκλήματα
3809 4283 3930 4342 ταῖς

2331 4378 2440 4431 τῶν
2485 4378 2789 4449 ἀμεινόνων
2834 4380 3171 4445 ἐπαγωγαῖς.
3224 4375 3494 4448 Ταύτῃτοί
3537 4390 3697 4444 φησιν
3750 4374 3930 4443 ἐγγὺς

2332 4465 2590 4541 εἶναιτὴν
2614 4468 2828 4540 ἡμέραν
2857 4470 3088 4542 Κυρίου,
3120 4468 3241 4523 καθ’
3268 4467 3335 4539 ἢν
3373 4466 3585 4521 ἔσονται
3622 4464 3724 4535 μὲν
3759 4466 3847 4528 ὡς
3876 4467 3930 4515 ἐν

644 4572 673 4610 a
706 4557 910 4612 locusta
940 4557 1317 4625 iuvehendam,
1351 4557 1467 4613 sive
1491 4572 1555 4613 ex
1588 4554 1933 4627 Assyriorum
1996 4554 2226 4626 impres-

2342 4558 2529 4631 5μίχλῃ
2574 4559 2668 4612 καὶ
2697 4559 2895 4630 σκότῳ,
2921 4560 3011 4613 τὸν
3032 4561 3095 4613 ἐκ
3116 4559 3214 4631 τῆς
3237 4558 3457 4630 ἀκρίδος
3481 4555 3706 4618 δεδιότες
3737 4556 3928 4626 λιμὸν,

642 4648 794 4702 sione
812 4661 972 4716 supra
998 4655 1159 4715 caput
1187 4646 1318 4718 ipsis
1341 4656 1609 4703 astantem
1630 4642 1994 4701 calamitatem
2016 4655 2071 4700 et
2101 4660 2225 4715 per-

644 4738 839 4792 niciem
880 4746 1199 4793 metuentes.

718 4829 877 4887 Vnus.
905 4831 961 4898 Ξ,
999 4831 1055 4888 5.
1081 4832 1245 4902 :Sicut
1295 4849 1446 4887 mane
1485 4832 1738 4903 {nudetur
1802 4849 1961 4902 super
2026 4842 2226 4887 montes

640 4924 862 4993 papulas
892 4924 1108 4990 multus,
1128 4935 1175 4979 et
1207 4926 1396 4994 fortis;
1425 4925 1611 4980 similis
1656 4925 1707 4979 ei
1756 4942 1862 4980 non
1896 4924 1998 4995 fuit
2057 4942 2090 4979 a
2125 4941 2226 4981 sa:-

640 5017 780 5083 culo,
805 5028 853 5071 et
880 5029 994 5087 post
1029 5034 1148 5071 eum
1178 5034 1279 5072 non
1307 5020 1404 5071 erit
1457 5033 1617 5087 usque
1654 5017 1725 5070 ad
1752 5033 1920 5072 annos
1952 5019 2007 5071 in
2073 5034 2228 5087 gene—

643 5114 874 5167 rationes
939 5113 1352 5181 generationum.
1388 5111 1520 5163 Ante
1545 5125 1663 5163 eum
1705 5108 1842 5178 ignis
1890 5124 2222 5173 consumens,

639 5217 689 5261 et
718 5216 832 5275 post
870 5222 988 5261 eum
1043 5221 1293 5260 succensa
1333 5205 1570 5275 ﬂamma.
1605 5200 1752 5256 Sicut
1800 5203 2079 5270 paradisus
2136 5217 2222 5255 vo-

640 5298 855 5367 luptatis
887 5306 1031 5352 terra
1070 5308 1193 5351 ante
1258 5294 1446 5358 [aciem
1507 5294 1625 5363 ejus
1651 5330 1667 5358 ,
1721 5301 1770 5344 et
1824 5291 2117 5359 posteriora
2158 5290 2225 5344 il-

638 5385 743 5439 lius
805 5386 942 5439 sicut
996 5385 1170 5455 campi
1216 5383 1599 5451 desolationis,
1631 5390 1679 5436 et
1704 5379 1945 5435 salvatus
1989 5396 2092 5437 non
2124 5382 2221 5436 erit

710 5569 851 5629 XVI.
888 5572 1042 5627 Mane
1071 5572 1283 5627 videtur
1311 5567 1587 5639 appellare
1637 5576 1732 5621 aut
1766 5565 2089 5620 matutinum
2127 5579 2219 5623 ro-

642 5681 755 5723 rem
787 5665 880 5735 qui
920 5665 1173 5721 universe
1231 5677 1328 5732 per
1364 5663 1497 5716 lines
1534 5658 1771 5730 regionis
1798 5657 2049 5723 diﬂ‘usus,
2084 5656 2219 5713 nihil

2333 4652 2503 4723 ἤγουν
2548 4650 2645 4722 τὴν
2677 4653 2742 4705 ὲκ
2777 4654 2874 4723 τῆς
2930 4652 3231 4723 Ἀσσυρίων
3283 4652 3467 4714 αὐτοῖς
3525 4648 3929 4719 ὲπηρτημένην

2332 4743 2628 4815 ἀθλιότητα
2658 4744 2755 4797 καὶ
2782 4744 3159 4816 καταφθοράν.

2412 4835 2505 4901 Ὠς
2534 4835 2743 4904 ὄρθρος
2780 4835 3110 4906 χυθήσεται
3138 4835 3239 4890 ἐπὶ
3269 4835 3338 4889 τὰ
3366 4834 3475 4903 ὄρη
3516 4831 3667 4899 λαὸς
3711 4833 3925 4899 πολὺς

2332 4927 2430 4980 καί
2456 4928 2736 4996 ἰσχυρός·
2789 4927 2990 4997 ὅμοιος
3033 4927 3193 4994 αὐτῷ
3236 4929 3308 4982 οὐ
3342 4920 3590 4997 γέγονεν
3637 4924 3763 4978 ἀπὸ
3815 4924 3924 4979 τοῦ

2331 5018 2564 5087 αίῶνος,
2589 5020 2686 5073 καί
2698 5021 2826 5089 μετ’
2849 5021 3036 5076 αὑτὸν
3053 5023 3124 5075 οὐ
3145 5017 3618 5089 προστεθήσεται
3638 5016 3747 5083 ἕως
3767 5017 3926 5071 ἐτῶν

2329 5114 2417 5177 εὶς
2442 5111 2653 5183 γενεὰς
2671 5110 2913 5182 γενεῶν.
2950 5114 3025 5168 Τὰ
3050 5112 3396 5182 ἔμπροσθεν
3418 5107 3605 5163 αὐτοῦ
3626 5107 3749 5176 πῦρ
3770 5109 3922 5163 ἀνα-

2328 5203 2570 5266 λίσκον,
2599 5202 2699 5257 καὶ
2729 5203 2803 5257 τὰ
2829 5203 3023 5257 ὀπίσω
3058 5201 3245 5256 αὐτοῦ
3299 5197 3679 5268 ἀναπτομένη
3721 5198 3917 5265 φλόξ.

2341 5292 2438 5358 Ὠς
2464 5292 2830 5361 παράδεισος
2848 5291 3081 5362 τρυφῆς
3112 5292 3152 5360 ὴ
3182 5289 3256 5360 τῆ
3290 5290 3402 5359 πρὸ
3443 5285 3775 5358 προσώπου
3815 5292 3923 5343 αὺ-

2328 5379 2457 5444 τοῦ,
2498 5380 2599 5435 καί
2653 5380 2725 5435 τὰ
2758 5380 3011 5436 ὄπισθεν
3061 5379 3249 5435 αὑτοῦ
3287 5379 3499 5433 πεδίον
3541 5378 3920 5447 ἀφανισμοῦ,

2330 5473 2427 5527 καὶ
2453 5473 2905 5544 ἀνασωζόμενος
2941 5474 3053 5527 οὐκ
3086 5471 3256 5526 ἔσται
3293 5468 3471 5536 αὐτῷ.

2400 5567 2517 5632 ις’.
2550 5564 2786 5637 Ὄρθρον
2832 5565 3132 5620 ἀποκαλεῖν
3191 5564 3363 5617 ἔοικεν
3413 5565 3447 5635 ἦ
3494 5562 3593 5635 τὴν
3624 5564 3684 5617 ἐν
3726 5562 3921 5633 ὃρθρῳ

2326 5657 2537 5729 δρόσον,
2572 5657 2608 5728 ἡ
2630 5656 2850 5713 ἐπειδὰν
2878 5658 3014 5722 ὅλως
3034 5655 3372 5728 καταχέηται
3392 5653 3501 5709 τῶν
3526 5656 3690 5726 ὅρων,
3714 5653 3920 5723 ἀφίησι

708 5839 883 5895 "Isa.
943 5855 1054 5906 xu,
1110 5838 1199 5905 l7,
1252 5837 1342 5892 18.
1407 5837 1451 5871 ⁸³
1498 5835 1601 5891 lsa.
1635 5850 1730 5902 xu,
1767 5835 1820 5892 '5.
1882 5834 1928 5866 ’°
1959 5796 2125 5891 Psal.
2162 5847 2329 5903 xxxv,
2355 5832 2409 5889 9.
