4068 6584
138 384 239 441 3.37

1037 374 1593 434 COMMENTARlUS
1632 375 1698 433 IN
1736 373 2005 431 JOELEM
2047 375 2489 432 PROPHETAM.

3300 380 3406 437 358

135 504 239 558 τῶν
256 504 320 557 ἐν
342 501 532 565 αὐτοῖς
559 499 711 556 οὐδὲν
735 497 1137 570 ἀκατάρδευτον
1154 515 1170 531 ·
1199 501 1368 571 ἤγουν
1384 499 1483 563 τὰς
1505 498 1731 571 πρώτας

1835 494 1887 552 in
1921 495 2052 566 ipsis
2096 494 2299 551 siccum
2325 495 2582 565 relinquit
2604 512 2619 562 ;
2640 502 2732 550 aut
2758 504 2907 552 certe
2928 496 3132 567 primos
3160 466 3289 553 solis
3317 515 3404 552 ra-

131 594 280 665 ήλίου
313 592 503 664 βολὰς,
534 590 755 646 καὶτοῦ
783 590 959 660 φωτὸς
1003 591 1102 661 τῆς
1134 592 1351 665 ἡμέρας
1384 590 1480 662 τὴν
1511 589 1640 645 εὐθύ
1672 608 1728 645 τε

131 686 224 739 καὶ
247 686 309 738 ὲ)
337 684 487 757 ἀρχῇ
518 680 855 751 ἀνάλαμψιν,
905 679 940 751 ἦ
978 683 1097 745 ταῖς
1131 683 1399 752 κορυφαῖς
1426 681 1533 735 τῶν
1559 680 1730 751 ὀρέων

132 778 223 830 καὶ
256 776 374 847 πρό
417 791 478 843 γε
508 772 617 825 τῶν
663 770 839 826 ἄλλων
886 772 1171 842 μονονουχὶ
1204 772 1301 826 καὶ
1330 771 1678 844 ὲνευρύνεται
1711 812 1726 836 ,

132 869 222 921 καὶ
252 863 682 937 κατερυθραίνει
722 862 967 934 βουνούς.
1000 862 1185 927 Οὕτως
1221 863 1386 934 φησὶν
1418 864 1510 917 ἐπὶ
1535 863 1603 916 τὰ
1627 864 1727 934 ὅρη

135 961 360 1013 ἔσεσθαι
401 961 491 1013 τὸν
519 958 647 1013 λαὸν
674 958 767 1012 τὸν
798 957 1039 1029 ἰσχυρὸν,
1089 956 1316 1029 ἀκρίδας
1342 957 1524 1028 τυχὸν,
1560 957 1730 1027 ἤγουν

134 1052 190 1119 ἐξ
220 1051 548 1123 ὁμοιότητος
581 1049 783 1114 αὐτῶν,
816 1048 928 1103 τῶν
970 1048 1295 1121 Ἀσσυρίων,
1332 1047 1406 1111 ὡς
1439 1049 1499 1103 ὲν
1527 1045 1731 1119 πληθυῖ

136 1142 449 1214 νοουμένων
481 1140 876 1213 ἀπαραδλήτῳ.
903 1139 1124 1203 Λοιπὸν,
1152 1156 1170 1190 ι
1200 1140 1430 1211 ’Ὀμοιος
1466 1138 1595 1209 γὰρ,
1627 1154 1731 1208 φη·

139 1237 244 1298 etv,
270 1234 429 1305 αὐτῷ
455 1235 518 1288 οὐ
542 1234 766 1303 γέγονεν
797 1231 906 1286 ἀπὸ
931 1229 1027 1284 τοῦ
1054 1230 1269 1295 αἰῶνος,
1290 1230 1414 1284 οὔτε
1450 1218 1555 1302 μὴν
1576 1229 1729 1283 ἔσται

138 1327 287 1381 ποτέ.
335 1346 355 1378 s
401 1324 626 1395 Ἐπειδὴ
671 1323 730 1377 δὲ
757 1323 881 1386 ταῖς
912 1321 1022 1376 τῶν
1047 1321 1286 1393 ἀκρίδων
1328 1319 1588 1391 ἐμϐολαῖς
1636 1318 1730 1372 δα-

137 1420 376 1473 πανᾶται
405 1418 503 1489 μὲν
526 1416 591 1469 τδ
625 1415 1023 1487 παρεμπῖπτον
1066 1412 1229 1476 εὐθύς
1250 1428 1264 1443 ο
1298 1412 1346 1464 εί
1380 1410 1438 1464 δὲ
1472 1410 1646 1483 δήπου
1673 1426 1729 1462 τι

140 1511 229 1564 κιῇ⁵
268 1507 654 1581 περιλειφθείη
687 1505 867 1576 τυχὸν,
913 1504 1073 1578 ἔργον
1106 1506 1203 1559 καὶ
1255 1503 1389 1558 αὐτὸ
1429 1502 1581 1557 ἔσται
1618 1501 1728 1555 τῶν

138 1602 424 1674 ἑπομένων
468 1602 588 1663 ταῖς
617 1597 886 1671 πρώταις,
919 1616 938 1650 t
979 1594 1099 1668 Ιιῢρ
1127 1596 1435 1661 ἀναλίσκον,
1476 1614 1494 1646 ι
1530 1594 1633 1666 ἔφη
1658 1593 1730 1648 τὰ

140 1692 452 1768 ἔμπροσθεν
476 1691 665 1758 αὐτοῦ,
695 1690 868 1762 φλόγα
884 1690 940 1743 δὲ
964 1688 1352 1761 ἀναπτομένην
1382 1687 1452 1742 τὰ
1498 1687 1729 1742 κατόπιν

138 1789 227 1841 καὶ
254 1787 528 1857 ἑπόμενα.
546 1783 718 1838 Τοῦτο
741 1784 797 1838 δὲ
828 1782 961 1838 αὐτὸ
996 1783 1272 1855 δράσειεν,
1299 1777 1455 1854 οῖμαὶ
1478 1799 1603 1846 που,
1631 1781 1727 1837 καὶ

1833 585 1972 653 dios,
2029 597 2082 641 et
2130 586 2310 639 diurni
2378 583 2597 639 luminis
2663 586 2997 653 repentinum
3051 601 3115 642 ac
3174 587 3404 658 primum

1831 676 2195 746 Splendorem,
2225 675 2314 745 qui
2357 676 2409 727 in
2434 674 2576 744 jugis
2613 674 2869 728 montium
2904 676 3052 744 prius
3081 678 3406 746 expanditur

1830 777 1884 822 et
1913 766 2074 838 215
2107 780 2377 836 purpurea
2405 765 2525 819 luce
2561 765 2722 819 colles
2765 766 3050 821 convestit.
3086 766 3176 821 Sic
3204 768 3282 821 ait
3312 784 3405 823 sn-

1829 874 1926 931 per
1952 865 2162 913 montes
2190 856 2304 912 fore
2330 856 2579 927 populum
2631 854 2848 921 fortem,
2902 857 3159 923 locustas,
3220 862 3404 922 credo,

1830 959 1921 1005 aut
1950 966 2014 1005 ex
2050 949 2403 1006 similitudine
2440 948 2706 1019 ipsarum,
2734 947 3102 1019 Assyriorum,
3130 963 3226 1018 per
3271 950 3407 1002 mul-

1832 1043 2113 1099 titudinem
2166 1040 2643 1110 incomparabilem
2698 1039 3115 1094 intellecturum.
3178 1037 3408 1109 Subjicit

1829 1137 1973 1192 enim
2003 1151 2151 1203 mox,
2180 1154 2198 1188 ι
2236 1133 2441 1190 Similis
2473 1134 2521 1189 ei
2549 1149 2653 1189 non
2705 1131 2807 1187 fuit
2836 1146 2867 1186 a
2935 1131 3160 1196 saeculo,
3183 1141 3239 1186 et
3287 1142 3407 1202 post

1814 1214 1949 1283 eum
1976 1241 2084 1282 non
2114 1225 2270 1284 erit.»
2299 1224 2565 1293 Quoniam
2593 1233 2772 1280 autem
2804 1223 3134 1278 locustarum
3156 1223 3410 1295 irruptio-

1828 1319 1986 1373 nibus
2031 1318 2173 1387 quod
2213 1316 2450 1372 occurrit
2508 1313 2795 1371 confestim
2838 1316 3196 1379 consumitur,
3246 1323 3302 1369 et
3362 1315 3407 1368 si

1828 1409 2023 1466 alicubi
2047 1409 2319 1479 quidpiam
2351 1408 2489 1463 forte
2514 1405 2859 1478 superfuerit,
2892 1406 3124 1478 idipsum
3152 1421 3272 1477 quae
3294 1408 3407 1477 pri-

1829 1516 1947 1556 mas
1986 1510 2284 1572 sequuntur
2317 1499 2635 1566 absumunt,
2676 1498 2848 1569 tignis
2878 1511 3224 1565 consumens,
3266 1518 3286 1552 ι
3324 1500 3410 1553 iu-

1829 1593 1964 1663 quit,
1995 1605 2058 1647 ea
2090 1608 2211 1663 qua:
2262 1599 2391 1647 ante
2419 1590 2617 1662 ipsum,
2648 1588 2867 1644 ﬂamma
2921 1598 3097 1647 autem
3152 1605 3410 1655 succensa

1828 1686 1881 1739 in
1912 1685 2015 1750 his,
2050 1699 2170 1754 quae
2194 1692 2315 1753 post
2342 1682 2540 1750 ipsum,
2577 1690 2632 1737 et
2655 1682 3026 1751 sequentibus.
3075 1680 3191 1737 Hoc
3233 1682 3410 1753 ipsum

1829 1776 2048 1842 facient,
2077 1784 2225 1846 puto,
2255 1784 2311 1831 et
2365 1773 2587 1830 hostiles
2629 1775 2818 1844 copiae.
2846 1770 3012 1829 Plane
3043 1773 3188 1829 enim
3215 1787 3413 1843 praece-

140 1851 418 1949 πολεμίων
477 1875 726 1949 στρατός.
768 1851 1043 1946 Ἕψονταιν
1082 1872 1191 1943 γὰρ
1219 1851 1439 1936 πάντως
1467 1874 1588 1936 ταῖς
1618 1871 1726 1925 τῶν

1835 1868 2074 1923 dentium
2123 1866 2433 1936 superbiam
2470 1873 2525 1921 et
2576 1865 2949 1935 arrogantiam
3018 1864 3409 1930 imitabuntur,

140 1970 469 2041 φθασάντων
515 1967 849 2039 ἀγερωχίαις
899 1964 1034 2037 ὁμοῦ
1079 1964 1175 2018 καὶ
1202 1963 1512 2027 αὐθαδείαις
1555 1962 1649 2017 καὶ
1679 1963 1729 2016 οἱ

140 2062 371 2118 κατόπιν
437 2061 609 2124 ἰόντες
654 2057 851 2131 βραχύ.
911 2057 1237 2129 Ποιήσονται
1287 2055 1345 2109 δὲ
1382 2055 1480 2127 τὴν
1512 2054 1618 2125 γῆν
1654 2054 1730 2117 ὡς

138 2155 348 2227 τρυφῆς
378 2154 729 2227 παράδεισον,
761 2153 932 2225 ἄρδην
955 2149 1366 2221 ἀποκείροντες,
1397 2149 1491 2203 καὶ
1528 2150 1732 2201 ἐνσπα-

140 2247 415 2311 ταλῶντες
447 2248 563 2310 τοῖς
615 2244 1048 2318 εὑρισκομένοις.
1084 2243 1239 2313 Ἔχει
1286 2241 1345 2295 δὲ
1385 2240 1446 2295 τὸ
1481 2238 1676 2312 ἀληθὲς
1701 2239 1730 2292 ὁ

143 2343 324 2410 λόγος,
356 2340 458 2393 καὶ
492 2340 541 2392 εί
565 2340 653 2393 ἐπ’
677 2339 845 2409 αὐτῆς
874 2337 1159 2407 ἐκφέροιτο
1188 2334 1289 2404 τῆς
1314 2333 1553 2405 ἀκρίδας.

234 2435 316 2499 Ως
350 2431 568 2501 ὅρασις
598 2431 821 2495 ἵππων,
861 2430 898 2498 ἡ
947 2427 1160 2496 ὅρασις
1211 2422 1447 2491 αὐτῶν,
1508 2421 1608 2476 καὶ
1651 2421 1731 2487 ὡς

147 2524 374 2591 ἱππεῖς,
428 2523 617 2589 οὕτως
649 2518 1135 2584 καταδιώξονται.
1184 2516 1281 2581 Ὠς
1331 2511 1501 2584 φωνὴ
1541 2509 1729 2581 ἀρμὰ-

147 2636 256 2674 nor
279 2617 381 2671 ἐπὶ
418 2614 528 2683 τὰς
556 2611 824 2683 κορυφὰς
861 2608 980 2664 τῶν
1006 2608 1191 2678 ὀρέων
1213 2603 1595 2671 ἐξαλοῦνται,
1633 2599 1731 2656 καὶ

146 2712 220 2777 ὡς
243 2706 421 2779 φωνὴ
451 2704 682 2777 φλογὸς
710 2702 901 2772 πυρὸς
943 2700 1386 2766 κατεσθιούσης
1426 2693 1730 2765 καλάμην,

146 2803 238 2858 sal
265 2803 348 2868 ὠς
386 2799 539 2866 λαὸς
570 2796 763 2863 πολὺς
792 2793 887 2849 καί
914 2789 1164 2862 ἰσχυρὸς
1195 2787 1733 2858 παρατασσόμενος

148 2898 229 2962 εις
258 2895 556 2962 πόλεμον.

215 2990 311 3043 lZ'.
346 2985 463 3057 Τὴν
491 2983 713 3054 ἀκρίδα,
751 2981 847 3034 καὶ
875 2979 967 3032 τὸν
1008 2975 1255 3048 βροῦχον,
1303 2973 1352 3027 εἱ
1389 2974 1454 3044 δὴ
1485 2971 1734 3044 φέροιντο

160 3080 292 3135 κατὰ
322 3076 522 3149 χωρῶν
580 3075 674 3128 καὶ
707 3073 936 3133 πόλεων,
958 3068 1107 3123 οὐδὲν
1135 3070 1194 3120 ὲν
1234 3064 1410 3138 μείοσί
1432 3081 1595 3134 φησιν
1625 3061 1736 3116 ἔσε-

153 3168 267 3223 σθαι
294 3170 469 3222 ἵππου
503 3165 606 3235 τῆς
644 3159 1060 3234 μαχιμωτάτης.
1095 3155 1252 3258 ρῦτω
1277 3155 1401 3258 ,γὰρ
1434 3171 1733 3226 κατασκιρ-
1760 3199 1803 3258 C

150 3262 299 3329 τήσει
326 3257 432 3327 τῆς
466 3254 592 3325 γῆς,
627 3253 702 3317 ὡς
732 3252 874 3321 τάχα
896 3267 1000 3302 που
1029 3247 1124 3302 καὶ
1146 3246 1407 3318 ἁρμάτων
1430 3246 1733 3316 ἀπομιμεῖα

155 3349 269 3403 σθαι
292 3348 521 3401 κτύπον.
558 3343 822 3405 Ἀπάσαις
842 3359 901 3395 τε
923 3341 1032 3412 γὰρ
1052 3337 1452 3409 ὲπιθρώσκουσι
1469 3337 1733 3409 κορυφαῖς

155 3442 338 3513 ὀρέων,
374 3439 742 3493 καθίπτανται
771 3433 827 3488 δὲ
853 3434 949 3486 καὶ
972 3430 1163 3503 βουνοῦ
1183 3428 1407 3494 παντὸς,
1427 3428 1521 3482 καὶ
1540 3427 1737 3499 φλογὸς

155 3536 508 3591 ἀποτελοῦσιν
547 3533 687 3604 ἠχὴν
738 3526 1212 3599 καταπιμπράσης
1275 3522 1551 3595 καλάμην.
1599 3521 1738 3574 Φασὶ

156 3630 257 3699 γὰρ
322 3629 389 3682 οὑ
448 3628 573 3696 δίχα
620 3624 831 3678 κτύπου
885 3617 1222 3693 πράττεσθαι
1273 3616 1400 3687 παρ’
1450 3613 1629 3668 αὐτῶν
1678 3613 1737 3665 ὲν

160 3725 338 3794 ἀγροῖς
364 3722 462 3793 τὴν
484 3718 865 3773 κατάπτωσιν·
918 3712 1039 3784 ἠχὼ
1086 3711 1143 3765 δέ
1181 3725 1302 3764 τινα
1350 3708 1458 3762 τῶν
1511 3706 1737 3761 ὀδόντων

161 3813 532 3871 ἀποτελεῖσθαι
584 3809 852 3883 βληχρὰν,
890 3801 1374 3880 περιθραυομένων
1406 3799 1595 3861 αὐταῖς
1631 3796 1737 3851 τῶν

163 3906 542 3967 πεπτωκότων,
574 3903 648 3966 ὡς
683 3902 888 3970 ἀνέμου
932 3896 1102 3966 φλόγα
1158 3891 1613 3965 διαρῤιπίζοντος.
1673 3886 1737 3940 El

163 3998 215 4051 δὲ
262 3998 342 4050 δεῖ
372 3994 648 4064 πολεμίων
698 3990 841 4061 ὄχλῳ
874 3987 1045 4058 αὐτὴν
1094 3981 1544 4057 παρεικάζεσθαι,
1578 3976 1739 4031 πάλιν

164 4092 219 4145 τὸ
245 4090 472 4152 ἀπεικὸς
502 4088 655 4141 οὐδέν
678 4103 691 4117 ·
732 4085 883 4156 ᾄττει
909 4082 1018 4152 γὰρ
1048 4079 1191 4132 κατά
1222 4075 1451 4147 πληθὺν,
1472 4073 1567 4126 καὶ
1584 4070 1739 4139 ὀλίγα

164 4182 267 4244 τοῖς
288 4177 694 4250 ἀνδριζομένοις
726 4175 785 4226 ὲν
823 4172 1025 4243 μάχαις
1068 4164 1405 4237 παραχωρεῖ.
1436 4159 1601 4231 Βορὸν
1632 4157 1738 4250 γάρ

165 4272 221 4324 τὸ
240 4247 451 4343 χρῆμα,
470 4268 563 4323 καὶ
587 4265 675 4321 διὰ
709 4263 917 4334 πληθὺν
944 4259 1253 4332 ἀμέτρητον
1287 4255 1391 4307 οὐκ
1425 4247 1741 4343 εὐκαταγω-

167 4339 366 4427 νιστον,
408 4360 608 4432 μᾶλλον
654 4358 712 4411 δὲ
744 4355 841 4411 καὶ⁵
879 4353 1233 4421 δυσάντητον.
1268 4347 1328 4400 ’0
1366 4345 1529 4407 αὐτὸς
1575 4341 1619 4395 δ’
1673 4339 1740 4394 ἂν

170 4456 373 4523 γένοιτο
396 4451 638 4523 καὶπερὶ
670 4449 779 4503 τῶν
806 4444 1108 4518 ’Δσσυρίων
1128 4441 1285 4510 λόγος
1302 4455 1315 4469 ·
1345 4437 1394 4491 εί
1419 4437 1474 4489 δὲ
1502 4432 1742 4506 βούλοιτό

1830 1960 1921 2031 qui
1969 1974 2136 2030 parvo
2182 1956 2469 2015 intervallo
2495 1964 2916 2026 consequentur.
2961 1956 3189 2013 Facient
3227 1965 3409 2011 autem

1834 2063 2036 2108 terram
2080 2059 2141 2106 ut
2171 2049 2477 2121 paradisum
2524 2047 2834 2119 voluptatis,
2858 2048 3072 2119 penitus
3118 2047 3414 2119 spoliantes

1832 2160 1974 2212 eam,
2014 2152 2071 2200 et
2113 2140 2469 2214 voluptariam
2525 2140 2774 2196 viventes
2817 2141 2983 2197 vitam
3031 2140 3085 2196 in
3125 2141 3237 2207 his,
3290 2155 3414 2211 qua:

1832 2238 1884 2292 in
1912 2252 1975 2292 ea
2011 2236 2334 2291 invenerint.
2361 2232 2475 2290 Hoc
2513 2245 2698 2289 verum
2727 2242 2810 2290 est
2830 2275 2846 2299 ,
2873 2233 3035 2289 etiam
3076 2233 3122 2289 si
3148 2232 3215 2289 de
3261 2232 3413 2289 locu-

1832 2329 1932 2386 stis
1960 2327 2360 2398 pronuntietur.

1905 2417 2068 2474 Vens.
2100 2418 2164 2482 4,
2202 2416 2254 2472 5.
2292 2415 2441 2471 Sicut
2475 2415 2604 2470 visio
2638 2429 2887 2486 equorum
2919 2423 3158 2483 aspectus
3189 2427 3410 2475 eorum,

1831 2521 1879 2567 et
1905 2511 2036 2565 sicut
2063 2510 2280 2581 equites,
2305 2508 2380 2561 sic
2407 2516 2802 2577 persequentur.
2822 2503 2971 2559 Sicut
3000 2519 3101 2558 vos:
3123 2502 3414 2574 quadriga-

1832 2620 1949 2657 rum
1989 2617 2148 2672 super
2182 2601 2395 2655 vertices
2440 2599 2702 2652 montium
2740 2595 3010 2663 exsilient,
3050 2605 3099 2650 et
3141 2595 3273 2649 sicut
3315 2610 3415 2649 vos:

1830 2696 2059 2765 flamma:
2098 2692 2234 2762 ignis
2274 2689 2570 2745 devorantis
2609 2688 2890 2757 stipulam,
2931 2696 2981 2743 et
3020 2687 3153 2742 sicut
3188 2685 3412 2759 populus

1831 2784 2025 2839 multus
2051 2794 2096 2838 et
2129 2783 2283 2853 fortis
2312 2791 2535 2854 paratus
2565 2782 2633 2835 ad
2664 2779 2925 2851 praelium.

1900 2959 2063 3017 XVII.
2102 2960 2387 3016 Locustam
2419 2968 2473 3014 et
2500 2959 2787 3026 bruchum,
2818 2958 2862 3014 si
2893 2958 2947 3013 in
2978 2971 3136 3030 agros
3165 2964 3221 3013 et
3248 2958 3412 3012 urbes

1834 3053 2074 3119 irruant,
2125 3068 2231 3108 non
2294 3053 2471 3108 minus
2523 3052 2705 3107 valere
2761 3050 2840 3105 ait
2894 3066 3055 3121 quam
3116 3049 3413 3120 equitatum

1834 3144 2325 3203 bellicosissimum.
2355 3142 2447 3198 Sic
2476 3144 2620 3199 enim
2652 3159 2682 3198 e
2715 3151 2857 3198 terra
2887 3143 3160 3207 exsilient,
3188 3150 3247 3195 ut
3279 3156 3416 3212 pene

1836 3249 1889 3295 et
1921 3237 2304 3309 quadrigarum
2335 3235 2570 3291 sonitum
2604 3235 2906 3290 imitentur.
2933 3234 3001 3288 Et
3032 3248 3196 3302 super
3219 3247 3414 3288 omnes

1836 3331 2101 3386 montium
2128 3328 2360 3385 vertices
2384 3327 2784 3394 subsultabunt,
2812 3336 2867 3381 et
2894 3327 2959 3382 de
2989 3329 3133 3381 omni
3161 3326 3295 3381 colle
3322 3328 3415 3381 de~

1836 3423 2123 3489 volabunt,
2162 3432 2217 3475 et
2256 3420 2487 3475 flammae
2528 3419 2792 3489 crepitum
2839 3418 3090 3487 stipulam
3137 3421 3416 3474 exurentis

1837 3517 2019 3571 edent.
2044 3513 2249 3569 Ferunt
2272 3512 2417 3567 enim
2447 3525 2551 3565 non
2579 3510 2716 3565 citra
2746 3510 3029 3579 strepitum
3056 3524 3148 3565 eas
3175 3510 3228 3563 in
3260 3525 3417 3580 agros

1839 3608 2118 3673 decidere,
2152 3614 2208 3659 et
2240 3604 2480 3659 sonitum
2518 3618 2621 3656 non
2661 3610 2877 3657 tenuem
2915 3601 3089 3657 audiri
3127 3601 3251 3655 dum
3288 3618 3417 3673 pro-

1839 3709 2037 3755 stratus
2056 3697 2237 3768 fruges
2254 3696 2503 3751 dentibus
2520 3695 2873 3761 commolunt,
2893 3708 2989 3749 ceu
3008 3691 3239 3749 ﬂammis
3258 3704 3419 3749 vento

1839 3790 2172 3847 diffundente
2213 3787 2623 3859 crepitantibus.
2661 3786 2813 3853 Quod
2847 3787 2891 3840 si
2926 3801 3019 3841 eas
3052 3787 3286 3841 hostium
3323 3801 3417 3838 (ηι-

1842 3884 1958 3939 neis
1992 3896 2305 3953 comparare
2340 3880 2601 3944 velimus,
2638 3878 2770 3933 nihil
2806 3879 3096 3933 absurdum
3134 3878 3418 3934 faciemus.

1840 3973 2049 4031 Nocent
2084 3974 2227 4031 enim
2265 3972 2607 4028 multitudine
2628 4010 2644 4036 ,
2677 3980 2730 4024 et
2761 3971 2894 4025 viris
2930 3971 2982 4024 in
3019 3983 3195 4040 pugna
3228 3982 3417 4040 parum

1842 4067 2057 4123 cedunt.
2085 4067 2189 4121 Res
2216 4065 2374 4130 edax,
2402 4074 2454 4119 et
2480 4073 2700 4134 propter
2724 4064 3041 4117 immensam
3071 4060 3281 4130 copiam
3313 4076 3418 4114 nnn

1844 4159 1998 4214 facile
2032 4156 2436 4228 expugnabilis,
2477 4157 2559 4211 vel
2603 4155 2782 4225 potius
2820 4163 3128 4224 oppugnata
3164 4150 3418 4205 dillicilis.

1846 4248 1957 4304 Hoc
1986 4249 2128 4304 idem
2162 4249 2227 4303 de
2250 4247 2493 4319 Assyriis
2522 4247 2701 4302 dicere
2732 4245 2880 4300 licet.
2911 4244 3061 4312 Quod
3094 4243 3136 4299 si
3167 4242 3250 4297 cui
3280 4241 3422 4297 forte

1843 4341 2038 4410 placet,
2068 4340 2210 4395 idem
2247 4340 2312 4393 de
2346 4339 2713 4393 Romanorum
2748 4336 2991 4391 exercitu
3026 4349 3133 4389 non
3168 4333 3305 4388 male
3340 4332 3422 4385 af-

1846 4430 2056 4499 firmet,
2106 4430 2196 4501 qui
2245 4429 2420 4485 instar
2464 4428 2687 4483 locusta:
2737 4425 2989 4482 lsraelem
3042 4427 3097 4482 in
3145 4423 3418 4480 Christum

170 4520 248 4609 τις
293 4545 438 4615 τάχα
477 4520 713 4597 πουνκαὶ
761 4537 891 4609 περ)⁸
943 4534 1113 4605 αὐτῆς
1160 4530 1261 4599 τῆς
1295 4528 1404 4581 τῶν
1453 4524 1736 4615 Ῥωμαίων

1847 4520 2164 4578 sceleratum
2196 4520 2404 4592 depaSti
2437 4529 2582 4575 sunt.

178 4613 485 4699 στρατείας,
525 4632 575 4685 οἳ
626 4630 781 4700 δίκην
815 4625 1035 4699 ἀκρίδος
1070 4623 1162 4677 τὸν
1213 4619 1430 4691 Ἰσραὴλ
1462 4613 1745 4686 κατεδηδό-

175 4743 323 4780 κασιν
338 4727 420 4788 είς
442 4722 678 4795 Χριστὸν
692 4715 1222 4791 πεπλημμεληκότα,
1243 4711 1354 4766 οὐδ’
1367 4709 1510 4763 οὕτω
1537 4706 1744 4769 κακῶς.

251 4818 390 4873 Ἀπὸ
425 4814 751 4885 προσώπου
778 4808 968 4867 αὐτοῦ
989 4804 1493 4876 συντριϐήσονται
1518 4798 1675 4854 λαοί.

240 4909 348 4962 lH’.
379 4907 582 4979 Χρῆμα
602 4904 733 4975 γὰρ,
753 4901 829 4964 ὡς
851 4899 1011 4972 ἔφην,
1043 4897 1255 4969 ἄμαχον
1280 4894 1374 4948 καὶ
1396 4887 1746 4957 δυσκαταγώ-

178 5016 347 5052 νιστον
403 4995 683 5057 παντελῶς
733 4990 1078 5063 ἀνθρώποις,
1137 4986 1364 5060 βρούχου
1406 4984 1497 5037 καὶ
1531 4980 1749 5053 ἀκρίδος

179 5092 393 5162 ιμεολή.

242 5183 370 5239 Πᾶν
400 5182 722 5252 πρόσωπον
740 5178 821 5244 ὡς
848 5177 1206 5246 πρόσκαυμα
1241 5171 1478 5241 χύτρας.

245 5277 344 5330 ιθν.
391 5272 610 5344 Ἀληθὲς
642 5270 774 5341 γὰρ,
795 5270 880 5323 ὃτι
914 5266 1129 5339 δείμασι
1157 5282 1216 5318 τε
1265 5262 1361 5317 καὶ
1386 5261 1585 5323 λύπαις
1631 5260 1750 5322 ταῖς

183 5367 467 5441 ἀφορήτοις
487 5364 598 5419 ἐσθ’
622 5364 711 5418 ὅτε
730 5360 826 5416 καὶ
852 5360 887 5431 ἡ
913 5359 1021 5413 τῶν
1042 5354 1350 5430 προσώπων
1376 5352 1510 5424 ἄνθη
1554 5349 1751 5423 μαραί⁴

183 5474 344 5521 νεται,
377 5456 471 5511 καὶ
506 5447 968 5524 καταμελαίνεταί
1007 5465 1124 5512 πως
1171 5446 1252 5509 είς
1281 5444 1342 5498 τὸ
1384 5441 1617 5505 ἀκαλλὲς
1638 5443 1750 5505 τοῖς

185 5545 243 5599 ἐκ
260 5546 353 5601 νοῦ
381 5543 630 5616 θορύϐοις
661 5538 943 5613 μονονουχὶ
974 5533 1482 5609 μεταχρωννυμένη.

259 5748 355 5813 Ὠς
376 5743 641 5816 μαχηταί,
660 5736 1149 5816 Αδιαδραμᾳῦγτας,
1182 5734 1278 5816 καὶ
1315 5733 1394 5800 ὡς
1419 5730 1631 5800 ἄνδρες
1649 5746 1750 5785 πο-

189 5805 904 5885 λεμισὼΓὰᾶ-αόἥσονίταὶ
932 5806 1029 5861 ἐπὶ
1065 5807 1136 5861 τὰ
1161 5805 1349 5873 τείχη.

1918 4787 2083 4841 Vens.
2118 4784 2171 4841 6.
2208 4785 2251 4839 A
2285 4783 2418 4853 facie
2450 4783 2562 4853 ejus
2595 4790 2930 4836 conterentur
2953 4781 3151 4850 populi.

1921 4876 2102 4932 XVIII.
2140 4875 2235 4930 Est
2273 4874 2448 4939 enim,
2487 4883 2550 4929 ut
2593 4873 2738 4939 dixi,
2776 4872 3204 4942 ineXpugnabilis
3245 4881 3299 4928 et
3340 4874 3423 4927 in-

1849 4967 2168 5040 superabilis
2194 4967 2357 5038 216
2383 4965 2605 5022 omnino
2633 4964 2942 5020 hominibus
2970 4964 3161 5020 bruchi
3192 4975 3246 5020 et
3273 4964 3424 5021 locu-

1850 5069 1946 5117 stae
1972 5059 2220 5128 irruptio.

1923 5150 2108 5206 Omnis
2135 5148 2309 5205 vultus
2336 5148 2472 5203 sicut
2504 5147 2710 5201 adustio
2738 5144 2880 5200 ollw.

1921 5241 2064 5298 XIX.
2101 5241 2303 5297 Verum
2334 5249 2418 5296 est
2444 5241 2587 5296 enim
2620 5237 2916 5293 terroribus
2941 5245 2996 5292 et
3024 5236 3259 5294 tristitiis
3284 5237 3424 5294 into-

1850 5333 2164 5392 lerabilibus
2202 5332 2492 5400 aliquando
2530 5338 2586 5385 et
2624 5328 2811 5384 florem
2847 5328 3027 5385 vultus
3062 5343 3420 5397 marcescere,

1851 5436 1906 5482 et
1930 5422 2204 5496 denigrari
2229 5419 2629 5493 quodammodo
2655 5420 2724 5474 ad
2748 5420 3178 5487 deformitatem,
3203 5421 3309 5478 illis
3333 5431 3423 5476 tu-

1853 5518 2108 5577 multibus
2157 5522 2367 5571 tantum
2416 5527 2519 5568 non
2576 5511 2630 5568 in
2682 5511 2845 5567 alium
2892 5512 3129 5569 colorem
3177 5526 3423 5568 commu-

1854 5621 2045 5668 talum.

1923 5702 2089 5757 Vsus.
2118 5699 2173 5754 7.
2206 5696 2352 5752 Sicut
2389 5703 2702 5766 pugnatores
2734 5696 3049 5763 discurrent,
3078 5702 3128 5750 et
3159 5693 3293 5749 sicut
3325 5690 3424 5748 viri

1857 5794 2129 5850 bellatores
2163 5788 2441 5845 ascendeut
2476 5804 2630 5858 super
2661 5803 2857 5841 muros.
