4068 6542
614 390 720 446 559

1602 385 1659 439 S.
1700 382 1971 439 CYRILLI
2008 376 2476 441 ALEXANDRIM
2514 387 2835 443 ΑΒΟΙΠΗ).

3771 396 3887 450 ΞΜ)

687 503 807 561 XX.
846 500 1201 558 Incursabunt
1234 501 1377 557 enim
1416 501 1585 556 instar
1617 498 2182 567 bellicosissimorum,

2364 505 2447 557 K'.
2469 504 2928 577 Καταθέ[υ]σουσι
2954 504 3064 575 γὰρ
3084 506 3141 557 ἐν
3166 504 3263 574 ἴσῳ
3290 509 3401 569 τοῖς
3421 510 3843 579 μαχιμωτάτοις
3870 529 3881 537 ·

614 592 914 649 terroribus
943 602 999 647 et
1026 592 1240 662 pigritia
1271 591 1578 661 superiores
1601 630 1615 655 ,
1644 599 1700 645 et
1726 604 1887 657 super
1914 589 2025 659 ipsa
2055 604 2190 644 mce-

615 687 701 740 nia
749 699 807 741 se
850 685 1073 751 tollent,
1113 684 1267 754 quasi
1313 683 1574 737 audacem
1616 680 1969 738 irruotionem
2018 681 2189 735 medi-

615 788 809 832 tantes.

684 889 850 945 Vsus.
884 889 939 944 8.
973 887 1041 941 Et
1070 887 1426 958 unusquisque
1457 886 1513 939 in
1547 885 1629 939 uia
1661 900 1757 938 sua
1791 883 2112 948 ambulabit,
2142 890 2189 937 et

616 999 719 1036 non
744 981 1078 1036 declinabunt
1100 998 1132 1034 a
1155 978 1350 1033 semitis
1372 977 1503 1043 suis,
1525 988 1571 1031 et
1595 977 1949 1049 unusquisque
1971 992 2003 1028 a
2026 974 2190 1045 fratre

614 1090 708 1127 suo
742 1090 846 1128 non
879 1073 1103 1127 recedet.

685 1186 828 1243 XXI.
864 1187 1065 1243 Carent
1090 1185 1232 1242 enim
1258 1200 1387 1256 rege
1411 1184 1660 1252 locustae,
1686 1192 1741 1239 et
1765 1183 2055 1239 ordinatim
2085 1199 2190 1238 uno

616 1282 763 1338 velut
803 1284 958 1353 signo
998 1282 1123 1336 dato
1166 1279 1219 1333 in
1260 1279 1653 1349 expeditionem
1695 1285 1915 1333 exeunt.
1951 1277 2192 1331 Narrant

618 1384 794 1432 autem
825 1390 919 1431 eas
952 1373 1093 1429 serie
1120 1371 1381 1442 quadam,
1413 1379 1467 1426 et
1497 1370 1652 1440 quasi
1685 1384 1779 1438 per
1807 1369 1953 1423 acies
1980 1367 2187 1434 volare,

617 1467 945 1536 minimeque
969 1464 1201 1535 seiungi,
1226 1472 1283 1516 et
1307 1462 1387 1516 sic
1411 1462 1651 1517 vicissim
1676 1460 1913 1516 otliciose
1937 1458 2191 1529 prosequi

617 1570 674 1614 et
703 1556 994 1623 assectari,
1022 1573 1086 1613 ac
1115 1560 1159 1613 si
1189 1569 1405 1612 sorores
1432 1562 1643 1618 essent,
1677 1561 1921 1608 mutuum
1953 1565 2191 1606 amorem

619 1661 810 1708 natura
842 1651 947 1705 illis
976 1650 1339 1720 dispensante.

686 1764 969 1836 Aggrauati
1003 1764 1058 1816 in
1088 1762 1252 1816 armis
1282 1761 1393 1815 suis
1422 1760 1589 1814 ibunt.

690 1947 853 2003 XXII.
888 1950 1073 2011 Arma,
1098 1952 1155 1999 ut
1177 1944 1433 2007 arbitror,
1456 1940 1646 1996 dentes
1672 1937 1901 1994 fortasse
1926 1937 2190 2003 noritiuat,

619 2044 815 2115 quibus
844 2041 1039 2095 bellum
1070 2046 1283 2109 gerunt,
1314 2044 1371 2090 et
1393 2034 1545 2089 velut.
1575 2033 1629 2087 in
1661 2046 1837 2102 pugna
1865 2030 2034 2087 edunt
2063 2030 2193 2085 faci-

619 2150 781 2199 nora,
811 2140 1128 2201 consumpta
1166 2127 1367 2187 herba.
1400 2134 1581 2195 segete
1614 2130 1881 2194 prostrata
1911 2134 1966 2177 et
1998 2121 2197 2192 plantis

619 2226 892 2283 arefactis.

691 2341 756 2394 Et
788 2341 844 2394 in
864 2336 1064 2409 jaculis
1091 2336 1202 2390 suis
1230 2332 1440 2399 cadent,
1467 2342 1515 2385 et
1547 2347 1649 2384 non
1677 2338 2072 2383 consumentur.

687 2540 875 2598 XXIII.
927 2536 1175 2594 Locusta:
1210 2548 1312 2589 non
1357 2531 1571 2602 quidem
1614 2529 1840 2583 telorum
1885 2527 2194 2597 cuspidibus

617 2633 903 2688 vulnerant
934 2644 1074 2699 quos
1102 2631 1437 2698 oppugnant,
1462 2638 1563 2676 nec
1594 2634 1754 2674 arcus
1783 2620 2033 2673 alicunde
2064 2633 2194 2672 con-

622 2724 866 2780 tendunt.
896 2719 1005 2777 Sed
1034 2718 1162 2775 dum
1193 2727 1314 2788 apta
1346 2715 1463 2771 esui
1498 2713 1750 2784 perdunt,
1779 2711 1921 2766 fame
1947 2719 2001 2766 et
2029 2725 2196 2778 penu-

620 2817 718 2871 riae
753 2814 1051 2870 terroribus
1086 2809 1266 2880 aliquo
1305 2807 1464 2861 modo
1501 2804 1850 2861 interficiunt.
1890 2802 2000 2857 Nec
2038 2815 2195 2870 porro

621 2908 689 2964 ad
726 2906 885 2961 talem
923 2902 1283 2959 calamitatem
1328 2898 1563 2954 redactis
1599 2895 1878 2952 commoda
1920 2894 2035 2949 ruri
2075 2908 2195 2962 per-

621 3003 749 3057 iisse
792 3000 924 3055 satis
962 2996 1067 3051 erit
1099 3012 1115 3049 :
1151 2994 1367 3063 insuper
1410 2991 1461 3046 in
1503 2990 1645 3045 aedes
1685 2996 1740 3043 et
1782 2987 1945 3041 urbes
1988 2988 2196 3055 ingrcs-

620 3109 763 3161 sum,
788 3102 843 3147 et
869 3089 1128 3144 atrociter
1155 3086 1459 3141 turbantem
1490 3082 1818 3137 locustarum
1845 3077 2195 3135 sustinebunt

2291 594 2451 647 ὄκνου
2488 612 2549 647 τε
2579 596 2845 665 ’ἀμείνους
2900 597 3245 668 ὑπάρχουσαι
3307 600 3402 652 καὶ
3434 600 3729 669 δειμάτων,
3786 602 3890 653 καὶ

2290 682 2470 736 αὐτῶν
2504 683 2973 754 ὑπεραρθήσονται
3002 686 3112 739 τῶν
3144 686 3360 758 τειχῶν,
3392 688 3653 759 θρασεῖαν
3676 689 3887 760 ὥσπερ

2289 774 2411 827 τινὰ
2442 775 2743 844 μελετωσαι
2771 779 2871 847 τὴν
2898 776 3157 847 ὲμῦολήν.

2359 886 2469 943 Καὶ
2500 887 2756 955 ἕκαστος
2783 891 2853 943 ἐν
2874 889 2950 960 τῇ
2978 890 3095 957 ὀδῷ
3121 892 3309 947 αὐτοῦ
3342 894 3702 961 πορεύσεται
3738 934 3755 956 ,
3783 895 3889 945 καὶ

2292 981 2361 1034 οὐ
2390 980 2476 1050 μὴ
2508 981 2874 1036 ἐκκλίνωσιν
2907 983 3015 1050 τὰς
3067 985 3306 1053 τρίϐους
3346 984 3566 1051 αὐτῶν,
3602 987 3699 1039 καὶ
3738 986 3888 1039 ἑκα-

2290 1088 2435 1140 στος
2465 1073 2584 1129 ἀπὸ
2610 1074 2718 1130 τοῦ
2749 1076 3019 1147 ἀδελφοῦ
3048 1080 3161 1133 οὐκ
3191 1078 3497 1148 ἀφέξεται.

2360 1184 2492 1242 KA'.
2537 1186 2917 1243 Ἀὁασίλευτον
2943 1189 3054 1261 γὰρ
3078 1192 3112 1260 ἡ
3142 1191 3305 1263 ἀκρίς
3324 1210 3339 1227 ο
3373 1193 3737 1264 ὲκστρατεύει
3783 1193 3891 1264 μὲν

2290 1277 2400 1349 γὰρ
2438 1278 2497 1346 ἐξ
2531 1280 2650 1345 ἐνὸς
2686 1281 2968 1346 εὐτάκτως
2999 1281 3390 1353 κελεύσματος.
3426 1286 3565 1339 Φασὶ
3614 1286 3673 1340 δὲ
3703 1287 3890 1349 αὑτᾶς

2292 1371 2567 1441 στοιχηδὸν
2599 1372 2756 1437 ίὲναι,
2778 1373 2871 1426 καὶ
2896 1372 2970 1438 ὡς
2996 1374 3055 1427 ἐν
3081 1375 3233 1441 τάξει
3263 1375 3595 1441 διίπτασθαι,
3624 1382 3722 1433 καὶ
3752 1382 3891 1449 ᾕκιο

2293 1479 2390 1515 στα
2417 1464 2514 1533 μὲν
2561 1465 3044 1534 ἀπονοσφίζεσθαι,
3098 1467 3389 1538 περιέπειν
3427 1468 3486 1521 δὲ
3514 1469 3688 1533 οὕτως
3708 1470 3888 1539 ἀλλή-

2291 1553 2409 1620 λας,
2439 1555 2639 1609 ὡσανεὶ
2659 1557 2755 1611 καὶ
2773 1558 3021 1628 ἀδελφαὶ,
3047 1557 3266 1627 φύσεως
3297 1559 3470 1630 αὐτῆς
3498 1560 3890 1633 βραϐευοῦσης

2290 1644 2352 1699 τὸ
2374 1646 2713 1718 φιλάλληλον.

2362 1762 2919 1832 Κατασαρυνόμενοι
2941 1763 3013 1818 ἐν
3041 1764 3165 1829 τοῖς
3186 1764 3399 1832 ὅπλοις
3425 1765 3624 1821 αὐτῶν
3661 1769 3893 1835 πορεύ-

2219 1841 2264 1901 Β
2290 1864 2522 1907 σον-ται.

2368 1944 2493 1997 ΚΒ’.
2515 1944 2695 1998 Ὅπλα
2709 1945 2788 2007 δὲ,
2814 1943 2974 2016 οἶμαί
3005 1964 3132 2013 που,
3152 1948 3278 2011 τοὺς
3295 1948 3513 2012 ὀδόντας
3537 1950 3694 2020 φησὶ,
3713 1952 3789 2005 δι’
3814 1944 3894 2005 ὧν

2295 2034 2486 2099 αὐταῖς
2506 2036 2535 2088 ὁ
2559 2035 2819 2106 πόλεμος,
2838 2036 3020 2093 καὶτὰ
3045 2038 3121 2101 ὡς
3143 2040 3200 2092 ὲν
3226 2038 3427 2109 μάχαις
3453 2042 3890 2112 κατορθώματα,

2295 2123 2690 2196 δαπανωμένης
2721 2126 2819 2196 μὲν
2850 2127 3009 2192 πόας,
3038 2127 3191 2198 ληΐου
3222 2127 3278 2181 δὲ
3312 2128 3623 2195 πίπτοντος,
3652 2132 3750 2186 καὶ
3781 2151 3893 2203 φυ-

2294 2214 2403 2268 τῶν
2431 2215 2821 2286 ἀναινομένων.

2366 2325 2475 2380 Καὶ
2511 2327 2583 2381 ἐν
2604 2327 2730 2395 τοῖς
2752 2328 3007 2393 βέλεσιν
3034 2330 3232 2387 αὐτῶν
3276 2333 3624 2399 πεσοῦνται,
3662 2336 3769 2390 καὶ
3814 2339 3890 2391 οὐ

2290 2414 2378 2486 μὴ
2408 2418 2916 2476 συντελεσθῶσιν.

2370 2530 2499 2584 Kl".
2530 2529 2792 2585 Βάλλουσι
2825 2533 2924 2602 μὲν
2970 2534 3190 2604 ἀκρίδες
3234 2536 3296 2589 οὐ
3348 2535 3517 2606 βελῶν
3566 2538 3725 2590 ἀκίσι
3756 2556 3894 2601 τους

2297 2622 2755 2693 πολεμουμένους,
2793 2622 2909 2677 ἀλλ’
2959 2626 3081 2678 οὐδὲ
3128 2626 3283 2692 τόξον
3336 2629 3527 2692 αὐτοῖς
3582 2630 3895 2683 ἐντείνεταί

2297 2712 2484 2779 ποθεν,
2517 2713 2933 2769 κατακτείνουσι
2958 2714 3015 2769 δὲ
3045 2717 3235 2787 ῶσπερ
3268 2718 3377 2772 τῶν
3412 2719 3695 2791 ἐδωδίμων
3718 2738 3895 2775 κατα-

2298 2802 2547 2873 φθοραῖς,
2576 2804 2804 2868 καὶτοῖς
2830 2804 3028 2877 λιμοῖς,
3060 2808 3157 2861 καλ⁹
3200 2808 3408 2872 ἐνδείας
3440 2809 3721 2881 δείμασιν.
3765 2812 3893 2865 Ὅτι

2295 2890 2354 2945 δὲ
2384 2892 2480 2947 καὶ
2526 2894 2710 2960 αὐτοῖς
2748 2898 2867 2959 τοῖς
2914 2898 3019 2950 ὑπὸ
3069 2899 3281 2953 τοιάνδε
3310 2902 3537 2955 πεσοῦσι
3591 2906 3895 2974 συμφορὰν

2297 2983 2397 3037 οὐκ
2428 2982 2493 3040 ἂν
2521 2984 2835 3056 ἐξαρκέσειε
2861 2986 2922 3040 τὸ
2952 2987 3245 3044 ἀπολέσθαι
3289 2991 3355 3045 τὰ
3400 2993 3459 3046 ἐν
3487 2994 3715 3064 ἀγροῖς,
3755 2996 3896 3050 ἀλλὰ

2296 3076 2406 3149 γὰρ
2448 3079 2543 3131 καὶ
2568 3079 2741 3143 οἴκοις
2784 3082 2965 3145 αὐτοῖς
2994 3082 3088 3135 καὶ
3134 3083 3357 3138 πόλεσιν
3397 3087 3892 3157 είσπεφοιτηκότει,

621 3184 941 3240 exercitum.
967 3181 1074 3234 Aut
1095 3177 1254 3233 etiam
1284 3176 1458 3245 ipsum
1480 3174 1762 3244 Assyrium
1788 3170 1873 3227 bis
1897 3168 2075 3225 verbis
2102 3168 2194 3221 de-

2305 3172 2393 3221 καὶ
2423 3170 2861 3241 παρενοχλοῦντα
2876 3162 3082 3239 δεινῶς,
3100 3174 3191 3227 τὸν
3222 3176 3286 3229 ὲκ
3310 3175 3419 3228 τῶν
3441 3177 3684 3247 ἀκρίδων
3705 3177 3894 3241 ἕξουσι

621 3282 908 3340 monstrat,
936 3290 954 3323 ι
982 3270 1050 3325 Et
1071 3284 1175 3325 non
1200 3276 1539 3323 consument.
1569 3284 1587 3317 ι
1616 3264 1848 3319 Perinde
1868 3275 1933 3317 ac
1958 3261 2003 3316 si
2029 3259 2197 3322 dicat,

619 3382 720 3424 nec
745 3368 850 3423 iste
877 3363 1000 3420 linis
1021 3361 1125 3418 erit
1152 3360 1266 3427 irae,
1293 3360 1434 3416 ultra
1460 3358 1603 3414 enim
1631 3354 1911 3427 procedet.
1942 3350 2198 3422 Sequitur

620 3474 851 3530 namque
881 3479 897 3516 :

689 3659 851 3712 Vsus.
884 3654 939 3723 9,
974 3654 1060 3711 10.
1090 3651 1283 3709 Urbem
1313 3646 1697 3720 appreltendent
1717 3684 1732 3708 ,
1764 3652 1811 3697 et
1844 3657 1996 3712 super
2021 3658 2197 3693 muros

620 3751 946 3809 discurrerit,
982 3760 1140 3812 super
1170 3744 1353 3797 dantes
1391 3739 1701 3799 ascendent,
1739 3743 1788 3787 et
1823 3748 1913 3802 per
1945 3730 2198 3799 fenestras

620 3841 889 3896 intrabunt
928 3837 1060 3890 sicut
1100 3834 1263 3903 fures.
1301 3832 1437 3885 Ante
1476 3830 1665 3900 facient
1701 3826 1812 3895 ejus
1852 3823 2200 3893 confundetur

620 3944 759 3988 terra
775 3974 791 3996 ,
814 3940 863 3985 et
887 3927 1291 3984 commovebitur
1308 3923 1525 3989 caelum;
1549 3922 1627 3977 sol
1647 3930 1692 3975 et
1717 3920 1841 3972 luna
1861 3915 2199 3973 contenebra-

621 4025 834 4086 buntur,
862 4033 908 4076 et
937 4020 1105 4075 stella
1135 4019 1332 4071 mittent
1363 4017 1418 4070 in
1449 4029 1691 4068 occasum
1722 4012 1896 4065 lumen
1924 4025 2098 4064 suum.

690 4218 850 4289 217
885 4214 1075 4270 XXIV.
1112 4214 1280 4270 Audis
1317 4211 1689 4276 devolaturas,
1723 4216 1778 4264 et
1820 4222 1980 4277 super
2015 4220 2199 4260 muros

622 4312 769 4381 ipsos
801 4310 970 4373 urbis,
1001 4317 1057 4362 et
1085 4317 1141 4360 ut
1170 4305 1390 4361 herbam
1421 4303 1844 4372 deprzedaturas,
1875 4300 2018 4353 sicut
2046 4312 2198 4365 gras-

622 4413 829 4456 satores
851 4398 1190 4454 vestimentis
1213 4398 1449 4451 viatores
1475 4395 1699 4450 nudant.
1728 4392 1792 4446 Et
1819 4406 1913 4461 per
1935 4392 2200 4444 fenestras

622 4495 849 4556 irruent,
875 4501 929 4547 et
956 4490 1177 4560 populos
1206 4488 1624 4549 conturbabunt,
1650 4494 1855 4540 tantum
1884 4498 1988 4539 non
2015 4482 2196 4537 omnia
2230 4527 2274 4585 Β

622 4584 931 4645 miscentes,
959 4588 1017 4633 ut
1041 4580 1149 4647 iam
1178 4587 1231 4631 et
1261 4578 1433 4646 ipsum
1460 4576 1656 4631 ctelum
1683 4573 1894 4629 concuti
1924 4573 2195 4635 videatur,

621 4685 678 4729 et
700 4673 779 4728 sol
796 4713 811 4738 ,
837 4687 898 4726 ac
920 4672 1074 4733 luna,
1101 4680 1262 4738 atque
1282 4668 1444 4722 etiam
1473 4666 1640 4722 stella:
1664 4681 1819 4721 suum
1844 4665 2020 4719 lumen
2046 4663 2198 4733 quasi

623 4766 887 4821 inhibere.
915 4763 975 4817 In
1005 4762 1088 4816 bis
1118 4776 1279 4829 porro
1307 4774 1521 4813 rursum
1548 4757 1723 4812 oratio
1748 4758 1891 4828 quod
1920 4756 2043 4812 addi
2076 4769 2202 4825 pos-

623 4859 715 4920 sit,
748 4855 885 4910 nihil
919 4854 1196 4922 relinquit,
1231 4861 1286 4907 et
1322 4861 1481 4907 terra:
1512 4850 1907 4906 habitatoribus
1941 4848 2201 4904 intolera-

622 4948 784 5004 bilem
814 4961 880 5001 ac
904 4945 1151 5001 dolorum
1185 4942 1437 4997 refertam
1466 4940 1829 4996 calamitatem
1860 4950 1983 4994 ante
2013 4938 2200 4994 oculos

624 5039 795 5110 ponit.
826 5037 922 5092 Est
955 5046 1133 5090 autem
1167 5049 1314 5097 vera,
1350 5033 1596 5101 quamvis
1632 5033 1701 5087 de
1735 5033 2010 5086 hominum
2044 5046 2204 5086 exer-

623 5131 732 5185 citu
770 5127 1087 5197 accipiatur,
1121 5141 1243 5180 cum
1281 5124 1533 5193 regiones
1563 5133 1618 5178 et
1651 5123 1814 5178 urbes
1847 5123 2195 5177 incursariut.

623 5219 801 5275 Iustar
825 5218 1154 5273 locustarum
1183 5216 1327 5269 enim
1357 5213 1541 5268 omnia
1572 5212 1903 5282 operientes,
1933 5212 2080 5281 agris
2106 5212 2202 5266 de-

624 5310 928 5367 trimentosi
950 5319 1096 5374 sunt,
1117 5308 1365 5362 civitates
1381 5314 1597 5370 vexant,
1619 5319 1802 5359 muros
1825 5304 2198 5368 ascendentes,

623 5410 679 5456 et
711 5402 764 5455 in
800 5400 989 5456 domos
1028 5399 1341 5454 invadentes
1362 5436 1379 5464 ,
1421 5394 1743 5466 feritateque
1778 5409 1902 5451 cum
1945 5394 2200 5451 horrifico

628 5500 788 5547 terra:
813 5500 960 5545 motu
988 5500 1132 5545 certa
1141 5499 1279 5544 11188.

697 5686 862 5743 Vsus.
905 5686 991 5740 li.
1036 5684 1103 5737 Et
1146 5683 1398 5737 Dominus
1443 5682 1589 5735 dabit
1633 5697 1806 5735 vocent
1848 5692 1969 5736 ante
2010 5682 2199 5752 faciem

633 5778 958 5839 fortitudinis
987 5790 1130 5839 sure;
1156 5775 1281 5837 quia
1312 5774 1477 5829 multa
1510 5782 1632 5829 sunt
1668 5774 1822 5830 nimis
1855 5783 2030 5829 castra
2062 5775 2198 5844 ejus,

2302 3261 2549 3329 στρατόν.
2581 3263 2787 3330 ’Ἢγουν
2821 3263 2915 3316 καὶ
2960 3264 3122 3317 αὑτὸν
3167 3266 3259 3318 τὸν
3298 3266 3583 3338 ⁹Δσσὺριον
3630 3269 3895 3339 παρέδει-

2305 3350 2418 3418 ξεν,
2457 3352 2628 3405 είπών
2654 3370 2667 3382 ·
2712 3353 2854 3406 (Καὶ
2885 3355 2946 3407 οὐ
2982 3356 3056 3426 μὴ
3089 3357 3531 3415 συντελέσωσινδ
3564 3360 3897 3431 Ὀμοιονὼς

2300 3444 2348 3495 εἰ
2383 3442 2553 3510 λέγοι.
2588 3441 2693 3496 Καὶ
2724 3444 2880 3497 τοῦτο
2918 3447 3016 3499 οὐκ
3043 3445 3196 3500 ἔσται
3248 3448 3310 3503 τὸ
3339 3449 3439 3520 τῆς
3481 3451 3651 3522 ὀργῆς
3683 3452 3893 3524 πέρας,

2300 3533 2555 3604 παρέλθοι
2575 3534 2634 3588 δὲ
2672 3536 2763 3589 καὶ
2792 3536 3067 3590 ὲπέκειναυ
3092 3539 3225 3609 φησὶ
3249 3541 3378 3612 γάρ·

2376 3647 2494 3715 Τῆς
2529 3648 2761 3714 πόλεως
2791 3647 3217 3717 ἐπιλήψονται,
3237 3652 3335 3705 καὶ
3364 3652 3466 3706 ἐπὶ
3494 3653 3614 3709 τῶν
3636 3657 3898 3725 τειχέων

2300 3738 2686 3809 δραμοῦνται,
2719 3740 2819 3795 καὶ
2857 3741 2954 3794 ἐπὶ
2980 3742 3087 3809 τὰς
3107 3742 3297 3810 οἰκίας
3328 3744 3772 3815 ἀναϐήσονται,
3796 3749 3898 3803 καὶ

2301 3831 2397 3884 διὰ
2449 3831 2705 3900 θυρίδων
2765 3834 3217 3888 εἰσελεύσονται
3288 3836 3368 3904 ὠς
3432 3839 3709 3894 κλέπται.
3769 3842 3897 3909 Πρὸ

2300 3922 2626 3991 προσώπου
2648 3923 2833 3978 αὑτοῦ
2854 3926 3307 3996 συγχυθήσεται
3334 3930 3372 3999 ἡ
3394 3930 3492 4001 γῆ,
3521 3932 3619 3987 καὶ
3638 3935 3899 4002 σεισθῆ-

2300 4028 2467 4065 σεται
2496 4014 2531 4066 ό
2563 4014 2838 4082 οὐρανός.
2895 4015 2957 4069 '0
2988 4015 3160 4084 ἣλιος
3186 4018 3286 4072 καὶ
3314 4020 3352 4087 ἠ
3394 4021 3623 4091 σελήνη
3648 4040 3899 4080 συσκο-

2299 4101 2580 4168 τάσουσι,
2597 4104 2696 4159 καὶ
2725 4106 2796 4160 τὰ
2818 4106 3009 4177 ἄστρα
3039 4107 3298 4164 δύσουσι
3325 4112 3391 4165 τὸ
3417 4106 3635 4183 φέγγος
3651 4114 3895 4172 αὐτῶν.

2374 4217 2499 4271 KA'.
2550 4217 2794 4282 Ἀκούεις
2822 4219 2902 4273 ὅτι
2950 4223 3391 4293 καταπτήσονται
3445 4227 3542 4297 μὲν
3578 4227 3669 4281 καὶ
3694 4230 3899 4284 αὐτῶν

2300 4308 2408 4362 τῶν
2433 4309 2650 4379 τειχῶν,
2679 4310 2773 4363 καὶ
2800 4304 2913 4365 οἷον
2938 4311 3108 4382 αὐτὴν
3137 4314 3502 4388 καταδῃοῦσαι
3520 4318 3617 4387 τὴν
3637 4320 3817 4384 πόαν,
3839 4326 3899 4376 ἐν

2303 4401 2404 4471 ίσῳ
2435 4403 2549 4464 τοῖς
2580 4401 2797 4455 εἰωθόσι
2836 4401 3186 4470 λωποδυτεῖν,
3221 4410 3316 4460 καὶ
3336 4405 3427 4462 διὰ
3448 4407 3673 4479 θυρίδων
3704 4413 3899 4482 ἐμϐα-

2301 4490 2472 4554 λοῦσι,
2512 4490 2715 4562 δήμους
2743 4492 3088 4562 συγχέουσαι,
3125 4494 3219 4547 καὶ
3255 4499 3536 4568 μονονουχὶ
3570 4500 3900 4556 5mme-

2305 4596 2393 4636 σαι
2413 4580 2473 4634 τὸ
2502 4583 2631 4646 πᾶν,
2657 4582 2732 4646 ὼς
2753 4584 2852 4654 ἤδη
2888 4584 3063 4643 δοκεῖν
3103 4586 3195 4638 καὶ
3229 4587 3391 4641 αὐτὸν
3431 4589 3753 4660 δεδονῆσθαι
3805 4594 3897 4647 τὸν

2303 4673 2572 4745 οὐρανὸν,
2626 4673 2777 4743 ἥλιον
2817 4674 2872 4727 δὲ
2925 4675 3021 4728 καὶ
3082 4675 3351 4747 σελήνην,
3409 4681 3502 4733 καὶ
3554 4681 3750 4753 μέντοι
3800 4688 3898 4739 καὶ

2299 4765 2474 4833 ἄστρα
2496 4765 2555 4817 τὸ
2593 4768 2791 4819 οἰκεῖον
2828 4765 3016 4838 ὥσπερ
3066 4769 3334 4838 ἀνακόψαι
3376 4770 3553 4835 σέλας.
3592 4773 3804 4842 Γέγονε
3840 4778 3897 4830 δὲ

2301 4853 2465 4907 πάλιν
2498 4854 2557 4908 ἐν
2587 4854 2941 4926 τούτοιςήμῖν
2972 4857 3331 4927 ὑπερϐολικὺς
3350 4861 3378 4913 ὁ
3397 4859 3572 4929 λόγος,
3596 4861 3896 4919 δύσοιστόν

2298 4960 2358 4995 τε
2405 4943 2500 4996 καὶ
2527 4943 2802 5016 πολυαλγῆ
2833 4948 2946 5009 τοῖς
2973 4945 3070 5017 τὴν
3095 4947 3198 5017 γῆν
3225 4948 3442 5005 οἰκοῦσι
3464 4951 3560 5020 τὴν
3588 4957 3896 5024 συμφορὰν

2300 5031 2633 5100 ἀποφαίνων.
2674 5034 2935 5107 Ἀτρεκὴς
2958 5035 3014 5089 δὲ
3030 5037 3059 5088 ὁ
3073 5035 3252 5105 λόγος,
3274 5039 3379 5094 κᾶν
3398 5044 3445 5095 εί
3471 5043 3554 5095 ἐπ’
3571 5044 3896 5117 ἀνθρώπων

2302 5123 2583 5190 στρατιαῖς
2611 5124 2785 5174 νοοῖτο
2822 5123 3003 5190 πάλιν,
3064 5126 3113 5179 ει
3164 5128 3418 5182 καταθεῖν
3462 5131 3664 5186 ἕλοιντο
3693 5135 3897 5207 χώραν

2300 5227 2359 5263 τε
2389 5213 2484 5265 καὶ
2534 5213 2740 5277 πόλεις.
2783 5215 2870 5268 Ἐν
2902 5217 3001 5287 ῐσῳ
3044 5216 3151 5289 γὰρ
3180 5221 3301 5283 ταῖς
3348 5222 3535 5292 ἀκρίσι
3573 5224 3643 5277 τὰ
3699 5228 3897 5281 πάντα

2301 5304 2715 5375 περιχεάμενοι,
2766 5304 3206 5378 διαλυμαίνονται
3253 5310 3352 5381 μὲν
3417 5314 3654 5385 ἀγροὺς,
3712 5334 3898 5372 κατα-

2302 5391 2544 5446 θλίϐουσι
2579 5393 2635 5446 δὲ
2671 5394 2765 5447 καὶ
2795 5395 3001 5461 πόλεις,
3030 5397 3227 5468 τειχῶν
3289 5401 3747 5474 ὑπεραιρόμενοι,
3797 5409 3895 5460 καὶ

2300 5483 2472 5548 οἴκοις
2529 5485 2711 5549 αὐτοῖς
2764 5488 3160 5555 ὲπεισθέοντες,
3209 5491 3306 5543 καὶ
3352 5496 3471 5557 ταῖς
3513 5496 3618 5547 ἀπὸ
3651 5498 3893 5569 σεισμοῦ

2300 5573 2516 5643 δείμασι
2538 5574 2968 5642 φιλονεικοῦντες
2995 5579 3075 5640 εἰς
3100 5579 3418 5650 ἀγριότητα.
3879 5580 3884 5583 ’

2373 5688 2481 5742 Καὶ
2521 5691 2553 5741 ὀ
2605 5690 2819 5758 Κύριος
2850 5690 3029 5745 δώσει
3068 5692 3278 5761 φωνὴν
3327 5695 3515 5750 αὐτοῦ
3538 5697 3654 5765 πρὸ
3692 5715 3893 5768 προσο

2302 5778 2467 5831 ώπου
2490 5778 2798 5849 δυνάμεως
2818 5783 3025 5838 αὑτοῦ·
3053 5783 3139 5836 ὅτι
3166 5784 3370 5851 πολλή
3409 5786 3538 5842 ἐστι
3572 5791 3821 5861 σφόδρα
3847 5793 3889 5861 ἠ
