4068 6542
184 398 289 454 36!

1082 388 1638 448 COMMENTAMUS
1675 388 1742 444 IN
1781 388 2047 447 JOELEI
2083 387 2525 445 PﬁOPHETAM.

3352 398 3457 454 562

186 513 546 587 παρεμϐολὴ
567 511 779 577 αὐτοῦ,
817 511 905 565 ὅτι
938 510 1164 581 ισχυρὰ
1188 510 1333 582 ἔργα
1358 511 1556 579 λόγων
1572 509 1777 565 αὐτοῦ·

1896 508 2129 578 ιιιοηὶαηι
2168 508 2330 578 fortia
2367 523 2525 576 opera
2568 522 2862 562 sermonum
2902 508 3066 576 illius,
3102 512 3230 580 quia
3268 529 3460 586 magna

180 608 343 662 διότι
377 604 611 677 μεγάλη
658 604 702 674 ἠ
731 601 922 673 ἡμέρα
947 602 1169 671 Κυρίου
1189 643 1204 669 ,
1231 600 1488 673 μεγάλη,
1517 602 1617 656 καὶ
1662 601 1785 656 ἐπι-

185 698 398 768 φανὴς
420 696 680 767 σφόδρα

264 789 399 843 KE’.
434 789 615 858 Ἔφην
649 786 750 858 ήδη
779 783 1013 855 φθάσας,
1066 783 1147 838 ὅτι
1176 783 1379 849 σκοπὸς
1404 782 1483 857 τῷ
1532 784 1787 857 προφήτῃ

184 880 377 951 δεινὴν
409 880 504 935 καὶ
544 878 998 948 δυσδιακόμιστον
1027 877 1303 947 ἀποφῆναι
1330 877 1433 948 τὴν
1481 876 1787 947 συμφορὰν,

191 973 287 1024 ινα
325 971 392 1043 δὴ
425 972 792 1041 μεταχωροίεν
824 968 917 1022 ἐπὶ
945 967 1008 1020 τὸ
1039 966 1248 1021 ἐθέλειν
1277 966 1346 1019 τὰ
1372 966 1583 1037 ἀμείνω
1602 983 1660 1019 τε
1683 965 1787 1037 ήδη

186 1062 465 1133 δρᾷν,καὶ
495 1060 601 1132 μὴν
623 1061 717 1115 καὶ
743 1058 1091 1130 βουλεύεσθαι
1119 1057 1644 1129 σωφρονέστερον,οἱ
1664 1060 1788 1120 ταῖς

190 1154 279 1215 εἰς
308 1151 622 1222 φαυλότητα
642 1150 1022 1220 παρατροπαὴ
1054 1147 1420 1218 λελυπηκότες
1440 1147 1532 1201 τὸν
1564 1148 1788 1218 νομοθέ-

184 1260 322 1313 την.
354 1239 478 1296 Οῐδε
504 1242 636 1312 γὰρ,
672 1235 837 1309 οἷδεή
875 1239 984 1292 τῶν
1016 1239 1351 1309 ἀλγημάτων
1382 1238 1657 1311 ὑπερϐολὴ
1693 1256 1789 1312 με-

192 1330 529 1400 τακομίζειν
560 1328 798 1390 εὐκόλως
827 1325 979 1389 τινάς
1027 1326 1104 1390 ὡς
1149 1325 1207 1393 ἐξ
1237 1326 1482 1396 ἀνάγκης
1520 1325 1612 1380 ἐπί
1641 1342 1704 1394 γε
1729 1325 1791 1378 τὸ

196 1421 422 1475 ἑλέσθαι
443 1420 575 1491 δρᾷν
596 1419 665 1473 τὰ
687 1418 986 1474 άνδάνοντα
1030 1415 1216 1471 λοιπὸν
1249 1416 1326 1487 τῷ
1352 1415 1545 1482 σώζειν
1576 1416 1788 1471 εἰωθότι

196 1514 299 1566 καὶ
323 1512 687 1566 ἀπαλλάττειν
713 1508 974 1581 ἰσχύοντι.
1032 1528 1050 1560 ‹
1074 1506 1245 1560 Adio-et
1273 1507 1338 1579 δὴ
1388 1504 1480 1563 οῦν
1524 1510 1553 1561 ὁ
1584 1507 1790 1579 Κύριος

194 1603 303 1673 τὴν
332 1601 518 1671 φωνὴν
548 1599 713 1654 αὑτοῦ
741 1598 849 1670 πρὸ
878 1594 1171 1668 προσώπου
1213 1597 1498 1668 δυνάμεως
1521 1597 1689 1654 αὑτοῦ
1711 1638 1725 1662 ,
1764 1616 1784 1649 ι

198 1694 497 1765 μονονουχὶ
569 1690 893 1765 στρατηγῶν
924 1731 939 1756 ,
994 1690 1089 1744 καὶ
1149 1690 1491 1762 παραθήγων
1552 1690 1628 1755 ὡς,
1702 1691 1789 1745 ἐπ’

195 1785 452 1857 ἐχθρούς.
482 1783 696 1855 Πρέποι
721 1784 830 1857 γὰρ
856 1784 922 1838 ἂν
955 1785 1053 1855 οὐχ
1078 1783 1250 1856 ἑτέρῳ
1278 1800 1356 1855 τῳ
1396 1784 1619 1856 μᾶλλον,
1651 1783 1790 1852 πλὴν

1888 603 1998 657 dies
2027 601 2259 656 Dontini.
2282 610 2330 656 et
2362 600 2581 655 illustris
2608 600 2775 655 valde.

1963 775 2127 833 XXV.
2172 776 2288 831 Dixi
2316 776 2426 846 jam
2459 776 2733 846 propheta:
2761 778 3045 835 consilium
3076 796 3196 838 esse
3226 793 3464 842 atrocem

1887 878 1941 925 et
1971 869 2363 924 intolerandam
2388 868 2757 932 calamitatem
2782 871 3095 939 ostendere;
3125 882 3183 927 ut
3214 876 3465 932 nimirum

1891 962 2025 1018 bene
2057 976 2217 1031 agere
2244 960 2382 1016 velle
2413 960 2696 1029 incipiant,
2719 962 3107 1033 etprudentius
3137 965 3235 1020 sibi
3270 982 3467 1023 consu-

1889 1053 2001 1108 lant
2044 1053 2135 1122 qui
2175 1052 2241 1107 ad
2281 1052 2681 1120 improbitatem
2727 1054 2944 1121 detorti,
2984 1053 3346 1125 legislatorem
3386 1058 3470 1114 of-

1893 1143 2199 1199 fenderunt.
2254 1141 2402 1197 Solet
2449 1143 2627 1207 enim,
2679 1142 2815 1197 solet
2865 1142 3107 1198 dolorum
3156 1147 3471 1215 magnitudo

1894 1234 2051 1289 facile
2069 1233 2375 1301 nonnullos,
2400 1240 2453 1287 et
2475 1232 2621 1288 velut
2646 1233 2969 1288 necessitate
2994 1237 3247 1305 quadam,
3269 1250 3334 1291 eo
3351 1253 3474 1307 per.

1891 1327 2117 1390 vehere,
2156 1334 2213 1379 ut
2246 1325 2310 1380 de
2348 1333 2545 1379 caetero
2582 1323 2800 1394 cupiant
2836 1312 3016 1380 facere
3052 1326 3127 1381 illi
3183 1337 3332 1397 grata
3378 1328 3470 1398 qui

1891 1420 2102 1474 salvare
2127 1417 2432 1481 consuevit,
2456 1426 2511 1471 et
2537 1416 2768 1472 liberare
2793 1432 2820 1470 a
2851 1416 3006 1472 malis
3033 1430 3227 1487 potest.
3261 1438 3280 1470 ι
3314 1418 3474 1474 Dabit

1892 1512 2059 1579 igitur
2081 1510 2340 1564 Dominus
2362 1523 2546 1563 vacem
2570 1515 2694 1562 ante
2716 1507 2909 1564 faciem
2934 1506 3268 1565 fortitudinis
3291 1526 3423 1578 suae,
3448 1532 3468 1565 ι

1892 1613 2100 1656 tantum
2144 1616 2249 1656 non
2294 1602 2407 1670 ipse
2444 1602 2551 1654 dux
2588 1602 2859 1655 exercitus
2898 1614 3130 1669 eumque
3168 1600 3222 1655 in
3264 1601 3472 1658 hostem

1893 1708 2115 1749 acuens.
2153 1690 2270 1746 Non
2313 1693 2454 1746 enim
2498 1691 2620 1745 aliis
2676 1693 2855 1761 potius
2900 1710 3061 1763 quam
3108 1703 3473 1765 propugnato-

1898 1784 2047 1839 ribus
2094 1788 2150 1836 et
2188 1782 2414 1835 aliorum
2455 1780 2682 1836 ducibus
2720 1781 2918 1838 milites
2951 1785 3017 1838 ad
3054 1798 3286 1852 pugnam
3323 1784 3475 1839 exci-

193 1877 285 1930 δτι
320 1879 433 1939 τοῖς
464 1874 883 1948 προασπίζουσι,
926 1874 1019 1927 καὶ
1070 1873 1179 1927 τῶν
1209 1874 1383 1928 ἄλλων
1414 1873 1792 1945 προτεταγμέ-

1896 1885 2032 1940 tare,
2063 1882 2117 1928 et
2150 1884 2328 1929 castra
2361 1890 2455 1930 sua
2491 1876 2690 1930 ducere
2723 1876 2992 1931 convenit.
3030 1876 3348 1931 Subiudicat
3381 1891 3477 1945 per

193 1983 315 2030 νοις
342 1966 405 2019 τὸ
432 1963 725 2036 διεγείρειν
752 1964 812 2017 τὸ
837 1964 1099 2033 μάχιμον,
1153 1964 1249 2019 καὶ
1292 1963 1499 2018 οἰκείαν
1540 1963 1791 2035 ήγεῖσθαι

193 2056 301 2126 τὴν
329 2054 711 2126 παρεμϐολήν.
757 2054 1124 2125 Ύπεμφαίνει
1147 2054 1204 2107 δὲ
1230 2053 1321 2107 διὰ
1339 2053 1565 2121 τούτων,
1597 2054 1680 2108 ὅτι
1715 2054 1791 2126 μὴ

194 2146 515 2216 αὐτόματον
550 2142 665 2215 ἔχει
696 2143 795 2215 τὴν
824 2143 1012 2212 ἔφοδον
1060 2142 1132 2196 τὰ
1179 2143 1349 2207 δεινὰ,
1406 2144 1543 2214 μήτε
1587 2144 1694 2215 μὴν
1726 2147 1790 2197 ἐκ

193 2238 298 2291 τοῦ
330 2236 741 2308 παρατυχόντος
774 2234 1123 2305 συμὸέϐηκεν
1154 2234 1367 2299 ἁπλῶς,
1402 2234 1518 2288 ἀλλ’
1537 2235 1619 2289 ὅτι
1656 2235 1791 2307 μᾶλ-

193 2332 297 2383 λον
325 2330 478 2399 παρὰ
505 2327 643 2382 Θεοῦ
680 2328 1061 2398 ὲπενήνεκται,
1107 2328 1482 2399 λελυπημένου
1508 2328 1754 2399 δηλονότι
1773 2367 1790 2393 ,

196 2422 302 2475 καὶ
330 2419 496 2482 ὁσίως
527 2418 629 2489 ήδη
662 2416 1004 2483 κολάζοντος.
1030 2419 1345 2473 Καταπτοεί
1373 2418 1429 2471 δὲ
1459 2418 1660 2489 μᾶλλον
1690 2419 1789 2472 αὺ-

194 2518 353 2580 τοὺς,
394 2514 659 2585 πλείστην
687 2531 746 2567 τε
772 2514 905 2586 ὅσην
934 2511 1073 2568 εἶναι
1094 2514 1269 2583 λέγων
1290 2515 1390 2586 τὴν
1414 2514 1789 2587 παρεμϐολὴν,

196 2606 300 2659 καὶ
326 2607 409 2659 ὅτι
463 2605 662 2675 ἰσχυρὰ
708 2604 850 2676 ἔργα
879 2603 1052 2673 λόγων
1109 2605 1297 2659 αὐτοῦ.
1348 2605 1650 2677 Ἀμήχανον
1682 2605 1791 2676 γὰρ

199 2694 292 2763 μὴ
335 2694 556 2757 πάντως
606 2695 687 2757 είς
735 2693 911 2764 πέρας
963 2693 1176 2755 ἐλθεῖν,
1232 2693 1370 2764 ὅπερ
1421 2693 1487 2747 ἂν
1536 2694 1792 2762 γενέσθαι

197 2786 521 2856 προστάττῃ
546 2784 699 2847 Θεός.
730 2784 847 2838 Kal
874 2783 1006 2851 γοῦν
1039 2783 1142 2854 ἔφη
1175 2784 1313 2855 πρός
1334 2802 1459 2837 τινα
1492 2783 1599 2838 τῶν
1620 2786 1791 2855 ἁγίων

198 2876 531 2947 προφητῶν,
575 2875 846 2948 Ἱερεμίας
871 2869 1025 2938 οὗτος
1073 2870 1161 2946 ἦν’
1214 2894 1231 2926 ι
1270 2875 1383 2946 Οὐχ
1424 2876 1474 2929 οί
1511 2874 1658 2945 λόγοι
1687 2894 1791 2947 μου

194 2968 397 3038 ὥσπερ
451 2967 565 3039 πῦρ
617 2966 839 3036 φλέγον,
883 2964 1034 3033 λέγει
1086 2963 1315 3035 Κύριος,
1369 2965 1464 3018 καὶ
1522 2964 1596 3028 ὡς
1623 2964 1793 3031 πέλυξ

198 3059 431 3111 κόπτων
460 3058 708 3127 πέτραν;
749 3075 769 3108 ι
805 3058 1101 3109 Διῖκνείται
1130 3056 1239 3125 γὰρ
1273 3054 1467 3127 ὥσπερ
1501 3056 1793 3119 διαπαντὸς

1895 1968 2039 2032 haec,
2068 1982 2176 2022 non
2207 1981 2303 2034 per
2327 1981 2387 2021 se
2415 1968 2674 2021 advenire
2703 1967 2872 2034 mala,
2905 1982 3005 2023 nec
3033 1974 3238 2022 temere
3269 1983 3332 2022 ac
3362 1967 3476 2022 for—

1895 2058 2028 2112 tuito
2065 2058 2337 2120 accidere;
2380 2057 2471 2111 sed
2512 2072 2543 2110 a
2580 2056 2693 2113 Deo
2728 2058 3066 2123 potissimum
3109 2058 3309 2131 indigi,
3350 2060 3478 2115 laeso

1892 2147 2161 2211 videlicet,
2186 2154 2240 2202 et
2256 2148 2401 2216 jnste
2427 2162 2613 2217 plenas
2637 2158 2975 2216 reposcente.
2998 2149 3274 2205 Perterret
3295 2162 3476 2205 autem

1891 2252 1986 2294 eos
2013 2238 2211 2307 magis,
2246 2239 2409 2291 nimis
2440 2241 2600 2291 multa
2631 2249 2813 2293 castra
2838 2253 2960 2294 esse
2987 2239 3202 2306 dicens,
3231 2250 3287 2295 et
3318 2239 3475 2297 fortia

1892 2343 2058 2399 opera
2091 2344 2401 2383 sermonum
2435 2328 2571 2397 ejus.
2607 2328 2750 2384 Fieri
2786 2329 3054 2397 siquidem
3112 2329 3255 2386 haud
3302 2341 3480 2401 potest

1894 2432 1955 2476 ut
1991 2437 2095 2475 non
2128 2419 2345 2490 penitus
2379 2419 2541 2473 linem
2574 2429 2947 2488 consequatur
3000 2421 3142 2489 quod
3180 2422 3324 2476 Deus
3360 2424 3478 2478 lleri

1894 2514 2248 2568 mandaverit.
2274 2513 2461 2583 Itaque
2486 2513 2704 2583 quidam
2732 2525 3041 2569 sanctorum
3070 2515 3474 2584 prophetarum,

1891 2602 2190 2672 Jeremias,
2230 2606 2482 2677 inquam,
2515 2606 2592 2659 ait
2630 2623 2643 2658 :
2676 2626 2695 2656 ε
2728 2604 2980 2675 Nunquid
3018 2606 3322 2660 nontverba
3360 2619 3479 2659 mea

1894 2697 2048 2767 quasi
2088 2698 2225 2767 ignis
2266 2699 2493 2762 ardens,
2533 2697 2665 2751 dicit
2708 2696 2993 2762 Dominus,
3033 2698 3201 2769 218
3234 2709 3288 2753 et
3324 2701 3479 2767 quasi

1894 2790 2119 2845 malleus
2151 2799 2438 2845 conterens
2472 2788 2788 2860 petram"?
2823 2807 2842 2841 ι
2877 2787 3133 2844 Pervadit
3167 2791 3310 2846 enim
3348 2806 3481 2861 quo~

1894 2880 2180 2935 dummodo
2206 2880 2388 2935 omnia
2416 2881 2508 2935 Dei
2536 2882 2781 2945 verbum,
2810 2889 2865 2933 et
2894 2895 3015 2948 qum
3046 2880 3265 2936 locutus
3294 2882 3476 2944 fuerit,

1896 2971 2028 3026 nihil
2064 2971 2170 3027 illis
2209 2971 2434 3038 resistit,
2476 2970 2585 3026 imo
2624 2971 2771 3026 cedit
2810 2971 3012 3041 potius,
3052 2981 3106 3028 et
3145 2974 3277 3028 dura
3316 2984 3481 3044 atque

1894 3077 2086 3132 aspera
2117 3062 2263 3118 nullo
2294 3062 2509 3129 negotio
2536 3061 2853 3132 confringit,
2882 3074 2937 3116 et
2968 3061 3478 3119 Dominicacvolun-

195 3153 229 3203 ὁ
254 3148 351 3202 τοῦ
380 3146 518 3202 Θεοῦ
547 3147 724 3216 λόγος,
776 3146 872 3201 καὶ
903 3139 984 3211 οἷς
1018 3146 1085 3201 ἂν
1112 3145 1403 3215 φθέγξαιτο
1433 3146 1493 3200 τὸ
1536 3148 1792 3202 ἀντιστα-

1899 3153 1997 3208 tati
2030 3153 2191 3208 etiam
2230 3154 2467 3209 uolentia
2503 3155 2894 3224 obsequuntur.
2938 3172 2957 3206 ι
3001 3154 3190 3225 Magna
3229 3156 3395 3226 igitur
3423 3166 3480 3212 et

198 3241 337 3295 τοῦν
370 3240 548 3306 οὐδὲν,
574 3238 714 3293 εῐκει
741 3238 798 3292 δὲ
832 3239 1057 3310 μᾶλλον,
1090 3238 1183 3294 καὶ
1207 3238 1275 3293 τά
1312 3238 1544 3312 σκληρὰ,
1571 3240 1667 3295 καὶ
1702 3242 1798 3296 ἀν-

1902 3243 2126 3300 illustris
2156 3244 2293 3310 dies,
2330 3263 2351 3298 ι
2390 3246 2585 3316 inquit,
2620 3256 2840 3316 propter
2867 3245 3066 3300 famam
3100 3258 3385 3318 vagantem
3415 3249 3481 3303 de

199 3334 414 3389 τίτυπα
464 3332 869 3407 καταθραύεται
909 3331 1167 3399 εὐκόλως,
1203 3331 1436 3395 καὶτοῖς
1465 3333 1792 3399 δεσποτικαῖς

1902 3335 2059 3391 malis
2082 3336 2137 3391 itt
2163 3351 2353 3392 omnes
2378 3337 2626 3393 homines
2651 3337 2989 3392 inveheudis.

198 3429 484 3499 θελήμασι
507 3429 603 3482 καὶ
625 3427 724 3499 οὐχ
747 3428 942 3483 ἑκόντα
966 3433 1306 3501 παραχωρεῖ.
1353 3450 1371 3481 ι
1400 3432 1627 3503 Μεγάλη
1666 3432 1730 3502 δή
1762 3431 1855 3487 οὖν
1894 3436 1987 3490 καὶ
2026 3435 2296 3507 ἐπιφανὴς
2331 3438 2366 3508 ή
2399 3436 2604 3508 ἡμέρα,
2636 3456 2654 3489 ι
2689 3438 2846 3507 φησὶ,
2880 3437 2970 3492 διὰ
2998 3438 3097 3507 τὴν
3121 3439 3201 3503 είς
3234 3437 3481 3506 ἅπαντας

200 3521 535 3591 ἀνθρώπους
566 3521 674 3575 τῶν
700 3522 1163 3594 ὲπαχθησομένων
1188 3524 1378 3579 δεινῶν
1408 3525 1795 3598 διατρέχουσαν
1833 3531 2039 3603 φήμην.

280 3618 395 3674 Καὶ
421 3618 514 3682 τίς
538 3616 714 3671 ἔσται
755 3618 963 3685 ικανὸς
997 3618 1191 3688 adcr};

287 3709 437 3779 KG”.
471 3709 784 3775 Τουτέστιν,
825 3709 1003 3774 οὐδεὶς
1034 3704 1101 3764 ἂν
1148 3710 1360 3779 γένοιτο
1392 3713 1502 3767 τῶν
1551 3712 1646 3769 ἐπὶ
1692 3714 1799 3787 γῆς

205 3800 507 3870 ἀτεράμων
538 3798 716 3864 οὓτως
762 3801 857 3855 καὶ
887 3800 1166 3872 εὐσθενὴς,
1187 3803 1264 3867 ὡς
1290 3804 1607 3873 ἀντεξάγειν
1636 3804 1799 3862 δύνα-

1972 3626 2043 3681 Et
2072 3629 2189 3698 quis
2217 3629 2317 3683 erit
2347 3629 2604 3700 maidens
2632 3630 2721 3684 ei?

1973 3720 2161 3776 XXVI.
2199 3721 2312 3787 lloc
2334 3733 2443 3787 est,
2472 3736 2629 3777 nemo
2660 3721 2969 3776 mortalium
2997 3722 3132 3777 adeo
3162 3721 3483 3791 praefractus

1902 3822 1957 3867 et
1986 3814 2237 3868 robustus
2262 3813 2445 3879 luerit,
2473 3822 2532 3867 ut
2560 3828 2621 3868 se
2643 3814 2836 3867 divina:
2864 3813 2960 3868 ira:
2988 3812 3159 3882 possit
3184 3828 3479 3883 opponere.

209 3892 341 3947 σθαι
368 3894 490 3956 ταῖς
521 3891 689 3955 θείαις
715 3892 929 3963 ὀργαῖς.
967 3893 1080 3947 Καὶ
1132 3894 1296 3963 σοφὸς
1324 3889 1392 3966 ἦν
1423 3896 1563 3961 ἄγαν
1587 3898 1615 3949 ό
1638 3896 1792 3951 Δαὸὶε

1906 3901 2189 3970 Sapienter
2213 3902 2377 3956 Deum
2405 3905 2690 3973 compellat
2714 3903 2878 3957 David
2904 3920 2920 3956 :
2953 3920 2973 3953 ι
3003 3902 3083 3957 Τιι
3115 3902 3375 3959 terribilis
3398 3918 3480 3966 es,

209 3984 355 4055 πρὸς
402 3983 533 4036 Θεὸν
571 3982 991 4055 ἀνακεκραγώς
1034 4003 1051 4036 ι
1078 3985 1149 4038 Σὺ
1174 3984 1403 4056 φοϐερὸς
1454 3974 1525 4052 εἳ,
1580 3987 1674 4041 καὶ
1718 3988 1792 4053 τίς

1902 4004 1958 4049 et
1985 3995 2109 4065 quis
2140 3996 2357 4051 resistet
2386 3996 2482 4050 tibi
2515 3995 2583 4050 ab
2614 3995 2694 4050 ira
2724 4007 2818 4051 tua
2842 3995 2926 4048 "‘1
2958 4013 2978 4047 ι

207 4074 596 4147 άντιστήσεταί
619 4091 703 4128 σοι
724 4076 833 4129 ἀπὸ
854 4077 953 4147 τῆς
983 4076 1155 4148 ὀργῆς
1185 4094 1314 4143 σου;
1352 4096 1372 4131 s

284 4164 399 4221 Kal
432 4164 549 4219 νῦν
572 4165 735 4235 λέγει
762 4167 978 4235 Κύριος
1024 4170 1058 4221 ό
1086 4167 1227 4234 Θεὸς
1254 4167 1443 4239 ἡμῶν
1485 4168 1800 4240 Ἐπιστρό-

1979 4171 2142 4229 Vsus.
2173 4171 2356 4227 12-14.
2388 4170 2455 4227 Et
2487 4187 2623 4226 nunc
2652 4173 2776 4226 dicit
2811 4170 3061 4225 Dominus
3096 4170 3232 4225 Deus
3262 4179 3438 4226 noster
3461 4186 3482 4225 :

206 4273 369 4325 φητε
404 4256 557 4325 πρὸς
602 4258 684 4326 μὲ
730 4257 803 4322 ἐξ
858 4257 1008 4325 ὅλης
1049 4257 1163 4326 τῆς
1206 4260 1453 4329 καρδίας
1498 4262 1699 4333 ὑμῶν,
1730 4264 1792 4317 ἐν

1904 4263 2277 4320 Conuertintini
2308 4265 2377 4318 ad
2408 4281 2489 4319 me
2518 4280 2584 4319 ea:
2616 4274 2724 4318 toto
2760 4264 2917 4319 corde
2949 4274 3139 4328 vestro,
3172 4264 3224 4316 in
3250 4262 3478 4333 jejunio,

208 4348 495 4416 νηστείᾳ,
544 4348 641 4402 καί
676 4347 997 4418 κλαυθμῷ,
1047 4349 1148 4403 καί
1185 4352 1437 4417 κοπετῷ,
1492 4354 1590 4407 καὶ
1632 4344 1799 4424 (Stap-

1903 4366 1954 4412 et
1981 4358 2132 4427 ﬂetu,
2159 4366 2207 4411 et
2236 4356 2474 4424 planctu,
2501 4366 2548 4411 et
2580 4356 2861 4422 dirumpite
2886 4357 3051 4409 corda
3080 4364 3268 4416 vestra,
3298 4365 3349 4408 et
3381 4371 3486 4408 non

204 4438 444 4505 ῥήξατε
488 4438 594 4504 τὰς
645 4439 898 4507 καρδίας
956 4439 1144 4509 ὑμῶν,
1197 4443 1295 4496 καί
1342 4443 1426 4512 μὴ
1486 4444 1559 4498 τὰ
1601 4444 1792 4514 ἱμάτια

1905 4447 2205 4501 vestimenta
2230 4456 2419 4501 vestra.
2445 4446 2509 4500 Et
2532 4447 2895 4501 convertimini
2916 4446 2986 4498 ad
3008 4445 3292 4499 Dominum
3317 4444 3483 4500 Deum

212 4526 405 4597 ὑμῶν.
456 4529 566 4583 Kal
598 4506 1004 4599 ἐπιστράφητε
1041 4528 1193 4599 πρὸς
1235 4506 1455 4600 Κύριον
1504 4506 1792 4591 τὸν-Θεὸν

1904 4548 2124 4592 vestrum
2144 4575 2158 4601 ,
2192 4540 2317 4606 quia
2350 4539 2640 4591 misericors
2671 4546 2720 4593 et
2756 4540 3033 4592 ntiserator
3061 4548 3165 4602 est,
3200 4542 3404 4606 patiens
3435 4551 3484 4591 et

211 4620 405 4690 ὑμῶν.
429 4618 521 4673 ὅτι
549 4618 823 4690 ἐλεήμων
846 4621 946 4675 καὶ
993 4624 1311 4693 οἰκτίρμων
1334 4625 1486 4693 ἐστὶ,
1501 4629 1807 4697 μακρόθυ-

210 4729 367 4782 μσς,
427 4710 529 4765 καί
584 4711 917 4777 πολυέλεος
940 4752 956 4777 ,
1019 4716 1118 4768 καὶ
1164 4715 1475 4785 μετανοῶν
1528 4719 1627 4772 ἐπὶ
1678 4718 1807 4785 ταῖς

213 4803 475 4871 κακίαις.
519 4804 617 4870 Τίς
667 4799 831 4858 οἶδεν
880 4807 934 4858 εί
972 4804 1321 4875 ἐπιστρέψει
1339 4846 1355 4872 ,
1411 4809 1510 4863 καὶ
1550 4825 1803 4880 μετανο-

213 4894 379 4961 ήσει,
427 4895 526 4948 καὶ
578 4896 961 4964 ὑπολήψεται
1008 4898 1202 4952 ὀπίσω
1240 4899 1429 4954 αὐτοῦ
1478 4901 1801 4971 εὐλογίαν,

213 4987 320 5039 καὶ
351 4986 592 5050 θυσίαν,
629 4986 730 5038 καὶ
753 4986 1036 5055 σπονδὴν
1062 4989 1260 5056 Κυρίῳ
1294 4987 1372 5055 τῷ
1402 4990 1525 5055 Θεῷ
1560 4990 1762 5061 ὐμὼν;

293 5080 423 5132 ΚΖ’.
455 5078 737 5132 Ἐντεῦθεν
798 5079 862 5133 ἂν
898 5079 1111 5148 μάθοις,
1146 5081 1243 5137 καὶ
1284 5082 1432 5153 μάλα
1483 5082 1694 5155 σαφῶς,
1723 5082 1799 5147 ὡς

215 5171 318 5241 οὐχ
339 5169 527 5240 ἑτέρου
555 5170 715 5240 χάριν
740 5168 885 5235 τινὸς
908 5171 1041 5241 ὑψοῦ
1061 5173 1161 5245 μὲν
1188 5174 1255 5228 τὰ
1277 5175 1584 5245 διηγημένα
1606 5174 1795 5230 ἐτίθει.

218 5262 472 5333 Σκληρὰν
530 5262 589 5319 δὲ
647 5263 831 5328 αὐτοῖς
856 5300 871 5327 ,
942 5266 1040 5320 καὶ
1095 5266 1543 5339 δυσδιακόμιστον
1596 5271 1794 5343 κομιδῇ

218 5353 598 5427 προανεφὼνει
625 5356 723 5427 τὴν
744 5356 1051 5427 συμφορὰν,
1082 5359 1116 5430 ἢ
1152 5358 1294 5413 ὥστε
1319 5360 1505 5416 λοιπὸν
1528 5364 1801 5434 μεταστῆσ

218 5462 313 5500 σαι
346 5446 575 5509 τούτους
596 5447 680 5510 είς
712 5446 1076 5517 μετάγνωσιν.
1116 5451 1540 5519 ’Λπογινώσκειν
1568 5453 1677 5525 γὰρ
1701 5454 1802 5510 οὐκ

217 5538 305 5607 ἑᾷ.
331 5537 752 5594 Διαΰεὸαιοῦται
802 5539 882 5608 δὲ,
936 5541 1032 5596 καὶ
1079 5542 1227 5614 μάλα
1259 5544 1467 5614 σαφῶς,
1521 5546 1597 5611 ὡς
1641 5547 1802 5620 εἴπερ

218 5629 427 5691 ἱλοιντο
455 5631 677 5702 φρονεῖν
708 5632 775 5685 τὰ
798 5631 1016 5702 βελτίω,
1060 5635 1155 5690 καὶ
1194 5636 1292 5701 τὰς
1350 5638 1487 5704 ιδίας
1520 5639 1671 5706 ὁδοὺς
1698 5639 1801 5697 κᾶν

289 5809 339 5843 ⁸³
373 5808 487 5865 Jer.
529 5826 685 5875 nm,
721 5812 811 5867 29.
885 5815 928 5845 "
970 5812 1112 5867 Psal.
1145 5815 1376 5880 ι.κκν,8.

418 5904 695 5967 Panos.
754 5909 868 5968 Gn.
922 5910 1139 5971 LXXI.

1901 4628 2081 4682 mutue
2114 4628 2492 4683 misericordia:
2510 4667 2526 4692 ,
2557 4638 2608 4682 et
2634 4630 2883 4699 pmnitens
2914 4645 3071 4698 super
3097 4630 3333 4685 malitiis.
3352 4628 3484 4694 Qui:

1900 4719 2019 4782 scit,
2055 4718 2101 4771 si
2137 4728 2437 4781 revertetur,
2472 4727 2523 4772 et
2562 4718 2828 4787 prenitebit
2860 4733 3002 4780 eum,
3037 4728 3082 4769 et
3107 4717 3329 4768 dimittet
3369 4727 3482 4779 post

1901 4827 1955 4865 se
1986 4809 2413 4875 benedictionem,
2442 4819 2491 4863 et
2517 4808 2859 4876 sacri/icium,
2907 4817 2956 4863 et
2998 4807 3225 4861 libamen
3261 4807 3482 4862 Domino

1903 4904 2011 4958 Deo
2040 4905 2243 4960 vestro?

1975 5084 2189 5143 XXVII.
2222 5085 2379 5147 Hinc,
2403 5093 2457 5139 et
2477 5081 2689 5153 quidem
2716 5083 3002 5136 admodum
3026 5080 3174 5137 clare
3198 5080 3484 5148 intelliges,

1904 5195 2024 5249 qua:
2050 5193 2208 5247 supra
2242 5186 2456 5231 narrata
2486 5184 2639 5240 sunt,
2674 5190 2779 5228 non
2812 5173 2881 5227 ob
2914 5172 3059 5227 aliud
3094 5172 3258 5227 fuisse
3290 5174 3483 5243 posita.

1908 5272 2141 5336 Duram,
2184 5278 2239 5323 et
2289 5283 2410 5339 qua:
2452 5269 2540 5321 vix
2588 5264 2913 5335 perferatur,
2964 5263 3329 5320 calamitatem
3382 5264 3489 5317 illis

1904 5361 2304 5432 praenuntiavit,
2340 5369 2405 5413 ut
2433 5373 2527 5414 eos
2566 5358 2773 5413 scilicet
2812 5357 3069 5426 deinceps
3108 5356 3177 5410 ad
3218 5355 3488 5424 paeniten-

1905 5453 2033 5508 tiam
2058 5453 2370 5507 adduceret.
2397 5450 2692 5520 Desperare
2714 5449 2858 5503 enim
2886 5462 2992 5502 non
3018 5446 3168 5502 sinit.
3189 5445 3487 5500 Conﬁrmat

1903 5557 2105 5612 autem,
2129 5544 2290 5616 idque
2314 5543 2641 5615 planissimis
2660 5541 2862 5606 verbis,
2885 5540 2932 5595 sl
2956 5539 3278 5608 resipiscere
3297 5535 3483 5599 velint,

1902 5645 1957 5694 et
1993 5638 2200 5693 animas
2230 5650 2357 5694 suas
2391 5635 2783 5707 posterioribus
2816 5631 3005 5690 saltem
3042 5629 3285 5688 consiliis
3313 5625 3485 5684 corri-

3087 5899 3151 5964 12
