4068 6546
606 401 714 464 εδδ

1597 399 1654 462 S.
1695 395 1970 464 c'vutL'LI
2011 397 2477 464 aLEXANDmM
2519 402 2832 462 ARCIIIEP.

3759 402 3862 467 561

609 539 766 594 gere,
807 531 866 576 ut
909 522 1016 576 Deo
1056 521 1333 590 placeant,
1372 530 1426 577 et
1465 536 1688 591 prorsus
1732 524 1970 579 desitura
2012 541 2041 578 a
2087 525 2182 579 Dec

2297 525 2427 593 γοῦν
2451 527 2559 587 τοῖς
2587 525 2855 594 δευτέροις
2887 521 3218 594 ἐπανορθοῦν
3246 523 3324 585 είς
3343 521 3404 575 es
3437 523 3686 594 ἀρέσκειν
3705 525 3862 594 Θεῷ,

609 616 930 670 chcerbato
950 613 1234 683 supplicia,
1259 623 1311 669 et
1330 615 1511 670 omnia
1536 631 1659 671 mox
1687 616 1739 670 in
1765 631 2013 686 magnam
2041 628 2186 670 tran-

607 705 926 775 quillitatem
974 721 1037 760 ac
1080 708 1428 761 securitatem
1477 715 1871 762 commutatum
1919 707 2021 773 iri;
2066 709 2186 777 quis

608 807 787 850 autem
837 805 892 850 et
939 798 1306 852 conversionis
1359 798 1633 867 ipsorum;
1685 807 1741 852 et
1791 799 2186 867 deprecationis

611 890 801 943 modus
832 899 950 943 esse
988 889 1198 956 debeat,
1242 890 1442 958 liquido
1480 890 1658 944 subdit
1690 889 1777 944 his
1807 891 1983 944 verbis
2016 908 2028 943 ε
2066 910 2082 942 ι
2121 892 2186 945 Et

613 999 754 1037 nunc
788 983 918 1036 dicit
958 982 1216 1036 Dominus
1253 981 1392 1037 Deus
1430 992 1610 1036 noster
1643 999 1656 1035 :
1691 981 2082 1036 Convertimini
2118 983 2185 1036 ad

612 1091 698 1127 me
727 1074 779 1126 in
812 1084 924 1127 toto
951 1073 1110 1127 corde
1137 1083 1332 1127 vestro.
1369 1092 1386 1124 ι
1417 1073 1793 1142 Projiciantur,
1823 1073 2014 1141 inquit,
2045 1089 2185 1142 prae-

613 1169 768 1221 terita
790 1207 802 1229 ,
836 1176 889 1220 et
919 1181 1038 1230 quae
1069 1173 1479 1218 antecesserunt
1515 1163 1567 1216 iu
1599 1161 1922 1216 oblivionem
1958 1162 2183 1224 abeant,

610 1258 897 1326 vobisipsis
958 1256 1206 1310 meliores
1243 1267 1526 1324 apparete;
1566 1253 1954 1324 posterioribus
2018 1254 2184 1307 Deum

610 1353 870 1419 mitigate,
897 1347 1100 1418 jejunio
1125 1357 1179 1401 et
1208 1347 1572 1410 aflliclatione,
1600 1345 1809 1414 ploratu
1837 1354 1889 1399 et
1915 1345 2184 1400 lamentis.

609 1441 774 1495 Plane
802 1440 942 1492 enim
965 1477 980 1503 ,
1008 1438 1097 1508 qui
1131 1438 1202 1490 ita
1235 1437 1416 1491 facere
1447 1435 1814 1501 instituerint,
1843 1435 1898 1489 in
1931 1435 2189 1491 felicitate

611 1532 922 1598 deliciisque
950 1529 1329 1584 versabuntur.
1362 1525 1515 1581 Sicut
1540 1527 1683 1580 enim
1716 1526 1929 1580 fortuna
1962 1527 2184 1579 nimium

610 1623 914 1686 blandiens,
943 1630 996 1676 et
1028 1621 1135 1674 vita
1164 1619 1528 1688 voluptatibus
1561 1619 1613 1672 in
1647 1618 1889 1674 honestis
1919 1618 2099 1672 dedita
2131 1618 2185 1671 in

604 1714 838 1782 gemitus
875 1718 929 1765 et
983 1709 1242 1780 supplicia
1296 1708 1510 1762 tandem
1550 1707 1782 1774 desinit,
1823 1708 1894 1762 ita
1930 1707 2187 1764 bonitatis

605 1813 664 1857 et
711 1803 953 1858 laborum
1004 1799 1450 1870 poenitentialium
1493 1799 1671 1854 exitus
1714 1809 1797 1854 est
1839 1798 2014 1868 ampla
2067 1798 2184 1852 feli-

2294 618 2509 679 πάντως
2552 616 2887 667 πεπαύσεται
2940 615 3007 666 τά
3043 614 3101 680 ἐξ
3143 613 3333 686 ὀργῆς,
3385 614 3479 667 καὶ
3531 615 3608 677 εἰς
3663 615 3865 678 πλάτος

2293 707 2456 768 εὐθὺς
2486 705 2750 776 εὐθυμίας
2787 707 3165 776 μεταχωρήσει
3202 704 3268 756 τὰ
3320 705 3636 776 πράγματα.
3675 705 3774 768 Τίς
3822 706 3866 758 δ’

2293 798 2357 852 ἂν
2378 798 2588 867 γένοιτο
2618 798 2719 868 τῆς
2743 815 2802 850 τε
2842 798 3178 867 ἐπιστροφῆς
3205 796 3389 858 αὐτοῦ,
3417 797 3512 849 καὶ
3533 798 3562 848 ό
3584 796 3685 865 τῆς
3713 796 3866 865 λιτῆς

2291 890 2511 958 τρόπος,
2543 889 2863 959 καθίστησιν
2889 889 3136 958 ἐναργὲς,
3171 887 3314 940 οὕτω
3345 887 3538 954 λέγων’
3574 906 3591 937 ι
3625 887 3740 938 Καὶ
3774 885 3866 937 νῦν

2293 982 2438 1050 λέγει
2497 981 2702 1052 Κύριος
2729 981 2757 1032 ὁ
2789 980 2921 1043 Θεὸς
2967 979 3140 1049 ἠμῶνδ
3181 979 3582 1049 Ἐπιστράφητε
3627 979 3767 1048 πρὸς
3803 980 3866 1046 μὲ

2294 1074 2353 1138 ἐξ
2384 1073 2509 1142 ὅλης
2541 1073 2636 1140 τῆς
2687 1071 2911 1142 καρδίας
2953 1069 3126 1140 ὐμῶν.
3169 1088 3186 1120 ι
3265 1069 3560 1140 Ἐρρξφθω,
3607 1069 3769 1138 φησὶ,
3804 1071 3867 1120 τὰ

2295 1163 2680 1234 παρῳχηκότα,
2730 1161 2825 1214 καὶ
2863 1161 3211 1232 ἀποδημείτω
3254 1161 3390 1230 πρὸς
3427 1160 3594 1230 λήθην
3622 1162 3693 1213 τὰ
3729 1161 3866 1228 φθά-

2295 1271 2482 1307 σαντα·
2515 1253 2722 1307 ἑαυτῶν
2765 1254 3020 1322 ἁμείνους
3050 1251 3284 1322 δφθητεο
3318 1254 3429 1314 τοῖς
3471 1252 3750 1323 δευτέροις
3789 1253 3872 1304 ἐκ·

2297 1347 2636 1416 μειλίσσεσθε
2681 1347 2833 1408 Θεὸν,
2874 1343 3116 1415 νηστείᾳ,
3163 1344 3259 1397 καὶ
3313 1345 3482 1410 πόνῳ,
3535 1343 3772 1412 κωκυτῷ
3811 1361 3866 1395 τε

2293 1439 2386 1492 καλ⁸
2419 1438 2656 1508 ὀδυρμῷ.
2688 1438 2917 1506 "Ed/stat
2944 1437 3052 1508 γὰρ
3081 1437 3295 1498 πάντως
3321 1435 3490 1488 ταῦτα
3515 1435 3646 1505 δρᾷν
3667 1433 3871 1507 ᾑρημέ-

2293 1545 2402 1592 νοις
2423 1529 2482 1582 τδ
2509 1531 2704 1600 χρῆναι
2723 1528 2908 1581 λοιπὸν
2935 1529 2992 1580 ὲν
3020 1528 3285 1598 εὐπαθείᾳ
3331 1522 3470 1580 εἶναι
3517 1529 3608 1580 καὶ
3658 1530 3864 1597 τρυςιςῇ.

2294 1621 2505 1692 Ὠσπερ
2534 1622 2642 1692 γὰρ
2662 1621 2759 1691 τῆς
2777 1619 3060 1692 ῥᾳστώνης
3080 1620 3140 1672 τὺ
3164 1620 3338 1684 τέλος,
3359 1619 3530 1673 καὶτὸ
3553 1619 3871 1673 διαπίπτειν

2296 1715 2377 1777 είς
2410 1714 2605 1784 ήδονάς
2654 1713 3022 1785 καταστρέφει
3071 1714 3288 1777 πάντως
3345 1714 3425 1776 είς
3467 1712 3716 1783 οἰμωγὰς
3772 1713 3864 1766 καὶ

2294 1806 2535 1859 κόλασιν·
2567 1806 2708 1858 οῦτω
2736 1806 2834 1874 τῆς
2863 1805 3183 1871 ἐπιεικείας,
3221 1806 3313 1858 καὶ
3345 1805 3453 1858 τῶν
3495 1805 3584 1858 ἐπὶ
3613 1806 3742 1867 ταῖς
3776 1822 3869 1874 με·

607 1896 767 1950 citas.
792 1889 956 1963 219
979 1891 1239 1947 Conducit
1275 1891 1438 1960 igitur
1463 1889 1659 1944 deflere
1689 1897 1910 1958 peccata
1931 1926 1947 1952 ,
1975 1899 2028 1944 et
2059 1904 2182 1943 con-

2292 1894 2595 1962 ταγνώσεσι
2641 1895 2878 1964 πόνωνή
2934 1893 3161 1957 ἔκϐασις
3206 1896 3287 1956 είς
3323 1895 3384 1948 τὸ
3416 1894 3516 1963 τῆς
3565 1894 3869 1964 εὐημερίας

610 1987 814 2041 tristari
843 1982 1135 2040 secundum
1166 1980 1358 2036 Deum.
1389 1979 1520 2035 Nam
1553 1989 1609 2034 ut
1637 1991 1721 2036 est
1748 1981 1885 2050 apud
1913 1979 2136 2034 Paulum
2166 1997 2180 2033 :

612 2097 632 2130 ι
666 2076 908 2132 Tristitia
938 2075 1227 2130 secundum
1256 2074 1446 2138 Deum,
1473 2072 1841 2141 paenitentiam
1871 2073 1922 2126 in
1954 2073 2183 2126 salutem

608 2185 711 2223 non
736 2168 1098 2238 paenitendam
1118 2167 1449 2236 operatur”.
1477 2181 1496 2217 ι
1519 2164 1664 2219 Beati
1684 2179 1898 2233 quoque
1919 2180 1946 2217 a
1968 2163 2184 2218 Christo

605 2259 1039 2329 pronuntiantur,
1064 2275 1082 2308 ι
1128 2257 1220 2326 qui
1256 2256 1472 2324 lugent;
1511 2254 1760 2323 quoniam
1799 2252 1897 2322 ipsi
1932 2252 2182 2308 consola-

605 2348 883 2403 buntur“.
917 2367 934 2399 ›
957 2347 1094 2413 Quin
1118 2356 1172 2402 et
1193 2348 1409 2414 sapiens
1432 2345 1683 2400 Salomon
1712 2344 1816 2398 tale
1837 2344 1984 2414 quid,
2012 2359 2184 2414 quan-

606 2455 765 2507 quam
796 2438 896 2495 sub
925 2439 1314 2507 inlegumento,
1347 2435 1477 2491 dicit
1521 2453 1536 2492 :
1583 2453 1602 2487 ι
1654 2434 1842 2490 Melius
1878 2443 1963 2490 est
1999 2434 2078 2488 ire
2117 2435 2182 2487 ad

605 2537 822 2588 domum
847 2530 1054 2594 luctus,
1080 2544 1240 2598 quam
1268 2529 1336 2582 ad
1364 2528 1580 2582 domum
1609 2526 1843 2581 convivii
1863 2526 1928 2579 ".
1964 2544 1984 2579 ι
2014 2526 2184 2580 (Σιριο-

606 2639 723 2676 rum
752 2621 881 2676 illud
909 2617 1780 2686 considerandumestdiligenter,
1802 2626 2062 2687 quantum
2088 2632 2182 2670 va-

604 2715 709 2770 leat
744 2712 1027 2782 jejunium.
1069 2711 1349 2766 Dominum
1391 2709 1778 2775 mansuefacit,
1823 2709 1957 2763 iram
2002 2710 2180 2773 sedat,

603 2821 818 2876 pmnam
863 2804 1018 2859 tollit.
1057 2802 1426 2871 Nosmetipsos
1476 2809 1679 2855 tantum
1725 2813 1828 2855 non
1867 2798 2183 2855 verberibus

603 2901 805 2954 acriter
831 2896 1190 2966 accipientes,
1223 2893 1577 2950 ferocientem
1609 2901 1662 2947 et
1690 2890 1959 2947 furentem
1993 2904 2182 2946 contra

602 3004 702 3044 nos
743 2991 876 3045 iram
924 2988 1158 3043 divinam
1201 2984 1485 3040 commode
1525 2982 1823 3049 ﬂectimus,
1868 2994 1924 3040 et
1964 3000 2180 3038 manum

603 3079 954 3149 percutientis
989 3093 1094 3132 non
1132 3075 1414 3132 difficulter
1447 3075 1782 3131 cobibemus.
1816 3077 1872 3130 Si
1909 3076 2051 3131 enim
2087 3091 2180 3130 ve—

603 3183 721 3225 rum
762 3179 876 3237 est,
921 3184 1019 3223 nos
1056 3167 1228 3224 solum
1270 3176 1489 3237 peccata
1530 3176 1716 3222 nostra
1757 3167 2077 3223 confitentes
2111 3168 2178 3234 ⁸⁸,

601 3261 892 3316 miserante
931 3258 1070 3323 Deo,
1101 3255 1416 3325 iustificari,
1455 3257 1677 3327 quinam
1716 3256 1993 3311 dubitetur
2024 3258 2175 3325 quin,
2207 3293 2248 3351 ο

601 3353 851 3408 asceticis
879 3351 1158 3406 laboribus
1187 3365 1283 3404 nos
1311 3358 1671 3415 macerantes,
1697 3357 1752 3404 et
1779 3358 2032 3417 tauquam
2064 3362 2177 3416 poe-

599 3461 698 3500 nas
727 3461 754 3497 τι
783 3443 1049 3498 nobismet
1077 3442 1374 3510 exigentes,
1401 3449 1742 3510 peccatorum
1771 3440 1981 3492 veniam
2011 3453 2039 3490 a
2072 3438 2180 3491 Deo

599 3533 990 3606 impetremus?
1035 3533 1244 3601 Lugere
1290 3533 1455 3600 igitur
1495 3532 1682 3601 jubet,
1726 3540 1780 3584 et
1830 3529 2177 3583 discindenda

607 3629 822 3696 quidem
848 3625 1171 3679 vestimenta
1199 3622 1447 3686 minime;
1477 3619 1652 3688 potius
1681 3627 1862 3671 autem
1889 3618 2031 3686 quod
2062 3632 2183 3684 per-

597 3721 702 3790 cipi
733 3719 918 3772 animo
945 3727 999 3770 et
1029 3714 1355 3784 cogitatione
1380 3721 1593 3781 potest,
1623 3711 1829 3764 immite
1856 3725 1920 3764 ac
1945 3725 2144 3764 saavum
2163 3751 2178 3776 ,

597 3822 652 3867 et
697 3817 1088 3866 commutatum
1139 3821 1234 3860 seu
1288 3804 1597 3858 induratmn
1643 3817 1738 3856 cor
1783 3801 2179 3856 dissolvendum

599 3913 762 3972 atque
786 3899 1188 3969 explicandum,
1214 3910 1324 3965 quo
1352 3895 1445 3948 Dei
1478 3895 1640 3948 timor
1665 3894 2014 3964 ingrediatur.
2035 3892 2180 3948 Scri-

597 3997 732 4050 hens
751 3995 912 4062 igitur
934 3991 999 4046 ad
1015 3989 1329 4044 Corinthios
1346 3986 1578 4041 Paulus:
1607 4003 1626 4037 ι
1661 3984 1776 4040 Non
1795 3985 2176 4054 angustiamini

600 4087 654 4140 in
675 4086 846 4147 nobis,
875 4103 892 4135 ι
915 4083 1120 4152 inquit;
1146 4099 1164 4132 ι
1187 4078 1759 4146 angustiaminiautem
1797 4077 1847 4129 in
1881 4076 2180 4132 visceribus

599 4178 813 4232 vestris.
849 4175 1104 4230 Eamdem
1139 4181 1318 4227 autem
1355 4171 1618 4225 habentes
1651 4170 2138 4222 remunerationem
2163 4209 2178 4234 ,

600 4277 855 4335 tanquam
893 4265 1017 4319 filiis
1049 4264 1193 4327 dico,
1230 4260 1528 4314 dilatamini
1569 4271 1622 4312 et
1656 4272 1753 4312 vos
1774 4258 1842 4311 ³⁷.
1886 4276 1903 4308 ι
1944 4257 2181 4312 Dilatare

599 4372 730 4430 ergo
766 4371 862 4412 cor
892 4363 1139 4424 oportet,
1179 4362 1434 4421 tanquam
1475 4349 1614 4410 Deo,
1649 4357 1698 4403 et
1741 4362 1907 4417 prope
1943 4355 2180 4401 mentem

601 4453 960 4518 disrumpere,
991 4457 1047 4500 ut
1081 4443 1224 4516 quod
1253 4443 1367 4510 ejus
1396 4450 1498 4506 est,
1529 4441 1776 4512 recipiat.
1803 4438 1937 4493 Nam
1972 4439 2180 4493 nicesti-

599 4545 733 4597 tiam
769 4541 1002 4610 lingere,
1038 4538 1210 4607 ruptis
1244 4536 1442 4591 frustra
1479 4550 1543 4588 ac
1581 4542 1782 4588 temere
1813 4532 2178 4596 vestimentis,

2286 1983 2488 2045 πλάτος
2521 1983 2756 2053 ἔρχεται.
2813 1984 3097 2054 Χρήσιμον
3140 1979 3233 2036 οῦν
3271 1983 3380 2052 ἄρα
3423 1983 3484 2035 τὸ
3533 1983 3743 2036 κλαίειν
3785 1975 3866 2050 {cf

2286 2074 2612 2144 ἁμαρτίαις,
2641 2075 2733 2127 καὶ
2759 2074 3048 2129 λυπεῖσθαι
3091 2076 3233 2128 κατὰ
3262 2075 3414 2128 Θεόν.
3455 2075 3542 2138 Ὠς
3574 2074 3686 2144 γὰρ
3719 2075 3864 2126 Παῦ-

2283 2163 2374 2228 λος
2417 2166 2617 2236 γράςρει
2643 2205 2657 2229 ,
2688 2184 2707 2216 ι
2750 2165 2815 2219 Ἦ
2874 2166 3016 2219 κατά
3053 2166 3186 2219 Θεὸν
3249 2165 3392 2235 λύπη
3446 2168 3737 2236 μετάνοιαν
3792 2167 3868 2227 είς

2287 2253 2557 2326 σωτηρίαν
2591 2257 3077 2328 ἀναμεταμέλητον
3113 2257 3530 2327 κατεργάζεται.
3575 2275 3592 2309 ι
3621 2257 3866 2327 Μακαρί-

2285 2345 2366 2410 {st
2395 2347 2452 2400 δὲ
2481 2347 2576 2400 καὶ
2604 2344 2765 2410 αὐτὸς
2795 2350 2823 2401 ὁ
2875 2347 3110 2419 Χριστὸς
3158 2366 3176 2399 ι
3210 2348 3337 2412 τοὺς
3377 2347 3742 2411 πενθοῦντας,
3788 2349 3866 2401 ὃτι

2285 2441 2440 2494 αὐτοὶ
2473 2442 3008 2512 παρακληθήσονται.
3051 2461 3069 2493 ι
3105 2442 3215 2495 Καὶ
3239 2441 3343 2513 μὴν
3367 2443 3460 2494 καὶ
3484 2441 3512 2493 ό
3541 2441 3706 2510 σοφὸς
3739 2442 3868 2511 ἡμῖν

2285 2530 2536 2600 Σολομῶν
2558 2531 2798 2584 τοιοῦτόν
2830 2533 2883 2585 τί
2917 2544 3079 2603 φησιν
3110 2533 3541 2602 αἰνιγματωδῶς
3577 2550 3596 2583 ι
3639 2532 3867 2600 ’Δγαθὺν

2283 2623 2345 2675 τὸ
2378 2623 2708 2694 πορευθῆναι
2735 2627 2814 2688 είς
2839 2620 2986 2678 οἷκον
3007 2624 3256 2689 πένθους,
3285 2625 3319 2695 ἢ
3352 2625 3411 2677 τὸ
3433 2624 3766 2696 πορευθῆναι
3791 2625 3870 2688 είς

2286 2709 2434 2766 οἷκον
2472 2714 2657 2768 πότου.
2703 2733 2721 2766 ι
2754 2715 2900 2785 Πλὴν
2953 2715 3127 2768 ἐκεῖνο
3177 2717 3491 2786 περιαθρεῖν
3532 2717 3862 2784 ἀναγκαῖον,

2287 2805 2387 2874 ὅση
2416 2822 2500 2868 τις
2522 2806 2638 2858 ἐστὶ
2667 2806 2766 2876 τῆς
2791 2807 3042 2877 νηστείας
3090 2810 3123 2877 ἡ
3171 2807 3423 2878 δύναμις.
3462 2808 3756 2877 Ἐξημεροῖ
3779 2807 3866 2858 τον

2283 2897 2582 2967 Δεσπότην,
2613 2897 2930 2963 κατευνάζει
2962 2898 3062 2969 τὴν
3111 2899 3300 2970 ὀργὴν,
3343 2899 3634 2970 ἀνατρέπει
3657 2899 3762 2969 τὴν
3789 2899 3868 2952 κό-

2284 2986 2458 3041 λασιν.
2503 2987 2759 3051 Ἑαυτοὺς
2787 2987 2896 3060 γὰρ
2925 2987 3278 3058 αἰκιζόμενοι,
3316 2990 3594 3059 μονονουχὶ
3617 2988 3866 3058 ἀγριαίν-

2284 3094 2434 3143 οντα,
2480 3078 2576 3131 καὶ
2600 3078 2964 3149 λελυττηκότα
2993 3079 3082 3132 τὸν
3107 3079 3247 3133 θεῖον
3279 3079 3401 3132 καθ’
3428 3081 3460 3149 ἡ
3471 3079 3584 3148 μῶν
3624 3075 3684 3132 εὖ
3725 3080 3864 3150 μάλα

2283 3168 2642 3239 δυσωποῦμεν
2670 3169 2861 3239 θυμὸν,
2895 3169 2989 3222 καὶ
3017 3169 3114 3240 τὴν
3141 3173 3299 3241 χεῖρα
3340 3169 3434 3223 τοῦ
3467 3170 3866 3234 καταπαίοντος

2283 3258 2519 3322 εὐκόλως
2551 3258 2930 3327 συστέλλομεν.
2968 3259 3028 3311 Ei
3073 3260 3181 3329 γάρ
3228 3261 3375 3315 ἐστιν
3405 3260 3627 3333 ἀληθὲς,
3661 3263 3749 3314 ὅτι
3779 3262 3866 3314 καὶ

2286 3349 2444 3419 μόνον
2483 3348 2872 3419 ὁμολογοῦντες
2923 3348 3023 3411 τάς
3074 3351 3350 3420 ἁμαρτίας
3401 3353 3868 3422 κατοικτείροντος

2281 3435 2416 3489 Θεοῦ
2455 3436 2830 3508 δικαιούμεθα,
2862 3437 2978 3500 πῶς
3011 3437 3074 3491 ἂν
3111 3439 3402 3492 ἐνδοιάσειέ
3439 3459 3522 3504 τις
3560 3442 3642 3494 ὅτι
3669 3445 3786 3504 τοῖς
3813 3441 3868 3506 ἐξ

2283 3529 2565 3599 ἀσκήσεως
2623 3532 2805 3592 πόνοις
2843 3529 3071 3593 ἑαυτοὺς
3128 3531 3557 3601 κατατήκοντες,
3604 3533 3699 3585 καὶ
3761 3529 3868 3586 οἷον

2282 3620 2558 3682 αἰτοῦντες
2582 3620 2756 3686 δίκας,
2789 3619 2943 3691 παρὰ
2975 3620 3108 3673 Θεοῦ
3155 3621 3262 3674 τῶν
3297 3624 3707 3694 ἡμαρτημένων
3747 3641 3867 3696 κερ-

2281 3712 2544 3782 δανοῦμεν
2574 3712 2674 3783 τὴν
2713 3714 2940 3781 ἄφεσιν;
2983 3713 3207 3766 Πενθεῖν
3228 3710 3321 3767 οῦν
3342 3715 3449 3784 ἄρα
3482 3715 3720 3781 κελεύει,
3779 3717 3866 3769 καὶ

2280 3804 2670 3876 διαρρηγνῦναι
2713 3806 2875 3874 σφᾶς,
2912 3805 3114 3876 ἥκιστα
3145 3804 3243 3874 μὲν
3265 3804 3334 3858 τὰ
3370 3806 3570 3875 ἄμφια,
3603 3807 3869 3860 διαπτύση-

2284 3912 2398 3950 σειν
2425 3896 2480 3948 δὲ
2513 3895 2714 3966 μᾶλλον
2755 3895 2962 3966 νοητῶς
3011 3896 3113 3967 τὴν
3162 3896 3388 3967 καρδίαν
3438 3896 3536 3967 τὴν
3567 3899 3754 3968 ἀπηνῆ
3780 3900 3868 3951 καὶ

2289 3985 2668 4056 πεπιλημένην
2723 3987 2802 4050 είς
2852 3986 2919 4056 ἢν
2975 3987 3004 4038 ό
3063 3987 3202 4050 θεῖος
3233 3986 3331 4039 οὐκ
3361 3986 3627 4040 εἰσδύεται
3681 3988 3864 4056 φόϐος.

2296 4075 2629 4129 Ἐπιστέλλει
2686 4071 2778 4130 οὖν
2834 4075 3142 4147 Κορινθίοις
3193 4078 3221 4129 ό
3259 4075 3503 4139 Παῦλος
3557 4096 3576 4129 ‹
3611 4078 3684 4132 Οὐ
3748 4095 3868 4131 στεο

2283 4169 2608 4240 νοχωρεῖσθε
2644 4170 2702 4222 ὲν
2727 4171 2886 4240 ἡμῖν,
2909 4169 3330 4240 στενοχωρεῖσθε
3363 4169 3418 4222 δὲ
3443 4171 3500 4223 ὲν
3526 4173 3641 4233 τοῖς
3663 4171 3866 4240 σπλάγ-

2282 4277 2429 4337 χνοις
2483 4260 2654 4330 ὐμῶν.
2695 4259 2806 4331 Τὴν
2841 4260 2896 4312 δὲ
2947 4261 3118 4331 αὐτὴν
3168 4259 3515 4329 ἀντιμισθίαν
3550 4261 3627 4323 ὡς
3658 4263 3866 4326 τέκνοις

2282 4351 2444 4419 λέγω,
2461 4351 2800 4420 πλατύνθητε
2818 4352 2912 4404 καὶ
2925 4352 3102 4422 ὑμεῖς.
3117 4369 3135 4402 ι
3153 4351 3273 4422 Χρὴ
3285 4347 3377 4405 οὖν
3397 4352 3504 4422 ἄρα
3517 4354 3867 4423 κατευρύνειν

2287 4441 2388 4512 μὲν
2418 4441 2608 4509 ὥσπερ
2630 4441 2749 4512 Θεῷ
2780 4441 2878 4512 τὴν
2912 4441 3160 4512 καρδίαν,
3187 4441 3281 4494 καὶ⁷
3313 4444 3596 4512 μονονουχὶ
3628 4444 3722 4496 τὸν
3747 4444 3866 4497 νοῦν

2285 4531 2736 4603 περιρῥηγνῦναι,
2799 4531 3189 4598 ἴνέίσδέξαιτο
3236 4532 3296 4584 τὸ
3349 4532 3538 4587 αὐτοῦ.
3594 4534 3866 4605 Τογάρτοι

602 4634 734 4688 nihil
770 4632 873 4686 illis
931 4628 1196 4700 profuerit
1235 4627 1328 4696 qui
1364 4626 1414 4680 id
1450 4624 1694 4681 fecerint.
1723 4623 1838 4678 Non
1869 4623 1973 4677 vile
2001 4631 2180 4676 autem

2290 4623 2621 4678 πλάττεσθαι
2659 4623 2852 4694 λύπην,
2889 4624 3430 4695 καταρῤηγνυμένων
3465 4627 3588 4696 εἰκῇ
3627 4627 3722 4679 καλ⁸
3767 4628 3866 4696 μάλ

599 4726 809 4780 lucrum
849 4721 1174 4794 apportabit,
1214 4719 1429 4789 aperire
1469 4731 1564 4772 cor
1605 4715 1738 4782 Deo,
1777 4723 1832 4769 et
1871 4713 1981 4769 illic
2021 4728 2177 4783 repo-

601 4828 731 4871 nere
757 4814 901 4885 quod
923 4813 996 4867 illi
1022 4813 1225 4882 placet;
1251 4811 1517 4866 conducet
1559 4808 1704 4862 enim
1730 4822 1814 4862 res
1837 4806 1900 4860 ad
1927 4804 2177 4860 salutem.

602 4908 718 4962 Non
759 4918 936 4961 autem
983 4921 1079 4974 spe
1120 4920 1216 4960 sua
1257 4905 1506 4971 lapsuros
1551 4899 1865 4968 suppliciter
1903 4904 2177 4967 rogantes,

601 4999 864 5069 prOpheta
924 4997 1238 5059 confirmat,
1276 4993 1528 5063 inquiens
1571 4989 1853 5043 Dominum
1897 4988 2178 5042 universo-

602 5105 722 5144 rum
754 5103 874 5143 esse
903 5087 1216 5157 benignum,
1247 5094 1304 5140 et
1332 5083 1512 5137 multa:
1544 5080 1959 5144 misericordiae,
1990 5087 2044 5134 et
2072 5079 2177 5132 mi-

601 5191 920 5244 seratorem,
945 5190 1000 5234 et
1028 5179 1252 5240 bonum,
1280 5183 1329 5229 et
1360 5173 1711 5242 p'ueniteutem
1743 5185 1906 5239 super
1932 5168 2176 5224 malitiis.

601 5271 736 5326 Nam
779 5271 880 5325 etsi
927 5277 1244 5338 peccatores
1286 5263 1522 5332 afﬂigere
1560 5261 1808 5329 coeperit,
1853 5268 2030 5312 tamen
2073 5271 2180 5312 non

602 5361 692 5416 diu
740 5371 860 5428 post
907 5356 1158 5422 lenietur,
1200 5352 1464 5421 facileque
1511 5350 1578 5404 ad
1627 5347 2012 5418 benignitatem
2059 5360 2182 5401 sese

606 5447 919 5505 transferet.
964 5445 1076 5500 Hoc
1115 5450 1244 5514 puto
1285 5455 1406 5496 esse
1446 5457 1466 5492 ι
1515 5439 1782 5509 pcenitere
1823 5451 1986 5506 super
2023 5436 2180 5489 mali-

607 5542 715 5597 tiis.
752 5560 771 5593 ι
809 5540 1048 5595 Salutem
1079 5548 1241 5606 porro
1271 5532 1701 5604 desperantibus,
1733 5527 1994 5600 propheta
2030 5527 2180 5583 utili-

605 5643 686 5687 ter
708 5631 1066 5703 cogitationes
1086 5635 1139 5682 et
1162 5624 1388 5681 consilia
1412 5623 1628 5693 propria
1653 5621 1974 5691 praecidens,
1997 5638 2016 5672 ι
2047 5618 2182 5686 Quis

2296 4729 2417 4784 την,
2456 4714 2700 4785 ὀνήσειεν
2740 4714 2806 4768 ἂν
2839 4715 2990 4768 οὐδὲν
3028 4715 3156 4778 τοὺς
3186 4714 3345 4767 τοῦτο
3377 4715 3510 4786 δρᾷν
3537 4717 3862 4788 ᾑρημένους.

2300 4805 2607 4878 Ἐμποιήσῃ
2644 4805 2687 4858 δ’
2739 4805 2804 4859 ἂν
2850 4807 2911 4858 οὐ
2956 4805 3128 4876 βραχύ
3157 4805 3217 4858 τὸ
3247 4807 3438 4876 κέρδος
3464 4808 3526 4861 τὸ
3555 4809 3866 4878 ἀνοιγνύναι

2286 4898 2538 4970 καρδίαν,
2561 4898 2655 4952 καὶ
2682 4897 3097 4950 ὲναποτίθεσθαι
3125 4895 3186 4948 τὸ
3207 4896 3396 4950 δοκοῦν
3419 4897 3496 4967 τῷ
3530 4898 3672 4970 Θεῷ.
3719 4902 3868 4955 Ἀπο-

2287 4992 2470 5062 κομιεῖ
2495 4991 2604 5060 γὰρ
2644 4990 2705 5043 τὸ
2750 4990 2938 5060 χρῆμα
2987 4989 3124 5060 πρὸς
3157 4989 3454 5060 σωτηρίαν.
3499 4992 3620 5045 Ὀτι
3670 4993 3727 5047 δὲ
3773 4996 3866 5047 οὐκ

2285 5080 2675 5145 ἀποτεύξονται
2739 5079 2834 5132 τοῦ
2899 5079 3105 5133 σκοποῦ
3161 5081 3476 5151 ποιούμενοι
3521 5082 3620 5146 τὰς
3684 5083 3864 5148 λιτὰς,

2285 5173 2513 5244 eamea:
2564 5173 2760 5241 λέγων,
2814 5173 2890 5235 ὡς
2941 5171 3027 5244 εῐη
3060 5173 3157 5243 μὲν
3185 5172 3344 5226 ὁτῶν
3397 5173 3534 5228 ὅλων
3589 5178 3868 5248 Δεσπότης

2285 5262 2665 5334 φιλάνθρωπός
2686 5279 2764 5329 τε,
2787 5263 2879 5318 καὶ
2900 5262 3163 5332 φιλέλεος,
3182 5265 3502 5336 οἰκτίρμων,
3522 5267 3616 5321 καὶ
3641 5270 3863 5336 ἀγαθὸς.

2287 5349 2383 5405 καὶ
2413 5351 2690 5422 μετανοῶν
2711 5352 2805 5406 ἐπὶ
2836 5355 2956 5416 ταῖς
2989 5353 3231 5416 κακίαις.
3255 5353 3319 5407 Ei
3343 5355 3454 5426 γὰρ
3485 5355 3550 5426 δὴ
3575 5360 3668 5410 καὶ
3697 5359 3866 5412 ἕλοιτο

2288 5443 2490 5498 κακοῦν
2511 5444 2634 5507 τοὺς
2653 5445 3064 5516 ἡμαρτηκότας,
3090 5445 3204 5497 ἀλλ’
3241 5441 3334 5498 οὖν
3366 5446 3522 5499 ἔσται
3549 5451 3744 5519 πρᾶος,
3779 5452 3867 5505 καὶ

2286 5536 2388 5590 οὐκ
2407 5536 2464 5600 ἐς
2497 5536 2735 5608 μακράν.
2778 5537 3101 5608 Μεταχωρεῖ
3123 5537 3234 5609 γὰρ
3267 5537 3509 5601 εὐκόλως
3547 5541 3642 5593 ἐπὶ
3663 5540 3729 5594 τὸ
3749 5540 3867 5609 βου-

2285 5626 2537 5683 λεύεσθαι
2559 5627 2628 5682 τὰ
2654 5629 2886 5700 χρηστά.
2915 5627 3086 5682 Τοῦτο
3109 5623 3248 5682 εἶναί
3279 5646 3422 5701 φημι
3443 5630 3504 5683 τὸ
3541 5650 3561 5684 ι
3589 5633 3866 5701 μετανοεῖν

679 5811 726 5846 ⁸⁸
776 5811 818 5867 ιι
873 5811 996 5869 Cor.
1035 5826 1132 5882 vn,
1165 5807 1252 5866 l0.
1308 5807 1354 5841 ”
1381 5805 1571 5864 Matth.
1625 5822 1675 5876 ν,
1723 5805 1775 5862 5.
1852 5807 1897 5841 ’⁵
1932 5805 2109 5866 Eccle.
2179 5825 2182 5833 ε

2307 5813 2360 5869 5.
2435 5813 2479 5847 "
2543 5813 2757 5870 lJoan.
2811 5828 2846 5880 ι,
2897 5812 2949 5867 9.
3024 5811 3069 5844 ’7
3107 5809 3149 5865 ll
3207 5811 3329 5867 Cor.
3368 5828 3445 5879 vt,
3510 5813 3596 5877 l2,
3649 5812 3745 5870 i3.
