4068 6540
258 413 376 476 363

260 540 364 592 ἐπὶ
403 540 521 602 ταῖς
577 536 820 600 κακίαις.
849 556 868 590 ι
926 536 1394 609 ’Υποτεμνόμενος
1417 539 1474 592 δὲ
1505 539 1788 610 χρησίμως
1816 539 1844 588 ὁ
1873 572 1919 628 Α

262 633 558 700 προφήτης
588 630 696 683 τῶν
719 633 817 702 τὴν
841 631 1111 702 σωτηρίαν
1134 631 1530 698 ἀπεγνωκότων
1552 631 1612 682 τὸ
1644 630 1846 682 εἰκαιό-

263 719 483 784 6ουλον,
507 740 524 771 ι
562 721 656 784 Τίς
677 716 841 787 cide,»
861 722 1047 791 φησὶν,
1077 741 1094 774 ι
1122 724 1170 775 εί
1201 723 1544 794 μετανοήσει,
1581 720 1674 773 καὶ
1721 721 1847 772 ὐποο

260 812 501 880 λήψεται
530 812 704 866 ὀπίσω
729 813 892 866 αὐτοῦ
914 814 1164 882 εὐλογίαν
1190 830 1204 878 ;
1245 833 1262 865 ι
1291 813 1383 867 καὶ
1417 813 1484 866 τά
1505 813 1651 882 ἑξῆς.
1679 813 1847 864 Τουτ-

260 903 410 958 ἐστι.
440 903 600 956 δώσει
620 907 731 968 τοῖς
756 905 1142 976 ἐπιστρέφουσι
1171 906 1231 958 τὸ
1257 907 1550 976 ’μετασχεῖν
1573 904 1841 972 εὐλογίαν,

1155 406 1702 473 COMMENTARIUS
1735 403 1806 469 ἸΝ
1852 403 2116 472 JOELEM
2157 411 2597 475 PROPHETAM.

3413 416 3516 475 ωε

1949 538 2148 605 novit,»
2170 537 2397 608 inquit,¢
2415 539 2458 593 si
2490 538 2768 608 paenitebit
2797 550 2939 601 eum,
2971 546 3022 592 et
3051 537 3284 592 dimittet
3310 544 3431 605 post
3457 550 3518 590 se

1949 631 2412 685 benedictionem?
2430 649 2448 683 ι
2467 640 2598 695 etc.;
2624 631 2674 682 id
2701 637 2801 691 est,
2829 628 2973 682 dabit
2999 624 3434 682 converteutibus
3458 639 3518 679 se

1949 721 2333 776 benedictionis
2365 721 2480 775 ﬁeri
2519 721 2840 788 participes,
2872 729 2927 772 ut
2960 719 3189 772 libamen
3220 727 3275 772 et
3306 716 3520 770 sacriil-

1949 811 2088 864 cium
2119 812 2310 865 iterum
2342 812 2438 880 ipsi
2468 810 2663 865 oﬂ'erre
2689 819 2906 876 queant,
2934 807 3234 876 gaudioque
3257 816 3310 862 et
3335 807 3518 862 laetitia

1955 903 2292 957 exsultantes
2320 902 2614 971 gratiarum
2645 903 2883 954 actiones
2911 899 3214 952 decantent.

261 993 411 1048 ὥστε
445 999 538 1050 καὶ
561 999 789 1070 σπονδὴν
833 999 928 1053 καὶ
958 999 1149 1054 θυσίαν
1172 993 1449 1054 ἀναθεῖναι
1475 999 1637 1052 πάλιν
1693 997 1874 1069 αὐτῷ,
1911 997 2199 1069 χαίροντας
2233 1015 2291 1050 τε
2327 998 2420 1051 καὶ
2478 993 2938 1064 εὐφοαινοιιένους
2961 992 3271 1063 ἀναμέλψαι
3305 992 3374 1046 τὰ
3420 1009 3520 1061 χαι

265 1093 526 1159 ριστήρια

342 1181 692 1234 Σαλπίσατε
727 1179 1018 1252 σάλπιγγι
1059 1183 1126 1236 ἐν
1172 1182 1357 1249 Σιὼν,
1411 1183 1699 1252 ἁγιάσατε
1740 1200 1847 1250 νη-

259 1272 502 1335 στείαν,
531 1273 827 1343 κηρύξατε
877 1274 1216 1343 θεραπείαν,
1258 1274 1628 1343 συναγάγετε
1668 1274 1846 1340 λαὸν,

258 1359 558 1432 ἁγιάσατε
604 1365 994 1433 Ἐκκλησίαν,
1023 1361 1355 1430 ἐκλέξασθε
1385 1363 1846 1433 πρεσϐυτέρους,

258 1454 564 1522 συνάγετε
598 1455 785 1522 νήπια
831 1452 1164 1524 θηλάζοντα
1205 1459 1491 1526 μαστούς.
1530 1457 1851 1520 Ἐεελθέτω

257 1547 528 1612 νυμφίος
575 1547 645 1599 ἐκ
693 1543 800 1601 τοῦ
856 1546 1159 1611 κοιτῶνος,
1217 1549 1313 1601 καί
1361 1550 1567 1617 νύμφη
1614 1548 1682 1600 ἐκ
1735 1546 1842 1600 τοῦ

258 1637 508 1690 παστοῦ
529 1636 737 1705 αὐτῆς.
784 1638 1107 1708 Ἇναμέσον
1144 1637 1254 1706 τῆς
1284 1639 1572 1707 κρηπίδος
1615 1637 1840 1691 καὶτοῦ

258 1725 701 1796 θυσιαστηρίου
751 1731 1122 1783 κλαύσονται
1171 1733 1224 1783 ol
1275 1729 1466 1796 ίερεῖς,
1493 1734 1545 1784 ol
1576 1733 1844 1798 λειτουρ-

2018 1175 2180 1244 220
2226 1171 2388 1226 Vens.
2419 1171 2600 1226 15-17.
2635 1169 2872 1240 Clangite
2899 1171 3025 1225 tuba
3055 1170 3110 1224 in
3143 1168 3293 1237 Sion,
3319 1175 3519 1228 sancti-

1947 1265 2098 1333 ﬁcate
2116 1263 2397 1332 jejunium,
2421 1261 2700 1329 pra'dt'cate
2723 1261 3068 1325 curationem,
3091 1272 3396 1331 congregata
3417 1281 3519 1329 μοι

1946 1357 2144 1423 pulum,
2164 1354 2488 1420 sanctiﬁcata
2509 1353 2815 1418 Ecclesium,
2835 1353 3008 1423 eligite
3027 1354 3278 1418 seniores,
3294 1369 3514 1422 congre-

1947 1457 2065 1515 gate
2097 1443 2340 1514 parvulos
2372 1453 2608 1512 sugentes
2641 1443 2823 1497 ubera.
2853 1442 3174 1513 Egrediatur
3199 1458 3418 1511 sponsus
3451 1445 3516 1496 de

1949 1537 2109 1590 cubili
2144 1553 2260 1601 suo,
2295 1547 2341 1590 et
2377 1553 2569 1605 sponsa
2601 1537 2665 1592 de
2698 1539 2928 1592 thalamo
2959 1554 3074 1592 suo.
3113 1537 3260 1592 Inter
3290 1540 3516 1607 crepidia

1948 1645 2062 1682 nem
2097 1637 2146 1682 et
2181 1629 2347 1683 altare
2379 1629 2655 1698 plorabant
2690 1630 2988 1684 sacerdotes
3025 1630 3376 1685 ministrantes
3409 1631 3519 1684 Do-

1947 1721 2111 1785 mino,
2146 1729 2192 1773 et
2231 1721 2399 1774 dicent
2434 1736 2453 1774 :
2487 1719 2676 1784 Parce,
2709 1720 2952 1785 Domine,
2987 1721 3179 1790 populo
3221 1732 3332 1784 tuo,
3365 1731 3414 1774 et
3456 1737 3517 1775 ne

257 1816 518 1883 γοῦντες
560 1819 774 1887 Κυρίῳ,
807 1819 904 1872 καὶ
938 1821 1203 1887 ἐροῦσινο
1246 1822 1474 1888 Φεῖσαι,
1503 1822 1697 1889 Κύριε,
1738 1821 1836 1876 τοῦ

1947 1810 2037 1864 des
2065 1808 2420 1863 hereditatem
2451 1821 2595 1863 tuam
2627 1812 2679 1863 in
2710 1809 3065 1879 opprobrium,
3099 1819 3155 1863 ut
3185 1813 3518 1864 dominentur

254 1907 418 1961 λαοῦ
453 1924 569 1962 σου
596 1949 611 1974 ,
670 1910 767 1963 καὶ
809 1904 896 1980 μὴ
944 1909 1062 1976 δῷς
1119 1909 1234 1980 τὴν
1274 1913 1680 1981 κληρονομίαν
1726 1925 1842 1967 σου

271 2003 364 2065 εἰς
423 2000 651 2067 ὄνειδος
701 2001 806 2056 τοῦ
875 2001 1164 2070 κατάρξαι
1205 2002 1403 2056 αὐτῶν
1449 2003 1624 2072 ἔθνη,
1683 2002 1844 2069 ὅπως

250 2089 344 2158 μὴ
378 2091 633 2145 εἴπωσιν
674 2091 743 2144 ἐν
784 2091 908 2156 τοῖς
952 2091 1178 2156 ἔθνεσι,
1221 2092 1346 2146 Ποῦ
1393 2092 1566 2146 ἐστιν
1611 2093 1644 2146 ὀ
1698 2091 1843 2158 Θεὸς

257 2181 464 2238 αὐτῶν
478 2199 498 2245 ;

335 2273 609 2326 KH'-K6’.
634 2272 977 2345 Διανίστησιν
1021 2269 1078 2328 εὐ
1109 2275 1256 2346 μάλα
1280 2276 1372 2329 καὶ
1406 2273 1494 2328 διὰ
1512 2274 1714 2329 τούτων
1745 2275 1840 2328 αὐ-

259 2363 392 2426 τοὺς
425 2366 504 2427 είς
558 2366 920 2434 μετάγνωσιν,
973 2366 1067 2418 καὶ
1128 2367 1328 2437 τρόπον
1381 2363 1567 2419 οὐδένα
1627 2364 1726 2437 τῆς
1761 2367 1841 2430 είς

262 2457 425 2510 τοῦτο
459 2457 691 2527 σπουδῆς
742 2458 1180 2528 ἀνεπιτήδευτον,
1221 2459 1316 2529 ὲᾷν
1347 2458 1624 2512 ἐπιτάττει
1650 2458 1838 2529 χρησίο

261 2565 405 2617 μεως.
427 2546 545 2601 Δεῖν
562 2548 666 2618 γὰρ
705 2549 807 2618 ἔφη
830 2543 1066 2620 λαμπρῷ
1094 2552 1186 2603 καὶ
1210 2548 1498 2622 διαπρεπεῖ
1524 2550 1838 2623 κηρύγματι

260 2640 664 2710 κεχρημένους,
695 2639 944 2708 ἀγιάζειν
973 2643 1070 2712 μὲν
1105 2643 1377 2713 νηστείαν,
1409 2640 1642 2715 κηρύξαι
1671 2643 1725 2697 δὲ
1753 2643 1838 2696 θε-

261 2731 521 2799 ραπείαν,
571 2732 662 2784 καὶ
724 2734 1066 2802 συναγείρειν
1094 2734 1150 2786 ὲν
1195 2732 1494 2805 Ἐκκλησία
1521 2737 1647 2798 τούς
1680 2733 1837 2805 θερα-

261 2824 453 2877 πεύειν
482 2823 812 2892 ὀφείλοντας,
849 2823 1005 2895 δῆλον
1037 2820 1092 2877 δὲ
1116 2825 1198 2878 ὅτι
1219 2824 1594 2896 λελυπημένον
1618 2820 1709 2878 τὸν
1730 2824 1837 2878 τῶν

259 2915 402 2968 ὅλων
440 2915 594 2969 Θεόν.
628 2913 751 2969 Εῐεν
787 2914 831 2969 δ’
854 2915 920 2970 ἂν
957 2910 1101 2970 οὗτοι
1125 2917 1417 2981 νεανίσκοι,
1437 2917 1530 2972 καὶ
1557 2917 1833 2988 παρθένοι,

261 3007 627 3080 πρεσϐύτεροι
666 3008 804 3078 μετὰ
833 3008 1136 3079 νεωτέρων,
1173 3009 1344 3078 νήπιά
1372 3027 1431 3062 τε
1466 3009 1603 3080 πρὸς
1629 3009 1838 3075 τούτοις

257 3099 546 3164 ἀρτιγενῆ,
587 3098 679 3152 καὶ
706 3099 987 3164 ὑπότιτθα,
1037 3101 1129 3152 καὶ
1160 3099 1264 3164 μὴν
1297 3099 1390 3153 καὶ
1432 3117 1557 3164 νυμι

301 3099 546 3168 ρτιγενῆ,
587 3099 679 3152 καὶ
706 3099 987 3164 ὑπότιτθα,
1037 3101 1129 3152 καὶ
1160 3099 1264 3171 μὴν
1297 3099 1390 3153 καὶ
1432 3101 1688 3171 νυμφίοι,
1741 3101 1836 3156 καὶ

301 3191 558 3260 ρτίγαμοι
607 3191 785 3260 κόραι,
817 3191 960 3260 τάχα
992 3207 1094 3243 που
1127 3190 1579 3260 κατεστεμμένων
1622 3190 1701 3244 ἔτι
1731 3207 1835 3245 πα-

1939 3099 2212 3153 coronatis
2251 3109 2622 3164 excurrentes,
2659 3108 2717 3154 et
2758 3099 3010 3154 lectulum
3057 3101 3321 3170 genialem
3363 3103 3512 3158 dese-

1945 3199 2144 3254 rentes,
2173 3189 2607 3259 voluptatemque
2632 3198 2685 3242 et
2711 3189 2897 3259 epulas
2923 3190 3298 3260 despicientes,
3325 3199 3380 3244 et
3405 3192 3512 3244 vita

257 3190 558 3260 ἀρτίγαμοι
607 3191 785 3260 κόραι,
817 3191 960 3260 τάχα
992 3207 1094 3243 που
1127 3190 1579 3261 κατεστεμμένων
1622 3190 1701 3244 ἔτι
1731 3207 1835 3245 πα-

260 3280 406 3334 στῶν
431 3281 734 3345 ἐκθέουσαι,
787 3282 882 3333 καὶ
927 3280 1234 3351 γαμηλίους
1270 3281 1431 3344 εὐνὰς
1467 3280 1795 3352 ἀρνούμεναι
1818 3322 1832 3347 ,

256 3372 472 3442 τρυφῆς
501 3388 580 3436 τε,
610 3373 706 3424 καὶ
734 3371 896 3424 πότου
925 3371 1292 3442 ὐπερορῶσαι,
1324 3372 1419 3425 καὶ
1440 3369 1836 3440 ἀλλασσόμεναι

257 3461 360 3531 τὴν
417 3461 840 3532 σκληραγωγίαν
907 3461 1136 3532 (κρότου
1195 3462 1691 3533 περιεσταλμένου,
1743 3462 1837 3514 καὶ

255 3551 523 3621 ᾀσμάτων
558 3552 932 3622 ἠρεμούντων,
976 3555 1070 3607 καὶ
1099 3553 1402 3624 εὐφημιῶν,
1432 3553 1497 3616 ἃς
1547 3552 1666 3615 ἔθος
1695 3553 1834 3606 τισὶν

258 3642 521 3695 ἀνάπτειν
542 3642 749 3697 ἔσθ’ὃτε
767 3648 880 3708 τοῖς
896 3646 1286 3716 γεγαμηκόσι),
1300 3646 1396 3699 καὶ⁸
1422 3644 1557 3715 ὁμοῦ
1580 3645 1834 3716 νυμφίοις

254 3731 673 3803 ὀλοφυρόμεναι.
721 3736 832 3788 Καὶ
869 3737 977 3807 γάρ
1005 3737 1153 3806 ἐστιν
1197 3736 1395 3808 ἀληθὲς
1444 3736 1579 3807 ὅπερ
1607 3734 1711 3806 ἐφη
1748 3752 1836 3799 τις

253 3821 367 3874 τῶν
405 3822 534 3892 παρ’
573 3825 704 3893 ήμῖν
741 3825 939 3895 σοφῶνο
979 3826 1266 3880 «Μουσικὰ
1285 3827 1344 3879 ὲν
1367 3825 1572 3890 πένθει,
1607 3825 1834 3896 ἄκαιρος

253 3912 528 3984 διήγησις.
576 3915 995 3988 Ἐπηρτημένης
1022 3918 1085 3988 δὴ
1133 3913 1225 3971 οὖν
1275 3919 1408 3989 ἡμῖν
1445 3917 1592 3980 θείας
1624 3916 1828 3988 ὀργῆς,

254 4003 474 4057 πενθεῖν
521 4005 851 4074 ἀναγκαῖον,
900 4008 1023 4078 οὐχὶ
1082 4009 1268 4072 πότοις
1322 4025 1382 4061 τε
1450 4008 1544 4062 καὶ
1601 4009 1833 4078 τρυφαῖς

253 4095 639 4165 ὶνευρύνεσθαι
674 4099 869 4167 φιλεῖν.
899 4100 1022 4152 ’Ότι
1061 4098 1169 4170 γὰρ
1221 4099 1320 4152 οὐκ
1375 4099 1724 4170 ἀμοιρήσειεν
1765 4098 1831 4152 ἃν

257 4190 481 4257 μομφῆς
512 4205 592 4253 τε,
630 4191 723 4244 καὶ
753 4190 908 4260 δίκης
936 4189 997 4242 τὸ
1019 4191 1118 4244 οὐκ
1164 4192 1222 4243 ἐν
1251 4191 1428 4262 καιρῷ
1463 4191 1696 4262 τρυφᾷν,
1737 4207 1833 4243 σα-

255 4281 440 4346 φηνιεῖ
466 4295 552 4343 τις
574 4280 682 4333 τῶν
719 4281 890 4348 ἁγίων
923 4282 1237 4353 προφητῶν,
1267 4282 1441 4350 λέγων
1480 4283 1608 4352 περὶ
1633 4280 1742 4334 τῶν
1773 4280 1834 4346 ἐξ

264 4367 506 4440 Ἰσραήλ·
553 4389 570 4421 ι
593 4372 702 4424 Καὶ
732 4371 958 4426 ἐκάλεσε
980 4373 1181 4443 Κύριος
1204 4373 1430 4426 Σαϐαὼθ
1461 4374 1518 4426 ὲν
1550 4374 1616 4443 τῇ
1645 4372 1831 4445 ήμέρᾳ

1943 1916 2124 1954 eorum
2159 1911 2351 1970 gentes,
2387 1908 2443 1954 ut
2480 1917 2583 1956 non
2615 1901 2794 1956 dicant
2831 1903 2885 1955 in
2921 1902 3219 1957 nationibus
3252 1918 3270 1957 :
3301 1901 3404 1956 Ubi
3439 1910 3518 1955 est

1949 1991 2083 2044 Deus
2114 2007 2294 2045 eorum
2308 1992 2335 2046 .‘

2009 2268 2448 2331 XXVIII-XXIX.
2491 2275 2664 2331 Etiam
2705 2276 2786 2332 bis
2808 2291 2900 2333 eos
2922 2276 2987 2331 ad
3009 2277 3380 2347 paenitentiam
3431 2291 3518 2330 re-

1941 2362 2179 2419 ctissime
2195 2365 2563 2427 exsuscitat,et
2582 2367 2766 2422 modos
2781 2382 2967 2422 omnes
2985 2367 3034 2421 in
3047 2367 3149 2424 hoc
3165 2367 3341 2423 studio
3355 2382 3520 2437 expc.-

1942 2453 2035 2508 riri
2059 2455 2347 2511 salubriter
2371 2456 2630 2525 prrecipit.
2646 2456 2906 2527 Oportere
2923 2460 3089 2522 enim,
3107 2459 3300 2526 inquit,
3321 2458 3517 2529 insigni

1939 2555 1994 2600 et
2020 2547 2301 2601 excellenti
2323 2547 2726 2604 denuntiatione
2747 2549 2982 2603 adhibita
3015 2550 3354 2604 sanctiﬁcare
3373 2549 3517 2619 jeju-

1940 2638 2108 2703 nium,
2136 2640 2428 2708 praedicare
2454 2640 2812 2705 curationem,
2832 2649 3225 2712 etcongrcgare
3251 2642 3302 2696 in
3333 2640 3518 2696 Eccle~

1938 2729 2094 2794 siam,
2114 2732 2203 2799 qui
2229 2732 2391 2786 Deum
2412 2729 2672 2785 oiiensum
2697 2733 3008 2802 propitient,
3032 2748 3221 2801 nempe
3245 2751 3264 2783 ι
3288 2732 3516 2802 juvenes

1937 2831 1988 2877 et
2022 2825 2291 2893 virgines,
2325 2839 2483 2878 senes
2517 2839 2637 2879 cum
2667 2825 2972 2894 junioribus
2997 2825 3065 2889 θ’,
3104 2843 3122 2876 ι
3165 2825 3395 2879 infantes
3432 2825 3517 2878 in-

1938 2931 2098 2986 super
2124 2918 2282 2972 modo
2311 2918 2519 2987 genitos
2543 2918 2586 2981 ¹,
2613 2926 2664 2971 et
2697 2918 2872 2972 adhuc
2903 2919 3002 2973 sub
3032 2919 3218 2982 ubere,
3252 2929 3514 2987 prreterea

1937 3025 2163 3079 sponsos
2189 3019 2243 3064 et
2272 3025 2438 3066 novas
2468 3019 2680 3081 nuptas,
2712 3012 2961 3066 nimirum
2989 3027 3018 3066 e
3051 3012 3302 3068 thalamis
3333 3014 3512 3068 adhuc

1939 3099 2212 3153 coronatis
2251 3109 2622 3164 excurrentes,
2659 3108 2717 3154 et
2758 3099 3010 3154 lectulum
3057 3101 3321 3170 genialem
3363 3103 3518 3158 dese-

1940 3282 2235 3337 austeriore
2264 3292 2653 3336 commutantes
2685 3282 2907 3352 (plausu
2941 3296 3272 3350 compresso,
3304 3283 3516 3350 epitba~

1941 3369 2117 3424 lamiis
2155 3370 2458 3434 silentibus,
2495 3380 2549 3424 et
2590 3372 2744 3426 bonis
2783 3372 3075 3436 ominibus,
3115 3373 3308 3440 quibus
3349 3388 3515 3427 novos

1939 3461 2196 3531 conjuges
2219 3462 2435 3531 quidam
2465 3461 2717 3531 prosequi
2745 3462 2966 3530 solent),
2992 3469 3046 3515 et
3071 3477 3173 3516 una
3199 3477 3319 3516 cum
3346 3477 3498 3531 spon~

1939 3555 2014 3608 sis
2058 3554 2432 3608 lamentantes.
2474 3553 2669 3607 Verum
2734 3553 2997 3622 siquidem
3049 3568 3186 3607 unus
3232 3568 3262 3608 e
3311 3555 3511 3608 nostris

1937 3642 2273 3712 sapientibus
2304 3643 2437 3697 dixit
2467 3659 2482 3699 :
2521 3661 2539 3695 ι
2577 3641 2778 3697 Musica
2813 3643 2863 3696 in
2895 3642 3060 3706 luctu,
3090 3651 3173 3696 est
3204 3643 3510 3712 importuna

1937 3735 2175 3789 narratio
2189 3735 2232 3786 ’.
2260 3752 2278 3785 ι
2304 3732 2655 3804 Opprimente
2679 3733 2840 3804 igitur
2859 3746 2955 3787 nos
2980 3734 3055 3787 ira
3077 3731 3275 3795 divina,
3302 3731 3506 3800 lugere,

1937 3839 2043 3878 non
2070 3824 2332 3878 conviviis
2353 3834 2406 3878 et
2430 3823 2639 3878 deliciis
2663 3825 2840 3878 soluto
2866 3824 3048 3878 animo
3075 3837 3266 3878 vacare
3291 3838 3512 3878 necesse

1934 3926 2036 3971 est.
2061 3915 2196 3970 Nam
2226 3917 2600 3985 intempestive
2628 3915 2757 3970 dare
2786 3929 3005 3984 Operam
3030 3914 3310 3985 voluptati,
3338 3924 3391 3970 et
3423 3931 3510 3970 re-

1936 4009 2350 4079 prehensionem
2379 4019 2435 4065 et
2463 4019 2676 4079 poenam
2709 4010 2928 4075 mereri,
2959 4011 3178 4080 quidam
3209 4014 3276 4066 de
3304 4011 3509 4068 sanctis

1935 4101 2214 4170 prophetis
2241 4101 2496 4165 ostendit,
2526 4101 2610 4156 his
2636 4101 2815 4156 verbis
2842 4101 2909 4156 de
2938 4100 3207 4154 lsraelitis
3235 4100 3462 4170 loquens
3491 4121 3507 4156 :

1941 4211 1960 4246 ι
1999 4193 2065 4248 Et
2091 4192 2303 4248 vocavit
2336 4193 2594 4248 Dominus
2623 4191 2862 4247 Sabaoth
2891 4192 2944 4245 in
2973 4191 3060 4247 die
3091 4191 3179 4246 illa
3210 4189 3427 4258 ﬂetum,
3454 4205 3511 4246 et

1933 4283 2230 4352 planctum,
2253 4291 2308 4338 et
2335 4283 2629 4348 calvitium,
2659 4291 2712 4337 et
2741 4282 3042 4337 cincturam
3073 4296 3378 4349 saccorum;
3408 4283 3509 4351 ipsi

1935 4385 2111 4430 autem
2138 4377 2379 4429 fecerunt
2399 4374 2663 4438 laetitiam,
2690 4373 3034 4428 immolantes
3054 4372 3247 4428 vitulos
3269 4384 3322 4430 et
3343 4375 3511 4428 sacri-

252 4457 437 4529 ἑκείνῃ
488 4459 784 4532 κλαυθμὸν,
817 4463 909 4516 κοιλ⁵
953 4465 1219 4529 κοπετὸν,
1278 4465 1374 4518 καὶ
1425 4464 1682 4536 ξύρησιν,
1733 4464 1827 4518 καὶ

1937 4468 2160 4521 iicantes
2185 4479 2341 4530 oves;
2373 4465 2444 4519 ita
2472 4475 2530 4518 ut
2562 4463 2909 4519 comederent
2935 4479 3148 4525 carnes,
3179 4473 3233 4518 et
3262 4464 3510 4519 biberent

252 4552 419 4616 ζῶσιν
452 4555 860 4622 σάκκων,αὐτοὶ
881 4559 938 4612 δὲ
960 4560 1287 4631 ἐποιήσαντο
1316 4558 1672 4631 εὐφροσύνας,
1689 4559 1824 4627 σφά-

251 4645 438 4710 ζοντες
473 4647 676 4719 μόσχου
693 4668 720 4714 ς
738 4690 752 4714 ,
778 4651 867 4703 καὶ
891 4650 1108 4715 θύοντες
1143 4651 1410 4722 πρόϐατα,
1435 4652 1528 4704 καὶ
1556 4651 1828 4718 λέγοντεςο

248 4737 540 4808 Φάγωμεν,
574 4741 668 4794 καὶ
702 4742 936 4811 πίωμεν,
979 4741 1167 4814 αὔριον
1195 4742 1305 4811 γὰρ
1335 4741 1772 4813 ἀποθνήσκομεν.
1804 4759 1824 4794 ι

250 4831 522 4898 Ζητητέον
572 4827 666 4884 οὖν
725 4831 975 4904 θρήνους,
1034 4835 1127 4886 καὶ
1182 4833 1390 4903 δάκρυα
1445 4831 1830 4903 ἑπηρτημένης

247 4919 437 4989 ὀργῆς.
472 4921 579 4973 Καὶ
620 4921 917 4993 διερρίφθω
960 4924 1139 4987 πότος.
1181 4926 1300 4976 Δεῖν
1346 4923 1401 4977 δέ
1434 4939 1598 4993 φησιν
1639 4925 1666 4976 ὁ
1694 4939 1830 4993 προ-

248 5013 423 5078 φήτης
452 5012 546 5062 καὶ
575 5013 704 5065 αὐτὸ
728 5017 837 5077 τοῖς
862 5014 1116 5068 πενθοῦσι
1150 5016 1212 5068 τὸ
1255 5015 1399 5086 ἱερὸν
1424 5013 1821 5069 ἀναπλέκεσθαι

248 5102 340 5153 καὶ
363 5102 660 5156 ἀπόλεκτον
710 5106 888 5174 γένος,
944 5108 1036 5161 καὶ
1062 5107 1124 5177 δὴ
1158 5109 1291 5178 πρὸς
1348 5108 1540 5171 αὐταῖς
1589 5110 1820 5178 κρηπῖσι

242 5191 338 5244 τοῦ
370 5192 518 5257 ναοῦ,
550 5195 642 5247 καὶ
664 5197 935 5267 ἀναμέσον
974 5198 1068 5252 τοῦ
1108 5198 1493 5268 θυσιαστηρίου
1539 5197 1822 5252 κατολολύ·

245 5281 356 5345 ζειν
389 5285 622 5350 ἐκτενῶς
660 5288 1094 5354 ἀνακωκύοντας,
1121 5290 1212 5343 καὶ
1251 5289 1528 5358 λέγοντας·
1567 5308 1585 5342 ι
1613 5291 1820 5356 Φεῖσαι,

245 5373 435 5444 Κύριε,
463 5376 557 5428 τοῦ
593 5377 722 5431 λαοῦ
761 5396 878 5445 σου,
915 5380 1010 5434 καὶ
1061 5381 1135 5452 μὴ
1181 5381 1286 5451 δῷς
1313 5380 1411 5451 τὴν
1462 5380 1825 5452 κληρονομίαν

244 5481 337 5518 σου
374 5469 454 5532 είς
485 5469 709 5536 ὄνειδος,
761 5472 855 5525 τοῦ
890 5473 1156 5544 κατάρξαι
1207 5472 1386 5526 αὐτῶν
1413 5471 1559 5543 ἔθνη,
1618 5473 1826 5544 μήποτε

240 5554 434 5610 εῖπωσι
474 5560 540 5612 τὰ
581 5561 731 5631 ἔθνη,
779 5563 889 5615 Ποῦ
942 5563 1135 5617 ἔστινὸ
1179 5563 1306 5626 Θεὸς
1365 5562 1578 5629 αὐτῶν;
1616 5581 1634 5615 ι
1685 5561 1826 5616 Ἀλλ’

238 5646 396 5717 εἴπερ
440 5651 600 5719 μόνον
629 5654 778 5725 αὐτῷ
822 5656 920 5727 τῆς
961 5657 1180 5728 ἀκρίδος
1226 5655 1384 5725 λόγος
1430 5653 1516 5726 ἦν,
1563 5654 1679 5718 πῶς
1709 5654 1828 5725 οὐχὶ

1931 4562 2153 4625 vinum,
2201 4559 2445 4612 dicentes
2491 4571 2504 4611 :
2557 4556 2918 4611 Comedamus
2961 4564 3016 4611 et
3065 4555 3338 4622 bibamus,
3385 4570 3510 4609 cras

1925 4651 2072 4705 enim
2120 4647 2380 4702 morimur
2397 4648 2439 4700 ³.
2487 4666 2505 4699 ι
2549 4647 2630 4700 Ad
2664 4646 2898 4700 lamenta
2942 4647 3106 4716 igitur
3145 4657 3198 4701 et
3238 4645 3507 4717 lacrymas

1925 4739 2340 4808 confugiendum
2369 4747 2454 4793 est
2485 4737 2570 4792 his
2623 4738 2676 4792 in
2706 4752 2842 4805 quos
2867 4736 3108 4792 caelestis
3135 4736 3215 4791 ira
3245 4737 3505 4793 incubue-

1929 4833 2018 4886 rit.
2041 4831 2225 4900 Apage
2253 4845 2372 4885 cum
2401 4829 2684 4886 conviviis.
2711 4828 3040 4900 Lugentibus
3065 4843 3228 4898 porro
3252 4839 3497 4883 sanctum

1927 4930 1982 4977 et
2007 4919 2235 4976 electum
2262 4935 2431 4992 genus
2455 4921 2787 4976 miscendum
2816 4923 2910 4984 ait,
2937 4928 2991 4974 et
3019 4919 3140 4976 ideo
3171 4920 3310 4975 inter
3331 4921 3500 4975 vesti-

1929 5012 2111 5068 bulum
2159 5011 2339 5082 templi
2382 5021 2438 5067 et
2477 5011 2645 5067 altare
2691 5011 2993 5082 ploraturos
3039 5011 3278 5078 impense
3318 5025 3500 5066 sacer-

1931 5106 2111 5173 dotes,
2145 5114 2200 5160 et
2233 5121 2352 5161 cum
2390 5106 2592 5160 ululatu
2629 5106 2868 5160 dicturos
2903 5123 2914 5160 :
2954 5123 2972 5156 ι
3014 5103 3210 5170 Parce,
3245 5103 3495 5170 Domine,

1931 5198 2128 5268 populo
2158 5208 2270 5264 tuo,
2302 5206 2356 5253 et
2390 5213 2458 5253 ne
2494 5200 2588 5252 des
2623 5197 2993 5252 hereditatem
3032 5207 3175 5250 tuam
3216 5196 3268 5247 in
3306 5210 3502 5264 Oppro-

1929 5290 2142 5354 brium,
2185 5301 2242 5342 ttt
2285 5290 2631 5344 dominentur
2672 5303 2858 5343 eorum
2904 5287 3183 5351 nationes,
3228 5285 3385 5354 221
3436 5301 3503 5339 ne

1925 5381 2062 5437 forte
2087 5381 2268 5437 dicant
2293 5390 2479 5450 gentes
2511 5396 2524 5434 :
2557 5380 2656 5436 Ubi
2687 5390 2769 5434 est
2799 5377 2940 5434 Deus
2969 5379 3189 5433 eorum?
3220 5398 3239 5430 ρ
3270 5378 3421 5443 Quod
3456 5380 3499 5431 si

1927 5485 2133 5531 tantum
2169 5476 2237 5529 de
2272 5473 2475 5530 locusta
2515 5472 2769 5541 loquitur,
2808 5472 3080 5543 quomodo
3115 5487 3220 5525 non
3256 5472 3436 5540 potius
3469 5488 3497 5522 ει

1926 5567 2064 5622 fame
2106 5575 2160 5622 et
2209 5566 2387 5636 in0pia
2433 5566 2648 5620 liberari
2696 5564 2917 5633 petunt?
2961 5563 3178 5618 Timent
3223 5573 3400 5615 autem
3444 5562 3496 5613 in

1926 5674 2115 5714 manus
2139 5658 2372 5712 hostium
2401 5655 2658 5722 incidere,
2678 5664 2731 5710 et
2755 5655 3057 5710 irrisionem
3083 5665 3244 5724 atque
3267 5653 3500 5709 dedecus

307 5829 350 5860 ’θ
409 5828 552 5884 Psal.
591 5847 808 5896 (την-ιιι,
869 5833 946 5885 i'2.
1030 5832 1046 5863 ί
1104 5832 1117 5886 Ι
1181 5832 1321 5886 Petr.
1387 5848 1444 5896 ιι,
1486 5830 1539 5884 2.
1619 5832 1640 5861 ⁹
1688 5829 1828 5885 Eccl?

1937 5829 2110 5893 xn,(i.
2190 5828 2208 5857 ³
2266 5828 2366 5882 Ba.
2437 5842 2574 5891 xx”,
2612 5826 2695 5894 η,
2731 5827 2813 5883 i3.
