4068 6556
579 406 689 467 ’567

1568 400 1625 455 S.
1666 398 1941 455 CYRILLI
1981 394 2447 454 ALEXANDBINI
2485 392 2801 450 ARCHIEP.

3715 392 3824 448 368

581 522 958 590 deprecantur.
1009 515 1295 571 Probabile
1340 522 1423 571 est
1469 526 1626 583 ergo,
1675 513 1818 583 quod
1868 521 1924 568 et
1960 526 2146 568 verum

2254 510 2455 581 μᾶλλον
2484 516 2663 580 Λιμου,
2688 507 2781 562 καὶ
2812 505 3016 571 ἐνδείας
3037 505 3278 562 αἰτοῦσιν
3308 507 3660 581 ἀπαλλαγήν;
3696 510 3824 562 Ἐκ-

580 609 845 676 dixerim,
884 606 984 663 sub
1022 606 1244 664 locustae
1281 607 1497 662 nomine
1532 605 1870 676 :enigmatice
1908 613 1963 660 et
2000 613 2150 659 recte

580 698 828 756 hostilem
873 697 1214 767 Assyriorum
1265 696 1553 751 adventum
1604 694 1860 751 describi.
1904 693 2058 762 Quod
2103 694 2149 749 si

580 786 704 856 quis
736 785 899 840 etiam
940 784 1005 839 de
1037 784 1170 854 ipsis
1206 783 1430 840 locustis
1465 784 1579 839 haec
1612 783 1957 855 interpretari
1990 783 2147 848 velit,

581 876 777 931 merito
812 874 1247 945 propheticorum
1283 874 1625 930 oraculorum
1664 875 2019 932 mconomiam
2054 876 2149 930 ad-

579 969 829 1025 miretur.
863 968 983 1039 Ipse
1018 983 1252 1039 namque
1290 970 1537 1040 supplicii
1574 970 1764 1025 modus
1801 977 2007 1023 tantum
2043 983 2149 1023 non

580 1061 840 1116 adversus
879 1061 1240 1115 lsraelitarum
1282 1063 1604 1116 dementiam
1640 1069 1696 1116 et
1728 1060 2148 1115 imbecillitatem

581 1151 869 1206 exclamat.
900 1150 1178 1204 Mutabant
1203 1151 1348 1205 enim
1378 1158 1431 1204 et
1457 1150 1854 1205 venerabantur
1880 1147 2009 1203 deos
2055 1150 2149 1218 qui

578 1257 686 1296 non
720 1251 847 1296 sunt
882 1241 976 1305 dii,
1005 1240 1486 1310 universorumque
1516 1239 1623 1295 Deo
1654 1240 1862 1306 relicto,
1892 1239 2018 1294 Baal
2050 1239 2148 1293 ad-

577 1333 825 1388 orabant.
862 1331 964 1387 Sed
999 1346 1127 1386 ecce
1161 1333 1379 1387 locustae
1412 1347 1532 1387 cum
1568 1331 1907 1388 intolerando
1938 1330 2150 1401 aguﬁue

578 1433 1052 1489 castrametautur,
1080 1423 1317 1478 bruchus
1348 1431 1610 1488 armatur,
1634 1433 1689 1480 et
1710 1439 1739 1477 a
1762 1422 2150 1479 commentitiis

578 1514 891 1570 numinibus
914 1514 1028 1569 suis
1055 1514 1198 1568 nullo
1223 1514 1339 1568 fulti
1364 1513 1565 1570 auxilio
1592 1523 1928 1569 sternuntur.
1952 1511 2148 1569 Bruchi

578 1616 758 1662 autem
798 1615 854 1662 et
892 1606 1112 1661 locustae
1142 1609 1325 1671 victis,
1359 1616 1414 1662 et
1449 1608 1579 1663 deos
1614 1606 1945 1669 colentibus,
1975 1620 2148 1675 quan-

558 1705 908 1765 tumcunque
943 1698 1118 1751 adhuc
1152 1694 1510 1765 profuissent,
1544 1697 1589 1752 si
1628 1705 1817 1751 contra
1851 1696 2034 1750 hostes
2067 1693 2148 1748 di—

578 1787 897 1853 micassent,
924 1797 977 1841 et
1007 1802 1035 1840 a
1080 1787 1432 1856 phalangibus
1470 1787 1901 1842 adversariorum
1942 1783 2149 1863 obsessi

580 1876 829 1934 fuissent.

2246 604 2451 658 δεδίασι
2499 602 2555 655 δὲ
2592 601 2653 656 τὸ
2703 602 2888 653 πεσεῖν
2925 601 3004 664 είς
3053 600 3240 671 χεῖρας
3270 600 3501 672 ἐχθρῶν,
3545 602 3643 656 καὶ
3673 619 3825 673 παρ.

2248 695 2521 749 αιτοῦνται
2563 693 2806 762 γέλωτα,
2850 692 2943 744 καὶ
2998 690 3321 762 όνειδισμόν.
3363 692 3526 756 Είκὺς
3578 688 3695 758 οὗν,
3736 694 3827 748 ὅτι

2249 786 2415 857 φαίην
2434 785 2500 839 ἂν
2527 785 2623 839 καὶ
2644 782 2862 854 ἀληθὲς,
2894 782 2970 846 ὡς
3011 783 3068 834 ὲν
3095 782 3207 845 τοῖς
3236 780 3520 852 αἰνίγμασι
3555 785 3668 845 τοῖς
3694 783 3828 854 περὶ

2247 875 2349 946 τῆς
2394 874 2614 947 ἀκρίδος
2663 875 2697 945 ἡ
2758 873 2868 926 τῶν
2940 871 3239 944 Ἀσσυρίων
3292 872 3478 940 ἔφοδος
3522 872 3827 943 λεληθότως

2248 967 2539 1038 ἐγράφετο.
2574 966 2637 1017 Εἰ
2684 964 2743 1017 δὲ
2786 963 2851 1034 δὴ
2906 962 3147 1035 βούλοιτό
3171 980 3255 1029 τις
3280 965 3376 1017 καὶ¹
3420 966 3508 1018 ἐπ’
3529 964 3697 1035 αὐτῆς
3722 966 3827 1034 τῆς

2248 1053 2469 1125 ἀκρίδος
2516 1050 2587 1105 τά
2636 1051 2860 1105 τοιαῦτα
2905 1053 3069 1119 νοεῖν,
3118 1052 3594 1124 καταθαυμάσειεν
3621 1053 3689 1108 ἄν
3715 1052 3826 1107 τιῖιν

2250 1143 2601 1216 προφητικῶν
2635 1142 3018 1213 θεσπισμάτων
3072 1145 3296 1208 είκότως
3342 1144 3440 1217 τὴν
3488 1144 3824 1214 οίκονομίαν.

2248 1237 2419 1302 Αὐτὸς
2458 1235 2566 1306 γὰρ
2609 1238 2638 1289 ὁ
2683 1236 2782 1306 τῆς
2811 1234 3081 1299 κολάσεως
3109 1236 3309 1306 τρόπος
3338 1236 3619 1307 μονονουχὶ
3646 1254 3827 1289 κατα-

2249 1329 2490 1398 κέκραγε
2516 1328 2613 1396 τῆς
2639 1325 2732 1379 τοῦ
2775 1325 2992 1396 Ἰσραὴλ
3039 1326 3318 1392 ἀϐουλίας,
3347 1328 3441 1382 καὶ
3467 1328 3691 1399 προσέτι
3723 1327 3830 1398 τῆς

2250 1420 2475 1492 ἐνούσης
2515 1419 2695 1482 αὐτοῖς
2749 1419 3055 1483 ἀσθενείας.
3099 1419 3429 1486 Ἠλλάξαντο
3461 1421 3568 1492 γάρ
3589 1420 3748 1484 θεοὺς
3776 1418 3828 1472 οἶ

2248 1512 2348 1566 οὒκ
2391 1513 2495 1565 είσι
2530 1509 2661 1575 θεοὶ,
2688 1511 2783 1565 καὶ
2807 1509 2898 1563 τὸν
2948 1509 3055 1565 τῶν
3098 1510 3235 1565 ὅλων
3280 1511 3412 1565 Θεὸν
3462 1512 3713 1580 ἀφέντες,
3747 1509 3828 1581 τῷ

2250 1602 2399 1657 Βάαλ
2419 1602 2946 1673 προσκεκυνήκασιν.
2977 1601 3116 1654 Ἀλλ’
3140 1601 3247 1655 ἰδοὺ
3279 1603 3336 1654 αἱ
3370 1602 3589 1671 ἀκρίδες
3614 1602 3831 1672 ἀφόρηο

2248 1711 2342 1747 τον
2364 1692 2643 1746 ποιοῦνται
2690 1693 2788 1764 τὴν
2828 1692 3199 1764 παρεμϐολὴν,
3241 1693 3466 1764 βροῦχος
3509 1693 3828 1756 ὁπλίξεται,

2252 1783 2345 1836 καλ⁵
2378 1782 2729 1836 πεπτώκασιν
2756 1782 3009 1853 οὐδεμίαν
3040 1783 3252 1853 ἔχοντες
3272 1785 3591 1855 ἐπικουρίαν
3623 1785 3690 1836 ἐκ
3719 1781 3831 1835 τῶν

2180 1866 2221 1921 Β
2248 1874 2612 1946 ψευδωνύμων
2652 1873 2834 1929 αὐτῶν
2889 1874 3047 1929 θεῶν.
3113 1876 3177 1929 Ol
3233 1875 3291 1929 δὲ
3350 1876 3414 1945 δὴ
3462 1875 3677 1947 βροῦχοι
3732 1873 3830 1926 καὶ

578 1973 797 2043 ἀκρίδες
828 1973 1160 2044 ἡττωμένοις
1192 1972 1351 2026 ποίαν
1376 1973 1455 2027 ἔτι
1480 1975 1591 2035 τοῖς
1627 1972 2023 2044 προσκυνοῦσιν
2072 1970 2252 2033 αὐτοῖς
2313 1972 2544 2025 ὲπιδοῖεν
2580 1976 2677 2023 τήν
2747 1970 2937 2025 ἄκεσιν
2983 1973 3031 2024 εί
3063 1971 3320 2041 μάχοιντο
3382 1972 3517 2041 πρὸς
3570 1969 3828 2041 ἐχθροὺς,

578 2065 671 2117 καὶ
702 2066 820 2127 ταῖς
844 2062 952 2115 τῶν
980 2061 1231 2115 ἐναντίων
1264 2061 1633 2131 πολιορκοῖντο
1654 2062 1937 2130 φάλαγξιν.

756 2193 1162 2285 TOMUS
1253 2191 1972 2284 POSTERIOR.

650 2342 813 2397 Vens.
840 2342 927 2408 18,
958 2342 1045 2397 l9.
1074 2338 1144 2395 Et
1187 2342 1368 2396 zelavit
1404 2342 1655 2398 Dominus
1684 2352 1877 2398 terram
1905 2361 2078 2409 suam,
2102 2355 2152 2399 et

579 2433 800 2501 pepercit
832 2433 1022 2502 papula
1048 2448 1165 2486 suo.
1187 2432 1254 2485 Et
1288 2434 1547 2501 respondit
1603 2433 1877 2498 Dominus,
1914 2445 1961 2488 et
2014 2436 2152 2489 dixit

578 2524 772 2591 populo
807 2540 901 2577 suo
924 2541 943 2579 :
977 2523 1109 2577 Ecce
1161 2540 1255 2594 ego
1295 2526 1499 2577 mittant
1542 2526 1682 2579 vobis
1738 2526 2079 2594 frumentum,
2102 2536 2151 2582 et

579 2614 775 2676 uinum,
807 2623 855 2665 et
890 2611 1083 2677 oleum,
1125 2620 1175 2665 et
1199 2610 1741 2678 implebiminieis;et
1765 2627 1867 2665 non
1913 2612 2046 2665 dabo
2068 2628 2151 2666 vos

579 2703 723 2756 ultra
736 2702 791 2757 in
808 2702 1137 2770 opprobrium
1167 2703 1219 2755 in
1232 2702 1488 2771 gentibus.
1504 2701 1573 2754 Et
1587 2717 1703 2755 eum
1718 2704 1807 2771 qui
1831 2702 1894 2755 ab
1913 2701 2154 2771 aquilone

581 2795 823 2863 repellam
845 2809 875 2845 a
902 2792 1063 2848 vobis.

654 2992 822 3047 XXX.
853 2992 987 3047 Vide
1015 3000 1325 3046 currentem
1379 3006 1409 3044 e
1437 2989 1665 3060 vestigio
1696 2988 2147 3046 misericordiam.

628 3084 1061 3147 raevertitenim,
1116 3083 1330 3152 opinor,
1386 3081 1589 3135 luctum
1646 3082 1934 3147 serenitas,
1964 3090 2020 3136 et
2074 3079 2153 3134 la-

584 3194 797 3251 erymas
828 3178 1178 3249 paenitentiae,
1217 3176 1392 3246 gratia
1420 3178 1754 3234 miserantis.
1803 3176 2011 3245 Quippe
2041 3191 2149 3232 non

584 3268 757 3323 solum
784 3265 1150 3320 misericordia
1170 3276 1538 3322 commovetur
1568 3282 1693 3338 erga
1742 3266 2005 3331 miseros;
2056 3268 2150 3322 sed

584 3353 747 3409 etiam
781 3353 896 3408 zelo
913 3352 1143 3417 ducitur,
1178 3361 1237 3406 ut
1273 3352 1357 3409 bis
1392 3364 1708 3411 succenseat
1742 3356 1835 3425 qui
1874 3370 1969 3412 eos
1999 3356 2151 3410 laese-

585 3453 732 3508 runt,
770 3454 827 3501 et
859 3459 956 3513 per
986 3458 1123 3513 quos
1160 3445 1212 3498 in
1259 3444 1619 3500 calamitatem
1680 3446 2006 3502 inciderunt.
2044 3445 2151 3502 Re—
2178 3440 2217 3496 C

584 3536 865 3606 prehendit
900 3544 1078 3589 autem
1106 3535 1431 3606 Babylonios
1460 3536 1833 3592 universorum
1868 3536 2149 3601 Dominus,

583 3624 727 3695 quod
762 3624 1035 3680 crudelius
1093 3625 1368 3693 aliquanto
1426 3640 1585 3694 quam
1640 3628 1899 3696 oportuit,
1962 3628 2015 3682 in
2055 3642 2150 3684 eos

580 3716 781 3782 quibus
818 3717 933 3784 ipse
969 3717 1315 3781 irasceretur,
1345 3716 1659 3770 debacchati
1686 3718 1814 3770 sint.
1848 3717 1934 3771 Ait
1963 3719 2147 3774 enim:

590 3828 609 3860 ι
653 3809 763 3879 Ego
792 3808 911 3862 illos
940 3808 1062 3863 dedi
1098 3808 1151 3861 in
1187 3822 1379 3862 manus
1406 3816 1644 3875 vestras;
1676 3824 1771 3863 vos
1801 3808 1906 3864 illis
1939 3810 2155 3866 miseri-

586 3899 825 3955 cordiam
859 3914 968 3954 non
1013 3898 1240 3953 dedistis
1269 3898 1312 3952 ⁸.
1356 3917 1375 3952 ι
1410 3898 1729 3954 Zachariam
1757 3900 1885 3955 item
1922 3902 2001 3957 sic
2021 3902 2153 3959 allo-

587 3990 814 4060 quitur:
857 4008 877 4042 ι
918 3988 1046 4044 Haec
1080 3990 1215 4045 dicit
1268 3989 1572 4047 Dominus:
1616 3991 1794 4048 Zelavi
1852 3992 2150 4050 Jerusalem

585 4090 641 4135 et
666 4081 796 4135 Sion
827 4080 942 4136 zelo
970 4094 1188 4149 magno,
1217 4089 1273 4136 et
1299 4081 1377 4136 ira
1409 4097 1603 4152 magna
1638 4098 1739 4152 ego
1764 4084 1967 4140 irascor
1991 4100 2155 4155 super

586 4180 778 4242 gentes
805 4186 923 4241 qua:
945 4185 1156 4226 mecum
1178 4174 1603 4243 superimpositae
1627 4183 1772 4241 sunt;
1805 4190 1902 4245 pro
1919 4190 1984 4232 eo
2011 4177 2153 4246 quod

585 4278 686 4334 ego
708 4265 926 4334 quidem
966 4265 1136 4319 iratus
1160 4279 1301 4331 sum,
1332 4265 1425 4320 sed
1455 4265 1744 4331 modicum,
1776 4267 1878 4336 ipsi
1901 4282 2029 4324 vero
2081 4268 2156 4322 si-

586 4355 698 4408 mul
731 4356 1132 4426 superimpositi
1165 4365 1293 4410 sunt
1315 4356 1367 4409 in
1397 4356 1596 4411 malum
1624 4356 1668 4413 ⁵.
1702 4376 1721 4411 ι
1754 4357 1951 4414 Zelaus
1975 4360 2155 4427 itaque

584 4444 836 4515 populum
878 4461 1057 4514 suum,
1091 4449 1157 4500 ad
1180 4446 1342 4500 vitam
1370 4446 1666 4515 degendam
1697 4449 1956 4518 requisita
1983 4449 2155 4505 abun-

587 4536 780 4591 danter
803 4537 1268 4607 suppeditaturum
1291 4550 1371 4603 se,
1401 4544 1458 4590 et
1499 4535 1708 4591 cladem
1757 4539 2152 4606 pratcedentem

586 4626 767 4679 laetitia
786 4638 1276 4697 compensaturum,
1293 4626 1732 4696 esculentamque
1760 4628 1826 4681 ad
1850 4629 2153 4683 satietatem

2496 2181 2881 2268 ΤΟΜΟΣ
2958 2177 3543 2267 ΔΕΥΤΕΡΟΣ.

2322 2333 2433 2389 Kal
2462 2332 2765 2404 ἐζήλωσεν
2811 2337 2845 2388 ὁ
2892 2336 3109 2403 Κύριος
3141 2335 3259 2403 τὴν
3304 2333 3423 2404 γῆν
3452 2336 3660 2401 αὑτοῦ,
3726 2337 3825 2392 καί

2250 2422 2532 2493 ἐφείσατο
2560 2423 2667 2479 τοῦ
2704 2423 2858 2478 λαοῦ
2896 2424 3103 2479 αὐτοῦ.
3164 2424 3272 2478 Καὶ
3300 2426 3587 2493 ἀπεκρίθη
3622 2428 3657 2480 ό
3702 2429 3828 2481 Κύ-

2244 2532 2397 2584 ριος,
2427 2516 2526 2569 καὶ
2563 2511 2691 2568 εἶπε
2744 2514 2824 2580 τῷ
2868 2514 2995 2580 λαῷ
3042 2516 3228 2571 αὐτοῦ
3253 2532 3267 2545 ⁸
3320 2516 3472 2572 Ἰδοὺ
3524 2517 3640 2587 ἐγὼ
3684 2519 3831 2573 ἀπο-

2252 2606 2492 2660 στέλλω
2543 2606 2687 2676 ὑμῖν
2713 2606 2822 2661 τὸν
2869 2608 3063 2671 σῖτον,
3105 2608 3202 2662 καὶ
3240 2608 3347 2663 τὸν
3381 2607 3567 2677 οἶνον,
3630 2611 3732 2665 καὶ
3759 2611 3830 2665 τὸ

2253 2697 2479 2761 ἔλαιον,
2513 2698 2611 2751 καὶ
2637 2698 3148 2767 ἐμπλησθήσεσθε
3178 2700 3396 2765 αὐτῶν,
3421 2701 3520 2755 καὶ
3554 2704 3627 2755 οὐ
3654 2702 3831 2756 δώσω

2254 2787 2410 2857 ὑμᾶς
2433 2792 2545 2844 οὐκ
2574 2788 2660 2841 ἔτι
2693 2790 2781 2856 εὶς
2812 2789 3158 2859 ὀνειδισμὸν
3177 2792 3247 2845 ἐν
3279 2791 3399 2859 τοῖς
3430 2793 3691 2847 ἔθνεσιν.
3717 2795 3829 2849 Καὶ

2255 2879 2362 2933 τὸν
2381 2881 2499 2935 ἀπὸ
2520 2879 2715 2949 ,Βορῤᾶ
2751 2880 3009 2947 ἐκδιώξω
3037 2884 3136 2951 ἀφ’
3161 2882 3348 2952 ὑμῶν.

2326 2994 2405 3047 Λ’.
2457 2992 2644 3065 Ἀθρει
2697 2992 2762 3064 δὴ
2814 2994 3075 3063 τρέχοντα
3120 2995 3259 3049 κατὰ
3300 2997 3462 3060 πόδας
3511 2996 3604 3050 τὸν
3656 2996 3829 3054 ἔλεον.

2254 3085 2448 3138 Φθάνει
2470 3084 2599 3154 γὰρ,
2621 3081 2794 3155 οἶμαι,
2820 3085 2882 3138 τὸ
2905 3086 3096 3148 πένθος
3121 3088 3153 3157 ἡ
3183 3088 3504 3157 γαληνότης,
3536 3092 3631 3144 καὶ
3651 3092 3713 3145 τὸ
3738 3092 3834 3146 ἐπὶ

2254 3178 2373 3239 ταῖς
2408 3175 2782 3246 μεταγνώσεσι
2803 3175 3037 3247 δάκρυον
3060 3178 3092 3246 ἠ
3115 3177 3273 3249 χάρις
3298 3177 3394 3232 τοῦ
3422 3183 3834 3254 κατοικτείραν-

2255 3287 2368 3333 τος.
2413 3270 2487 3322 Ob
2530 3269 2640 3340 γὰρ
2680 3269 2838 3339 μόνον
2867 3268 3010 3321 ἐλεεῖ
3054 3270 3178 3332 τοὺς
3218 3273 3566 3341 πεπραχότας
3596 3273 3830 3339 ἀθλίως,

2256 3360 2411 3432 ζηλοῖ
2427 3360 2484 3414 δὲ
2510 3360 2731 3430 μᾶλλον,
2755 3360 2831 3424 ὼς
2853 3359 2946 3413 καὶ
2965 3360 3288 3432 ὲπιμηνίσαι
3314 3366 3426 3428 τοῖς
3444 3363 3831 3437 λελυπηκόσιν,

2252 3452 2301 3504 οἳ
2338 3452 2432 3505 καὶ
2457 3451 2556 3521 τῆς
2579 3450 3019 3522 ἐπενηνεγμένης
3052 3452 3229 3515 αὐτοῖς
3260 3453 3571 3526 ἀθλιότητος
3597 3457 3833 3525 γεγόναο

2254 3557 2339 3593 σιν
2368 3541 2651 3612 ὑπουργοί.
2689 3542 3050 3613 Ἐπισκήπτει
3086 3543 3143 3597 δέ
3175 3560 3278 3596 που
3302 3546 3413 3608 τοῖς
3466 3545 3833 3610 Βαϐυλωνίοις

2254 3634 2407 3687 ὁτῶν
2455 3634 2589 3688 ὅλων
2638 3634 2790 3699 Θεὸς,
2823 3634 2898 3700 ὡς
2927 3635 3295 3708 ἀπηνέστερόν
3321 3654 3438 3700 πως
3478 3637 3510 3707 ἦ
3567 3639 3676 3709 χρὴ
3719 3642 3833 3701 τοῖς

2255 3727 2359 3780 ὑπὸ
2410 3725 2560 3780 θείαν
2607 3726 2778 3798 ὀργὴν
2818 3727 3290 3799 ὲπενηνεγμένοις.
3345 3728 3491 3799 Ἔφη
3541 3729 3690 3801 γὰρ,
3750 3732 3831 3783 ὅτι

2257 3836 2278 3870 ι
2315 3816 2532 3872 Δέδωκα
2573 3817 2773 3881 αὐτοὺς
2815 3818 2896 3882 είς
2945 3817 3046 3881 τὰς
3101 3820 3289 3888 χεῖράς
3348 3834 3465 3884 σου,
3519 3821 3584 3875 σὺ
3638 3820 3697 3873 δὲ
3730 3821 3833 3873 οὐκ

2253 3909 2461 3972 ἔδωκας
2482 3908 2664 3971 αὐτοῖς
2693 3907 2862 3971 ἕλεος.
2895 3926 2915 3961 ι
2958 3908 3068 3961 Καὶ
3097 3908 3204 3980 μὴν
3230 3909 3324 3963 καὶ
3358 3908 3497 3980 πρὸς
3524 3911 3828 3980 Ζαχαρίαν·

2259 4017 2279 4051 ι
2317 3997 2454 4052 Τάδε
2500 3998 2645 4066 λέγει
2698 3996 2920 4068 Κύριοςο
2979 3997 3255 4069 Ἐζήλωσα
3323 3997 3422 4068 τὴν
3475 3998 3832 4069 Ἰερουσαλὴμ

2255 4087 2348 4141 καὶ
2389 4086 2488 4156 τὴν
2529 4085 2666 4138 Σιὼν
2697 4086 2855 4156 ζῆλον
2890 4084 3082 4156 μέγαν,
3115 4086 3210 4139 καὶ
3243 4085 3401 4157 θυμῷ
3456 4086 3682 4157 μεγάλῳ
3719 4088 3831 4157 ἐγὼ

2255 4177 2545 4249 ὀργίζομαι
2570 4177 2664 4229 ἐπὶ
2695 4176 2763 4229 τά
2796 4176 2921 4248 ἔθνη
2943 4176 3013 4229 τά
3034 4175 3509 4247 συνεπιτεθειμένα
3542 4195 3657 4247 μοι.
3690 4179 3831 4248 ’Avﬁ‘

2254 4264 2331 4324 ὧν
2367 4269 2467 4341 μὲν
2499 4268 2609 4337 ἐγὼ
2654 4267 2934 4339 ὠργίσθην
2978 4264 3155 4335 ὀλίγα,
3180 4266 3336 4319 αὐτοὶ
3376 4267 3434 4320 δὲ
3470 4268 3832 4322 συνεπέθεντο

2254 4362 2335 4425 είς
2359 4361 2575 4414 κακίαν.
2607 4379 2624 4410 ι
2654 4357 2911 4429 Ζηλώσας
2935 4357 2998 4429 δὴ
3020 4354 3114 4411 οὖν
3139 4356 3229 4412 τὸν
3248 4355 3374 4410 λαὸν
3407 4356 3593 4423 αὑτοῦ,
3624 4376 3832 4412 κατεπ-

2256 4454 2579 4523 αγγέλλεται
2628 4454 2726 4524 μὲν
2774 4452 3024 4521 ἀφθόνως
3076 4452 3405 4523 χορηγήσειν
3456 4451 3526 4504 τά
3567 4451 3827 4523 ζωαρκῆ,

2256 4545 2475 4616 καὶτῆς
2508 4543 2885 4615 προλαϐούσης
2935 4542 3218 4612 συμφορᾶς
3258 4540 3490 4611 ἰσοπαλῆ
3535 4540 3635 4611 τὴν
3673 4542 3833 4595 εὐθυ-

2261 4636 2409 4708 μίαν,
2444 4636 2537 4689 καὶ
2593 4636 2671 4698 είς
2724 4635 2885 4706 κόρον
2929 4633 2999 4687 τὰ
3056 4632 3310 4702 ἐδώδιμα·
3345 4632 3483 4702 πρὸς
3535 4632 3749 4696 τούτοις
3777 4633 3831 4686 δὲ

586 4717 900 4786 largiturum
927 4718 1233 4787 pollicetur.
1259 4717 1420 4786 222
1448 4717 1669 4788 Insuper
1692 4717 2062 4782 securitatem,
2099 4727 2152 4771 ut

2257 4726 2554 4795 ἀσφάλειαν
2582 4726 2674 4779 τοῦ
2699 4726 2773 4797 μὴ
2804 4726 2883 4789 είς
2908 4728 3094 4796 χεῖρας
3117 4722 3436 4793 δοθήσεσθαι
3458 4723 3565 4778 τῶν
3591 4724 3687 4795 ὲχθ
3698 4724 3826 4795 ρῶν,

586 4809 638 4862 in
672 4823 861 4863 manus
890 4810 1122 4865 hostium
1156 4825 1262 4865 non
1303 4810 1600 4874 traduntur,
1633 4823 1734 4863 nec
1758 4809 1923 4863 vitam
1948 4810 2000 4865 in
2031 4822 2149 4865 ser-

2256 4821 2393 4890 μήτε
2414 4819 2520 4890 μὴν
2541 4817 2912 4881 ὑποπεσόντας
2938 4815 3148 4887 δουλείᾳ
3174 4818 3240 4887 τῇ
3265 4814 3562 4877 ὲπάὑτοὺς
3589 4812 3825 4883 οἰκτρὸν,

585 4901 754 4954 vitute
784 4901 1032 4956 miseram
1072 4910 1126 4956 et
1155 4915 1511 4956 aerumnosam
1545 4902 1745 4957 vivant.
1772 4904 1853 4956 Ad
1889 4901 2004 4956 haec
2031 4918 2150 4973 pro-

585 4990 754 5043 mittit
786 4989 1089 5058 iugaturum
1113 5006 1235 5045 eum
1266 4991 1357 5059 qui
1389 4991 1740 5061 abaquiloue,
1773 4994 1872 5047 hoc
1897 5003 2002 5057 est,
2028 5007 2150 5047 eum

585 5081 678 5150 qui
702 5080 910 5135 vicinus
940 5090 1022 5135 est
1050 5082 1326 5151 aquiloni;
1358 5084 1539 5152 potius
1569 5084 1711 5138 enim
1763 5084 1830 5137 ad
1888 5085 2151 5139 orientem

583 5171 676 5225 siti
702 5181 829 5225 sunt
855 5172 1083 5241 Assyrii.
1130 5172 1281 5237 Quod
1317 5173 1361 5227 si
1396 5173 1517 5242 quis
1544 5175 1843 5237 existimat,
1867 5175 2030 5230 etiam
2084 5191 2149 5230 cx

583 5263 757 5331 magis
822 5262 1227 5332 aquilonaribus
1272 5263 1476 5320 ludam
1527 5267 1768 5334 partibus
1819 5266 2150 5322 locustarum

2252 4912 2344 4967 καὶ
2375 4913 2432 4965 ὲν
2461 4911 2736 4980 ἀθλιότητι
2789 4910 2949 4981 ζῆσαι
2999 4908 3129 4978 βίον.
3172 4907 3551 4975 ’Υπισχνεϊται
3596 4905 3655 4958 δὲ
3695 4906 3828 4978 πρὸς

2251 4999 2458 5063 τούτοις
2508 4998 2756 5068 ἀφανιεῖν
2810 4998 2901 5052 τὸν
2960 4994 3067 5050 ἀπὺ
3128 4994 3336 5066 βορρᾶ,
3391 4993 3676 5059 τουτέστι,
3737 4995 3827 5047 τὸν

2254 5090 2612 5162 βορειότερον,
2644 5090 2780 5161 πρὸς
2801 5090 2993 5142 ἀκτῖνα
3019 5086 3127 5157 γὰρ
3155 5087 3339 5148 αὐτοῖς
3366 5084 3569 5155 μᾶλλον
3587 5086 3622 5155 ἡ
3647 5084 3825 5157 χώρα.

2251 5181 2316 5235 El
2343 5180 2398 5234 δὲ
2426 5179 2489 5251 δή
2525 5197 2607 5243 τις
2642 5179 2808 5232 οἴοιτο
2837 5178 2933 5230 καὶ
2982 5177 3047 5230 ὲκ
3092 5176 3198 5229 τῶν
3244 5175 3599 5248 βορειοτέρων
3641 5176 3828 5247 μερῶν

2252 5272 2351 5341 τῆς
2388 5270 2669 5332 Ἰουδαίας,
2715 5271 2811 5339 τῆς
2857 5266 3075 5337 ἀκρίδος
3094 5265 3343 5334 γενέσθαι
3371 5266 3472 5336 τὴν
3514 5264 3737 5336 ἔφοδον,
3770 5267 3834 5321 τὸ

586 5352 993 5422 impressionem
1025 5351 1244 5417 factam,
1309 5353 1444 5409 nihil
1494 5356 1810 5425 prohibebit
1865 5358 2152 5428 quominus

2256 5357 2464 5412 κωλύον
2516 5358 2668 5412 οὐδὲν
2709 5356 2884 5429 ὀρθῶς
2937 5356 3082 5426 ἔχειν
3135 5353 3340 5409 οἴεσθαι
3395 5356 3491 5409 καὶ
3538 5355 3683 5410 οὕτω
3740 5357 3831 5409 τδν

586 5444 875 5515 esplicatio
900 5445 1000 5500 ista
1032 5443 1313 5514 probetur.

2254 5448 2430 5517 λόγον,

652 5531 773 5589 1am
812 5534 857 5589 si
894 5534 980 5589 cui
1007 5544 1427 5603 corrumpuntur
1447 5538 1608 5591 etiam
1660 5537 1799 5593 bona
1831 5539 2008 5595 cordis
2042 5542 2151 5607 sui,

2325 5540 2388 5593 Ei
2417 5538 2473 5592 δὲ
2512 5538 2575 5610 δή
2608 5555 2716 5592 τισι
2768 5535 3185 5607 καταφθείροιτο
3232 5536 3328 5589 καὶ
3372 5536 3441 5590 τά
3489 5538 3569 5601 εἷς
3601 5537 3831 5606 καρδίαν
3880 5608 3883 5610 _

587 5638 639 5684 et
666 5644 785 5700 qua:
799 5628 1123 5698 cogitatione
1148 5637 1442 5686 cernuntur
1459 5629 1729 5684 fructuum
1758 5630 2150 5688 uberrimorum

2255 5628 2454 5699 ἀγαθὰ,
2496 5629 2589 5683 καὶ
2614 5632 2711 5701 τῆς
2734 5627 2930 5699 νοητῆς
2975 5626 3281 5697 εὐκαρπίας
3310 5630 3339 5683 ὁ
3376 5627 3605 5692 πλοῦτος
3633 5621 3831 5695 θῖάπερ

670 5807 694 5840 ’⁵
733 5808 835 5863 lsa.
874 5823 1037 5878 xu'n,
1068 5810 1120 5864 (ἰ.
1197 5811 1215 5842 ⁵
1252 5807 1417 5865 Zacb.
1453 5825 1490 5875 ι,
1529 5808 1606 5879 ll,
1645 5809 1726 5865 15.
