4068 6540
568 359 666 416 571

1577 361 1635 418 S.
1681 359 1948 420 CYRILLI
1988 360 2458 420 ALEXANDRINI
2497 366 2831 433 ΑΜΖΗΙΕΡ.

3727 381 3850 441 372

566 491 662 531 eos
690 476 1049 547 demergeret.
1082 475 1537 533 Ascenditautem
1573 488 1758 548 postea
1802 489 1960 548 putor
1983 490 2042 534 et
2060 494 2140 535 so-

2251 481 2418 534 οἱονεί
2437 499 2554 547 πως
2583 485 2672 547 είς-
2695 484 2764 538 τὰ
2792 484 2930 556 βάθη
2968 487 3065 557 τῆς
3096 488 3392 560 θαλάσσης.
3433 491 3623 562 Ἀνέϐη
3657 493 3846 555 6:10:-

566 566 714 620 nitus
743 579 952 630 eorum,
988 575 1042 621 et
1064 565 1218 621 nobis
1258 567 1440 636 gravis
1486 577 1650 639 atque
1693 567 1912 623 odiosus
1980 569 2153 624 factus

564 665 668 720 est,
692 673 998 727 quanquam
1022 658 1154 715 olim
1189 659 1314 713 talis
1345 659 1500 714 nobis
1549 659 1694 713 haud
1717 660 2010 724 videretur;
2047 659 2148 716 Sa-

564 758 746 802 tanam
813 750 1079 819 siquidem
1115 749 1286 805 fetere
1321 765 1425 805 non
1471 751 1954 826 credebamus..At
1982 767 2148 817 nunc,

565 849 620 894 et
654 841 742 895 vix
788 842 1002 897 tandem
1029 842 1190 897 talem
1226 858 1349 899 esse
1406 843 1777 913 cognovimus.
1821 841 2151 901 Putabamus

562 931 706 986 enim
733 934 916 988 miseri
947 935 1085 988 bene
1117 934 1283 998 olere,
1314 941 1367 987 et
1388 932 1673 991 amabilem
1727 948 1886 997 esse,
1908 934 2148 1002 quando,

561 1022 794 1078 vinculis
828 1025 1116 1094 pravitatis
1141 1025 1440 1087 constricti,
1461 1023 1578 1091 ejus
1607 1032 1880 1095 potestate
1906 1025 2151 1081 contine-

560 1115 778 1170 bamur.
819 1116 924 1173 Sed
961 1116 1580 1188 postqttantEmmannel
1621 1117 1776 1172 nobis
1809 1118 2153 1188 apparuit,et

559 1204 665 1262 hoc
694 1207 915 1262 verbum
944 1208 1145 1264 edidit:
1181 1227 1206 1260 ι.
1235 1209 1344 1278 Ego
1369 1207 1468 1262 ﬂos
1491 1208 1689 1277 campi,
1721 1217 1775 1263 et
1820 1206 1990 1261 lilium
2015 1222 2148 1263 con-

559 1299 780 1354 vallium
809 1300 907 1365 ¹²,›
939 1307 1069 1366 tum,
1102 1315 1225 1356 sero
1249 1300 1373 1356 licet
1396 1300 1514 1369 ejus
1535 1299 1885 1368 fragrantiam
1904 1299 2147 1354 sentien-

564 1401 667 1457 tes,
707 1390 850 1446 illius
903 1391 1209 1462 (daemonis)
1257 1390 1681 1462 graveolentiam
1740 1389 1992 1446 detestati
2052 1403 2146 1444 su-

559 1499 701 1538 mus.

638 1575 798 1634 Vens.
833 1575 1026 1632 21-24.
1068 1575 1306 1644 Con/ide,
1337 1585 1499 1642 terra,
1532 1576 1702 1646 gaude
1724 1584 1779 1633 et
1801 1575 2002 1641 uetare,
2020 1575 2146 1644 quia

561 1668 914 1739 magni/icavit
957 1667 1213 1726 Dominus
1257 1678 1314 1722 ut
1358 1667 1882 1737 faceret._C,onﬁdite,
1904 1668 2146 1736 iumenta

561 1758 1014 1827 campi,quoniam
1033 1760 1448 1828 germinaverunt
1480 1760 1650 1825 campi
1679 1759 2146 1829 solitudinis,qaia

560 1848 760 1917 lignum
799 1850 982 1903 attulit
1011 1851 1240 1919 fructum
1271 1867 1448 1913 suum,
1477 1851 1628 1904 vinea
1659 1860 1706 1904 et
1735 1851 1867 1920 ﬁcus
1890 1853 2145 1906 dederunt

560 1941 925 2007 tortitudinem
943 1958 1116 1995 suam.
1145 1941 1232 2008 Et,
1258 1941 1358 2010 ﬁlii
1382 1942 1856 2011 Sion,gaudete,et
1883 1943 2145 2005 laetemini

561 2036 615 2087 in
645 2033 871 2088 Domino
904 2033 1012 2087 Deo
1041 2043 1230 2099 vestro,
1255 2035 1506 2102 quoniam
1533 2034 1672 2087 dedit
1715 2034 1856 2088 vobis
1883 2050 2056 2089 escam
2085 2037 2141 2090 in

552 2125 909 2195 justitiam,et
938 2127 1077 2195 pluet
1109 2126 1254 2180 vobis
1292 2127 1508 2179 imbrem
1549 2135 1940 2195 temporaneum
1983 2136 2030 2179 et
2055 2143 2138 2181 se-

559 2217 814 2280 rotinum,
838 2218 972 2270 sicut
1001 2225 1178 2271 antea.
1211 2216 1281 2270 Et
1311 2217 1645 2287 replebuntur
1695 2232 1836 2277 area:
1871 2218 2066 2284 tritico,
2091 2227 2138 2272 et

558 2307 924 2365 redundabunt
941 2307 1226 2368 toreularia
1257 2309 1373 2364 vino
1390 2317 1439 2364 et
1455 2306 1592 2369 oleo.

629 2570 854 2627 XXXII.
889 2558 1002 2628 Mos
1032 2581 1116 2628 est
1147 2572 1352 2628 sanctis
1383 2574 1664 2643 prophetis
1702 2589 1730 2628 a
1773 2574 1928 2629 bonis
1971 2575 2139 2640 parti-

563 2665 840 2721 cularibus
875 2677 932 2721 et
960 2667 1012 2720 in
1051 2681 1250 2736 paucos
1279 2666 1497 2721 collatis
1533 2668 1599 2721 ad
1636 2668 2038 2722 universitatem
2087 2675 2140 2721 et

558 2773 728 2827 genus
755 2757 928 2826 ipsum
963 2760 1127 2814 verba
1149 2759 1404 2830 dirigere,
1421 2769 1615 2814 ntsnnt
1643 2777 1706 2814 ea
1725 2775 1844 2828 quae
1867 2775 1961 2830 per
1977 2760 2138 2815 Cbri-

558 2858 701 2902 stum
731 2849 1016 2905 consecuti.
1039 2865 1244 2903 sumus.
1273 2849 1500 2905 liorsum
1531 2853 1694 2920 igitur
1720 2856 1896 2908 denuo
1944 2866 2136 2921 proce-

560 2941 636 2994 dit
653 2940 808 2996 nobis
833 2943 1026 2996 oratio.
1063 2943 1286 3008 Quando
1340 2945 1482 2998 enim
1517 2945 1698 2998 datum
1743 2954 1825 3000 est
1871 2954 2028 3000 terrae
2080 2955 2138 2999 ut

559 3031 892 3088 confideret?
925 3033 1181 3099 Rursum,
1209 3036 1423 3106 quando
1467 3037 1830 3107 magniﬁcavit
1879 3039 2137 3094 Dominus

559 3124 742 3180 facere
759 3125 782 3177 ?
802 3125 967 3197 224.
1003 3125 1104 3180 nisi
1137 3128 1352 3195 quando
1372 3127 1633 3192 Verbum,
1658 3132 1800 3197 quod
1824 3139 1942 3185 erat
1971 3130 2133 3199 Deus,

2255 573 2355 626 πον
2391 576 2423 646 ἡ
2452 576 2678 647 σαπρία,
2703 577 2795 631 καὶ
2818 580 2845 631 ὁ
2873 577 3076 649 βρόμος
3099 581 3301 650 αὐτῶν,
3332 583 3423 636 καὶ
3464 584 3684 652 γέγονεν
3707 586 3854 655 ἡμῖν,

2253 667 2507 736 φορτικός
2541 685 2621 734 τε,
2663 669 2759 722 καὶ
2803 672 3301 743 κατεστυγημένος,
3349 674 3523 728 καίτοι
3564 675 3732 727 πάλαι
3762 675 3845 746 μὴ

2250 755 2489 820 τοιοῦτος
2517 753 2651 811 εἶναι
2673 757 2867 813 δοκῶν·
2908 760 3118 831 δυσώδη
3141 763 3250 833 γὰρ
3276 764 3406 817 ὄντα
3435 765 3527 817 τὸν
3557 767 3833 828 Σατανᾶν,

2253 845 2349 898 νῦν
2400 847 2480 911 δὲ,
2532 849 2626 903 καὶ
2669 851 2823 919 μόλις
2865 851 2946 904 ὅτι
2998 852 3237 917 τοιοῦτός
3281 855 3429 909 εστιν
3477 856 3834 927 ἐγνώκαμεν.

2263 935 2492 1006 ’ῼόμεθα
2531 938 2640 1009 γὰρ
2663 941 2711 992 οἱ
2748 941 2977 1006 τάλανες
3017 943 3272 1019 εὐώδητε
3311 942 3471 1010 εἷναι,
3497 949 3590 1000 καὶ
3622 948 3840 1016 ἀξιέρα-

2250 1045 2396 1092 στον,
2428 1030 2516 1082 ὅτε
2542 1033 2656 1095 τοῖς
2685 1033 2904 1103 δεσμοῖς
2941 1034 3338 1105 ὐπειλημμένοι
3369 1037 3470 1108 τῆς
3503 1038 3840 1108 φαυλότητος

2251 1118 2356 1173 ὑπὸ
2396 1123 2554 1192 χεῖρα
2594 1123 2694 1193 τὴν
2740 1123 2949 1177 ἐκείνου
2987 1124 3381 1199 πεπτώκαμεν.
3442 1130 3658 1201 Ἐπειδὴ
3709 1131 3766 1183 δὲ
3811 1133 3842 1186 ὁ

2263 1211 2616 1284 Ἐμμανουὴλ
2658 1213 2927 1283 ὲπιέφανεν
2973 1218 3127 1286 ἡμῖν,
3175 1219 3572 1292 ἀνακεκραγώς
3612 1239 3694 1287 τε,
3739 1224 3844 1278 καὶ

2248 1300 2424 1370 λέγων
2448 1318 2462 1333 ⁸
2498 1322 2519 1354 ι
2565 1304 2704 1372 Ἐγὼ
2744 1305 2904 1370 ἄνθος
2924 1307 3018 1362 τοῦ
3051 1309 3262 1376 πεδίου,
3295 1312 3477 1382 κρίνον
3511 1312 3619 1365 τῶν
3645 1314 3839 1369 κοιλά-

2247 1392 2372 1457 δων,
2405 1412 2424 1446 ι
2454 1394 2574 1452 τότε
2603 1395 2667 1468 δὴ
2713 1396 2867 1465 μόλις
2891 1399 3256 1472 ὲπῃσθόμενοι
3298 1402 3402 1473 τῆς
3441 1403 3665 1475 ἐνούσης
3690 1406 3836 1459 εὐω-

2247 1484 2367 1549 δίας
2395 1487 2563 1559 αὐτῷ,
2587 1489 2686 1559 τῆς
2711 1490 2926 1548 ἐκείνου,
2950 1493 3377 1565 κατεγνώκαμεν
3409 1495 3692 1560 δυσωδίας.

2321 1578 2559 1647 Θάρσει,
2589 1579 2684 1651 γῆ,
2726 1582 2895 1651 χαῖρε
2922 1585 3020 1638 καί
3042 1587 3390 1653 εὐφραίνου,
3429 1587 3518 1641 ὅτι
3543 1587 3836 1657 ἐμεγάλυ-

2246 1686 2355 1724 νεν
2375 1672 2588 1740 Κύριος
2609 1673 2715 1728 τοῦ
2748 1674 3019 1743 ποιῆσαι·
3050 1677 3342 1744 θαρσεῖτε,
3370 1677 3560 1746 κτήνη
3586 1679 3695 1732 τοῦ
3727 1696 3836 1733 πεη

2247 1761 2400 1826 δίου,
2454 1763 2544 1817 ὅτι
2585 1763 3012 1832 βεϐλάστηκεν
3063 1766 3238 1820 πεδία
3289 1766 3402 1836 τῆς
3450 1767 3700 1837 ἐρήμου,
3742 1770 3838 1824 ὅτι

2177 1879 2219 1934 Β
2248 1850 2438 1916 ξύλον
2489 1850 2747 1922 ἤνεγκεν
2808 1852 3044 1920 καρπὸν
3117 1855 3339 1920 αὑτοῦ,
3392 1855 3660 1925 ἄμπελος
3731 1857 3835 1911 καὶ

2250 1940 2412 2010 συκῆ
2453 1941 2686 1996 ἔδωκαν
2717 1943 2904 2013 ἰσχὺν
2931 1943 3150 1998 αὐτῶν.
3176 1947 3285 1999 Καὶ
3325 1947 3396 1999 τὰ
3431 1947 3612 2000 τέκνα
3647 1947 3827 2012 Σιὼν,

2248 2035 2512 2108 χαίρετε,
2551 2035 2649 2089 καὶ
2693 2036 3090 2104 εὐφραίνεσθε
3127 2037 3223 2090 ἐπὶ
3257 2038 3449 2107 Κυρίῳ
3485 2038 3607 2104 Θεῷ
3641 2038 3832 2108 ὑμῶν,

2247 2128 2396 2180 διότι
2442 2126 2626 2180 ἔδωκε
2654 2127 2796 2196 ὑμῖν
2833 2127 2904 2182 τὰ
2939 2129 3225 2198 ,ϐρώματα
3270 2134 3357 2197 εἰς
3407 2130 3829 2199 δικαιοσύνην,

2247 2217 2347 2278 καὶ
2384 2216 2594 2286 ,βρέξει
2646 2217 2788 2286 ὑμῖν
2847 2218 3024 2274 ὑετὸν
3080 2219 3343 2290 πρώῂιον
3413 2220 3514 2274 καί
3567 2221 3828 2288 ὄψιμον,

2246 2306 2440 2372 καθὼς
2478 2307 2839 2376 ἔμπροσθεν.
2871 2306 2981 2360 Καὶ
3006 2307 3466 2376 πλησθήσονται
3506 2310 3566 2361 al
3597 2307 3830 2372 diui-ec

2246 2396 2451 2459 σίτου,
2498 2394 2598 2449 καὶ
2639 2395 3234 2464 ὑπερεκχυθήσονται
3282 2399 3342 2451 αἱ
3398 2396 3578 2465 ληνοὶ
3633 2398 3827 2459 οἴνου,

2246 2487 2345 2542 καὶ
2373 2487 2604 2541 ἐλαίου.

2316 2580 2438 2633 AB’.
2486 2580 2646 2645 Ἕθος
2691 2583 2803 2646 τοῖς
2854 2581 3029 2650 ἁγίοις
3073 2581 3395 2652 προφήταις.
3429 2581 3496 2642 ὲκ
3539 2580 3649 2634 τῶν
3685 2581 3832 2636 κατὰ

2249 2672 2435 2744 μέρος,
2470 2674 2565 2726 καὶ
2595 2674 2732 2744 πρὸς
2765 2673 2980 2741 ὀλίγους
3012 2672 3255 2740 ἀγαθῶν,
3277 2672 3524 2741 κομίζειν
3551 2673 3643 2726 τὸν
3670 2673 3829 2740 λόγον

2245 2765 2337 2819 ἐπὶ
2364 2764 2434 2818 τά
2461 2766 2689 2819 καθόλου
2715 2782 2773 2818 τε
2803 2765 2898 2818 καὶ
2926 2765 3282 2836 γενικώτερα.
3313 2763 3499 2817 Ταῦτα
3526 2765 3583 2817 δέ
3611 2765 3728 2826 ἐστι
3763 2765 3830 2820 τὰ

2243 2858 2332 2912 διὰ
2379 2856 2636 2928 Χριστοῦ.
2692 2858 2915 2928 Πρὸεισι
2952 2857 3015 2928 δὴ
3046 2852 3140 2910 οὖν
3177 2859 3256 2918 εἰς
3288 2855 3446 2910 τοῦτο
3495 2855 3660 2909 πάλιν
3695 2858 3830 2926 ἡμῖν

2243 2950 2271 3001 ὁ
2298 2948 2472 3016 λόγος.
2509 2948 2646 3001 Πότε
2679 2947 2787 3020 γὰρ
2816 2947 3025 3000 δέδοται
3053 2946 3112 2999 τὺ
3143 2947 3338 3018 χρῆναι
3373 2945 3592 3017 θαρσεῖν
3625 2949 3692 3015 τῇ
3719 2949 3827 3016 ﬁ};

2243 3041 2381 3094 Πότε
2428 3039 2470 3092 δ’
2506 3034 2574 3092 αὖ
2625 3038 2927 3108 ἐμεγάλυνε
2961 3037 3168 3108 Κύριος
3213 3037 3309 3090 τοῦ
3356 3040 3611 3107 ποιῆσαις
3662 3038 3712 3089 εί
3752 3037 3828 3106 μὴ

2243 3134 2351 3198 ὅτε,
2399 3131 2532 3195 Θεὸς
2565 3130 2660 3196 ὢν,
2691 3133 2720 3184 ό
2766 3131 2939 3200 Λόγος
2970 3131 3192 3199 γέγονεν
3238 3129 3544 3201 ἄνθρωπος,
3579 3129 3669 3183 ἵνα,
3713 3130 3828 3190 τοῖς

561 3217 850 3270 humanam
887 3226 1134 3271 naturam
1156 3218 1348 3285 induit,
1378 3227 1435 3272 nt
1467 3218 1622 3273 bonis
1651 3221 1900 3290 supernis
1937 3233 2136 3277 terram

2243 3224 2450 3289 ἀνωθεν,
2491 3222 2799 3287 ἐπικλύζων
2841 3223 3067 3292 ἀγαθοῖς
3115 3224 3215 3293 τὴν
3263 3223 3355 3275 ὑπ’
3397 3222 3648 3292 οὐρανὸν,
3677 3221 3828 3291 εὑρί-

560 3309 849 3375 inundans,
898 3309 1232 3364 inveniretur
1264 3311 1315 3365 in
1344 3325 1403 3365 se
1440 3312 1788 3366 credentibus
1838 3322 1892 3366 ut
1945 3313 2138 3369 ﬂuvius

558 3402 733 3469 pacis,
761 3408 820 3454 ut
850 3410 1063 3457 torrens
1094 3401 1404 3470 voluptatis,
1434 3410 1493 3456 ut
1519 3412 1896 3472 temporaneus
1941 3413 1995 3460 et
2047 3419 2136 3460 se.-

561 3491 771 3544 rotinus
809 3490 1002 3556 imber,
1026 3499 1079 3546 et
1132 3492 1300 3546 totius
1353 3493 1618 3547 ubertatis
1670 3492 1914 3565 largitor.
1989 3494 2140 3552 Tunc

559 3581 703 3635 enim
734 3581 818 3637 vel
854 3583 1447 3654 insipientissimis(qui
1478 3584 1723 3654 jumenta
1748 3586 1921 3656 campi
1947 3587 2137 3641 dicun-

561 3673 667 3743 tur)
700 3673 1076 3730 intellectualis
1107 3675 1272 3729 herba
1306 3675 1649 3744 germinavit,
1689 3691 1882 3746 nempe
1930 3676 2136 3733 docen-

561 3766 692 3818 timn
726 3781 924 3821 sermo.
959 3766 1111 3820 Tunc
1141 3767 1426 3821 viruernnt
1454 3769 1635 3838 campi
1683 3769 2015 3825 solitudinis.
2074 3772 2138 3826 Et

558 3857 902 3913 solitudinem
939 3859 1156 3928 quidem
1219 3868 1375 3914 vocat
1436 3860 1928 3931 Ecclesiam,juxta
1966 3864 2136 3920 illud:

564 3969 587 4001 ι.
614 3949 847 4014 Laetare,
871 3951 1145 4006 desertum
1170 3952 1382 4015 sitiens,
1406 3954 1642 4009 exsultet
1669 3954 1927 4020 solitudo,
1961 3967 2014 4011 et
2036 3957 2136 4012 ﬂo-

559 4050 676 4094 reat
701 4041 852 4110 quasi
881 4040 1053 4096 lilium
1077 4042 1142 4096 υ.
1167 4062 1191 4095 ι
1237 4043 1424 4114 Campi
1477 4045 1596 4116 ejus
1659 4057 1786 4103 sunt
1817 4049 2138 4120 populorum

558 4141 801 4188 rectores
859 4143 915 4189 et
981 4134 1250 4201 doctores,
1319 4136 1411 4204 qui
1485 4145 1544 4192 et
1619 4139 1816 4195 divinis
1907 4157 1938 4197 e
2000 4144 2140 4199 caelo

559 4223 904 4280 cbarismatis
969 4225 1208 4280 animum
1291 4227 1439 4283 velut
1521 4239 1818 4286 scatentem
1899 4244 1954 4289 et
2022 4236 2140 4302 pul-

559 4317 830 4371 cherrime
892 4319 1128 4388 undique
1183 4317 1458 4375 ﬂorentem
1538 4331 1749 4391 gerunt,
1798 4331 1854 4378 et
1917 4324 2140 4395 dogma-

560 4421 673 4464 tum
707 4410 925 4466 ﬂoribus
951 4412 1248 4482 spirantem
1306 4414 1564 4479 suaviter,
1599 4423 1655 4470 et
1704 4417 1907 4471 recenti
1967 4418 2137 4472 herba

560 4503 798 4572 undique
819 4505 1226 4571 pubescentem.
1256 4504 1318 4558 Hi
1345 4505 1640 4560 bestiarum
1669 4517 1915 4562 naturam
1959 4518 2013 4565 et
2056 4509 2138 4563 in-

2241 3335 2422 3370 σκοιτο
2459 3319 2572 3379 τοῖς
2605 3315 2952 3374 πιστεύουσιν
2981 3317 3061 3378 εἰς
3093 3315 3253 3374 αὐτὸν
3276 3315 3351 3376 ὡς
3394 3312 3641 3384 ποταμὸς
3676 3314 3829 3384 εἰρή-

2237 3426 2352 3478 νης,
2392 3408 2468 3470 ὡς
2497 3408 2831 3479 χειμάρρους
2860 3407 3092 3478 τρυφῆς,
3125 3407 3200 3468 ὡς
3229 3407 3477 3477 πρώῖμός
3498 3424 3557 3459 τε
3591 3407 3687 3460 καὶ
3716 3407 3828 3474 ﬁt.

2241 3519 2339 3572 μος
2391 3500 2565 3561 ὑετὸς,
2614 3500 2708 3552 καὶ
2755 3498 2986 3570 ἀπάσης.
3023 3497 3220 3567 νοητῆς
3274 3497 3577 3568 εὐκαρπίας
3632 3497 3822 3567 δοτὴρ.

2237 3593 2371 3644 Τότε
2402 3591 2512 3663 γὰρ
2540 3591 2764 3658 καὶτοῖς
2793 3591 2931 3658 ἄγαν
2960 3587 3388 3650 ἀσυνετωτάτοις
3415 3587 3485 3659 (οἳ
3520 3587 3614 3639 καὶ
3651 3587 3823 3656 κτήνη

2237 3682 2484 3751 λέγονται
2514 3682 2607 3735 τοῦ
2641 3682 2845 3748 πεδίου)
2877 3682 3038 3750 νοητή
3069 3696 3155 3741 τις
3185 3677 3356 3746 ἀνέφυ
3392 3679 3515 3742 πόα,
3547 3678 3654 3731 τῶν
3681 3678 3825 3731 διδαν

2239 3775 2476 3827 σκόντων
2534 3776 2562 3827 ὁ
2603 3773 2780 3841 λόγος.
2832 3773 2965 3825 Τότε
3023 3770 3358 3841 βεϐλάστηκε
3406 3770 3473 3822 τὰ
3523 3769 3678 3821 πεδία
3725 3772 3825 3842 τῆς

2241 3867 2472 3936 ἐρήμου,
2509 3865 2603 3918 καὶ
2649 3864 2855 3936 ἔρημον
2891 3864 2989 3933 μὲν
3034 3859 3290 3932 ὀνομάζει
3337 3861 3434 3931 τὴν
3494 3858 3824 3928 Ἐκκλησίαν

2242 3953 2382 4007 κατὰ
2431 3953 2509 4016 τὸ,
2545 3971 2561 4004 ι
2601 3952 2973 4022 Εὐφράνθητι,
3017 3952 3222 4023 ἕρημος
3260 3950 3492 4020 διψῶσα.
3535 3949 3824 4016 Ἀγαλλιά-

2241 4045 2417 4115 σθωὴ
2459 4045 2685 4116 ἔρημος,
2731 4045 2827 4098 καὶ
2855 4043 3083 4097 ἀνθείτω
3128 4043 3205 4106 ὡς
3237 4043 3440 4113 κρῖνον.
3485 4061 3503 4093 ι
3557 4040 3725 4094 Πεδία
3769 4041 3825 4100 δὲ

2239 4137 2418 4190 αὐτῶν
2466 4138 2601 4190 είσιν
2651 4139 2699 4190 οἱ
2744 4136 2888 4190 λαῶν
2942 4135 3254 4206 ἡγούμενοι,
3300 4135 3396 4188 καὶ
3448 4134 3825 4202 παιδαγωγεῖν

2241 4227 2465 4293 εἰδότες,
2508 4229 2556 4282 οἳ
2605 4228 2702 4282 καὶ⁵
2747 4231 2862 4291 τοῖς
2911 4227 3076 4290 θείοις
3118 4226 3178 4292 ἐξ
3209 4226 3438 4298 οὐρανοῦ
3487 4227 3825 4297 χαρίσμασιν

2239 4319 2402 4372 οἱονεὶ
2445 4318 2678 4389 βρύοντά
2717 4335 2799 4384 τε,
2831 4317 2926 4372 καὶ
2956 4312 3015 4371 εὖ
3049 4316 3191 4387 μάλα
3230 4316 3692 4388 περιηνθισμενον
3725 4313 3824 4382 φέ-

2241 4427 2396 4482 ρουσι
2424 4410 2516 4464 τὸν
2546 4410 2669 4463 νοῦν
2700 4410 2794 4463 καὶ
2823 4410 2943 4472 ταῖς
2985 4407 3094 4461 τῶν
3138 4408 3424 4477 δογμάτων
3454 4405 3644 4468 ἀνθαις
3691 4403 3824 4458 πνέ-

2238 4500 2369 4554 οντά
2397 4517 2456 4553 τε
2501 4501 2622 4572 ἡδὺ,
2663 4502 2756 4554 καὶ
2789 4502 3080 4572 ἀρτιιρανεϊ
3107 4502 3172 4570 τῇ
3204 4500 3312 4570 πόᾳ
3356 4496 3820 4567 κατεστεμμένον.

559 4592 714 4659 genia
754 4591 1026 4648 imitantes
1051 4593 1383 4659 exhilarant,
1403 4605 1460 4649 ut
1482 4597 1642 4651 etiam
1669 4597 1736 4650 ad
1799 4600 2138 4668 prudentiam

2246 4587 2404 4647 Οὗτοι
2433 4593 2542 4645 τῶν
2572 4591 3072 4662 ἀποκτηνωθέντων
3099 4591 3186 4645 τὸν
3221 4589 3347 4643 γοῦν
3388 4587 3822 4658 κατευφραίνου-

559 4683 778 4739 homine
800 4685 1020 4755 dignam
1039 4699 1143 4741 eos
1178 4686 1470 4742 adducant.
1510 4689 1600 4742 Ait
1623 4697 1826 4758 autem,
1852 4699 1906 4744 et
1931 4691 2133 4760 lignum

565 4773 754 4827 tulisse
786 4774 1022 4829 fructum
1069 4791 1250 4835 suum,
1286 4783 1340 4830 et
1372 4776 1583 4832 vineam
1620 4787 1783 4847 atque
1827 4780 1986 4835 ticum
2009 4796 2136 4849 pro-

561 4865 734 4934 priam
765 4865 980 4922 dedisse
1013 4867 1294 4934 virtutem,
1328 4867 1546 4921 firmum
1572 4883 1636 4923 ac
1665 4869 2136 4940 solidum,opinor,

562 4958 868 5012 docentium
907 4973 1240 5024 sermonem,
1273 4961 1358 5014 cui
1391 4960 1552 5016 mista
1582 4972 1668 5016 est
1693 4962 1940 5030 dulcedo,
1968 4973 2022 5018 et
2047 4979 2137 5018 ra-

561 5050 976 5117 tiodeLectandi,
1007 5050 1273 5106 fructibus
1325 5050 1410 5107 ﬁci
1455 5060 1510 5107 et
1565 5053 1737 5109 vineae
1791 5069 2135 5125 comparans.

560 5140 886 5195 Convenerit
917 5150 1121 5206 autem,
1153 5155 1253 5196 nec
1285 5140 1477 5211 injuria
1534 5157 1684 5208 sane,
1713 5143 1888 5197 adhuc
1933 5145 2140 5200 crassis

560 5239 618 5284 et
648 5230 1103 5299 pecuduminstar
1126 5231 1380 5302 stupidis,
1435 5241 1490 5287 et
1534 5233 1876 5288 humiliorem
1931 5236 2135 5290 doctri~

559 5336 707 5380 nant,
736 5322 898 5375 veluti
955 5323 1180 5380 herbam
1231 5324 1284 5378 in
1338 5339 1502 5393 parva
1549 5323 1867 5381 docentibus
1918 5337 2132 5382 enatam

560 5413 846 5481 impertiri,
883 5415 1138 5484 perfectis
1185 5432 1314 5472 vero
1364 5417 1610 5473 sublimis
1648 5418 2031 5491 intelligentia,
2082 5431 2135 5476 et

560 5515 814 5576 tanquam
851 5522 880 5560 e
922 5507 1080 5576 lignis
1117 5509 1375 5575 speciosis
1425 5507 1847 5565 eﬂlorescentem
1875 5511 2132 5579 fructum,

562 5612 754 5667 nempe
784 5599 848 5651 de
882 5607 1070 5651 sancta
1105 5607 1158 5653 et
1190 5600 1637 5655 consubstantiali
1680 5601 1962 5672 Trinitate,
2022 5607 2135 5661 sive

635 5771 680 5811 "
717 5773 872 5834 Cant.
909 5789 970 5842 ιι,
1007 5775 1052 5829 l.
1136 5774 1175 5806 ¹³
1216 5775 1312 5828 Isa.
1353 5791 1514 5841 xxxv,
1549 5776 1592 5830 l..

2241 4700 2347 4745 σιν,
2382 4683 2471 4737 ἵνα
2516 4683 2610 4740 καὶ
2655 4684 2737 4744 εἰς
2782 4682 2996 4736 σύνεσιν
3048 4681 3321 4749 ἀνάγωσιν
3354 4678 3816 4750 ἀνθρωποπρεπῆ.

2243 4776 2384 4846 Ἔφη
2417 4775 2474 4829 δὲ
2501 4776 2584 4828 ὅτι
2629 4775 2722 4828 καὶ
2767 4774 2922 4838 ξύλον
2962 4774 3220 4842 ἐξήνεγκε
3265 4771 3356 4831 τὸν
3386 4770 3601 4840 καρπὸν
3629 4767 3822 4832 αὑτοῦ,

2238 4867 2484 4938 ἅμπελός
2513 4884 2594 4932 τε,
2640 4867 2734 4924 καὶ
2779 4865 2918 4936 συκῆ
2949 4866 3045 4936 τὴν
3081 4865 3216 4918 ἰδίαν
3257 4863 3523 4916 ἐκδέδωκε
3566 4862 3821 4932 δύναμιν,

2235 4964 2328 5016 τὸν
2354 4964 2595 5034 στερεὸν,
2625 4959 2800 5032 οἶμαι,
2829 4960 2940 5014 τῶν
2973 4958 3327 5012 διδασκόντων
3386 4956 3565 5024 λόγον,
3610 4948 3652 5021 ᾦ
3689 4955 3820 5024 μὲτο

2244 5074 2364 5110 εστι
2420 5056 2519 5126 μὲν
2549 5055 2612 5108 τὸ
2657 5054 2854 5123 γλυκὺ,
2900 5053 3119 5120 μέτεστι
3167 5051 3222 5103 δὲ
3255 5051 3392 5122 πρὸς
3439 5050 3614 5117 τούτῳ
3645 5048 3737 5100 καὶ
3759 5045 3822 5099 rt

2243 5149 2658 5220 κατευφραίνειν
2712 5148 2871 5213 είδὸς,
2919 5147 3017 5215 τῆς
3056 5145 3163 5198 ἀπὸ
3208 5143 3397 5214 συκῆς,
3435 5140 3529 5196 καὶ
3574 5139 3820 5208 ἀμπέλου

2243 5247 2476 5311 καρποῖς
2521 5240 2892 5314 παρεικάζων.
2959 5237 3242 5308 Ἀρμόσειε
3295 5234 3341 5286 δ’
3395 5233 3482 5294 ἄν,
3534 5231 3626 5285 καὶ
3675 5228 3821 5299 μάλα

2243 5335 2489 5398 εἰκότως,
2525 5335 2639 5396 τοῖς
2670 5331 2769 5402 μὲν
2799 5330 2879 5382 ἔτι
2915 5327 3240 5398 παχυτέροις
3267 5325 3358 5378 τὸν
3397 5323 3543 5384 νοῦν.
3580 5322 3673 5375 καὶ
3714 5339 3820 5373 νω-

2242 5428 2390 5481 θείαν
2421 5428 2600 5498 ἔχουσι
2629 5425 2726 5496 τὴν
2755 5420 3107 5495 κτηνοπρεπῆ
3143 5416 3548 5486 κατανέμεσθαι
3574 5414 3664 5466 καὶ
3689 5412 3820 5482 χθα-

2245 5516 2561 5587 μαλιοτέραν
2604 5514 2859 5585 μάθησιν,
2907 5510 3006 5581 τὴν
3051 5510 3125 5572 ὡς
3171 5509 3229 5560 ὲν
3271 5506 3402 5559 εἴδει
3447 5505 3541 5557 καὶ
3593 5503 3818 5571 δυνάμει
3886 5586 3889 5587 ν

2241 5607 2377 5672 πόας
2408 5607 2463 5659 ἐν
2493 5609 2602 5671 τοῖς
2631 5606 2697 5660 τὰ
2739 5603 2910 5677 μινρά
2937 5601 3243 5656 διδάσκουσι
3277 5596 3572 5666 φυομένην,
3605 5595 3718 5655 τοῖς
3762 5591 3817 5655 δὲ
