4068 6596
168 409 303 465 3T5

1109 415 1664 476 COMMENTARIUS
1702 414 1770 474 IN
1810 416 2082 475 )OELEH
2122 419 2564 478 PROPHETAM.

3380 424 3490 485 ὅτε

172 526 447 625 τελείοις
491 530 591 603 ἤδη
622 531 713 586 τὸν
740 531 874 603 ὑψοῦ
909 550 967 587 τε
1002 535 1312 607 νοούμενον,
1340 522 1448 592 ’καὶ
1474 532 1589 593 οἷον
1628 537 1799 606 ξύλοις

1910 540 1977 597 de
1994 540 2292 625 disciplina.
2339 541 2550 609 morali,
2588 556 2747 613 quam
2789 543 2941 613 quasi
2988 543 3044 600 in
3095 541 3206 600 alto
3242 497 3497 614 positam.

170 618 443 690 ὡραίοις
487 624 833 697 ὲπηνθηκότα
878 627 1090 699 καρπὸν
1118 669 1134 694 ,
1185 628 1277 683 τὸν
1322 630 1451 700 περὶ
1496 630 1598 699 τῆς
1643 630 1804 699 ἁγίας

178 710 298 769 καὶ
339 713 638 784 ὁμοουσίου
683 717 932 790 Τριάδος,
980 720 1148 790 ἧγουν
1193 720 1533 785 παιδεύσεως
1583 721 1801 793 ἠθικῆς,

176 800 305 871 τῆς
342 803 428 869 ὡς
459 806 520 858 ὲν
550 805 675 875 ὕψει
717 806 1118 881 θεωρουμένης.
1146 807 1437 881 Τοιγάρτοι
1483 811 1655 882 κτήνη
1703 810 1813 881 μὲν·

180 892 461 961 ἱκείνους
488 898 767 968 ὀνομάζει,
798 898 935 952 Σιὼν
962 899 1018 954 δὲ
1046 900 1148 973 ἤδη
1177 902 1342 955 τέκνα
1379 903 1507 967 τοὺς
1540 901 1805 956 τελειοτέ-

185 999 370 1052 ρους,
405 982 488 1051 οἷς
531 987 625 1041 καὶ
671 988 1061 1058 ἑπιγάννυσθαι
1104 991 1317 1046 κελεύει
1349 993 1541 1064 Κυρίῳ
1573 992 1653 1065 τῷ
1683 992 1806 1064 Θεῷ

178 1074 396 1148 ἡμῶν.
444 1077 509 1130 Ἥ
560 1079 709 1136 πᾶσα
756 1078 866 1150 γάρ
914 1080 1152 1152 θυμηδία
1196 1082 1355 1152 ἡμῶν
1383 1082 1639 1154 Χριστὸς,
1669 1084 1808 1153 παρ¹

180 1158 256 1219 οὗ
302 1166 410 1221 καὶ
448 1167 517 1221 δι’
545 1161 607 1224 οὗ
654 1171 805 1223 πᾶσα
833 1170 1115 1242 πλήρωσις
1143 1171 1386 1241 ἀγαθῶν,
1418 1174 1513 1226 καὶ
1550 1172 1661 1226 τῶν
1709 1173 1801 1226 οὐ⁹

186 1254 420 1325 ρανῖων
452 1258 809 1329 χαρισμάτων
850 1260 1086 1331 χορηγία
1127 1263 1241 1326 τοῖς
1286 1262 1577 1332 ἀγαπῶσιν
1615 1263 1798 1330 αὑτὸν,

182 1344 273 1405 ὡς
301 1347 371 1397 ὲν
405 1349 678 1417 πρωῒμοις
702 1363 785 1411 τε,
816 1349 910 1402 καὶ
946 1350 1162 1420 ὀψίμοις
1192 1353 1372 1416 ὑετοῖς
1398 1352 1802 1425 νοουμένη,καὶ

180 1435 267 1497 ὡς
310 1438 377 1489 ὲν
412 1437 546 1509 σίτῳ
574 1439 709 1510 ἅλῳ,
738 1441 835 1494 καὶ
876 1442 1005 1513 οίνῳ
1048 1442 1228 1513 ληνοῖς
1261 1443 1670 1517 ὑπερχεομένῳ,
1707 1447 1803 1501 καὶ

186 1527 376 1599 ἐλαίῳ
428 1530 840 1603 ὑπερϐλύζοντι.
906 1533 1101 1589 ’ἰστέον
1148 1536 1229 1603 δὲ,
1283 1538 1364 1591 ὅτι
1408 1539 1677 1593 καὶκατὰ
1709 1539 1805 1593 τὸν

184 1620 415 1687 τῷπον
440 1623 540 1692 τῆς
588 1625 859 1701 μυστικῆς
888 1625 1225 1698 πληρώσεως
1261 1628 1469 1702 ἀληθὴς
1502 1632 1535 1701 ἡ
1565 1631 1800 1702 ὑπόσχε-

192 1724 315 1771 mg.
350 1709 572 1765 Δέδοται
603 1713 714 1785 γὰρ
738 1716 873 1787 ἡμῖν
917 1715 995 1781 ὡς
1041 1718 1099 1771 ὲν
1142 1718 1282 1789 ύετῷ
1322 1719 1383 1772 τὸ
1411 1719 1556 1787 ὕδωρ
1597 1720 1661 1774 τὸ
1688 1721 1799 1786 ζῶν

185 1799 297 1857 τοῦ
357 1801 518 1870 ἁγίου
571 1802 965 1877 βαπτίσματος,
998 1806 1074 1872 ὡς
1100 1808 1149 1863 δ’
1177 1811 1237 1863 ὲν
1277 1810 1411 1881 σίτῳ
1442 1811 1472 1864 ὁ
1508 1811 1671 1883 ἄρτος
1698 1812 1800 1883 τῆς

1904 632 2358 701 contemplamur.
2382 632 2615 690 Proinde
2638 633 2759 689 illos
2783 632 3027 701 iumenta
3059 634 3325 705 appellat;
3359 633 3488 690 Sio-

1903 720 1990 776 nis
2007 730 2187 778 autem
2211 721 2325 792 jam
2373 724 2535 791 ﬁlios,
2564 723 2938 794 perfectiores,
2972 741 3109 795 quos
3141 735 3197 781 et
3249 727 3489 795 gaudere

1896 811 2050 879 jubet
2069 814 2122 869 in
2144 814 2373 872 Domino
2404 817 2512 872 Deo
2533 826 2740 874 nostro.
2774 816 2947 873 Omne
2971 818 3116 873 enim
3146 819 3311 872 animi
3336 817 3488 873 oble-

1902 914 2229 962 ctamentum
2259 907 2510 965 Christus
2535 917 2641 973 est,
2675 923 2704 963 a
2725 922 2832 979 quo
2869 918 2925 964 et
2950 924 3046 979 per
3070 923 3232 979 quem
3258 916 3487 964 est-om!

1904 995 1989 1049 nis
2016 997 2277 1053 bonorum
2304 999 2600 1069 plenitudo,
2650 1007 2707 1055 et
2755 999 3147 1054 charismatum
3183 998 3491 1054 ccelestium».

1902 1089 2122 1143 donatio
2153 1088 2501 1159 diligentibus
2526 1106 2675 1158 eum,
2708 1090 2862 1161 quasi
2900 1091 2952 1143 in
3000 1089 3363 1158 temporaneis
3429 1096 3492 1147 et.

1902 1180 2157 1235 serotinis
2179 1180 2447 1237 imbribus
2480 1180 2776 1248 intellecta,
2804 1188 2861 1235 et
2881 1179 3038 1250 quasi
3094 1178 3148 1233 in
3194 1177 3475 1236 frumento

1901 1287 2009 1341 quo
2035 1286 2181 1334 area,
2211 1280 2264 1325 et
2294 1271 2347 1326 in
2385 1272 2512 1327 vino
2540 1287 2648 1343 quo
2671 1271 2961 1327 toreularia
2999 1270 3391 1337 redundarunt,
3428 1282 3488 1326 et

1900 1363 1955 1417 in
2015 1367 2349 1419 exuberante
2394 1364 2536 1419 oleo.
2575 1363 2867 1420 Sciendum
2904 1369 3165 1433 praeterea
3200 1363 3364 1418 etiam
3394 1376 3485 1417 se-

1900 1456 2131 1511 cundum
2181 1457 2470 1528 mysticum
2518 1464 2775 1511 eventum
2829 1456 3247 1526 promissionem
3297 1467 3483 1509 veram

1899 1560 2042 1601 esse.
2070 1547 2202 1601 Data
2232 1557 2317 1601 est
2342 1546 2496 1603 nobis
2520 1562 2617 1603 ceu
2651 1547 2703 1602 in
2735 1547 2913 1616 pluvia
2941 1561 3081 1615 aqua
3107 1549 3296 1601 vivens
3337 1545 3489 1600 sacri

1899 1638 2262 1708 baptismatis,
2291 1648 2345 1693 et
2380 1647 2635 1709 tanquam
2677 1639 2730 1693 in
2780 1638 3052 1693 Frumeato
3090 1636 3246 1707 panis
3302 1636 3487 1702 vivus.

1899 1737 1954 1783 et
2007 1737 2266 1799 tanquam
2302 1731 2356 1785 in
2405 1730 2532 1786 vino
2576 1729 2818 1800 sanguis.
2866 1728 3110 1784 Accessit
3164 1727 3293 1782 item
3350 1741 3490 1781 usus

1899 1820 2027 1887 olei,
2058 1821 2149 1891 qui
2205 1835 2301 1891 per
2325 1836 2540 1877 sacrum
2574 1822 2843 1893 baptisma
2889 1821 2943 1876 in
2971 1820 3192 1878 Christo
3218 1817 3491 1891 justiﬁca-x

186 1890 357 1961 ζωῆς
390 1894 483 1947 καὶ
509 1894 585 1959 ὡς
604 1896 664 1950 ὲν
695 1898 822 1967 οῖνῳ
847 1898 908 1952 τὸ
931 1892 1092 1970 αἷμα.
1124 1900 1596 1974 Προεπενήνεκται
1622 1904 1681 1957 δὲ
1704 1904 1798 1958 καὶ

1902 1914 1971 1968 tis
1996 1912 2062 1968 ad
2090 1912 2614 1969 consummationem
2650 1914 2943 1969 conferret.

186 1986 229 2060 ἡ
255 1986 362 2039 τοῦ
400 1988 584 2042 ἐλαίου
623 1992 803 2060 χρεία,
837 1992 1168 2048 συντελοῦσα
1208 1996 1345 2067 πρὸς
1370 1996 1649 2051 τελείωσιν
1686 2000 1799 2062 τοῖς

187 2076 618 2150 δικαιουμένοις
645 2082 706 2136 έν
730 2083 952 2155 Χριστῷ
980 2085 1067 2139 διὰ
1084 2084 1180 2140 τοῦ
1208 2086 1366 2153 ἁγίου
1395 2087 1793 2159 βαπτίσματος.

273 2169 393 2223 Kal
423 2170 828 2231 ἀνταποδώσω
850 2175 993 2245 ὑμῖν
1023 2176 1157 2231 ἀντὶ
1198 2176 1318 2231 τῶν
1346 2177 1498 2232 ἑτῶν
1532 2173 1621 2233 ὧν
1655 2198 1796 2235 κατ-ι

190 2258 436 2331 ἔφαγεν
461 2262 500 2329 ἡ
532 2264 726 2333 ἀκρίς,
767 2266 867 2320 καὶ
902 2270 939 2321 ὁ
973 2268 1269 2342 βροῦχος,
1321 2270 1420 2324 καὶ
1477 2274 1516 2341 ἡ
1565 2272 1796 2343 κάμπη,

194 2354 305 2404 καὶ
374 2355 416 2423 ἠ
479 2355 751 2426 ἐρυσὶὅη,
797 2356 843 2427 ἦ
868 2360 1122 2430 δύναμις
1151 2378 1274 2431 μου
1322 2364 1361 2432 ἡ
1402 2364 1659 2434 μεγάλη,
1718 2364 1800 2433 ἣν

193 2442 613 2506 ἐξαπέστειλα
654 2450 741 2515 είς
781 2447 956 2519 ὑμᾶς,
992 2451 1093 2504 καί
1131 2451 1396 2523 φάγεσθε
1419 2454 1668 2523 βρώσει,
1697 2457 1797 2512 καί

195 2532 743 2605 ἑμπλησθήσεσθε,
796 2541 894 2594 καὶ
938 2543 1211 2597 αἱνέσετε
1245 2544 1312 2597 τὸ
1348 2544 1536 2615 ὄνομα
1575 2548 1799 2616 Κυρίου

197 2625 315 2680 τοῦ
376 2627 527 2683 Θεοῦ
565 2629 754 2699 ὑμῶν,
807 2631 875 2699 ὃς
930 2633 1223 2702 ἐποίησεν
1260 2636 1389 2705 μεθ’
1436 2636 1606 2706 ὑμῶν
1653 2643 1795 2695 θαυ-

193 2714 423 2793 adma.

272 2808 405 2862 AP.
446 2808 612 2864 Ὅσον
643 2811 742 2882 μὲν
776 2812 904 2884 ἥκει
946 2815 1027 2879 είς
1068 2815 1161 2869 τὸν
1202 2817 1304 2888 τῆς
1347 2819 1589 2890 ἱστορίας
1617 2819 1794 2889 λόγον,

198 2900 331 2962 ταῖς
353 2898 756 2972 προλαϐούσαις
773 2904 873 2974 τῆς
897 2904 1114 2976 άκρίδος
1133 2906 1383 2971 ἐκϐολαῖς
1414 2907 1513 2979 τὴν
1551 2908 1796 2984 ίσοσθενῆ

200 2990 302 3041 καλ⁵
352 2990 714 3063 ίσομεροῦσαν
764 2994 998 3055 εἰσάπαν
1062 2996 1407 3068 ὑπισχνεῖται
1463 2998 1796 3071 φιλοτιμίαν,

203 3081 303 3141 καὶ
346 3081 446 3153 τῆς
472 3082 571 3153 ἤδη
605 3084 892 3156 συμϐάσης
919 3086 1127 3151 ἐνδείας
1154 3089 1337 3152 αὐτοῖς
1362 3090 1662 3161 εὐρυτέραν
1690 3108 1798 3164 φη-

203 3176 293 3229 civ
316 3179 541 3233 ἔσεσθαι
567 3181 666 3263 τὴν
695 3183 802 3237 τῶν
836 3183 1111 3255 ἐδωδίμων
1139 3186 1461 3257 παράθεσιν.

273 3269 342 3320 Ei
377 3269 435 3323 δὲ
469 3271 542 3345 δὴ.
572 3274 745 3327 νοοῖτο
778 3275 1152 3346 πνευματικὸς
1194 3278 1223 3330 ὁ
1255 3277 1412 3347 λόγος
1444 3278 1542 3350 τῆς
1583 3296 1798 3351 προφη-

199 3357 381 3422 τείας,
432 3360 632 3432 φαμὲν,
678 3363 760 3416 ὅτι
810 3363 1227 3436 κατεδηδοκότος
1276 3368 1423 3438 ἡμᾶς
1468 3367 1657 3443 ῶσπερ
1698 3370 1796 3424 τοῦ

200 3448 449 3515 Σατανᾶ,
478 3453 573 3506 καὶ
622 3453 699 3517 ὡς
729 3454 787 3507 ὲν
826 3453 979 3518 τάξει
1024 3454 1254 3526 κάμπης
1312 3474 1365 3511 τε
1410 3458 1504 3511 καὶ
1552 3459 1794 3531 άκρίδος,

203 3543 301 3601 καὶ
332 3543 434 3612 μέν
474 3561 553 3596 τοι
584 3545 679 3598 καὶ
722 3545 985 3617 ἐρυσίϐης
1023 3547 1484 3618 κατεφθαρκότων
1524 3550 1585 3603 οὐ
1626 3567 1800 3623 φορη-

202 3631 313 3695 τῶς
347 3632 457 3687 τῶν
486 3635 782 3708 ἀλιτηρίων
817 3640 1146 3709 πνευμάτων
1179 3640 1273 3693 ἐπὶ
1311 3639 1653 3714 πολυτρόπου
1688 3659 1796 3697 πα-

205 3722 317 3775 θῶν
349 3724 516 3790 ἰδέας,
547 3721 701 3797 ξηροῖ¹
761 3727 855 3779 καὶ
883 3727 1124 3799 ἄκαρποι
1152 3730 1564 3802 μεμενήκαμεν,
1602 3731 1798 3801 ἐψιλω-

209 3814 366 3885 μένοι
413 3816 507 3869 καὶ
533 3818 731 3888 γυμνοὶ
754 3819 956 3884 παντὸς
974 3818 1209 3889 ἀγαθοῦ,
1230 3822 1332 3875 οὐκ
1360 3822 1559 3896 ἠθικὴν
1581 3823 1797 3896 ἔχοντες

204 3909 287 3972 εἰς
316 3908 445 3963 νοῦν
472 3911 691 3984 ἀρετὴν,
719 3912 863 3984 λιμῷ
892 3913 950 3966 δὲ
993 3913 1182 3986 ὥσπερ
1213 3916 1673 3989 κατεφθαρμένοι,
1702 3920 1797 3974 καὶ

210 3998 395 4068 πάσης
436 4000 773 4067 ἁπαξαπλῶς
814 4004 1122 4077 εὐκαρπίας
1155 4005 1535 4078 ἐστερημένοι.
1576 4009 1797 4083 Ἐπειδὴ

208 4088 261 4143 δὲ
292 4091 755 4164 πεπλουτήκαμεν
789 4095 941 4167 παρὰ
978 4096 1217 4173 Χριστοῦ
1246 4098 1308 4151 τὸ
1352 4099 1550 4171 χρῆναι
1575 4100 1796 4174 θαρσεῖν

210 4183 599 4254 (νενικήκαμεν
623 4183 733 4256 γὰρ
756 4185 853 4238 σὺν
879 4185 1031 4257 αύτῷ
1058 4186 1149 4239 τὸν
1178 4186 1404 4258 κόσμον,
1442 4208 1461 4241 ι
1493 4190 1604 4245 Καὶ
1633 4191 1796 4246 δέδω-

212 4292 306 4333 κεν
336 4276 470 4345 ἡμῖν
498 4279 686 4331 πατεῖν
712 4277 896 4332 ὲπάνω
928 4279 1107 4349 ὄφεων
1145 4281 1242 4334 καὶ
1276 4282 1596 4353 σκορπίων),
1625 4303 1644 4336 ι
1672 4284 1794 4340 τότε

208 4364 273 4436 δὴ
302 4365 398 4420 καὶ
419 4367 609 4430 ὑετοὺς
629 4368 944 4439 ἐσχήκαμεν
968 4371 1095 4434 τοὺς
1116 4372 1522 4449 πνευματικοὺς
1544 4375 1795 4446 πρὼῖμόν

210 4473 267 4508 τε
318 4457 413 4510 καὶ
440 4457 654 4528 ὄψιμον,
684 4459 933 4532 νομικὴν,
960 4462 1123 4533 φημὶ,
1158 4462 1464 4529 παίδευσιν,
1498 4465 1595 4517 καὶ
1616 4466 1795 4537 παρά-

212 4548 403 4625 κλησιν
432 4548 815 4619 εὐαγγελικήν.
861 4550 993 4604 Τότε
1027 4551 1123 4605 καὶ
1161 4553 1427 4621 φαγόντες
1472 4556 1794 4630 ὲμπεπλήσ-
1824 4578 1869 4633 D

213 4639 376 4704 μεθα,
422 4639 518 4692 καὶ
568 4639 959 4713 δοξολογοῦμεν
1007 4643 1083 4707 ὡς
1126 4645 1405 4717 Δεσπότην
1451 4648 1543 4709 τὸν
1583 4650 1795 4704 ἑαυτῶν

212 4731 442 4802 Σωτῆρα
461 4731 717 4802 Χριστὸν,
745 4732 1216 4809 άνακηρύττοντες
1246 4736 1322 4800 ὡς
1356 4737 1793 4813 θἀυματουργὸν,

212 4826 306 4877 καὶ
339 4824 407 4877 τά
434 4824 530 4878 τοῦ
582 4824 761 4894 λόγου,
816 4827 911 4884 καὶ
947 4826 1162 4891 ἐλπίδος
1207 4827 1466 4883 ἐπέκεινα
1500 4833 1613 4897 τοῖς
1658 4834 1799 4902 ἀγα-

210 4912 387 4966 πῶσιν
414 4912 577 4967 αὐτὸν
613 4914 973 4986 δωρούμενον.
1017 4915 1371 4991 Ἐγνώκαμεν
1396 4919 1453 4973 δὲ
1474 4920 1613 4991 πρὸς
1632 4922 1796 4978 αὐτὸν

211 5001 398 5072 ἕτερον
440 5000 721 5065 παντελῶς
759 5001 971 5056 οὐδένα.
1014 5002 1379 5073 Δεδιδάγμεθα
1422 5004 1480 5059 δὲ
1520 5004 1698 5075 λέγειν
1735 5006 1796 5073 ἐξ

211 5092 423 5163 ἀγαθῆς
463 5092 722 5157 διανοίας.
764 5093 989 5165 Κύριος,
1022 5093 1178 5157 ἐκτός
1208 5110 1302 5148 σου
1338 5095 1497 5149 ἄλλον
1520 5097 1623 5151 οὐκ
1650 5097 1795 5152 οῖδα-

214 5201 335 5253 μεν.
375 5184 565 5254 ’Δθρει
602 5182 661 5236 δὲ
686 5182 805 5248 πῶς
844 5184 873 5236 ὁ
907 5183 1017 5237 τῶν
1044 5184 1182 5238 ὅλων
1217 5184 1349 5248 Θεὸς
1382 5187 1661 5258 μονονουχὶ
1697 5189 1795 5243 καὶ

212 5275 512 5347 καταγελᾷ,
540 5276 638 5329 καὶ
675 5274 1131 5348 κατειρωνεύεται
1160 5277 1228 5330 τά
1254 5277 1591 5350 ἀνθρώπινα,
1635 5281 1796 5337 δύνα-

216 5385 308 5435 μιν
337 5364 533 5421 ἑαυτοῦ
567 5367 811 5440 μεγάλην
841 5368 1073 5439 κάμπην
1100 5368 1416 5437 ἀποκαλῶν,
1461 5371 1528 5443 ην
1574 5374 1671 5427 καὶ
1715 5376 1796 5441 είς

212 5459 411 5522 αὐτοὺς
455 5458 805 5528 πεπομφέναι
848 5457 1007 5530 φησὶ,
1052 5459 1148 5513 καὶ
1189 5460 1401 5515 οὐδέπω
1462 5463 1673 5533 φαμὲν,
1711 5465 1794 5519 ὅτι

212 5551 445 5621 δύναμις
472 5549 609 5605 Θεοῦ
640 5550 674 5620 ἡ
716 5550 934 5621 κάμπη.
974 5549 1117 5604 Ἀλλ’
1141 5546 1253 5605 οἷον
1292 5553 1469 5608 ἐκεῖνό
1510 5572 1643 5627 φησι
1683 5559 1796 5622 τοῖς

214 5643 312 5717 τὴν
344 5643 414 5697 δι’
439 5642 615 5714 αὐτῆς
642 5640 744 5695 οὐκ
774 5640 1062 5695 ὲνειικοῦσι
1092 5641 1345 5698 κόλασινο
1390 5643 1436 5698 ὣ
1471 5644 1653 5714 δεινοὶ,
1706 5647 1796 5701 καὶ

288 5819 333 5860 υ
370 5817 525 5876 Joan.
555 5834 667 5888 xvt,
707 5817 794 5874 33.
874 5817 919 5851 "
948 5816 1080 5877 Luc.
1116 5833 1168 5883 χ,
1214 5818 1296 5876 19.

1971 2178 2134 2251 225
2164 2178 2330 2236 Vens.
2358 2180 2452 2247 25,
2510 2179 2609 2260 ‘26.
2642 2179 2712 2239 Et
2746 2181 2966 2235 redeam
3015 2180 3153 2237 vobis
3193 2196 3288 2251 pro
3326 2196 3491 2235 anim

1898 2287 2026 2341 quos
2043 2272 2263 2326 comedit
2288 2271 2514 2337 locusta,
2533 2281 2585 2327 et
2614 2272 2862 2340 bruchus,
2892 2282 2940 2327 et
2969 2288 3150 2337 eruca,
3195 2283 3242 2327 et
3276 2274 3479 2341 rubigo,

1900 2360 2158 2430 fortitudo
2171 2376 2285 2414 mea
2305 2376 2518 2431 magna,
2540 2377 2699 2430 quam
2732 2362 2855 2417 misi
2876 2362 2933 2416 in
2953 2378 3062 2417 vos.
3101 2361 3169 2416 Et
3198 2361 3481 2418 comedetis

1900 2450 2243 2523 comestione,‘
2256 2459 2306 2505 et
2330 2451 2723 2517 saturabimim’,
2748 2462 2798 2505 et
2833 2451 3123 2506 laudabitis
3173 2468 3361 2508 nomen
3381 2450 3486 2507 Do:

1898 2544 2030 2598 mini
2056 2542 2154 2598 Dei
2181 2546 2361 2613 uestri,
2381 2544 2472 2615 qui
2498 2544 2620 2613 fecit
2652 2546 2911 2600 uobiscum
2947 2545 3234 2601 mirabilia.

1972 2810 2212 2868 XXXIII.
2238 2810 2391 2879 Quod
2424 2812 2493 2867 ad
2533 2809 2819 2868 historiam
2872 2809 3129 2881 pertinet,
3150 2806 3494 2878 antegressis.

1899 2900 2232 2958 locustarum
2289 2902 2684 2974 irruptionibus
2741 2917 2849 2960 non
2910 2902 3094 2958 minus
3149 2899 3378 2954 validam
3426 2910 3487 2955 et

1899 2991 2165 3061 aequalem
2192 2993 2413 3063 penitus
2446 2992 2878 3050 muniﬁcentiam
2936 2994 3185 3064 spondet,
3215 3000 3273 3046 et
3318 3005 3487 3062 quam

1900 3083 2110 3152 experti
2139 3084 2250 3139 sint
2273 3083 2576 3155 penuriam,
2604 3098 2668 3140 ea
2700 3084 3007 3140 uberiorem
3028 3083 3159 3155 ipsis
3188 3081 3306 3140 fore
3351 3096 3481 3154 pros

1899 3184 2119 3229 ventum
2150 3174 2548 3231 esculentorum
2574 3175 2881 3232 conﬁrmat.

1970 3265 2042 3318 At
2065 3265 2111 3320 si
2144 3265 2258 3320 haec
2289 3265 2567 3336 pr0pheta3
2596 3266 2761 3322 verba
2813 3266 3168 3337 spiritualiter
3213 3266 3489 3336 interpre-.

1905 3362 2104 3422 temur,
2130 3356 2415 3412 dicendum
2449 3366 2535 3412 est
2574 3371 2674 3412 nos
2706 3371 2738 3411 a
2766 3356 2970 3413 Satana
2996 3357 3152 3427 quasi
3176 3357 3481 3424 devoratos,

1901 3446 2051 3502 etab
2082 3461 2244 3503 eruca
2274 3456 2330 3503 et
2376 3447 2585 3504 locusta
2630 3462 2729 3518 per
2774 3448 2923 3504 varia
2977 3449 3235 3505 vitiorum
3285 3461 3484 3519 genera

1902 3540 2196 3597 crudeliter
2218 3541 2480 3612 perditos,
2504 3541 2769 3598 mansisse
2801 3539 2985 3598 aridos
3013 3554 3079 3596 ac
3104 3539 3340 3605 steriles,
3362 3556 3485 3595 om:

1902 3631 2063 3689 nibus
2094 3632 2252 3689 bonis
2281 3633 2522 3703 privatos
2549 3647 2614 3689 ac
2639 3633 2893 3700 nudatos,
2917 3632 3057 3689 nihil
3086 3632 3229 3702 quod
3259 3632 3328 3687 ad
3362 3646 3484 3687 tno-

1902 3738 2022 3778 rum
2056 3722 2315 3780 virtutem
2346 3724 2565 3791 attinet,
2588 3723 2786 3781 animis
2815 3722 3176 3795 possidentes.
3236 3723 3338 3780 Ast
3391 3722 3491 3779 ubi

1902 3813 2095 3871 fiducia
2127 3814 2181 3869 in
2216 3814 2491 3871 Christum
2514 3813 2825 3885 locupletati
2858 3829 3047 3871 sumus
3067 3813 3320 3885 (vicimus
3338 3813 3489 3869 enim

1901 3907 2454 3977 cumipsomundum
2488 3909 2556 3974 ⁸⁸,
2597 3917 2701 3964 cet
2764 3907 2913 3964 dedit
2972 3908 3130 3964 nobis
3159 3913 3484 3977 potestatem

1901 3998 2147 4055 calcandi
2192 4014 2369 4070 supra.
2406 4009 2690 4071 serpentes
2720 4008 2779 4057 et
2812 4000 3132 4069 scorpiones
3158 3998 3205 4031 ιδ
3248 3998 3320 4068 ι),
3355 4008 3483 4053 tunc

1900 4104 2116 4161 quoque
2142 4089 2345 4149 imbres
2370 4090 2679 4162 spirituales
2708 4091 3039 4162 accepimus,
3064 4098 3481 4161 temporaneum

1900 4190 1956 4238 et
1984 4182 2309 4249 serotinum,
2334 4182 2724 4238 institutionem
2750 4182 2954 4255 legum,
2977 4183 3222 4253 inquam,
3254 4190 3311 4238 et
3349 4196 3485 4238 con-

1900 4272 2217 4329 solationem
2273 4273 2662 4345 evangelicam.
2710 4272 2863 4330 Tunc
2931 4274 3078 4331 enim
3139 4274 3485 4330 comedentes

1900 4361 2089 4433 repleti
2117 4377 2328 4429 sumus,
2360 4372 2418 4419 et
2472 4375 2531 4420 ut
2562 4364 2847 4420 Dominum
2897 4363 3265 4435 gloriﬁcamus
3318 4364 3482 4420 Chri-

1899 4466 2041 4509 stum
2069 4454 2402 4511 Salvatorem
2427 4462 2696 4522 nostrum,
2755 4456 3003 4512 eumdem
3050 4466 3111 4512 ut
3154 4455 3486 4512 mirabilium

1898 4545 2229 4616 eﬂectorem,
2260 4558 2315 4601 et
2335 4547 2539 4627 majora
2569 4563 2731 4618 quam
2762 4547 2866 4603 dici
2896 4548 3218 4617 autsperari
3251 4549 3483 4616 possint,

1896 4639 2243 4710 diligentibus
2266 4654 2327 4694 se
2348 4640 2640 4696 donantem
2670 4640 3047 4710 prmdicantes.
3075 4639 3276 4694 Sumus
3298 4650 3483 4696 autem

1898 4732 2040 4788 docti
2070 4732 2211 4788 bona
2233 4732 2567 4790 conscientia
2619 4732 2800 4788 dicere
2830 4754 2841 4787 :
2907 4732 3134 4789 Domine
3156 4771 3175 4798 ,
3221 4739 3377 4787 extra
3433 4741 3489 4787 te

1896 4824 2062 4878 alium
2113 4823 2256 4880 haud
2306 4822 2575 4880 novimus.
2628 4820 2909 4892 Perpende
2958 4820 3153 4877 deinde
3212 4822 3484 4891 quomodo

1896 4913 2267 4969 universorum
2289 4912 2551 4969 Dominus
2575 4921 2779 4968 tantum
2828 4926 2934 4967 non
2964 4911 3209 4980 irrideat,
3234 4920 3290 4967 et
3314 4910 3486 4967 simu-

1901 5000 2101 5059 latione
2123 5003 2357 5074 quadam
2382 5001 2602 5058 deludat
2648 5016 2737 5058 res
2800 5001 3102 5067 hominum,
3127 5015 3345 5057 erucam
3380 5014 3481 5056 vo-

1901 5109 2034 5151 cans
2084 5109 2335 5166 magnam
2384 5109 2536 5150 suam
2590 5093 2991 5155 fortitudinem,
3023 5107 3186 5163 quam
3219 5101 3275 5149 et
3298 5105 3358 5149 se
3386 5091 3483 5148 ad-

1902 5201 2092 5243 versus
2122 5187 2267 5257 ipsos
2293 5185 2506 5243 misisse
2550 5194 2813 5242 autumat.
2842 5182 2955 5240 Nos
3002 5185 3221 5256 quidem
3277 5197 3483 5253 nequa-

1892 5295 2054 5350 quam
2089 5278 2321 5336 dicimus
2366 5279 2461 5335 Dei
2509 5277 2883 5336 fortitudinem
2924 5292 3045 5334 esse
3094 5291 3338 5333 erucam.
3371 5275 3481 5333 Sed

1895 5372 1967 5426 ita
1991 5370 2388 5439 quodammodo
2418 5383 2513 5425 eos
2567 5369 2659 5441 qui
2692 5370 2961 5425 invectam
2995 5367 3063 5424 ab
3116 5367 3211 5422 illa
3272 5366 3480 5423 cladem

1895 5462 2139 5534 perferre
2165 5462 2546 5533 nequiverunt,
2589 5461 2899 5533 compellat.
2936 5458 2982 5517 Ο
3011 5468 3381 5523 contumaces,
3413 5470 3481 5513 ac

1893 5556 2131 5627 superbi,
2162 5565 2218 5613 et
2241 5572 2340 5627 pro
2367 5556 2536 5614 nihilo
2577 5555 2836 5611 ducentes
2895 5567 2983 5609 me
3004 5550 3317 5608 offenderet
3365 5563 3475 5605 non

1897 5647 2075 5719 ignem
2097 5647 2166 5704 de
2196 5645 2338 5705 coelo
2362 5647 2414 5703 in
2442 5661 2538 5705 vos
2570 5644 2714 5713 misi,
2734 5659 2839 5701 non
2874 5642 3110 5701 tonitrua
3176 5654 3280 5696 non
3310 5654 3485 5721 gran-
