4068 6546
621 365 728 428 375

1598 364 1663 427 "S.
1705 367 1985 429 (ῖῐιιιιιι
2022 369 2490 429 ALEXANDle
2526 366 2849 432 ARCHIEP.

3762 369 3869 426 επ

622 484 825 547 dinem,
851 496 956 536 non
1000 479 1144 536 aliud
1177 475 1456 552 quidpiam
1481 491 1753 553 sumptum
1790 493 1849 540 et
1906 484 2042 540 locis
2101 498 2185 538 su-

2293 482 2584 555 ἀγέρωχοι,
2632 485 2735 537 καὶ
2776 484 2835 536 ἐν
2877 478 3055 537 οὐδενὶ
3098 478 3402 552 γράφοντες
3434 479 3576 551 λόγῳ
3605 478 3668 534 τό
3700 496 3866 553 repos—

623 569 786 638 peris,
816 576 870 621 et
897 567 1090 622 divinae
1119 567 1303 638 gloriae
1355 570 1794 627 honestissimum
1837 572 2034 639 innixi;
2069 587 2190 628 ver-

622 659 789 713 mium
818 657 1027 728 abiecta
1055 664 1207 717 turba
1230 663 1284 718 in
1319 664 1590 734 regionem
1638 665 1951 729 iusurrexit,
1982 674 2037 718 et
2059 679 2191 719 con-

621 749 824 805 turbati
858 750 1012 816 estis,
1050 761 1105 807 et
1127 753 1364 821 periistis
1389 755 1657 811 celeriter.
1692 753 1930 813 Robusta
1982 754 2191 810 scilicet

580 861 590 872 -
622 842 969 896 vehementer
998 852 1083 897 est
1124 858 1287 900 eruca
1322 861 1336 897 :
1378 860 1551 901 meam
1599 855 1746 902 certe
1791 860 2040 917 magnam
2075 846 2188 902 for-

624 932 904 988 titudinem
961 934 1107 991 illam
1158 944 1367 1006 reputo.
1399 936 1564 1008 226
1601 936 1778 992 Mores
1818 937 1982 1007 igitur
2008 950 2190 993 sermo

623 1025 896 1094 exprimit,
927 1034 983 1081 et
1033 1034 1117 1082 est
1182 1026 1329 1081 velut
1384 1027 1684 1093 irridentis,
1715 1042 1779 1083 ac
1803 1029 2186 1098 propemodum

622 1116 980 1172 conviciantis
1007 1118 1101 1172 Dei
1132 1120 1181 1172 in
1202 1132 1302 1173 eos
1346 1118 1438 1187 qui
1471 1130 1697 1187 peccare
1727 1118 1867 1174 nihil
1900 1119 2051 1188 pensi
2094 1120 2190 1173 bas

621 1209 771 1261 bent.
802 1206 965 1263 Posse
991 1223 1086 1264 eos
1117 1223 1309 1279 nempe
1333 1209 1548 1265 allicere
1575 1223 1754 1278 paena,
1787 1210 1832 1265 si
1860 1210 2013 1275 velit,
2069 1210 2187 1264 sul-

622 1300 836 1354 ticiente
869 1302 933 1353 ad
966 1301 1068 1355 hoc
1091 1316 1275 1368 eruca,
1311 1317 1410 1373 pro
1433 1303 1642 1372 magnis
1680 1311 1737 1357 et
1764 1303 1980 1357 invictis
2036 1302 2189 1357 dein-

619 1405 745 1461 ceps
770 1393 995 1449 viribus.
1025 1393 1139 1448 Non
1172 1395 1334 1463 igitur
1361 1394 1530 1451 eﬂuse
1558 1395 1765 1450 rideant
1800 1395 2060 1458 haeretici,
2089 1409 2190 1449 nec

618 1485 877 1540 adversus
902 1486 1176 1556 Unigeniti
1235 1486 1457 1555 gloriam
1511 1494 1803 1557 augentur,
1844 1493 2030 1554 utpote
2065 1499 2186 1539 cum

616 1590 778 1635 eruca
832 1592 1023 1646 magna
1070 1576 1331 1632 fortitudo
1388 1579 1659 1633 nominata
1707 1578 1796 1633 sit.
1862 1574 1973 1631 Nec
1999 1576 2185 1632 eodem

616 1667 734 1723 loco
775 1684 881 1738 quo
902 1671 1103 1725 vermis
1124 1671 1327 1740 pollens
1360 1671 1566 1726 viribus
1592 1669 1886 1735 habeatur;
1916 1666 2032 1723 ausi
2056 1676 2184 1721 sunt

614 1762 757 1822 enim
784 1762 966 1818 miseri
1003 1762 1163 1818 etiam
1202 1762 1257 1816 in
1286 1761 1425 1815 hanc
1453 1761 1725 1830 opinionis
1752 1775 1811 1816 se
1844 1760 2187 1832 praecipitare

612 1864 908 1908 miseriam.

683 2033 849 2087 Vsus.
884 2033 973 2087 27.
997 2033 1060 2086 Et
1080 2050 1180 2087 non
1194 2033 1544 2103 confundetur
1556 2034 1781 2103 populus
1798 2049 1942 2087 meus
1963 2032 2018 2086 in
2040 2042 2187 2088 (eter-

611 2132 757 2173 num.
776 2119 843 2173 Et
863 2120 1036 2175 scietis
1053 2122 1176 2189 quia
1198 2122 1254 2175 in
1291 2121 1461 2176 medio
1494 2121 1666 2177 Israel
1722 2139 1835 2177 sum
1857 2138 1972 2192 ego.
1993 2122 2062 2176 Et
2092 2138 2186 2192 ego

610 2210 867 2264 Dominus
902 2211 1042 2265 Deus
1084 2222 1265 2278 vester,
1295 2221 1473 2268 etnon
1524 2224 1601 2267 est
1644 2226 1835 2282 prwter
1874 2223 2057 2278 me;et
2083 2229 2186 2267 non

612 2302 963 2370 eonfuudetur
1006 2303 1147 2357 ultra
1204 2307 1373 2360 omnis
1430 2305 1655 2375 populus
1717 2322 1862 2360 meus
1915 2306 1972 2361 in
2036 2315 2188 2361 teter-

609 2408 755 2447 num.

677 2485 916 2541 XXXIV.
951 2487 1230 2544 Manifesta
1260 2488 1476 2544 modum
1512 2490 1829 2545 oeconomia:
1852 2491 2174 2545 incarnatio-

607 2578 715 2644 nis,
742 2587 796 2632 et
821 2592 942 2634 sesc
970 2579 1443 2644 exinaniturum“,
1460 2590 1514 2634 et
1542 2595 1663 2635 cum
1687 2580 1950 2637 terricolis
1980 2581 2186 2635 habita-

611 2678 788 2723 turum
817 2671 1083 2739 promittit
1109 2670 1175 2733 ιτ,
1198 2671 1362 2725 nostri
1385 2671 1641 2736 similem,
1675 2672 1727 2726 id
1756 2681 1859 2737 est,
1910 2672 2180 2727 hominem

609 2760 834 2816 factum.
868 2760 1019 2818 Tunc
1047 2765 1189 2819 enim
1222 2767 1275 2820 in
1311 2766 1489 2822 medio
1519 2764 1688 2819 Israel.
1711 2766 1890 2831 fuit,et
1919 2765 2185 2834 nosigno-

610 2852 834 2907 miniam
888 2854 1193 2927 eﬂ'ugimus,
1250 2866 1308 2913 et
1364 2872 1396 2913 e
1437 2857 1754 2913 confusione
1808 2856 2041 2926 exempti
2099 2872 2184 2911 su-

606 2954 749 3006 mus,
783 2953 956 2999 morte
988 2946 1241 3000 nimirum
1290 2955 1591 3014 prostrata,
1624 2954 1853 3016 peccato
1891 2945 2182 3003 interfecto

604 3040 661 3086 et
687 3033 993 3103 cognitione
1026 3036 1267 3091 veritatis
1301 3037 1626 3092 introducta.
1668 3034 1822 3094 Haud
1868 3038 2013 3094 enim
2068 3053 2180 3092 am-

603 3120 746 3190 plius
779 3135 1085 3178 creaturam
1118 3126 1410 3180 adoramus
1438 3133 1640 3194 praeter
1679 3124 1992 3182 Creatorem
2028 3128 2092 3193 ‘3,
2127 3138 2177 3183 et
2209 3143 2254 3205 ο

604 3213 766 3267 alium
797 3214 964 3270 Deum
996 3226 1195 3286 praeter
1244 3217 1394 3272 illum
1425 3216 1695 3270 neminem
1733 3233 1957 3286 prorsus
1993 3234 2179 3276 susce-

603 3306 801 3376 pimus.
844 3305 1077 3364 Proinde
1110 3310 1273 3364 etiam
1318 3310 1515 3366 divites
1562 3312 1859 3378 evasimus,
1902 3318 1963 3366 ut
1993 3312 2048 3366 in
2080 3326 2179 3381 spe

602 3396 756 3451 ﬁrma
782 3397 1046 3465 viventes,
1095 3414 1150 3456 et
1180 3405 1587 3474 exspectatione
1641 3406 1767 3460 vitae
1820 3404 2072 3475 longave:
2122 3404 2175 3458 in

600 3489 1029 3546 sanctiﬁcatione
1049 3500 1104 3547 et
1125 3492 1429 3550 innocentia
1459 3498 1603 3551 vitae.

674 3578 833 3635 Vsus.
867 3581 956 3645 28,
980 3582 1071 3637 ἓξ).
1099 3581 1166 3637 Et
1183 3587 1284 3639 erit
1301 3587 1550 3654 posthac,
1577 3598 1626 3642 et
1656 3588 1926 3657 effundam
1954 3588 2020 3642 de
2050 3589 2173 3657 Spi—

596 3672 702 3724 ritu
729 3689 840 3726 meo
858 3690 1014 3742 super
1052 3691 1253 3731 omnem
1293 3687 1592 3743 caruem,et
1637 3679 2015 3747 prophelabunt
2076 3679 2178 3747 filii
2200 3690 2203 3693 '

594 3768 755 3818 vestri
780 3777 826 3819 el
858 3767 985 3835 ﬁlim
1010 3779 1225 3834 vestrm;
1266 3780 1313 3824 et
1347 3773 1578 3825 seniores
1599 3773 1751 3826 uestri
1784 3773 1992 3827 somnia
2036 3790 2177 3828 som-

598 3856 843 3922 niabunt,
874 3868 923 3910 et
955 3859 1175 3927 juvenes
1227 3862 1382 3914 uestri
1415 3863 1636 3917 risiones
1684 3863 1953 3918 uidebunt.
2009 3866 2178 3934 Atque

599 3948 761 3999 etiam
812 3964 966 4017 super
1002 3965 1174 4003 servos
1220 3967 1361 4005 meos
1402 3964 1449 4007 et
1484 3953 1713 4008 ancillas
1759 3956 1815 4009 in
1846 3955 2029 4011 diebus
2068 3957 2174 4012 illis

596 4037 861 4104 eﬂ'undam
886 4039 948 4093 de
973 4037 1173 4107 Spiritu
1201 4058 1335 4099 meo.

669 4301 887 4360 XXXV.
922 4301 1000 4360 En
1035 4308 1318 4376 perspicue
1363 4310 1533 4364 saucti
1568 4308 1805 4379 Spiritus
1858 4312 2085 4380 gratiam
2118 4330 2179 4369 se

599 4397 922 4450 donaturum
952 4398 1237 4466 promittit,
1276 4399 1327 4452 id
1352 4408 1454 4462 est,
1479 4400 1824 4455 donationem
1850 4398 2173 4471 largiﬂuum,

2290 575 2508 647 κρούειν
2538 576 2662 647 ἐμοί
2684 576 2705 628 ι
2727 576 2790 629 ού
2816 574 2928 646 πῦρ
2952 571 3038 644 ἐφ’
3067 574 3211 644 ὑμᾶς
3244 572 3536 645 οὐρανόθεν
3565 573 3768 643 ἀνῆκα,
3806 574 3868 626 ού

2291 666 2536 738 βροντὴν,
2560 667 2624 721 ού
2654 664 2912 738 χάλαζαν,
2939 667 3038 738 οὐχ
3070 665 3258 737 ἔτερόν
3283 682 3337 718 τι
3362 663 3471 718 τῶν
3499 663 3633 734 ὑψοῦ
3670 681 3736 718 τε
3772 666 3868 735 ἡρ-

2292 758 2489 827 μένων,
2533 758 2627 812 καὶ
2654 758 2737 810 ὅτι
2780 756 3013 828 μάλιστα
3040 759 3106 826 τῇ
3134 755 3226 809 τοῦ
3252 754 3389 808 Θεοῦ
3422 754 3547 826 δόξῃ
3586 754 3864 825 πρεπωδε-

2291 849 2500 903 στάτων
2529 850 2828 921 ἐπήνεγκα.
2860 847 3167 917 Σκωλήκων
3217 845 3378 899 ἀθλία
3411 844 3619 914 πληθὺς
3682 844 3866 908 κατεξ-

2289 942 2487 1011 ανέστη
2518 941 2620 1011 τῆς
2643 939 2851 1011 χώρας,
2880 940 2979 993 καὶ
3009 937 3409 1010 τεθορύσησθε,
3443 938 3539 991 καὶ
3577 935 3866 990 διολώλατε

2286 1033 2427 1102 τάχα
2452 1045 2578 1085 που*
2606 1031 2815 1102 μεγάλη
2845 1030 2964 1085 λίαν
2991 1033 3025 1102 ή
3054 1028 3271 1101 κάμπη.
3288 1028 3586 1098 Λογιοῦμαι
3614 1027 3674 1081 δὲ
3702 1026 3869 1097 αὐτὴν

2288 1124 2384 1178 καὶ
2427 1123 2655 1194 δύναμιν
2688 1121 2928 1194 ἐμαυτοῦ
2971 1122 3233 1193 μεγάλην.
3280 1122 3369 1175 Ἐν
3420 1118 3540 1191 ἤθει
3586 1120 3651 1190 δὴ
3696 1113 3794 1171 οὖν
3840 1119 3872 1170 ό

2287 1214 2463 1282 λόγος,
2501 1217 2596 1267 καί
2623 1213 2789 1268 οἱονεί
2820 1230 2935 1278 πως
2976 1215 3034 1267 ὲν
3076 1210 3293 1282 γέλωτι,
3335 1211 3613 1282 μονονουχὶ
3641 1210 3741 1263 καὶ
3762 1210 3869 1260 ἐπι-

2286 1303 2624 1368 τωθάζοντος
2672 1303 2808 1357 Θεοῦ
2846 1306 2957 1368 τοῖς
3006 1302 3369 1373 καταφρονεῖν
3412 1299 3685 1362 εἰωθόσιν,
3732 1297 3867 1352 ὥστε

2288 1393 2446 1465 εἴπερ
2483 1394 2656 1451 ἕλοιτο
2695 1395 2945 1461 κολάζειν
2989 1389 3235 1458 ἑαυτοὺς,
3279 1390 3555 1462 ἀρκούσης
3591 1391 3676 1454 είς
3714 1388 3871 1443 τοῦτο

2288 1486 2514 1557 κάμπης
2532 1488 2654 1541 ἀντὶ
2684 1489 2883 1559 πολλῆς
2909 1488 3005 1542 καὶ
3031 1485 3247 1557 ἀμάχου
3273 1485 3458 1538 λοιπὸν
3490 1482 3694 1553 ίσχύος.
3720 1480 3867 1550 Μηδὲ

2288 1574 2464 1628 πλατὺ
2487 1575 2771 1644 γελώντων
2794 1575 3108 1647 αἱρετικῶν,
3139 1572 3273 1644 μηδὲ
3295 1576 3393 1643 τῆς
3415 1569 3509 1624 τοῦ
3530 1567 3868 1638 Μονογενεῦς

2289 1666 2819 1739 καταφλυαρούντων
2860 1668 3040 1738 δόξης,
3076 1665 3209 1737 μηδὲ
3254 1664 3330 1728 ὡς
3374 1664 3440 1733 δὴ
3488 1662 3583 1715 καὶ
3623 1660 3869 1732 μεγάλης

2289 1756 2574 1827 δυνάμεως
2612 1759 2670 1811 ὲν
2708 1759 2808 1828 ῐσῳ
2846 1757 3148 1829 γραφέσθω
3168 1758 3236 1828 τῇ
3282 1754 3558 1825 σκώληκι·
3597 1751 3867 1822 τετολμή-

2216 1818 2263 1877 B
2292 1818 2442 1899 κασί
2470 1818 2579 1916 γάρ
2621 1848 2671 1899 oi
2707 1818 2931 1901 δείλαιοι
2970 1818 3063 1901 καὶ
3101 1847 3181 1909 είς
3208 1818 3368 1898 ’τοῦτ’
3413 1818 3645 1896 ὀλισθεῖν
3691 1818 3867 1894 ἀθλιό-

2288 1954 2449 2009 τητος
2478 1937 2719 1995 ἐννοιῶν.

2356 2030 2469 2084 Kal
2506 2032 2583 2085 οὐ
2613 2029 2702 2099 μὴ
2748 2026 3163 2098 καταισχυνθῇ
3205 2030 3238 2082 ὀ
3281 2028 3432 2093 λαός
3467 2043 3587 2095 μου
3633 2024 3728 2087 εις
3767 2021 3869 2075 τὸν

2288 2120 2492 2176 αἰῶνα.
2532 2122 2642 2176 Kal
2667 2120 3072 2191 ἐπιγνώσεσθε
3098 2120 3186 2173 ὅτι
3208 2119 3277 2172 ἐν
3296 2118 3462 2187 μέσῳ
3491 2115 3596 2169 τοῦ
3630 2112 3866 2181 Ἰσραήλ

2286 2216 2404 2283 ειμι
2443 2212 2575 2284 ἐγώ.
2611 2212 2719 2267 Kal
2752 2211 2867 2281 ἐγὼ
2900 2212 3113 2280 Κύριος
3145 2214 3177 2265 ό
3209 2210 3353 2274 Θεὸς
3392 2205 3581 2277 ὑμῶν,
3612 2206 3714 2258 καὶ
3759 2207 3867 2260 οὐκ

2286 2306 2458 2360 ἔστιν
2484 2303 2574 2357 ἔτι
2595 2303 2762 2370 πλὴν
2790 2302 2935 2372 ἐμοῦ
2955 2320 2969 2334 ο
3004 2303 3102 2356 καὶ
3130 2303 3203 2357 οὐ
3236 2299 3323 2370 μὴ
3352 2296 3867 2367 καταισχυνθήσε-

2284 2413 2383 2451 ται
2412 2395 2502 2450 ἔτι
2534 2393 2653 2460 πᾶς
2687 2397 2723 2448 ό
2751 2395 2902 2460 λαός
2927 2411 3043 2463 μου
3069 2395 3157 2458 είς
3189 2393 3297 2446 τὸν
3324 2389 3530 2445 αἰῶνα.

2355 2488 2478 2543 AA'.
2532 2485 2953 2555 Ἐπαγγέλλεται
2981 2483 3168 2553 σαφῶς
3193 2484 3292 2553 τῆς
3328 2482 3465 2553 μετά
3495 2481 3698 2552 σαρκὸς
3729 2482 3865 2534 οἱκο-

2288 2577 2480 2648 νομίας
2512 2578 2603 2631 τὸν
2630 2578 2852 2649 τρόπον,
2885 2575 2979 2630 καὶ
3002 2577 3083 2629 ὅτι
3111 2577 3225 2638 τοῖς
3248 2574 3342 2626 ἐπὶ
3364 2574 3467 2643 γῆς
3499 2573 3869 2642 συνδιαιτήσει

2285 2683 2376 2719 ται
2432 2665 2677 2729 κενώσας
2731 2667 2954 2728 ἑαυτὸν,
3020 2666 3115 2718 καὶ
3168 2664 3459 2733 γενόμενος
3518 2663 3638 2717 καθ’
3703 2664 3863 2733 ὑμᾶς,

2285 2753 2586 2819 τουτέστιν,
2613 2754 2918 2827 ἅνθρωπος.
2956 2754 3089 2808 Τότε
3118 2754 3226 2823 γὰρ
3260 2754 3564 2822 γέγονεν-ὲν
3599 2752 3755 2824 μέσῳ
3774 2748 3865 2804 τοῦ

2299 2844 2533 2917 Ἰσραὴλ,
2589 2844 2683 2899 καὶ
2731 2843 3059 2915 διεφύγομεν
3112 2843 3401 2914 ἐντροπὴν,
3455 2844 3549 2897 καὶ
3603 2842 3864 2913 αἰσχύνης

2284 2934 2701 3007 ἀπηλλάγμεθα,
2751 2934 2982 2989 θανάτου
3025 2934 3304 3000 πεσόντος,
3342 2934 3615 3005 ἁμαρτίας
3660 2934 3866 3005 ἀνῃρη-

2288 3026 2481 3097 μένης,
2513 3025 2768 3096 γνώσεως
2813 3024 3046 3095 ἀληθοῦς
3084 3026 3596 3097 είσκεκομισμένης.
3642 3026 3762 3078 Οὐκ
3790 3024 3867 3078 ἔτι

2284 3117 2394 3187 γὰρ
2418 3119 2487 3187 τῇ
2521 3115 2695 3169 κτίσει
2730 3112 3142 3185 προσκυνοῦμεν
3171 3112 3324 3184 ποιρά
3350 3113 3442 3166 τὸν
3465 3114 3755 3177 κτίσαντα,
3777 3112 3865 3164 καὶ

2285 3207 2418 3261 Θεὸν
2458 3208 2644 3277 ἕτερον
2672 3208 2759 3261 ἐπ’
2790 3206 2937 3277 αὐτῷ
2973 3204 3249 3268 παντελῶς
3289 3204 3477 3257 οὐδένα
3528 3203 3864 3275 παραδεδέγ-

2288 3297 2447 3368 μεθα.
2498 3296 2787 3369 Τοιγάρτοι
2830 3297 2926 3350 καὶ
2959 3296 3437 3366 πεπλουτήκαμεν,
3479 3294 3557 3357 ὡς
3588 3297 3648 3348 ὲν
3691 3293 3864 3346 ἐλπίδι

2287 3389 2481 3461 βεὸαίᾳ
2509 3388 2731 3453 ζῶντες,
2762 3388 2857 3442 καὶ
2885 3386 3011 3458 δόξῃ
3053 3388 3119 3457 τῇ
3152 3387 3232 3449 είς
3278 3383 3600 3456 μακραίωνα
3639 3384 3781 3454 βίον,
3811 3386 3869 3438 ὲν

2286 3479 2542 3550 ἁγιασμῷ
2575 3481 2671 3533 καὶ
2708 3479 2949 3548 ὁσιότητι
2981 3475 3276 3539 πολιτείας.

2354 3571 2464 3627 Kal
2488 3570 2660 3625 ἔσται
2675 3572 2826 3640 μετὰ
2849 3569 3054 3633 ταῦτα,
3080 3567 3177 3621 καὶ
3198 3566 3384 3636 ἐκχεῶ
3410 3566 3529 3621 ἀπὸ
3557 3565 3666 3620 τοῦ
3688 3565 3866 3619 Πνεύ-

2282 3664 2468 3733 μικτὸς
2515 3679 2634 3731 μου
2688 3660 2786 3715 ἐπὶ
2822 3658 3031 3714 πᾶσαν
3087 3658 3319 3726 σάρκα,
3382 3656 3478 3711 καὶ
3532 3657 3865 3725 προφητεύ-

2284 3769 2505 3811 σουσιν
2540 3756 2593 3806 ol
2620 3751 2736 3806 υἱοί
2763 3749 2954 3820 ὑμῶν,
2986 3748 3082 3803 καί
3110 3752 3168 3803 αἱ
3199 3747 3516 3817 θυγατέρες
3545 3746 3733 3817 ὑμῶν.
3764 3745 3865 3801 Kal

2284 3849 2335 3902 oi
2386 3845 2775 3913 πρεσϐύτεροι
2826 3839 2994 3911 ὑμῶν
3032 3841 3288 3895 ἐνύπνια
3343 3841 3866 3909 ἐνυπνιασθήσονο

2282 3955 2398 4001 ται,
2430 3937 2529 3991 καὶ
2557 3939 2612 3989 οὶ
2644 3932 2952 3988 νεανίσκοι
2986 3931 3153 4002 ὑμῶν
3177 3932 3417 4002 ὁράσεις
3444 3931 3722 4000 ὄψονται.
3756 3932 3863 3986 Kal

2282 4048 2347 4100 γε
2373 4030 2472 4083 ἐπὶ
2499 4027 2643 4094 τοὺς
2671 4026 2931 4090 δούλους
2952 4041 3094 4095 μου,
3121 4023 3221 4077 καὶ
3265 4024 3361 4077 ἐπί
3396 4025 3500 4089 τὰς
3537 4023 3769 4087 δούλας
3798 4022 3866 4076 ἐν

2284 4121 2411 4188 ταῖς
2440 4118 2688 4191 ἡμέραις
2725 4116 2983 4180 ἐκείναις
3018 4113 3206 4183 ἐκχεῶ
3231 4115 3347 4168 ἀπὸ
3382 4113 3489 4168 τοῦ
3519 4113 3865 4183 Πνεύματός

2276 4231 2479 4357 μοέίῖ.
2533 4295 2662 4353 ’ῐδοὺ
2705 4297 2770 4368 δὴ
2805 4297 2995 4367 σαφῶς
3026 4294 3335 4370 χαριεῖσθαι
3367 4294 3865 4363 κατεπαγγέλλεται

2282 4393 2378 4464 τὴν
2420 4390 2510 4444 τοῦ
2552 4390 2705 4457 ἁγίου
2751 4387 3067 4459 Πνεύματος
3114 4389 3293 4458 χάριν,
3341 4385 3643 4448 τουτέστιν,
3694 4385 3863 4455 ἀμφι-

598 4496 706 4542 nou
731 4497 789 4543 ut
821 4489 923 4544 sibi
950 4489 1239 4559 prophetas
1267 4506 1431 4544 unum
1454 4500 1548 4547 aut
1575 4492 1826 4556 alterum,
1866 4493 1913 4548 si
1939 4494 2013 4547 ita
2034 4494 2172 4548 ierat

2282 4484 2424 4554 λαφῆ
2455 4481 2554 4553 τὴν
2584 4479 2873 4552 χορηγίαν,
2904 4478 3006 4532 οὐκ
3037 4480 3117 4542 είς
3151 4478 3437 4548 προφήτην
3470 4475 3862 4545 ὲξειλεγμένως

598 4595 708 4645 res,
748 4580 986 4651 deligat;
1039 4581 1134 4636 sed
1187 4580 1431 4636 absolute
1483 4581 1537 4637 in
1586 4597 1776 4639 omnes
1800 4581 1892 4652 qui
1922 4583 2170 4652 accipere

595 4673 965 4727 merebuntur.
1001 4671 1057 4726 ld
1085 4674 1226 4740 quod
1249 4671 1467 4728 Christo
1513 4674 1774 4738 redivivo,
1806 4684 1864 4728 et
1896 4674 2172 4730 destructo

594 4767 783 4819 mortis
809 4766 1057 4835 imperio,
1072 4764 1416 4851 factun‘esse
1442 4762 1832 4822 conﬁtemur".
1861 4765 1994 4821 Nam
2029 4765 2175 4821 velut

594 4858 663 4910 de
694 4856 905 4924 integro
935 4855 1070 4911 adeo
1102 4855 1465 4911 venerandam
1504 4864 1560 4911 et
1616 4856 1987 4912 admirabilem
2048 4872 2172 4927 gra-

596 4950 725 5002 tiam
756 4951 962 5004 sanctis
982 4949 1259 5017 discipulis
1289 4948 1535 5017 immisit,
1561 4944 1839 5005 iusulllans
1872 4950 2168 5005 etdiceus:

597 5057 619 5092 ι
658 5041 899 5110 Accipite
926 5039 1185 5111 Spiritum
1216 5052 1463 5098 sanctum
1494 5041 1561 5095 ἀ.
1602 5061 1621 5095 ι
1660 5041 1958 5111 Oportebat
1999 5041 2165 5107 enim,

593 5134 876 5203 Oportebat
921 5132 1174 5189 Ecclesia:
1226 5144 1569 5208 mystagogos
1619 5144 1675 5189 et
1726 5134 1879 5190 orbis
1904 5142 2168 5188 terrarum

594 5223 884 5288 magistros
940 5223 1159 5281 futuros
1208 5226 1373 5282 etiam
1428 5233 1553 5282 ante
1598 5225 1734 5281 alios
1761 5224 1904 5280 dono
1933 5222 2171 5292 Spiritus

592 5316 763 5369 sancti
794 5317 1160 5386 cohonestari,
1194 5327 1249 5373 et
1280 5318 1443 5375 veluti
1468 5319 1738 5390 quoddam
1788 5324 2168 5373 ornamentum

594 5420 692 5476 per
717 5406 874 5462 tidem
914 5425 967 5463 In
997 5410 1483 5467 sanctiﬁcationem
1533 5411 1603 5465 ab
1651 5410 1807 5465 initio
1858 5409 2049 5476 iactos,
2089 5410 2172 5464 di-

2274 4578 2369 4631 ἕνα
2407 4574 2588 4644 τυχὸν,
2620 4571 2653 4643 ἦ
2682 4570 2796 4636 δύο,
2823 4569 2953 4624 ἀλλ’
2977 4571 3056 4633 είς
3081 4569 3328 4630 ἅπαντας
3353 4566 3539 4629 ἁπλῶς
3565 4567 3692 4628 τοὺς
3728 4564 3863 4617 ἑλεῖν

2275 4668 2478 4735 ἀξίους.
2532 4666 2597 4716 ‘0
2638 4662 2703 4735 δὴ
2751 4679 2933 4733 φαμεν
2978 4661 3075 4716 καὶ
3112 4657 3450 4731 πεπεράνθαι
3486 4656 3862 4729 ἐγηγερμένον

2275 4755 2537 4829 Χριστοῦ,
2564 4757 2659 4810 καὶ
2690 4755 2753 4808 τὸ
2778 4756 2875 4808 τοῦ
2918 4753 3149 4808 θανάτου
3184 4751 3593 4813 καταλύσαντος
3636 4749 3858 4819 κράτος.

2289 4852 2407 4908 Ἀπ’
2439 4849 2612 4921 ἀρχῆς
2644 4848 2753 4919 γὰρ
2781 4847 2972 4916 ὥσπερ
3014 4864 3066 4900 τι
3115 4838 3218 4899 ὦδε
3248 4844 3473 4912 σεπτὴν,
3510 4842 3602 4895 καὶ
3635 4841 3861 4907 ἀξιὰγα-

2279 4963 2403 5002 στον
2438 4944 2596 5016 χάριν
2629 4941 2743 5003 τοῖς
2773 4938 2949 5007 ἁγίοις
3001 4935 3228 4991 ἐνετίθει
3277 4934 3569 5006 μαθηταῖς,
3601 4930 3861 5001 ἐμφυσῶν

2275 5057 2337 5094 τε
2362 5039 2457 5094 καὶ
2493 5034 2688 5101 λέγων’
2719 5050 2736 5082 ι
2769 5031 2975 5085 Λάὸετε
3004 5027 3230 5098 Πνεῦμα
3263 5026 3441 5095 ἅγιον.
3487 5045 3506 5078 ι
3545 5024 3698 5077 Ἔδει
3731 5024 3858 5094 γὰρ,

2279 5133 2385 5186 ἔδει
2407 5129 2537 5193 τοὺς
2566 5126 2666 5195 τῆς
2709 5122 3032 5190 Ἐκκλησίας
3066 5118 3486 5191 μυσταγωγοὺς,
3524 5114 3745 5185 καὶτῆς
3774 5114 3859 5182 ὑφ’

2270 5226 2422 5298 ἣλιον
2455 5215 2745 5281 παιδευτὰς
2776 5213 3088 5285 ἐσομένους,
3120 5212 3214 5265 καὶ
3242 5210 3347 5281 πρό
3366 5225 3432 5277 γε
3458 5207 3567 5260 τῶν
3595 5206 3774 5298 ἄλλῳν

2272 5291 2366 5372 τοῦ
2397 5313 2552 5384 ἁγίου
2579 5306 2891 5379 Πνεύματος
2918 5305 3062 5359 δόσει
3083 5300 3607 5361 κατακαλλύνεσθαι,
3633 5297 3736 5349 καὶ
3757 5291 3861 5348 οἷόν

2272 5418 2325 5462 τι
2360 5397 2770 5472 κεκοσμημένον
2796 5395 2886 5450 διὰ
2925 5397 3160 5458 πίστεως
3193 5396 3275 5457 είς
3315 5390 3589 5461 ἀγιασμὸν
3629 5389 3728 5441 ἀπ’
3764 5388 3863 5456 ἀρ-

593 5474 720 5554 vioa
753 5509 809 5553 et
840 5500 1049 5556 caelesti
1084 5494 1247 5572 22⁵1
1284 5503 1459 5571 gratia
1501 5502 1761 5557 inaurari.
1799 5501 1996 5556 Diebus
2037 5474 2171 5555 vero

2282 5496 2379 5569 χῆς
2412 5490 2725 5563 γεγονότας,
2749 5488 2816 5561 τῇ
2849 5487 2972 5559 θείᾳ
2999 5503 3063 5556 γε
3091 5485 3187 5539 καὶ
3223 5483 3461 5555 οὐρανίῳ
3490 5474 3862 5572 καταχρυσοῦο

588 5607 760 5649 sacrae
786 5570 1495 5667 Pentecostescongregatis
1523 5596 1577 5650 in
1634 5608 1793 5649 unam
1825 5591 2042 5651 domum
2087 5593 2169 5646 di-

2282 5587 2401 5642 σθαι
2431 5582 2630 5656 χάριτι.
2670 5580 2825 5637 Κατά
2851 5578 2907 5633 δέ
2935 5594 2998 5649 γε
3030 5576 3129 5643 τάς
3158 5576 3371 5649 ἡμέρας
3397 5573 3497 5644 τῆς
3530 5570 3695 5640 ἁγίας
3729 5570 3860 5622 Πεν-
3888 5586 3891 5589 ν

2402 5775 2445 5807 ¹⁹
2486 5770 2528 5828 ll
2564 5769 2706 5825 Tim.
2751 5767 2918 5837 1,10.
2997 5768 3042 5799 ¹⁰
3071 5762 3229 5823 Joau.
3274 5782 3366 5831 ιι,
3400 5764 3489 5819 εξ.

660 5764 705 5805 ¹⁸
744 5772 976 5846 Philipp.
1013 5790 1072 5841 ιι,
1103 5776 1152 5829 7.
1227 5777 1265 5807 ιτ
1298 5774 1527 5831 Barucb.
1563 5790 1643 5842 Ill,
1685 5776 1771 5832 58.
1876 5776 1919 5808 “
1958 5775 2114 5831 Rom.
2144 5789 2183 5845 t,
2217 5775 2308 5831 25.
