4068 6554
178 395 305 455 371

1087 384 1641 467 communitis
1676 382 1748 442 ιιι
1782 379 2052 443 ιοειιειί
2085 376 2531 438 rnopnsnu.

3361 367 3471 425 578

178 514 476 589 τηκοστῆς
511 512 588 577 είς
628 503 777 566 οἶκον
804 510 900 565 ἕνα
936 506 1431 577 συναγηγερμένων
1459 504 1569 559 τῶν
1606 502 1783 573 μαθη-
1812 543 1823 566 ,

1923 496 2136 569 cipulis,
2187 506 2244 553 et
2280 494 2564 551 consuetis
2617 487 3015 561 precationibus
3094 447 3204 539 Deo
3253 481 3469 547 oblatis,

181 607 329 673 τῶν,
359 605 458 659 καὶ
497 602 596 668 τὰς
642 601 894 673 συνήθεις
934 597 1054 668 Θεῷ
1101 595 1558 670 προσαγαγόντων
1602 592 1788 659 λιτὰς,

186 700 427 767 γέγονεν
457 698 644 766 ἄμφω,
687 689 822 765 ἦχος
870 692 1109 760 ἐγένετο,
1151 690 1247 744 καὶ
1290 687 1534 758 γλῶσσαι
1586 685 1669 755 ἐφ’
1696 683 1793 737 ἕνα

188 789 438 842 ἕκαστον
472 786 752 850 ἐκάθισαν,
804 802 823 836 t
852 783 960 838 Kal.
997 781 1234 854 ἦρξαντο
1265 779 1447 833 λαλεῖν
1486 780 1544 832 ὲν
1578 777 1795 847 ἑτέραις

188 878 506 949 γλώσσαις,
538 876 723 940 καθὼς
754 874 815 930 τὸ
849 873 1075 944 Πνεῦμα
1102 871 1281 925 ἐδίδου
1305 869 1488 933 αὐτοῖς
1517 867 1799 936 ἀποφθέγ-

193 969 426 1037 γεσθαι.
466 966 904 1035 ’Δπεφθέγγοντο
930 962 988 1017 δὲ
1015 960 1449 1033 προφητεύοντες
1476 959 1645 1029 ἧγουν
1674 972 1798 1010 συν-

198 1058 386 1121 ιέντες
417 1074 500 1119 τε,
523 1057 617 1110 καὶ
651 1055 902 1124 λέγοντες
924 1053 996 1106 τὰ
1027 1051 1114 1104 διὰ
1145 1050 1254 1103 τῶν
1286 1048 1459 1117 ἁγίων
1502 1044 1798 1118 προφητῶν

197 1150 263 1200 ἰν
289 1148 370 1219 τῷ
403 1146 623 1219 Χριστῷ
661 1146 955 1217 μυστήρια,
984 1144 1079 1197 καὶ
1106 1144 1174 1197 τὰ
1202 1142 1267 1196 δι’
1294 1136 1369 1195 ὧν
1395 1139 1540 1203 είκδς
1566 1134 1635 1209 ἦν
1664 1136 1800 1208 πρὸς

198 1240 524 1293 εὐπείθειαν
561 1238 793 1308 ἑτοίμως
834 1237 974 1289 ἰέναι
1013 1232 1519 1303 ἁναπεπεισμένους
1556 1227 1615 1285 εῦ
1658 1232 1801 1302 μάλα

200 1333 337 1393 τοὺς
364 1330 768 1399 ἀκροωμένους,
787 1329 859 1391 ὡς
877 1328 1139 1400 ἐνέστηκε
1163 1325 1349 1381 λοιπὸν
1370 1327 1399 1378 6
1426 1325 1526 1394 τῆς
1555 1324 1801 1388 εὐδοκίας

200 1424 428 1494 καιρὸς,
456 1425 552 1476 καὶ
582 1421 652 1476 τὰ
684 1423 853 1476 πὰλαι
886 1418 1309 1494 προηγγελμένα
1337 1418 1430 1470 ἐπὶ
1459 1415 1680 1487 Χριστῷ
1722 1416 1802 1479 είς

205 1511 391 1582 πέρας
448 1508 555 1583 ἦκε
622 1509 831 1563 λοιπόν.
900 1508 1109 1563 Οὐκοῦν
1166 1506 1559 1579 προεφήτευον,
1614 1502 1805 1573 ἁπάσῃ

202 1601 438 1673 γλώσσῃ
473 1601 785 1664 λαλοῦντες,
810 1601 899 1655 διὰ
953 1600 1135 1670 φωνῆς
1179 1598 1350 1667 ἁγίων
1384 1595 1519 1650 Θεοῦ
1560 1610 1803 1665 προανα-

207 1694 526 1763 φωνοῦντος
561 1695 655 1747 καὶ
686 1692 865 1746 τοῦτο.
893 1692 1203 1763 Γέγραπται
1246 1690 1355 1761 γάρ
1376 1706 1391 1721 θ
1433 1707 1452 1742 ι
1494 1690 1582 1743 Ἐν
1625 1689 1805 1759 ἑτερο-

207 1782 518 1852 γλώσσοις,
551 1783 646 1837 καὶ
683 1785 740 1836 ὲν
778 1781 1011 1852 χείλεσιν
1056 1781 1264 1852 ἑτέροις
1309 1779 1528 1850 λαλήσω
1568 1777 1647 1849 τῷ
1691 1775 1806 1846 λαῷ

206 1877 419 1946 τούτῳ,
450 1877 545 1929 καὶ
584 1874 690 1927 οὐδ’
715 1874 887 1938 οὕτως
916 1873 1321 1944 πεισθήσονται.
1349 1890 1368 1923 ι
1404 1869 1574 1924 Τοῦτό
1604 1885 1689 1922 τοι
1718 1870 1812 1922 καὶ

210 1967 437 2031 Παῦλος
478 1969 677 2032 συνεὶς,
712 1968 790 2030 είς
829 1968 1054 2037 σημεῖον
1090 1963 1364 2026 Ἰουδαίοις
1395 1961 1642 2016 δεδόσθαι
1676 1959 1814 2031 φησὶ

208 2056 318 2126 τὴν
361 2056 796 2124 πολυγλωσσίαν.
823 2055 947 2109 Ὅτι
977 2055 1035 2108 δὲ
1078 2053 1454 2116 καταπὰντος
1489 2052 1551 2117 ἐξ
1581 2050 1813 2122 οὐρανοῦ

212 2144 314 2197 τοῦ
349 2144 511 2213 ἁγίου
549 2144 871 2216 Πνεῦματος
906 2143 1091 2197 πολλοὶ
1131 2142 1252 2197 λίαν
1282 2137 1422 2214 ἦσαν
1453 2143 1503 2195 οἱ
1534 2144 1602 2213 τῇ
1631 2141 1815 2211 χάριτι

215 2234 325 2304 τῆς
366 2237 708 2308 προφητείας
745 2234 1199 2305 ἁναμεσούμενοι,
1232 2236 1487 2304 σαφηνιεῖ
1527 2234 1757 2305 γράφων
1786 2232 1816 2285 6

220 2328 439 2393 Παῦλος
459 2346 473 2359 ·
506 2329 819 2401 «Προφῆται
845 2328 902 2381 δὲ
917 2328 1009 2381 δύο
1033 2328 1065 2399 ἢ
1089 2330 1236 2399 τρεῖς
1253 2325 1607 2380 λαλείτωσαν.
1623 2323 1805 2379 »Εἷτω

226 2437 249 2469 α
278 2419 523 2473 Δύνασθε
546 2420 656 2490 γὰρ
681 2419 805 2473 καθ’
830 2419 924 2472 ἕνα
952 2420 1148 2482 πάντες
1178 2415 1564 2491 προφητεύειν.
1592 2436 1611 2468 ι
1640 2416 1817 2471 Πὰλαι

224 2511 331 2581 μὲν
378 2513 489 2581 γὰρ
531 2511 617 2565 διὰ
648 2511 850 2583 πολλὴν
887 2509 1216 2580 δυστροπίαν
1248 2508 1678 2581 προσκρούοντος
1722 2506 1816 2560 τοῦ

236 2598 483 2672 Ἰσραὴλ,
509 2601 715 2670 ἔφασκε
749 2602 879 2666 Θεός
900 2618 915 2632 θ
953 2620 972 2652 ι
1013 2602 1145 2654 Ἰδοὺ
1175 2599 1287 2669 ἐγὼ
1316 2600 1474 2672 λιμὸν
1504 2598 1695 2667 ὲπὰγω
1724 2598 1818 2650 ἐπὶ

222 2694 328 2758 τὴν
360 2693 469 2763 γῆν
498 2693 590 2746 τοῦ
628 2693 859 2748 ἀκοῦσαι
896 2691 1053 2760 λόγον
1086 2691 1311 2761 Κυρίου,
1351 2692 1446 2744 καὶ
1484 2689 1593 2743 ἀπὸ
1628 2690 1820 2741 ἀνατο-

221 2784 339 2835 λῶν
368 2784 474 2848 ἔως
498 2783 717 2854 δυσμῶν
747 2782 1209 2855 περιδραμοῦνται
1239 2780 1527 2852 ζητοῦντες
1549 2780 1642 2834 τὸν
1664 2778 1821 2847 λόγον

226 2874 467 2944 Κυρίου,
504 2876 595 2929 καὶ
634 2877 695 2929 οὑ
753 2874 829 2945 μὴ
875 2874 1099 2946 εὕρωσι.
1133 2894 1152 2928 ι
1196 2874 1305 2928 Καὶ
1354 2873 1491 2945 πρὸς
1524 2871 1818 2943 Ἰεζεχιήλ·

236 2984 257 3016 ι
287 2967 403 3018 Καὶ
428 2966 527 3035 τὴν
554 2966 805 3033 γλῶσσάν
835 2982 925 3019 σου
956 2966 1220 3037 συνδήσω,
1250 2965 1346 3018 καὶ
1374 2962 1822 3035 ἁποκωφωθήσῃ,

230 3058 330 3111 καὶ
374 3057 477 3110 οὐκ
520 3056 618 3129 ἔσῃ
648 3058 829 3120 αὐτοῖς
859 3059 939 3122 είς
973 3058 1141 3128 ἄνδρα
1193 3056 1514 3126 ἐλέγχοντα,
1558 3056 1641 3108 ὅτι
1678 3050 1825 3114 οἶκος

231 3148 701 3217 παραπικραίνων
737 3150 873 3202 έστί.
899 3168 917 3199 ι
962 3146 1180 3217 Ἐπειδὴ
1213 3147 1271 3199 δὲ
1291 3189 1305 3211 ,
1338 3146 1479 3200 κατὰ
1505 3146 1605 3215 τὴν
1642 3145 1825 3214 φωνὴν

212 3238 333 3306 ,τοῦ
369 3240 705 3303 Ψάλλοντος,
743 3259 760 3291 ι
793 3241 922 3303 Θεὸς
951 3240 1173 3309 Κύριος,
1205 3238 1304 3291 καὶ¹
1333 3237 1600 3307 ἑπέφανεν
1623 3236 1772 3305 ὑμῖν·
1802 3254 1820 3285 ι

238 3332 508 3400 (ὲπέφανε
537 3332 646 3404 γὰρ
676 3334 807 3402 ἡμῖν
829 3334 857 3386 6
889 3331 1143 3401 Χριστὸς,
1169 3328 1339 3392 ἀνιεὶς
1364 3327 1530 3397 ἑγκλή
1541 3344 1703 3398 ματα,
1735 3327 1830 3380 καὶ

235 3425 302 3475 τδ
340 3425 442 3495 τῆς
463 3424 736 3495 ἁμαρτίας
763 3424 1090 3495 ὲμφρὰττων
1122 3421 1317 3493 στόμα)
1353 3421 1561 3474 δέδοται
1590 3418 1775 3473 λοιπὸν
1798 3420 1831 3487 ἡ

240 3516 405 3586 χύσις
446 3514 540 3568 τοῦ
584 3515 740 3583 ἁγίου
780 3512 1117 3585 Πνεῦματος,
1160 3513 1295 3566 Θεοῦ
1340 3509 1834 3579 κατευφραίνοντος

243 3608 349 3677 τὴν
396 3605 504 3659 τῶν
543 3604 845 3677 ἀνθρώπων
891 3606 1075 3673 φύσιν,
1124 3604 1219 3657 καὶ
1262 3604 1328 3674 τῇ
1381 3601 1610 3666 ἄνωθεν,
1646 3600 1740 3652 καὶ
1777 3600 1836 3651 ὲν

246 3698 394 3768 ἀρχῇ
427 3694 819 3765 στεφανοῦντος
854 3694 1003 3765 δόξῃ,
1036 3694 1130 3747 καὶ
1157 3695 1237 3756 εἰς
1268 3696 1445 3747 έκεῖνο
1482 3692 1644 3746 πάλιν
1666 3692 1836 3760 αὐτὴν

248 3785 570 3856 gemam;
616 3784 1068 3856 ἀνακομίζοντος,
1119 3784 1201 3847 είς
1233 3780 1262 3835 δ
1312 3784 1510 3854 προῆν,
1553 3781 1707 3836 οῦοπω
1737 3780 1839 3850 τῆς

249 3878 531 3949 ἁμαρτίας
556 3877 995 3948 είσκεκριμένης.
1025 3875 1099 3929 Οὐ
1128 3876 1236 3948 γὰρ
1267 3875 1471 3947 ἔρημον
1500 3870 1838 3945 προφητικοῦ

251 3971 574 4041 Πνεῦματος
613 3971 918 4042 εὑρήσομεν
966 3968 1057 4022 τὸν
1096 3968 1297 4039 Ἀδὰμ,
1341 3969 1494 4021 οὔπω
1544 3966 1640 4037 τὴν
1693 3964 1839 4019 θείαν

251 4065 480 4135 ἐντολὴν
510 4062 960 4134 παραϐεϐηκότα.⁸
995 4061 1280 4130 πεπηγότα
1310 4059 1365 4112 δὲ
1395 4058 1584 4128 ὥσπερ
1612 4056 1713 4121 ἔτι,
1746 4057 1842 4111 καὶ

252 4158 370 4218 τοῖς
394 4157 493 4225 τῆς
522 4155 731 4223 φύσεως
763 4157 1017 4225 χρηστοῖς
1047 4152 1420 4223 ἐμπρέποντα.
1452 4150 1564 4203 Καὶ
1595 4150 1726 4218 γοῦν
1750 4150 1840 4203 ὅτε

252 4248 357 4317 τὴν
397 4249 628 4315 γυναῖκα
662 4246 1114 4316 πλαστουργήσας
1142 4247 1171 4298 6
1202 4244 1335 4307 Θεὸς
1366 4243 1541 4314 ἡγαγε
1581 4241 1717 4311 πρὸς
1748 4241 1846 4296 αὑ-

253 4338 372 4401 τὸν,
418 4337 594 4391 καίτοι
630 4338 874 4408 μήποθεν
922 4337 1164 4401 ἀκούσας
1210 4336 1289 4400 τίς
1329 4354 1390 4389 τε
1434 4336 1556 4407 εῐη,
1602 4336 1693 4390 καὶ
1724 4335 1845 4389 τίνα

254 4428 462 4499 τρόπον
489 4427 681 4497 ἀνέφυ,
710 4428 870 4493 εὐθὺς
913 4428 1212 4499 ἐπεφώνειο
1260 4448 1279 4481 t
1311 4427 1482 4482 Τοῦτο
1523 4427 1618 4481 καὶ
1655 4427 1846 4482 ὀστοῦν

1893 599 2183 657 utrumque
2212 585 2437 653 contigit
2466 600 2483 637 :
2545 581 2764 636 auditus
2806 588 2892 631 est
2944 575 3175 636 sonitus.
3201 582 3257 627 ει
3278 570 3476 642 linguas

1893 678 2120 749 singulis
2142 676 2475 730 insederunt.
2499 690 2521 724 ι
2552 671 2617 727 Ει
2638 676 2918 738 coeperunt
2939 666 3082 737 loqui
3109 663 3229 719 aliis
3252 662 3473 731 linguis,

1895 780 2053 840 prout
2084 764 2320 837 Spiritus
2350 773 2575 817 sanctus
2621 759 2780 815 dabnt
2811 758 2989 827 eloqui
3038 756 3145 810 illis
3173 753 3269 807 '°‘.
3315 771 3337 807 ι
3366 752 3476 808 L0-

1896 862 2199 931 quebantur
2251 866 2431 910 autem
2499 853 2904 922 prophetautes,
2957 847 3073 901 sive
3135 860 3231 915 per
3256 854 3479 899 sanctos

1897 952 2187 1022 prophetas
2228 948 2295 1002 tle
2328 945 2545 1000 Christo
2572 940 2929 1013 praenuntiata
2993 935 3247 1007 mysteria
3279 932 3480 988 intelli-

1899 1054 2085 1116 gentes
2132 1050 2188 1097 et
2232 1040 2635 1110 proloquentes,
2667 1044 2722 1089 et
2764 1048 2827 1088 ea
2881 1046 2978 1102 per
3026 1043 3145 1099 quae
3193 1034 3479 1082 consenta-

1901 1151 2063 1192 neum
2090 1133 2299 1188 eratad
2331 1129 2697 1188 obedientiam
2733 1133 2980 1196 prompte
3024 1120 3212 1176 venire
3256 1116 3484 1172 audien-

1905 1238 2015 1295 tes;
2045 1234 2231 1295 utpote
2286 1235 2571 1293 persuasos
2624 1219 2783 1288 plane
2840 1217 3033 1271 adesse
3095 1212 3209 1280 jam
3268 1220 3482 1279 tempus

1903 1319 2119 1390 gratiae,
2148 1324 2203 1370 et
2228 1314 2359 1371 olim
2388 1312 2457 1368 de
2484 1312 2702 1367 Christo
2732 1307 3277 1380 pradictapieiuceps
3307 1302 3484 1370 reipsa

1902 1410 2183 1482 compleri.
2241 1406 2646 1477 Prophetabant
2710 1402 2876 1471 igitur
2935 1396 3129 1468 quavis
3187 1395 3366 1463 lingua
3413 1390 3489 1446 lo-

1904 1512 2158 1574 quentes,
2188 1499 2329 1569 quod
2352 1497 2528 1566 ipsum
2553 1506 2766 1565 quoque
2795 1504 2825 1543 a
2870 1489 2980 1543 Deo
3002 1494 3313 1542 sanctorum
3354 1496 3488 1538 voce

1906 1591 2220 1663 praedictum
2264 1588 2460 1642 fuerat.
2493 1584 2766 1652 Scriptum
2824 1589 2910 1634 est
2957 1580 3101 1632 enim
3135 1593 3151 1632 :
3191 1596 3209 1627 ι
3250 1576 3311 1629 In
3366 1574 3493 1627 aliis

1910 1684 2114 1754 linguis
2162 1681 2295 1736 etin
2321 1679 2443 1749 aliis
2477 1673 2634 1728 labiis
2657 1673 2848 1741 loquar
2899 1668 3094 1739 populo
3147 1666 3297 1729 huic,
3326 1673 3379 1719 et
3422 1677 3491 1717 ne

1909 1777 1990 1832 sic
2026 1775 2241 1846 quidem
2273 1772 2494 1826 credent
2524 1767 2594 1822 ".
2628 1784 2647 1816 ι
2688 1763 2798 1817 lloc
2828 1771 2883 1817 et
2925 1758 3123 1815 Paulus
3168 1774 3274 1811 non
3329 1756 3487 1825 igno-

1846 1869 1885 1924 B
1916 1884 2061 1933 rans,
2081 1868 2292 1936 linguas
2317 1865 2369 1917 in
2393 1862 2605 1930 signum
2656 1856 2814 1911 datas
2867 1856 2986 1910 ait:
3037 1850 3154 1906 Non
3224 1848 3491 1910 ﬁdelibus,

1913 1961 2006 2016 sed
2039 1956 2347 2014 inﬁdelibus
2381 1955 2450 2006 ³³.
2489 1951 2625 2019 Quia
2659 1964 2790 2004 vero
2825 1954 3108 2017 postquam
3134 1939 3402 1996 devolavit
3425 1937 3494 1992 de

1913 2052 2053 2108 coelo
2078 2049 2314 2119 Spiritus
2365 2054 2612 2107 sanctus,
2652 2040 2803 2096 multi
2863 2037 3150 2092 admodum
3206 2041 3361 2087 erant
3400 2030 3493 2099 qui

1914 2144 2140 2213 gratiam
2193 2139 2488 2209 prophetia:
2536 2136 2591 2190 iu
2640 2133 2876 2187 medium
2912 2130 3242 2197 prodeuntes
3275 2137 3497 2191 usurpa-

1918 2244 2056 2300 rent,
2087 2231 2304 2293 Paulus.
2355 2230 2484 2299 quid
2525 2224 2830 2282 faciendum
2890 2221 2983 2285 sit,
3014 2218 3277 2275 declarat.
3303 2234 3323 2267 ι
3360 2213 3496 2268 Pro-

1915 2327 2092 2396 phetae
2122 2334 2325 2389 autem,
2353 2342 2371 2374 ι
2403 2320 2599 2391 inquit,
2621 2338 2640 2371 ι
2665 2318 2771 2374 duo
2788 2324 2883 2371 aut
2922 2325 3030 2369 tres
3056 2311 3344 2381 loquantur
3370 2306 3436 2361 “.
3470 2322 3495 2358 ι

1917 2418 1984 2472 Ει
2021 2432 2186 2473 mox:
2234 2433 2253 2468 ι
2288 2414 2524 2471 Potestis
2551 2412 2695 2469 enim
2724 2421 2914 2464 omnes
2958 2420 3054 2476 per
3112 2400 3350 2472 singulos
3378 2412 3499 2469 pro-

1918 2512 2140 2582 phetare
2169 2508 2234 2563 ".
2274 2526 2294 2560 ι
2332 2505 2473 2562 Olim
2505 2503 2747 2573 quidem,
2778 2514 2902 2555 cum
2943 2498 3111 2552 multa
3139 2509 3350 2551 morum
3367 2505 3498 2561 per-

1919 2596 2364 2656 versitatelsracl
2426 2598 2593 2651 Deum
2671 2593 2991 2655 oﬂ’enderet,
3043 2585 3258 2646 dicebat
3313 2582 3499 2637 Deus:

1926 2709 1945 2741 ι
1979 2689 2114 2743 Ecce
2142 2702 2242 2756 ego
2264 2686 2516 2741 inducam
2542 2684 2738 2738 famem
2766 2696 2930 2751 super
2971 2688 3171 2732 terram
3240 2669 3501 2726 audiendi

1921 2780 2144 2835 verbum
2174 2778 2290 2845 Dei,
2317 2789 2373 2833 et
2401 2778 2469 2832 ab
2495 2777 2705 2831 oriente
2731 2787 2905 2842 usque
2924 2772 2982 2827 in
3008 2766 3346 2825 occidentem
3398 2759 3502 2813 cir-

1924 2869 2686 2939 cumcursabunt,qua:reutes
2714 2866 2936 2919 verbum
2993 2859 3226 2920 Domini,
3278 2863 3334 2909 et
3399 2866 3508 2907 non

1925 2966 2202 3021 invenient
2232 2962 2300 3017 ".
2335 2981 2354 3014 ι
2395 2960 2459 3013 Ει
2517 2960 2583 3014 ad
2620 2955 2959 3012 Ezechielem
2996 2970 3011 3008 :
3067 2969 3087 3003 ι
3152 2948 3217 3003 Ει
3270 2946 3508 3015 linguam

1927 3068 2072 3112 tuam
2124 3055 2390 3124 colligabo
2443 3051 2644 3122 gutturi
2685 3058 2799 3111 tuo,
2859 3054 2910 3100 et
2937 3045 3049 3100 eris
3099 3044 3511 3102 mutus,etuon

1928 3150 2039 3205 eris
2065 3149 2169 3204 illis
2214 3148 2266 3203 iu
2318 3146 2491 3199 virum
2523 3143 2936 3212 objurgantem,
2965 3136 3092 3205 quia
3140 3133 3333 3187 domus
3383 3142 3518 3181 exa-

1882 3220 1899 3262 ί
1934 3255 2161 3310 sperans
2182 3246 2266 3294 est
2299 3239 2367 3289 ".
2414 3254 2434 3289 ι
2465 3234 2570 3290 Sed
2601 3232 2727 3302 quia
2754 3231 2909 3301 juxta
2942 3240 3130 3282 vocem
3187 3220 3510 3277 Psalleutis:

1940 3351 1960 3387 ι
1998 3334 2136 3387 Deus
2178 3329 2455 3393 Dominus,
2481 3336 2536 3382 et
2586 3326 2760 3381 illuxit
2806 3323 2963 3379 nobis
2993 3320 3036 3353 "
3068 3336 3087 3370 ι
3124 3314 3331 3389 (illuxit
3365 3310 3511 3365 enim

1936 3425 2093 3481 nobis
2125 3422 2370 3477 Christus
2397 3419 2678 3474 remittens
2700 3415 2953 3478 crimina,
2978 3421 3031 3466 et
3079 3426 3142 3465 os
3164 3405 3367 3477 peccati
3414 3404 3516 3458 ob.

1936 3515 2171 3582 turans),
2207 3512 2409 3567 eilusus
2436 3510 2607 3565 est-de
2630 3518 2829 3564 caetero
2864 3505 2917 3558 in
2950 3518 3049 3557 nos
3102 3499 3339 3569 Spiritus
3382 3510 3513 3548 san-

1937 3620 2077 3672 etus,
2112 3606 2222 3660 Deo
2260 3602 2565 3658 laetificnnte
2588 3610 2835 3654 naturam
2860 3599 3171 3657 humanam,
3206 3599 3261 3644 et
3286 3598 3519 3656 superna

1937 3715 2001 3756 ac
2029 3700 2279 3770 prinueva
2317 3694 2485 3765 gloria
2517 3701 2834 3752 coronante,
2860 3698 2915 3743 et
2964 3686 3031 3740 ad
3078 3683 3205 3738 illud
3243 3682 3421 3734 denuo
3452 3690 3521 3729 ex

1925 3791 2176 3848 bonitate
2225 3803 2321 3843 sua
2347 3835 2360 3846 .
2387 3785 2699 3846 revehente,
2740 3781 2827 3835 ubi
2884 3789 3009 3833 ante
3064 3775 3261 3836 luerat,
3298 3778 3523 3839 peccato

1942 3883 2177 3939 nondum
2210 3880 2480 3949 ingresso.
2513 3874 2628 3930 Non
2653 3874 2797 3927 cuitu
2850 3867 3119 3940 spirituali
3173 3863 3345 3934 gratia
3397 3874 3524 3930 pro-

1942 3972 2135 4044 phetize
2158 3970 2380 4026 carebat
2410 3969 2581 4022 Adam
2633 3965 2946 4034 priusquam
3000 3958 3237 4013 divinum
3298 3952 3525 4006 manda-

1944 4043 2055 4120 tutn
2084 4060 2588 4133 transgrederetur;
2614 4055 2709 4112 sed
2735 4054 2875 4109 lixus
2903 4049 3058 4121 quasi
3082 4063 3149 4104 ac
3180 4043 3394 4101 stabilis
3438 4043 3524 4095 ad-

1946 4159 2049 4212 huc
2084 4157 2355 4217 manebat,
2385 4161 2440 4207 et
2465 4160 2674 4206 natura:
2701 4148 2857 4203 hortis
2877 4154 3138 4214 praestans
3189 4148 3244 4193 et
3270 4134 3523 4205 insignis.

1942 4250 2128 4318 Itaque
2151 4262 2275 4302 cum
2310 4259 2532 4300 uxorem
2560 4258 2589 4297 a
2619 4256 2679 4297 se
2733 4238 3053 4294 fabricatam
3107 4231 3175 4286 ad
3199 4244 3322 4284 eum
3365 4226 3533 4282 addu.

1944 4346 2092 4395 ceret
2128 4338 2287 4402 Deus,
2305 4333 2522 4391 tametsi
2558 4346 2663 4387 non
2692 4329 2951 4391 audisset,
2988 4323 3147 4389 unde,
3167 4329 3260 4375 aut
3281 4330 3529 4388 quaenam

1945 4434 2217 4492 esset,aut
2237 4438 2341 4494 qua
2374 4422 2581 4477 ratione
2604 4417 2921 4478 exstitisset,
2947 4412 3132 4468 statim
3168 4404 3526 4462 acciamavit:

254 4519 323 4572 ὲκ
359 4519 473 4572 τῶν
515 4519 686 4573 ὀστῶν
733 4536 857 4590 μου,
900 4520 995 4574 καὶ
1028 4519 1167 4590 σὰρξ
1212 4521 1275 4574 ὲκ
1317 4521 1417 4591 τῆς
1464 4520 1665 4589 σαρκός
1708 4537 1808 4590 μου

1955 4539 1973 4571 ι
2018 4517 2130 4572 Hoc
2186 4529 2329 4571 nunc
2379 4529 2442 4569 os
2492 4526 2555 4567 ex
2583 4511 2798 4568 ossibus
2828 4507 2985 4571 meis,
3010 4515 3067 4561 et
3098 4515 3228 4557 caro
3252 4499 3320 4553 de
3368 4510 3533 4551 carne

256 4609 401 4681 αὓτη
447 4610 583 4681 γυνὴ
625 4610 986 4681 κληθήσεται,
1020 4612 1140 4682 ἦτοι
1173 4612 1316 4666 κατὰ
1344 4611 1601 4681 Ἐόραῖδα
1634 4614 1840 4684 φωνὴν,

256 4700 495 4770 ἀνδρίς,
519 4702 600 4754 δτι
628 4704 692 4755 ὲκ
716 4700 811 4755 τοῦ
833 4703 1025 4774 ἀνδρὸς
1045 4703 1306 4774 ἐλήφθη.)
1339 4703 1477 4757 Ἀλλ’
1504 4704 1713 4775 ἤργησε
1746 4704 1848 4775 μὲν

256 4795 294 4863 ἠ
313 4790 587 4863 ἀνθρώπῳ
606 4792 820 4846 δοθεῖσα
841 4795 1019 4866 χάρις.
1049 4794 1424 4865 Ἀνεκαινίσθη
1444 4794 1500 4848 δὲ
1522 4796 1581 4848 ἐν
1604 4795 1847 4866 Χριστῷ,

1949 4627 2088 4669 mea.
2118 4608 2243 4664 Haec
2280 4606 2473 4661 mulier
2498 4603 2808 4669 vocabitur,
2851 4599 2965 4654 sive
2988 4594 3305 4668 (secundum
3332 4590 3532 4645 idioma

1952 4698 2295 4769 Hebraicum)
2346 4697 2514 4767 228
2566 4697 2770 4763 virago,
2823 4690 2950 4762 quia
3001 4689 3069 4743 de
3141 4685 3262 4741 viro
3315 4688 3532 4748 sumpta

1953 4802 2039 4848 est
2071 4792 2134 4846 ³⁸.
2158 4809 2178 4842 ›
2213 4789 2412 4846 Verum
2439 4790 2612 4845 otiosa
2644 4785 2747 4841 fuit
2774 4784 2949 4855 gratia
2976 4780 3209 4847 desuper
3242 4787 3532 4838 concessa;

258 4884 318 4947 δς
366 4882 465 4937 καὶ
507 4882 621 4936 ἐστι
658 4864 925 4956 δεύτερος-
963 4885 1152 4956 Ἀδάμ.
1211 4886 1583 4956 Ἀνεκαινίσθη
1631 4864 1689 4939 δὲ
1730 4864 1823 4939 τίνε

1960 4891 2214 4938 renovata
2273 4887 2359 4937 est
2413 4889 2594 4934 autem
2651 4878 2706 4931 in
2749 4875 2987 4938 Christo,
3018 4872 3112 4941 qui
3156 4877 3215 4925 et
3259 4864 3538 4922 secundus

259 4973 501 5046 τρόπον;
606 4975 705 5046 μὲν
738 4978 847 5048 γάρ
893 4979 1010 5031 ἐστι
1054 4979 1218 5042 Θεὸς,
1267 4978 1360 5032 καὶ
1407 4981 1474 5032 ἐκ
1516 4978 1652 5031 Θεοῦ
1700 4978 1844 5033 κατὰ

262 5067 432 5136 φύσιν
468 5068 498 5120 6
527 5068 655 5132 Υἱὸς
682 5069 1002 5141 (γεγένηται
1030 5069 1140 5142 γὰρ
1183 5071 1249 5124 ὲκ
1276 5070 1413 5123 Θεοῦ
1452 5070 1548 5123 καὶ
1588 5069 1843 5141 Πατρδς).

264 5156 403 5211 [διον
426 5157 592 5211 αὐτοῦ
622 5176 701 5222 τε,
733 5159 825 5213 καὶ
852 5163 910 5216 ἐν
936 5161 1105 5231 αὐτῷ,
1137 5166 1232 5215 καὶ
1254 5160 1314 5226 ἐξ
1344 5160 1508 5215 αὑτοῦ
1532 5163 1594 5214 τὺ
1623 5160 1849 5232 Πνεῦμὰ

264 5252 410 5305 ἐστι.
440 5250 694 5321 καθάπερ
714 5252 907 5321 ἀμέλει
933 5255 1026 5308 καὶ
1053 5256 1139 5308 ἐπ’
1168 5256 1331 5310 αὑτοῦ
1359 5256 1561 5310 νοεῖται
1581 5253 1678 5308 τοῦ
1713 5251 1847 5308 Θεοῦ

266 5340 364 5393 καὶ
392 5339 622 5413 Πατρός.
648 5336 725 5413 ἾςΙ
745 5343 803 5396 δὲ
824 5343 1042 5413 γέγονεν
1061 5345 1367 5417 ἄνθρωπος,
1392 5346 1487 5400 καὶ
1510 5346 1700 5415 γέγονε
1726 5343 1851 5398 καθ’

265 5433 455 5502 ἡμᾶς,
502 5434 735 5486 ἐπακτὸν
765 5434 910 5504 ἔχειν
938 5437 1002 5490 τὸ
1034 5437 1258 5507 Πνεῦμα
1298 5438 1539 5507 λέγεται.
1590 5437 1848 5491 Καταπε-

267 5520 499 5592 φοίτηκε
532 5522 664 5591 γοῦν
696 5523 783 5576 ἐπ’
804 5524 965 5578 αὑτὸν
991 5526 1048 5579 ὲν
1078 5525 1208 5579 εῖδει
1241 5525 1592 5597 περιστερᾶς,
1618 5523 1702 5577 δτι
1728 5517 1850 5575 καθ’

343 5720 415 5752 ’θ’
447 5719 567 5789 Act.
606 5718 745 5783 “,2.
778 5718 831 5774 ι.
936 5720 978 5752 ⁹¹
1020 5719 1123 5775 lsa.
1157 5737 1348 5789 xxvnt,
1390 5723 1474 5778 il.

1568 5724 1612 5758 ι’
1653 5719 1670 5773 1
1709 5722 1829 5777 Cor.
1864 5735 1971 5778 xlv.
2003 5710 2092 5773 ‘22.
2174 5719 2219 5750 "
2250 5717 2408 5778 Ibid”
2449 5718 2542 5771 27.
2617 5716 2664 5749 ’⁵
2702 5713 2862 5781 lbid.,
2904 5713 3002 5768 5L

1939 4974 2110 5029 Adam
2138 4982 2223 5030 est
2249 4974 2314 5025 ⁸⁸.
2347 4972 2463 5039 Quo
2490 4980 2669 5026 autem
2695 4966 2855 5024 modo
2896 4974 3154 5022 renovata
3173 4961 3199 5015 ?
3252 4959 3539 5026 Quatenus

1942 5067 2084 5122 enim
2108 5076 2190 5121 est
2219 5067 2382 5128 Deus,
2410 5073 2468 5120 et
2514 5078 2581 5118 ex
2636 5061 2744 5116 Deo
2784 5057 3081 5115 secundum
3136 5061 3387 5109 naturam
3443 5048 3532 5103 Fi-

1944 5154 2047 5213 lius
2074 5158 2163 5228 (ex
2194 5155 2306 5211 Deo
2332 5156 2476 5211 enim
2505 5162 2561 5210 et
2617 5150 2779 5208 Patre
2827 5161 2988 5205 natus
3014 5146 3120 5217 est)
3150 5145 3402 5215 proprius
3454 5141 3538 5208 ip-

1944 5249 2078 5313 sius,
2105 5258 2161 5304 et
2194 5250 2246 5303 in
2274 5246 2413 5318 ipso,
2437 5254 2489 5301 et
2515 5260 2582 5300 ex
2619 5246 2736 5314 ipso
2793 5240 3028 5312 Spiritus
3054 5248 3155 5304 est,
3188 5235 3540 5305 quemadmo.

1955 5339 2081 5393 dum
2110 5353 2301 5408 nempe
2330 5338 2469 5393 idem
2509 5335 2765 5405 Spiritus,
2816 5341 2873 5388 et
2923 5331 2975 5386 in
3038 5331 3155 5398 ipso
3184 5327 3293 5382 Deo
3344 5341 3408 5379 ac
3435 5323 3541 5377 Pa»

1958 5439 2038 5485 tre
2070 5430 2405 5498 intelligitur.
2435 5427 2714 5495 Quatenus
2758 5436 2940 5479 autem
3001 5422 3176 5476 factus
3218 5429 3304 5474 est
3352 5416 3538 5476 homo,

1959 5519 2112 5577 nobis
2144 5519 2359 5587 similis,
2394 5518 2727 5588 impertitum
2760 5515 2961 5570 habere
2992 5510 3257 5582 Spiritum
3316 5504 3537 5560 dicitur.

3096 5706 3141 5742 "
3180 5706 3368 5770 Amos,
3415 5710 3538 5766 rm.

272 5790 367 5857 Η,
410 5787 492 5846 li.
569 5790 615 5823 ’°
645 5790 844 5847 Ezeclt.
886 5804 970 5855 tu,
1008 5790 1098 5847 26.
1174 5783 1402 5849 ",Psal.
1441 5808 1604 5858 ωιτη,
1634 5791 1725 5847 27.
1802 5793 1822 5824 ’

1923 5799 2023 5845 int.
2067 5805 2125 5853 η,
2159 5788 2249 5843 25.
2287 5803 2291 5807 ν
2328 5788 2371 5819 ιο
2410 5788 2427 5841 l
2465 5786 2590 5843 Cor.
2633 5800 2724 5853 xv,
2767 5783 2858 5839 45.
2920 5821 2925 5825 -
