4068 6556
578 373 686 433 579

1606 380 1665 438 S.
1705 383 1985 442 CYRILLI
2023 388 2503 448 ALEXANDRINI
2537 392 2858 452 ARCHIEP.

3737 408 3849 462 380

581 492 865 547 Descendit
887 492 1069 563 itaque
1087 507 1250 564 super
1273 493 1451 567 ipsum
1484 496 1539 554 in
1568 501 1750 570 specie
1796 503 2148 577 columbae",

2261 510 2400 580 liii-ac
2433 511 2695 581 γεγονὼς,
2721 512 2799 578 ὡς
2834 509 2917 578 εἷς
2946 513 3005 582 ἐξ
3039 516 3197 587 ἡμῶν
3224 520 3580 593 οἰκονομικῶς
3612 521 3849 576 εὸτι-ττι..

581 584 839 649 quoniam
869 594 1052 640 nostra
1082 588 1395 644 conditione
1424 601 1693 663 suscepta,
1729 602 1985 666 tanquam
2014 613 2154 653 unus

579 672 647 725 de
674 675 848 738 nobis,
877 684 933 731 et
980 677 1338 748 οἰκονομικῶς
1390 681 1692 752 baptizatus
1739 694 1845 741 est.
1898 686 2052 744 Tunc
2099 698 2155 746 et

574 767 829 833 proprius
855 764 972 835 ejus
1005 768 1243 837 Spiritus
1278 773 1382 841 ipsi
1434 776 1667 846 deSuper
1718 777 1876 835 datus
1934 778 2151 849 dicitur,

575 868 791 927 propter
818 868 1067 915 naturam
1108 862 1404 919 humanam
1463 866 1735 924 videlicet.
1764 867 1834 924 Et
1886 870 2006 927 haec
2068 880 2155 930 est

573 950 891 1006 exittanitio.

645 1039 756 1106 Sic,
792 1058 891 1099 nec
917 1043 1076 1101 aliter
1105 1046 1325 1119 intelligi
1352 1048 1509 1104 debet
1541 1064 1558 1104 :
1591 1069 1611 1103 ι
1642 1050 1870 1123 Propter
1900 1067 2005 1111 nos
2027 1068 2155 1127 ege-

574 1148 677 1186 nus
706 1133 897 1197 factus,
936 1151 1058 1192 cum
1110 1148 1254 1194 esset
1317 1139 1489 1207 dives,
1532 1149 1591 1195 ut
1643 1158 1744 1198 nos
1792 1143 1910 1211 ejus
1968 1145 2150 1217 inopia

574 1224 772 1280 divites
802 1227 1055 1284 iteremus
1089 1229 1155 1284 ³¹.
1188 1249 1207 1281 ι
1245 1229 1408 1286 Datus
1434 1241 1518 1287 est
1546 1234 1692 1288 enim
1721 1232 1960 1303 Spiritus
2013 1236 2153 1290 Ada-

576 1331 687 1381 tuo,
711 1325 767 1369 ut
789 1317 920 1384 dixi,
980 1319 1033 1374 in
1089 1321 1374 1393 principio,
1430 1324 1522 1377 sed
1578 1340 1681 1381 non
1722 1327 2153 1382 mansitnaturre

577 1403 865 1475 humanae;
903 1412 1333 1481 quandoquidem
1363 1414 1653 1469 declinavit
1684 1416 1737 1469 in
1792 1415 2070 1483 delictum,
2096 1424 2153 1472 et

577 1498 827 1566 prolapsa
858 1503 1014 1556 estin
1042 1515 1344 1572 peccatum.
1393 1505 1683 1576 Postquam
1739 1516 1919 1562 autem
1976 1507 2153 1566 factus

575 1601 657 1644 est
684 1608 902 1663 pauper,
934 1597 1023 1665 qui
1058 1608 1174 1652 erat
1197 1599 1366 1666 dives,
1411 1599 1754 1671 Unigenitus,
1805 1603 2049 1673 inquam,
2098 1614 2154 1661 et

578 1681 858 1736 nobiscum
906 1694 964 1739 ut
1018 1686 1183 1741 homo
1233 1703 1354 1743 esse
1410 1692 1597 1760 coepit,
1627 1700 1682 1746 et
1737 1694 2015 1763 proprium
2047 1694 2152 1749 sibi

578 1768 863 1840 Spiritum,
915 1785 973 1831 ut
1017 1781 1367 1834 adventitium
1425 1784 1655 1851 accepit,
1741 1785 1939 1840 mansit
1991 1800 2153 1855 super

2260 600 2403 667 ζετο,
2445 602 2568 657 τότε
2622 605 2716 657 καὶ
2757 605 2819 659 τὸ
2856 606 2984 660 ἴδιον
3026 608 3192 664 αὑτοῦ
3227 612 3451 684 Πνεῦμα
3495 613 3644 668 δοτδν
3692 614 3839 685 αὒτῷ

2259 696 2466 751 ἄνωθεν
2506 697 2758 767 γενέσθαι
2808 699 3053 769 λέγεται,
3095 702 3197 765 διὰ,
3234 705 3297 759 τὸ
3328 706 3687 783 ἀνθρώπινον.
3728 706 3847 769 Καὶ,

2258 788 2417 843 τοῦτό
2437 791 2586 845 ἐστιν
2609 792 2643 862 ἡ
2673 790 2925 857 κένωσις.

2328 1050 2517 1106 Νοοϊτο
2551 1051 2596 1105 δ’
2636 1051 2705 1108 ἂν
2744 1053 2906 1116 οὕτω,
2954 1056 3049 1110 καὶ
3091 1056 3189 1127 οὐχ
3226 1056 3464 1129 ἑτέρως,
3511 1077 3530 1110 ι
3558 1059 3651 1113 Διι
3690 1061 3837 1130 ἡμᾶς

2261 1143 2572 1215 πτωχεῖωαι
2608 1144 2864 1211 πλούσιος
2892 1147 2989 1210 ὢν,
3019 1148 3086 1203 ἵν’
3108 1151 3270 1220 ἡμεῖς
3299 1152 3364 1221 τῇ
3400 1150 3563 1204 αὑτοῦ
3593 1154 3838 1221 πτωχεία

2259 1232 2666 1304 πλουτήσωμεν.
2692 1253 2712 1289 ι
2741 1235 2959 1291 Δέδοται
2988 1237 3086 1308 μὲν
3108 1239 3234 1311 γὰρ,
3261 1239 3336 1302 ὡς
3357 1240 3515 1309 ἔφην,
3535 1240 3592 1293 τὸ
3616 1241 3838 1310 Πνεῦμα

2257 1324 2336 1394 τῷ
2382 1323 2553 1395 Ἀδὰμ
2576 1326 2635 1378 ἐν
2663 1327 2827 1397 ἀρχῇ.
2861 1327 2998 1399 πλὴν
3016 1329 3078 1382 οὐ
3108 1330 3418 1400 μεμένηκεν
3444 1332 3508 1399 τῇ
3548 1328 3845 1399 ἀνθρώπου.

2260 1412 2441 1484 φύσει.
2465 1415 2784 1470 Διανένευκε
2809 1417 2920 1488 γὰρ
2973 1419 3054 1483 εἰς
3086 1420 3147 1473 τδ
3196 1420 3534 1492 πλημμελὲς,
3568 1422 3665 1474 καὶ
3706 1437 3839 1491 παρ-

2258 1502 2486 1558 ώλισθεν
2506 1507 2585 1568 εἰς
2602 1506 2896 1578 ἁμαρτίαν.
2914 1508 3132 1579 Ἐπειδὴ
3156 1509 3213 1562 δὲ
3243 1508 3553 1579 ὲπτώχευσε
3583 1509 3839 1571 πλούσιος

2258 1595 2333 1649 ὢν
2375 1596 2405 1649 6
2437 1598 2773 1668 Μονογενὴς,
2825 1601 2919 1652 καὶ
2973 1599 3105 1671 μεθ“
3141 1602 3173 1669 ἡ
3186 1600 3301 1670 μῶν
3344 1599 3419 1663 ὡς
3455 1599 3747 1671 ἄνθρωπος
3784 1601 3841 1651 τὸ

2262 1686 2390 1740 ίδιον
2428 1687 2503 1750 ὡς
2552 1688 2791 1741 ἐπακτὸν
2837 1689 3055 1756 ἐδέξατο
3094 1688 3356 1760 Πνεῦμα,
3407 1690 3721 1762 μεμένηκεν
3759 1691 3847 1743 ἐπ”

2257 1779 2441 1834 αὐτόν’
2478 1779 2580 1849 ἔφη
2612 1780 2720 1851 γὰρ
2754 1780 2929 1844 οὕτως
2965 1781 3222 1852 Ἰωάννης
3247 1782 3276 1834 6
3305 1779 3723 1852 εὐαγγελιστὴς,
3755 1781 3839 1834 ίνα

576 1878 701 1917 eum
736 1865 803 1932 υ,
834 1878 891 1921 ιιι
918 1868 1152 1926 Joannes
1183 1872 1510 1943 evangelista
1538 1875 1748 1942 scribit,
1801 1886 1859 1931 ut
1915 1878 1968 1930 in
1996 1876 2153 1933 nobis

2261 1870 2351 1923 καὶ
2380 1871 2437 1922 ὲν
2470 1870 2602 1941 ἡμῖν
2637 1873 2937 1943 κατοικήσῃ
2963 1872 3173 1935 λοιπὸν,
3201 1873 3277 1936 ὡς
3310 1873 3409 1944 ήδη
3445 1872 3759 1943 μεμενηκδς
3785 1872 3839 1924 ὲν

579 1970 797 2024 quoque
826 1959 878 2011 in
906 1967 1180 2027 posterum
1221 1961 1458 2026 ltabitet;
1486 1965 1703 2031 quando
1732 1963 1845 2033 jam
1876 1964 2071 2018 mansit
2098 1964 2151 2019 in

576 2046 789 2111 generis
815 2049 982 2103 nostri
1021 2050 1273 2119 primitiis
1306 2054 1579 2119 secundis,
1616 2055 1665 2108 id
1698 2065 1803 2121 est,
1832 2056 1887 2109 in
1917 2055 2154 2113 Christo.

578 2135 658 2191 0b
683 2138 784 2193 huc
803 2139 1000 2209 quippe
1023 2142 1290 2197 secundus
1316 2144 1487 2198 Adam
1515 2147 1922 2215 cognominatus
1944 2157 2046 2204 est.
2079 2148 2157 2205 id.

577 2229 725 2283 circo
753 2229 820 2282 ad
842 2230 1338 2300 incomparabiliter
1385 2234 1604 2290 meliora
1664 2238 1729 2292 de
1782 2238 1995 2305 integro
2050 2238 2156 2294 for-

577 2333 812 2388 mamur,
836 2329 893 2375 et
918 2324 1382 2392 regenerationem
1412 2339 1510 2394 per
1534 2324 1795 2397 Spiritum
1830 2329 1971 2385 felici
2002 2330 2156 2386 lucro

578 2412 951 2482 adipiscimur,
985 2431 1089 2470 non
1119 2417 1350 2487 amplius
1381 2419 1611 2487 primam
1648 2421 1931 2488 habentes,
1973 2437 2161 2478 seCun-

578 2504 702 2556 dum
752 2518 996 2572 carnem,
1061 2507 1305 2575 inquam,
1354 2524 1474 2578 qua:
1526 2521 1745 2578 peccato
1800 2520 1856 2566 et
1915 2512 2157 2567 interitui

577 2594 811 2650 obnoxia
876 2604 962 2652 est
1031 2596 1371 2667 (Prudentia
1419 2600 1562 2654 enim
1618 2603 1800 2657 carnis
1858 2618 2002 2659 mors
2028 2604 2095 2671 ⁸³,
2134 2622 2154 2655 ι

578 2694 769 2741 natura
816 2688 959 2758 sua),
985 2690 1079 2744 sed
1130 2705 1254 2760 quin
1290 2706 1521 2759 superna
1551 2699 1653 2757 est,
1683 2693 1996 2757 secundam,
2035 2709 2159 2763 qua:

576 2793 675 2846 per
713 2778 962 2847 spiritum
1016 2795 1083 2835 ex
1143 2781 1254 2836 Deo
1309 2792 1428 2844 est;
1491 2782 1761 2852 siquidem
1802 2798 1987 2838 verum
2023 2794 2156 2840 est:

583 2888 602 2921 ι
636 2869 736 2935 Qui
767 2885 874 2925 non
910 2885 974 2926 ex
1004 2872 1380 2942 sanguinibus,
1410 2888 1509 2927 nec
1543 2888 1609 2927 ex
1647 2873 1923 2928 voluntate
1949 2877 2154 2941 carnis,

576 2960 669 3013 sed
694 2974 759 3014 ex
782 2959 891 3015 Deo
920 2962 1030 3015 nati
1059 2970 1185 3017 sunt
1200 2962 1265 3016 “.
1306 2981 1326 3015 ι
1359 2961 1652 3033 Oportebat
1715 2962 1877 3031 igitur
1933 2965 1985 3019 in
2034 2966 2159 3022 [iliis

577 3049 670 3103 Dei
707 3062 1021 3107 numeratos
1076 3051 1315 3122 Spiritus
1380 3054 1556 3108 sancti
1612 3053 1787 3122 gratia
1816 3054 2154 3126 locupletari.

2252 1964 2319 2034 τῇ
2363 1961 2455 2015 τοῦ
2500 1961 2690 2031 γένους
2730 1964 2954 2035 άπαρχῇ
2994 1964 3247 2037 δευτέρᾳ,
3288 1964 3534 2018 τουτέστι
3580 1963 3833 2035 Χριστῷ·

2254 2052 2673 2122 κατωνόμασται
2711 2053 2821 2124 γὰρ
2853 2054 2941 2108 διά
2984 2053 3144 2107 τοῦτο
3204 2054 3299 2107 καὶ
3364 2052 3611 2125 δεύτερος
3635 2052 3834 2122 Ἀδάμ.

2253 2140 2345 2194 Διὸ
2388 2140 2523 2214 πρὸς
2566 2142 2628 2194 τὸ
2668 2141 2891 2212 ἄμεινον
2934 2141 3281 2213 ἀσυγκρίτως
3314 2140 3835 2211 άναστοιχειὼμεθα,

2255 2232 2351 2286 καὶ
2395 2232 2494 2303 τὴν
2536 2233 2625 2287 διὰ
2671 2232 2765 2285 τοῦ
2818 2233 3137 2303 Πνεύματος
3188 2233 3548 2302 άναγέννησιν
3584 2227 3644 2286 εὖ
3700 2231 3840 2301 μάλα

2256 2322 2633 2394 κερδαίνομεν,
2659 2324 2758 2377 οὐκ
2795 2322 2875 2377 ἔτι
2902 2324 3001 2395 τὴν
3037 2323 3258 2395 πρώτην
3298 2324 3535 2395 ἔχοντες,
3566 2324 3668 2392 τὴν
3700 2323 3838 2376 κατὰ

2258 2416 2465 2487 σάρκα,
2496 2415 2640 2487 φημὶ
2661 2456 2676 2481 ,
2714 2417 2812 2487 τὴν
2844 2418 2925 2480 είς
2962 2415 3169 2487 φθοράν
3209 2433 3290 2482 τε,
3336 2417 3430 2470 καὶ
3458 2415 3733 2487 ἁμαρτίαν
3762 2414 3837 2486 (τὸ

2256 2510 2365 2582 γάρ
2395 2509 2646 2580 φρόνημα
2672 2508 2771 2579 τῆς
2810 2508 3011 2580 σαρκὸς
3048 2508 3312 2574 θάνατος,
3343 2507 3486 2561 κατὰ
3522 2508 3583 2560 τὸ
3619 2506 3780 2575 γένος
3795 2506 3833 2573 ),

2256 2601 2395 2654 ἀλλὰ
2440 2600 2540 2671 τὴν
2580 2599 2786 2653 ἄνωθεν
2818 2598 3102 2670 δευτέραν,
3135 2601 3235 2672 τὴν
3273 2602 3337 2653 ἐκ
3370 2599 3504 2653 Θεοῦ
3536 2598 3625 2653 διά
3672 2598 3839 2652 Πνεύο

2261 2707 2449 2762 ματος,
2479 2692 2634 2761 εἴπερ
2658 2690 2807 2745 ἐστὶν
2828 2689 3047 2762 ἀληθὲς,
3083 2710 3101 2741 ι
3130 2691 3193 2745 Οἳ
3222 2690 3319 2743 οὐκ
3341 2688 3399 2755 ἐξ
3426 2689 3698 2759 αἱμάτων,
3726 2689 3839 2743 οὐδὲ

2257 2784 2322 2836 ὲκ
2351 2782 2655 2852 θελήματος
2696 2783 2897 2854 σαρκὸς
2916 2823 2931 2847 ,
2974 2783 3090 2837 ἀλλ’
3135 2784 3199 2836 ὲκ
3227 2782 3362 2836 Θεοῦ
3396 2782 3788 2852 ἐγεννήθησαν.
3817 2801 3834 2833 ι

2260 2874 2409 2928 Ἔδει
2440 2870 2533 2927 οὖν
2560 2874 2687 2937 τοὺς
2717 2875 2775 2927 ὲν
2808 2874 3019 2939 τέκνοις
3044 2875 3179 2929 Θεοῦ
3211 2873 3580 2945 τεταγμένους
3616 2875 3721 2945 τὴν
3754 2872 3839 2928 τοῦ

2256 2964 2414 3032 ἁγίου
2452 2963 2769 3032 Πνεύματος
2818 2964 3262 3035 καταπλουτῆσαι
3306 2964 3492 3035 χάριν.
3538 2964 3847 3035 Ἐνήργησε

2256 3054 2314 3109 δὲ
2356 3055 2452 3109 καὶ
2495 3053 2657 3107 τοῦτο
2688 3055 2923 3126 Χριστὸς
2968 3056 3049 3119 είς
3096 3056 3264 3126 ἡμᾶς.
3301 3057 3396 3109 καὶ
3426 3054 3603 3124 λέγων
3638 3054 3840 3108 πιστώ-

578 3142 843 3207 Operatus
876 3151 959 3197 est
997 3152 1178 3197 autem
1211 3153 1261 3199 et
1302 3145 1405 3200 hoc
1447 3143 1503 3197 in
1567 3144 1725 3199 nobis
1746 3145 2012 3214 Christus,
2069 3148 2156 3203 cui

2261 3162 2411 3199 σεται
2443 3145 2649 3217 Πέτρος
2673 3162 2687 3175 ·
2726 3165 2745 3198 ι
2773 3146 2852 3217 Τῇ
2885 3146 3037 3218 δεξιᾷ
3062 3144 3156 3201 οὖν
3194 3146 3288 3200 τοῦ
3320 3147 3535 3219 Πατρδς
3584 3146 3839 3216 ὑψωθεὶς,

578 3231 737 3285 iidem
771 3231 933 3288 faciet
959 3232 1155 3290 Petrus
1186 3251 1200 3288 :
1237 3252 1259 3288 ι
1292 3234 1525 3290 Dextera
1558 3235 1724 3305 igitur
1746 3236 1926 3292 Patris
1950 3237 2157 3293 exalta-

2261 3234 2362 3305 τήν
2392 3250 2452 3286 τε
2486 3215 2942 3302 ἐπαγγελίαν-τοῦ
2980 3215 3295 3305 Πνεῦματος
3336 3215 3454 3288 τοῦ-
3478 3215 3640 3303 ἁγίου
3668 3233 3850 3287 λαϐὼν

583 3330 723 3386 ιιιιι,ι
751 3322 947 3392 inquit,
979 3340 998 3373 ι
1031 3325 1457 3392 etpromissione
1478 3324 1717 3396 Spiritus
1741 3328 1912 3383 sancti
1940 3336 2162 3400 accepta

578 3428 608 3466 a
644 3413 821 3478 Patre,
851 3412 1042 3469 ell‘udit
1090 3414 1253 3479 hunc,
1285 3432 1446 3487 quem
1478 3432 1574 3473 vos
1637 3417 1838 3474 videtis
1884 3428 1941 3475 et
2002 3419 2161 3475 audi-

581 3505 649 3558 tis
677 3504 743 3560 ³³.
782 3522 802 3557 ι
829 3504 1050 3575 Accepit
1075 3508 1291 3575 quidem
1327 3524 1354 3561 a
1391 3508 1554 3563 Patre
1582 3508 1868 3579 Spiritum,
1906 3510 1998 3579 qui
2020 3509 2163 3567 ineSt

582 3597 657 3650 illi
688 3598 1035 3653 naturaliter:
1072 3617 1093 3651 ι
1126 3599 1323 3655 Ell‘udit
1355 3610 1536 3656 autem
1560 3601 1614 3655 in
1650 3616 1748 3658 nos
1779 3602 1993 3658 abunde
2023 3602 2090 3670 “,
2136 3620 2159 3656 ι

581 3691 705 3758 quia
732 3692 869 3746 Deus
905 3693 1202 3746 secundum
1242 3701 1489 3746 naturam
1544 3700 1647 3759 est,
1689 3700 1745 3747 et
1794 3706 1925 3748 caro
1989 3692 2165 3751 factus

581 3792 684 3835 est.
721 3780 919 3837 Elfudit
944 3798 1106 3852 porro
1124 3797 1289 3852 super
1315 3798 1530 3837 omnem
1553 3797 1811 3851 carnem;
1842 3784 2028 3853 utique
2059 3799 2165 3841 non

583 3874 754 3929 solum
801 3888 965 3943 super
991 3888 1087 3929 eos
1120 3874 1211 3944 qui
1236 3890 1305 3928 ex
1348 3876 1765 3931 circumcisione
1789 3876 2164 3945 crediderunt,

582 3966 678 4021 sed
709 3980 873 4034 super
896 3980 1089 4021 omnes
1122 3966 1442 4035 simpliciter
1461 3981 1561 4038 per
1587 3967 1744 4022 iidem
1788 3976 2036 4034 vocatos,
2069 3982 2165 4024 seu

582 4072 801 4126 parvos,
833 4072 927 4112 seu
952 4073 1200 4129 magnos,
1233 4072 1423 4113 servos
1446 4069 1501 4114 et
1531 4058 1755 4121 liberos,
1808 4059 2074 4115 barbaros
2107 4068 2165 4115 et

585 4150 841 4219 Scythas.
877 4149 1159 4221 Proposita
1187 4159 1271 4206 est
1302 4151 1446 4205 enim
1475 4152 1645 4222 gratia
1678 4152 1871 4207 salutis
1905 4153 1958 4208 in
2002 4152 2166 4208 Chri-

583 4250 670 4296 sto
694 4241 859 4311 229
909 4242 1225 4297 mortalibus
1266 4242 1561 4307 universis,
1594 4245 1685 4313 qui
1746 4263 1765 4295 ι
1819 4254 1875 4300 et
1921 4245 2037 4315 ipse
2083 4253 2169 4302 est

586 4334 925 4400 exspectatio
969 4334 1213 4404 gentium
1241 4335 1307 4387 "'.
1354 4355 1373 4388 ι
1402 4335 1555 4402 Quod
1610 4336 1658 4390 si
1712 4337 1929 4406 quidam
1983 4337 2166 4409 lingua

584 4425 887 4494 petulantes
940 4435 994 4479 et
1030 4425 1324 4482 delirantes
1376 4426 1557 4481 dicant
1611 4440 1831 4482 carnem
1867 4427 1970 4482 diei
2003 4428 2166 4482 etiam

2261 3326 2415 3398 παρὰ
2453 3326 2547 3381 τοῦ
2580 3326 2826 3398 Πατρὸς,
2865 3326 3048 3397 ἐξέχεε
3102 3326 3263 3380 τοῦτο
3307 3326 3336 3379 ὃ
3382 3326 3541 3396 ὑμεῖς
3590 3326 3841 3397 βλέπετε,

2264 3419 2356 3472 καὶ
2385 3418 2633 3473 ἀκούετε.
2659 3436 2678 3470 ι
2709 3418 2931 3489 Δέχεται
2965 3417 3064 3487 μὲν
3109 3417 3217 3490 γὰρ
3247 3417 3324 3481 ὡς
3364 3416 3651 3489 ἅνθρωπος
3699 3418 3843 3489 παρὰ

2262 3508 2356 3563 τοῦ
2381 3508 2594 3580 Πατρὸς
2617 3508 2678 3561 τὸ
2705 3508 2823 3561 ἐνὸν
2853 3506 3003 3577 αὐτῷ
3033 3508 3309 3577 φυσικῶς·
3347 3525 3365 3557 ι
3397 3508 3582 3577 Ἐκχεῖ
3607 3508 3665 3560 δὲ
3696 3509 3847 3561 πλουο

2266 3600 2396 3662 σίως
2433 3600 2516 3663 είς
2545 3600 2712 3670 ἡμᾶς,
2744 3618 2762 3650 ι
2800 3598 2880 3652 ὅτι
2919 3597 3054 3662 Θεὸς
3085 3598 3227 3653 κατὰ
3254 3598 3414 3666 φύσιν
3444 3597 3581 3663 ἐστὶ,
3619 3597 3719 3652 καὶ
3762 3597 3845 3665 γέ-

2263 3707 2385 3759 γονε
2411 3689 2565 3761 σάρξ.
2603 3690 2862 3761 Ἐκχεϊόὲ
2889 3690 2986 3744 καὶ
3006 3690 3095 3743 ἐπὶ
3122 3692 3301 3744 πᾶσαν
3334 3691 3531 3762 σάρκα.
3558 3691 3672 3744 Καὶ
3697 3688 3852 3744 τοῦτο

2263 3780 2442 3852 δῆλον,
2470 3780 2547 3844 ὡς
2574 3782 2677 3834 οὐκ
2708 3781 2802 3834 ἐπὶ
2835 3780 3031 3851 μόνους
3077 3780 3204 3844 τοὺς
3244 3781 3310 3833 ἐκ
3354 3780 3693 3851 περιτομῆς,
3739 3779 3845 3834 ἀλλ’

2266 3876 2350 3944 ἐφ’
2380 3875 2624 3937 ἅπαντας
2659 3872 2847 3937 ἁπλῶς
2885 3872 3012 3936 τοὺς
3048 3871 3136 3926 διὰ
3180 3871 3415 3935 πίστεως
3460 3871 3845 3943 καλουμένους,

2266 3965 2369 4020 κᾶν
2408 3964 2519 4018 εἴτε
2552 3963 2738 4036 μικροὶ
2767 3964 2861 4018 καὶ
2906 3963 3158 4033 μεγάλοι,
3205 3962 3382 4017 δοῦλοι
3413 3964 3509 4018 καὶ
3551 3964 3843 4035 ἐλεύθεροι,

2274 4057 2540 4130 βάρϐαροί
2585 4074 2645 4109 τε
2697 4057 2794 4110 καὶ
2848 4056 3073 4110 Σκύθαι.
3123 4055 3417 4127 Πρόκειται
3474 4055 3585 4128 γὰρ
3645 4056 3747 4126 τῆς
3794 4058 3853 4109 iv.

2266 4150 2489 4223 Χριστῷ
2531 4148 2863 4221 σωτηρίαςή
2901 4149 3061 4221 χάρις
3100 4150 3213 4212 τοῖς
3253 4148 3357 4202 ἀνά
3394 4151 3576 4202 πᾶσαν
3620 4148 3721 4219 τὴν
3762 4149 3845 4201 ὑπ’

2266 4241 2515 4314 οὐρανὸν,
2545 4242 2626 4295 ὅτι
2659 4258 2678 4291 ι
2705 4240 2818 4294 Καὶ
2850 4240 3015 4304 αὐτός
3043 4241 3160 4293 ἐστι
3188 4240 3489 4311 προσδοκία
3515 4240 3713 4299 ἐθνῶν.
3739 4260 3756 4293 ι
3786 4242 3845 4294 Ei

2266 4334 2322 4387 δὲ
2347 4333 2411 4405 δὴ
2437 4330 2646 4400 λέγοιέν
2672 4348 2817 4395 τινες
2842 4330 3363 4404 ἀθυροστομοῦντες,
3393 4333 3573 4404 σάρκα
3599 4332 3845 4402 λέγεσθαι

2268 4423 2364 4479 καὶ
2394 4424 2462 4477 τά
2501 4423 2696 4496 κτήνη,
2726 4422 3200 4495 παραληροῦντες,
3230 4424 3331 4496 ἥδη
3370 4442 3487 4487 πως
3523 4425 3842 4487 ἀκουόντων,

577 4515 842 4586 jumenta,
873 4515 1095 4569 audiant
1129 4516 1402 4585 prephetae
1434 4514 1598 4585 hujus
1618 4530 1840 4586 scopum
1901 4520 1968 4571 ad
1999 4532 2158 4586 genus

2270 4515 2353 4568 ὅτι
2381 4514 2481 4582 τῆς
2504 4512 2841 4585 προφητείας
2867 4515 2896 4566 6
2926 4513 3127 4577 σκοπὸς
3159 4514 3297 4567 κατὰ
3329 4513 3489 4583 μόνου
3522 4515 3844 4568 συντείνεται

584 4610 846 4661 duntaxat
872 4607 1166 4661 humanum
1195 4607 1507 4677 pertinere:
1539 4626 1559 4660 ι
1594 4606 1704 4663 Nec
1737 4609 1804 4663 de
1837 4608 2010 4663 bobus
2038 4624 2158 4663 cura

2269 4606 2363 4660 τοῦ
2402 4603 2740 4677 ἀνθρωπείου
2778 4604 2987 4673 γένους,
3015 4605 3109 4657 καὶ
3140 4604 3262 4674 οὐχὶ
3288 4604 3394 4657 τῶν
3427 4604 3567 4673 βοῶν
3599 4606 3751 4675 μέλει
3778 4603 3845 4674 τῷ

582 4707 665 4752 est
687 4699 796 4753 Deo
824 4698 890 4764 ⁸⁸,
928 4718 948 4752 ι
973 4701 1114 4768 quod
1141 4700 1359 4769 sapiens
1400 4700 1604 4755 Paulus
1666 4702 1766 4756 ait.
1817 4700 2169 4770 Pr0pltetatu-

584 4806 676 4845 ros
707 4801 889 4846 autem
924 4792 1057 4847 dicit
1089 4792 1228 4849 filios
1270 4803 1327 4849 et
1367 4794 1528 4857 filias,
1558 4795 1746 4863 gratiae
1779 4794 2165 4865 plenitudinem

583 4881 637 4934 in
668 4881 787 4948 hoc,
812 4890 867 4937 et
900 4884 1141 4938 omnium
1179 4884 1230 4937 in
1269 4899 1334 4939 eo
1376 4884 1734 4955 aequalitatem
1797 4884 2163 4940 subindicans.

584 4973 693 5027 Nec
717 4973 859 5029 enim
894 4984 1217 5043 aspernatur
1246 4976 1386 5031 Dens
1411 4974 1670 5030 muliebre
1700 4991 1893 5045 genus,
1927 4976 1994 5041 si,
2038 4990 2159 5046 quae

585 5065 683 5132 ipsi
719 5064 955 5135 placent,
988 5074 1235 5135 prompte
1262 5067 1642 5136 praestiteritet
1674 5082 1866 5137 sapere
1908 5066 2159 5123 voluerit.

585 5156 696 5212 Nec
760 5158 1235 5223 irremuneratum,
1292 5165 1385 5211 aut
1435 5158 1886 5214 sanctiﬁcationis
1967 5173 2162 5229 expers

584 5253 709 5312 erit.
750 5252 796 5306 si
828 5266 927 5322 per
956 5252 1116 5307 iidem
1138 5259 1192 5307 et
1218 5266 1443 5321 operum
1478 5251 1776 5306 bonitatem
1810 5251 2058 5306 alicunde
2085 5254 2168 5306 in-

585 5344 862 5399 t-tarucrit.
905 5343 1040 5399 Nam
1076 5353 1132 5399 et
1177 5345 1353 5413 ipsum
1397 5342 1570 5412 gratia
1605 5353 1660 5395 et
1696 5343 2044 5399 miseratione
2089 5345 2171 5398 di-

584 5448 805 5504 gnatum
825 5446 928 5502 est,
949 5447 1005 5494 et
1028 5437 1225 5509 pignus
1257 5436 1494 5505 Spiritus
1524 5452 1553 5490 a
1583 5436 1692 5491 Deo
1709 5436 1999 5505 accepit,et
2028 5436 2080 5489 in
2106 5436 2169 5489 ii-

586 5529 672 5583 iiis
703 5528 771 5584 ab
797 5543 864 5586 eo
888 5537 1189 5599 reputatur.
1225 5529 1482 5584 Seniores
1507 5528 1717 5584 somnia
1776 5527 2165 5594 somniaturos,

2263 4696 2404 4768 Θεῷ,
2431 4694 2617 4760 καθὼς
2646 4696 2743 4749 καὶ
2775 4694 2805 4747 6
2838 4696 2999 4763 σοφὸς
3029 4693 3132 4765 ἔφη
3168 4693 3395 4758 Παῦλος.
3447 4695 3846 4765 Προφητεύσειν

2263 4789 2324 4843 δέ
2390 4804 2554 4859 φησιν
2593 4786 2745 4849 υἱοὺς
2776 4785 2874 4839 καὶ
2913 4785 3235 4857 θυγατέρας,
3266 4786 3328 4839 τὸ
3359 4786 3457 4856 τῆς
3488 4786 3713 4857 χάριτος
3754 4787 3847 4856 ἁμα

2267 4877 2497 4947 φιλαφὲς
2522 4876 2610 4931 διὰ
2637 4874 2796 4931 τοῦτο
2822 4875 3125 4948 ὑποδηλιῖΝ,
3155 4876 3250 4930 καὶ
3279 4876 3341 4929 τὸ
3368 4877 3462 4929 ἐπὶ
3488 4877 3700 4939 πάντας
3722 4876 3845 4928 ἴσον.

2266 4972 2366 5043 Είη
2417 4970 2526 5042 γὰρ
2556 4969 2624 5024 ἂν
2656 4970 2758 5024 οὐκ
2808 4969 3115 5040 ἀπόϐλητον
3147 4968 3299 5040 παρὰ
3329 4969 3408 5039 τῷ
3450 4967 3571 5037 Θεῷ
3610 4969 3672 5021 τὸ
3724 4966 3847 5036 θῆλυ

2264 5062 2442 5131 γένος,
2475 5063 2523 5115 εἰ
2550 5061 2618 5115 τὰ
2650 5061 2799 5133 αὐτῷ
2824 5061 3083 5115 δοκοῦντα
3113 5060 3261 5132 δρῴη
3307 5077 3366 5113 τε
3413 5059 3734 5131 προθύμως,
3762 5057 3847 5112 καὶ

2272 5154 2380 5224 μὴν
2423 5154 2518 5207 καὶ
2578 5153 2753 5206 ἕλοιτο
2813 5155 3051 5224 φρονεῖν.
3097 5152 3235 5205 Οὔτε
3292 5152 3400 5221 μὴν
3457 5150 3779 5220 ἀγέραστον,
3815 5146 3851 5217 ἢ

2262 5247 2532 5317 ἀμέτοχον
2570 5243 2865 5316 άγιασμοῦ,
2906 5247 2955 5298 εἰ
2998 5244 3090 5298 διά
3122 5262 3181 5298 τε
3230 5244 3487 5305 πίστεως,
3523 5243 3619 5295 καὶ
3658 5241 3759 5310 τῆς
3796 5240 3847 5291 ἑν

2265 5338 2449 5411 ἔργοις
2486 5338 2789 5401 ἐπιεικείας
2831 5334 3152 5406 εὐδοκιμοῦν
3182 5335 3334 5388 ἔσται
3372 5333 3557 5387 ποθέν.
3602 5330 3852 5396 Ἦξίωται

2267 5432 2375 5501 γάρ
2411 5431 2506 5484 καὶ
2551 5427 2686 5484 αὐτὸ
2730 5428 2953 5498 χάριτός
2989 5444 3084 5491 τε,
3132 5427 3228 5480 καὶ
3281 5423 3591 5494 οἰκτιρμοῦ,
3640 5419 3847 5475 καὶτὸν

2267 5520 2564 5593 ἀρραϐῶνα
2605 5519 2704 5574 τοῦ
2754 5518 3070 5591 Πνεύματος
3118 5517 3335 5588 δέχεται
3376 5514 3529 5583 παρὰ
3566 5512 3726 5566 Θεοῦ.
3756 5510 3847 5564 Λε-
3882 5575 3886 5578 ς

660 5724 707 5762 ³9
748 5730 939 5787 Matth.
978 5747 1059 5794 ιιι,
1100 5728 1186 5784 16.
1266 5729 1307 5761 ³⁸
1340 5727 1376 5783 ll
1417 5728 1543 5784 Cor.
1584 5743 1706 5792 νιιι,
1749 5728 1800 5791 8.
1828 5728 1883 5780 9.
1960 5729 2004 5759 “
2037 5725 2158 5782 Joat

2261 5778 2265 5795 ,
2295 5729 2384 5785 '52.
2466 5730 2508 5762 ³³
2527 5728 2684 5789 Rom.
2712 5727 2905 5797 vm,6.
2984 5725 3254 5794 "'Joan.t,
3286 5724 3370 5781 l3.
3446 5724 3490 5755 ⁸⁵
3524 5724 3643 5778 Att.
3665 5736 3727 5785 ιι,
3763 5716 3841 5776 55.

598 5802 642 5832 ³⁸
697 5803 793 5858 l‘it.
836 5818 917 5869 ιιι,
959 5804 1011 5857 6.
1090 5801 1133 5834 ⁸⁷
1175 5800 1310 5858 Gen.
1344 5815 1493 5865 xm,
1537 5799 1620 5854 i0.
1701 5800 1745 5832 ”
1772 5799 1791 5857 Ι
1823 5797 1947 5856 Cor.
1983 5799 2136 5865 tx,9.
