4068 6542
118 390 217 453 381

1009 373 1559 438 COMMENTARIUS
1596 373 1669 431 lN‘
1700 369 1967 432 JOELEM
2009 362 2456 437 PROPHETML

3266 342 3376 398 582

118 510 369 576 λέγισται
393 502 448 559 δὲ
471 500 567 556 καὶ
588 498 649 554 ὲν
678 497 907 564 τέκνοις.
936 498 1345 570 Πρεσϐυτέρους
1373 496 1470 568 μὲν
1497 488 1590 549 οὖν
1618 496 1702 548 ὲν·
1730 553 1735 564 η

1832 505 2025 546 uvcnes
2061 487 2299 542 visiones
2323 481 2537 535 visuros
2558 472 2707 531 dicit.
2738 466 2983 525 Sextilem,
3006 448 3215 524 mtatem
3277 470 3382 526 ap.

2374 572 2385 576 -
2414 572 2423 576 ‘
2605 565 2618 576 ·
2726 560 2759 576 Α
2844 561 2855 572 ’
2896 556 3021 576 ιη-ε-
3071 548 3375 576 mmmam...“

122 597 332 658 υπνίοις
374 591 537 663 φησὶν
565 587 1108 658 ὲνυπνιασθήσεσθαι,
1145 586 1371 657 ὄψεσθαι
1403 585 1461 638 δὲ
1489 583 1707 655 ὁράσεις

120 691 245 752 τοὺς
291 684 634 746 νεανίσκους,
666 678 1035 752 πρεσϐυτικὴν
1068 679 1287 750 ήλικίαν
1330 676 1527 746 λέγων,
1574 673 1708 729 καθ-

123 780 313 850 ώσπερ
356 771 595 848 ἐγῷμαι,
636 775 736 846 τὴν
775 774 1020 845 ποιότητι
1060 773 1160 842 τῆς
1203 770 1407 842 ἀρετῆς
1443 766 1711 839 προύχου-

128 871 223 935 σάν
250 887 338 937 τε,
372 871 468 924 καὶ
510 865 937 939 ὑπερκειμένην,
971 864 1066 919 καὶ
1094 857 1207 917 οἷον
1237 861 1509 933 λαμπροῖς
1543 875 1712 913 πεποο

126 962 403 1034 λλιωμένην
440 959 850 1032 κατορθώμασι,
878 957 975 1012 καὶ
1004 956 1266 1028 φρονήσει
1300 956 1367 1024 τῇ
1404 950 1710 1022 τελεωτάτη

128 1052 561 1125 διαπρέπουσαν,
612 1051 708 1105 καὶ
752 1047 1235 1120 τεθαυμασμένην,
1288 1043 1470 1107 ὁποῖός
1520 1059 1605 1106 τις
1646 1037 1713 1110 ἦν

132 1147 222 1201 καὶ
263 1144 504 1208 Παῦλος,
540 1142 599 1207 ὃς
627 1140 881 1195 τεθέαται
911 1138 1031 1193 καθ’
1058 1137 1227 1192 ὕπνον
1263 1135 1435 1208 ἄνδρα
1453 1133 1573 1188 τινὰ
1606 1132 1715 1186 τῶν

133 1238 195 1289 ἔκ
223 1232 577 1297 Μακεδόνων,
600 1227 1020 1301 ἑκλιπαροῦντα,
1046 1227 1141 1282 καὶ
1168 1226 1396 1296 λέγοντα
1414 1242 1429 1256 ·
1467 1242 1488 1278 s
1516 1222 1716 1288 Διαϐὰς

134 1327 212 1390 είς
242 1322 588 1379 Μακεδονίαν
615 1320 881 1392 βοήθησον
918 1321 1071 1391 ἡμῖν.
1097 1336 1117 1370 s
1156 1317 1404 1381 Ἀνανίας
1431 1316 1490 1370 δὲ
1517 1314 1627 1370 τῶν
1658 1314 1718 1367 ἑν

136 1417 315 1472 ⁸πίστει
361 1414 835 1487 δεδοκιμασμένων
871 1413 1064 1485 ὅρασιν
1101 1410 1189 1466 tr.”
1215 1408 1366 1480 αὐτῷ
1396 1407 1598 1478 Παύλῳ
1630 1424 1720 1462 τε-

139 1508 344 1563 θέαται.
371 1506 594 1576 Ἐπειδὴ
635 1505 744 1577 γάρ
778 1500 913 1575 ἧκεν
941 1505 1022 1568 είς
1053 1501 1365 1573 Δαμασκὸν,
1397 1498 1544 1571 αύτῷ
1577 1498 1722 1553 κατὰ

136 1600 232 1669 τὴν
278 1600 402 1653 ὁδὸν
459 1597 715 1669 ὀφθέντος
769 1594 1040 1667 Χριστοῦ,
1086 1590 1205 1648 εἶτα
1266 1594 1333 1664 τῇ
1383 1590 1478 1646 τοῦ
1544 1589 1721 1660 φωτὸς

143 1966 300 2020 αὑτὸν
329 1966 360 2019 ὁ
391 1964 596 2035 Κύριος
636 1964 694 2017 ὲν
720 1962 990 2032 δράματι’
1022 1958 1261 2020 ἀναστάς
1295 1954 1591 2028 πορεύθητι
1633 1953 1725 2006 ἐπὶ

142 2054 235 2128 τὴν
284 2054 491 2126 ῥύμην,
536 2052 637 2123 τὴν
674 2049 1014 2120 καλουμένην
1053 2046 1220 2117 Εύθῆ,
1272 2045 1366 2099 καὶ
1405 2042 1639 2114 ζήτησον
1667 2044 1725 2096 ὲν

143 2145 285 2214 οἰκία
315 2144 492 2197 Ἰούδα
520 2140 691 2194 Σαοὺλ
717 2140 964 2210 ὀνόματι,
990 2136 1229 2207 Ταρσέα.
1257 2153 1275 2188 ι
1303 2131 1547 2193 Ἀκούεις
1578 2131 1727 2190 ὅπως

145 2236 199 2292 ὲν
227 2236 472 2308 ὁράματι
520 2234 783 2304 λελάληκε
833 2231 969 2301 πρὸς
1000 2228 1284 2291 Ἀνανίαν;
1317 2221 1425 2278 Ἦν
1466 2222 1575 2294 γάρ
1623 2237 1726 2274 που

147 2330 279 2397 τάχα
305 2328 407 2398 τὴν
443 2327 627 2380 πίστιν
664 2324 930 2396 ἀνδρεῖος,
962 2321 1057 2375 καὶ
1086 2318 1302 2380 νεανίας
1344 2317 1443 2387 τὴν
1470 2314 1607 2380 ἕξιν,
1635 2311 1729 2366 καὶ

148 2417 461 2491 σφριγῶσαν
494 2416 632 2486 ἔχων
662 2416 741 2479 είς
773 2412 834 2465 τὸ
873 2409 1079 2479 ἀγαθὸν
1113 2407 1212 2479 τὴν
1241 2406 1487 2475 γνώμην,
1521 2402 1729 2473 ἄθραυ-

153 2489 267 2573 στος
300 2510 384 2570 είς
422 2506 585 2578 ἀκὴν,
623 2504 779 2575 δῆλον
812 2503 869 2556 δὲ
900 2502 982 2555 ὅτι
1011 2498 1111 2570 τὴν
1147 2495 1542 2565 πνευματικήν.
1590 2489 1728 2545 Καθ’

150 2600 307 2654 ὕπνον
347 2599 407 2652 δὲ
441 2597 638 2666 Παύλῳ
670 2594 769 2657 τὰς
799 2591 951 2655 λιτὰς
989 2590 1164 2644 ἐδόκει
1201 2586 1528 2659 προσφέρειν
1555 2585 1582 2637 ὁ
1610 2583 1729 2637 Μα-

151 2691 333 2755 κεδὼν,
373 2685 445 2761 ἦν
472 2688 580 2759 γὰρ
623 2687 719 2757 τὴν
766 2683 939 2754 φρένα
963 2680 1303 2752 πρεσϐύτης,
1344 2676 1435 2729 τὸν
1468 2674 1591 2729 νοῦν
1624 2689 1729 2743 γη-

154 2783 319 2853 ραιδς,
347 2782 448 2835 κα)⁵
475 2780 576 2850 τῆς
610 2776 815 2833 ἄνωθεν
849 2773 1041 2843 σοφίας
1079 2770 1351 2842 ἔμπλεως.
1383 2763 1730 2837 Προσεφώνει

151 2873 204 2927 δέ
235 2891 332 2927 που
381 2872 481 2926 καὶ
524 2872 552 2925 ὁ
604 2868 763 2938 σοφὸς
807 2865 1065 2934 Ἰωάννης
1108 2864 1219 2924 τοῖς
1262 2857 1621 2930 ἡγιασμένοις
1671 2857 1730 2908 ἐν

152 2959 366 3032 Χριστῷ
396 2959 488 3014 διὰ
538 2957 772 3020 πίστεως
798 2973 813 2986 ·
856 2974 876 3006 ι
910 2953 1113 3023 Γράφω
1144 2950 1295 3020 ὑμῖν,
1344 2946 1612 3016 πατέρες,
1651 2944 1732 2996 ὅτι

154 3051 421 3122 ἐγνώκατε
451 3050 543 3104 τὸν
567 3048 661 3103 ἀπ’
687 3048 883 3117 ἀρχῆς.
925 3041 1126 3114 Γράφω
1149 3040 1299 3109 ὑμῖν,
1334 3035 1627 3095 νεανίσκοι,
1651 3034 1733 3088 ὅτι

157 3142 357 3212 ἰσχυροί
390 3142 536 3204 ἐστε,
579 3136 675 3192 καὶ
702 3133 1023 3205 νενικήκατε
1053 3130 1144 3182 τὸν
1184 3126 1436 3196 πονηρόν.
1467 3144 1486 3177 ι
1528 3125 1731 3190 Ἐπαγ-

154 3235 399 3305 τέλλεται
425 3232 491 3304 δὴ
521 3227 613 3286 οὖν
643 3230 739 3300 τὴν
772 3226 930 3299 χύσιν
967 3222 1062 3277 τοῦ
1104 3219 1419 3292 Πνεύματος
1468 3219 1580 3280 τοῖς
1617 3216 1737 3269 δου-

1808 548 1970 656 pellat
2002 576 2237 652 (utmilti
2297 572 2515 644 quidem
2568 560 2764 636 placet)
2809 556 3025 613 virtutis
3071 548 3379 623 praestantia

1808 674 2222 745 prominentem,
2249 676 2301 721 et
2332 670 2669 732 progressam
2699 654 2751 708 in
2782 666 2845 705 ea
2880 649 3111 716 longius,
3143 650 3196 695 et
3224 637 3385 710 quasi
3410 636 3430 652 ⁹

1810 730 2109 822 illustribus
2134 757 2293 814 factis
2325 730 2539 815 canam,
2573 756 2627 802 et
2649 738 3049 801 absolutissima
3096 730 3379 802 prudentia

1810 856 2065 914 eximiam
2083 862 2137 907 et
2160 843 2533 905 admirandam
2565 854 2579 890 :
2613 835 2790 910 qualis
2815 841 2932 886 erat
2959 825 3175 887 Paulus,
3206 822 3295 897 qui
3327 820 3391 877 in,

1812 944 2018 1002 somnis
2051 940 2186 996 vidit
2216 937 2390 991 virum
2422 926 2773 986 Macedonem
2829 927 3083 977 orantem
3110 927 3172 971 ac
3203 912 3382 962 dicen-

1814 1045 1924 1093 tem
1971 1032 2120 1089 sibi:
2186 1046 2205 1082 ι
2239 1022 2532 1082 Transiens
2618 1015 2671 1069 in
2750 1006 3141 1069 Macedoniam,
3196 1000 3383 1067 adjnva

1814 1142 1914 1184 nos
1943 1126 2007 1180 ²⁹.
2040 1143 2059 1176 ι
2086 1119 2324 1176 Ananias
2353 1122 2529 1168 autem
2562 1108 2613 1163 in
2644 1104 2747 1163 ﬁde
2788 1099 3070 1171 probatus,
3127 1091 3386 1145 visionem

1816 1230 1978 1287 super
1999 1216 2113 1284 ipso
2139 1207 2307 1266 Paulo
2327 1203 2482 1266 vidit,
2520 1212 2642 1255 cum
2672 1194 2992 1249 Damascum
3017 1186 3106 1240 ille
3150 1181 3315 1247 venit,
3336 1187 3396 1239 et,

1816 1274 2068 1365 Christus
2098 1302 2147 1357 ei
2175 1302 2226 1355 in
2253 1299 2337 1352 via
2363 1290 2632 1365 apparuit,
2671 1302 2735 1342 ac
2774 1285 2982 1354 fulgore
3013 1278 3235 1333 luminis
3266 1274 3395 1328 visu

1818 1396 2070 1470 privavit,
2100 1391 2189 1446 ubi
2219 1404 2313 1460 per
2372 1384 2651 1441 Christum
2697 1384 2919 1435 curatus
2976 1380 3085 1429 est.
3118 1367 3401 1435 Scriptum

1819 1454 1904 1545 est
1928 1488 2013 1542 his
2044 1454 2236 1539 verbis
2270 1497 2283 1533 :
2321 1496 2340 1530 ι
2369 1476 2499 1532 Erat
2524 1482 2703 1527 autem
2732 1466 2948 1538 quidam
2973 1457 3264 1531 discipulus
3292 1454 3395 1507 Da-

1820 1576 2013 1640 masci,
2046 1572 2263 1628 nomine
2289 1564 2547 1621 Ananias.
2577 1561 2642 1616 Et
2673 1557 2806 1613 dixit
2834 1555 2899 1609 ad
2972 1551 3119 1606 illum
3173 1548 3227 1601 in
3276 1544 3393 1597 visu

1822 1667 2081 1722 Dominus
2110 1680 2125 1717 :
2158 1659 2347 1728 Surge,
2368 1665 2422 1710 et
2451 1654 2587 1708 vade
2614 1652 2667 1705 in
2696 1649 2873 1702 vicum
2912 1642 3004 1717 qui
3059 1640 3256 1697 dicitur
3289 1633 3397 1689 Re—

1825 1769 1962 1821 ctus,
1987 1764 2040 1809 et
2068 1765 2251 1824 quaere
2276 1751 2330 1805 in
2359 1750 2519 1802 domo
2538 1743 2689 1798 ludat
2729 1736 2951 1794 Saulum
3002 1733 3219 1788 nomine
3258 1726 3397 1781 Tar-

1752 1846 1796 1900 B
1824 1861 2036 1905 sensem
2066 1813 2133 1896 δλ.
2173 1859 2193 1894 ι
2230 1838 2398 1894 Audis
2450 1841 2508 1887 ut
2553 1832 2670 1885 visu
2754 1827 3058 1905 alloquuntur
3107 1813 3395 1870 Ananiam.

1826 1939 1976 2002 Erat,
2015 1944 2071 1990 ut
2100 1941 2251 2003 puto,
2285 1928 2387 1982 ﬁde
2412 1924 2585 1989 fortis,
2637 1918 2823 1975 habitu
2879 1904 3155 1971 Strenuus,
3221 1904 3404 1957 animo

1828 2033 1892 2085 ad
1926 1988 2178 2082 virtutem
2214 2021 2455 2083 incitato,
2480 2010 2744 2085 spirituali
2800 2005 2997 2062 robore
3032 1999 3314 2055 infractus.
3342 1988 3400 2044 lu

1828 2119 2032 2175 somnis
2062 2125 2241 2171 autem
2273 2108 2491 2164 Macedo
2553 2101 2777 2157 Paulum
2837 2106 3029 2166 rogare
3074 2089 3405 2145 videbatur;

1826 2218 1944 2264 erat
1969 2207 2112 2262 enim
2137 2202 2335 2258 Paulus
2364 2205 2542 2252 mente
2563 2206 2751 2254 senex,
2783 2187 2963 2241 animo
2989 2178 3307 2252 grandaevus
3350 2182 3405 2225 et

1828 2300 2032 2358 ςωιεειί
2066 2294 2326 2366 sapientia
2376 2291 2585 2360 plenus.
2618 2279 2917 2352 Compellat
2936 2289 3067 2330 vero
3104 2281 3159 2326 et
3190 2267 3407 2337 sapiens

1826 2393 2063 2448 Joannes
2087 2360 2454 2445 sanctiﬁcatos
2483 2381 2538 2435 in
2571 2375 2789 2433 Christo
2843 2385 2939 2441 per
2974 2366 3156 2429 fidem,
3191 2362 3244 2415 in
3292 2360 3407 2448 haec

1827 2488 1992 2541 verba
2030 2500 2045 2539 :
2079 2499 2099 2533 ι
2129 2478 2319 2535 Scriho
2351 2475 2521 2537 vobis,
2557 2479 2763 2542 patres,
2803 2461 3060 2534 quoniam
3077 2447 3412 2526 cognovistis

1830 2593 1950 2632 eum
1983 2573 2074 2643 qui
2103 2572 2170 2625 ab
2196 2568 2351 2625 initio
2374 2573 2476 2621 est.
2526 2559 2722 2616 Scribo
2757 2555 2932 2618 vobis,
2963 2551 3217 2622 juvenes,
3274 2555 3411 2612 quo-

1828 2669 1972 2722 niam
2006 2663 2173 2719 fortes
2201 2659 2355 2721 estis,
2385 2664 2440 2709 et
2460 2651 2669 2708 vicistis
2692 2646 2987 2717 malignum
3008 2636 3416 2694 “.s’Pollieetur

1830 2758 2009 2825 itaque
2030 2751 2290 2822 Spiritum
2318 2754 2566 2802 sanctum
2604 2743 2658 2795 in
2710 2738 3013 2793 servientes
3073 2728 3177 2785 sibi
3209 2723 3413 2781 effusu-

1831 2819 1970 2903 rum.
2003 2819 2187 2911 Et'qui
2217 2846 2342 2894 sunt
2369 2835 2458 2891 isti
2496 2830 2757 2887 tandem?
2781 2827 2945 2898 230
2976 2825 3055 2877 An
3090 2819 3164 2875 illi
3191 2825 3415 2887 prorsus

1832 2937 1922 3009 qui
1944 2932 2180 2991 oraculis
2239 2923 2566 2997 evangelicis
2617 2920 2883 2977 cervicem
2933 2913 3114 2970 cordis
3183 2905 3415 2963 submit-

1834 2999 1974 3094 tunt,
2029 3043 2059 3080 a
2112 3024 2258 3081 cultu
2314 3021 2371 3077 in
2430 3020 2596 3088 ﬁgura
2638 3012 2998 3073 discedentes,
3026 3016 3080 3061 et
3135 3019 3163 3057 a
3212 2999 3416 3055 Graeca:

1836 3092 2237 3191 superstitionis
2281 3111 2599 3182 deceptione
2650 3106 3010 3166 desistentes,
3069 3107 3127 3151 nt
3182 3092 3404 3166 quidam

1840 3210 1958 3264 ait?

155 3276 387 3380 λεύουσιν
414 3276 584 3395 αύτῷ.
611 3276 832 3385 Τίνεςδ
857 3317 924 3371 ἂν
945 3318 993 3370 οί
1012 3276 1214 3369 τοιοίδε
1244 3276 1439 3377 item;
1472 3308 1505 3379 ἢ
1536 3276 1732 3361 ἐκεῖνοι
1772 3304 1987 3365 πάντως
2037 3299 2089 3356 οἶ
2144 3298 2258 3361 τοῖς
2286 3291 2660 3363 εὑαγγελικοῖς
2690 3284 3055 3355 θεσπίσμασιν
3084 3276 3419 3345 ὑποφέρουσι

2316 3387 2422 3395 --..-
2569 3387 2595 3395 ..
2670 3382 2709 3395 λι
2759 3382 2770 3395 ι
2843 3378 2854 3395 ρ
3029 3364 3386 3395 ›ξ--..--......ι

156 3419 241 3474 τὸν
267 3418 471 3488 αὐχένα
494 3364 592 3485 siit;
620 3364 879 3475 Stavoiac,
908 3408 1008 3479 τῆς
1061 3406 1159 3478 μὲν
1196 3364 1279 3458 Ϋὲν
1316 3364 1472 3472 τύπίρ
1495 3364 1763 3471 ’λατρείας
1794 3395 2281 3465 ἀποφοιτήσαντες,
2316 3387 2632 3459 Ἑλληνικῆς
2666 3382 2721 3435 δὲ
2749 3378 2964 3449 ἀπάτης
3020 3364 3417 3437 ἀποπεπαυμέ-

158 3526 253 3575 νοι,
278 3506 419 3563 κατὰ
442 3505 533 3558 τὸν
558 3503 814 3571 λέγοντας

225 3596 329 3653 Kal
365 3596 543 3651 δώσω
577 3593 790 3662 τέρατα
822 3590 888 3644 ἐγ
921 3588 1002 3655 τῷ
1042 3584 1276 3656 οὐρανῷ
1307 3584 1450 3647 ἄνω,
1481 3580 1581 3636 καί
1612 3593 1730 3648 ση-

158 3690 285 3761 μεῖα
307 3688 409 3743 ἐπὶ.
430 3687 542 3755 τῆς
568 3683 682 3757 τῆς
712 3682 891 3747 κάτω,
918 3677 1080 3750 αἷμα,
1102 3678 1201 3732 καὶ
1236 3676 1377 3744 πῦρ,
1400 3673 1499 3728 καί
1518 3673 1735 3742 ἀτμίδα

164 3779 410 3833 καπνοῦ.
448 3777 502 3829 '0
540 3776 715 3843 ἥλιος
753 3768 1319 3843 μεταστραφήσεται
1362 3765 1451 3830 εὶς
1495 3764 1736 3826 σκότος,

166 3870 253 3933 καί
280 3869 318 3936 ἡ
349 3866 585 3935 σελήνη
618 3865 705 3931 είς
742 3857 907 3931 αἷμα,
946 3858 1088 3929 πρὶν
1123 3857 1324 3917 ἐλθεῖν
1365 3852 1482 3922 τὴν
1513 3851 1741 3922 ἡμέραν

168 3959 375 4027 Κυρίου
403 3956 522 4025 τὴν
546 3956 817 4025 μεγάλην
848 3949 947 4005 καὶ
977 3947 1263 4019 ἐπιφανῆ.

228 4052 362 4117 AG"
413 4048 539 4102 Ἐπὶ
592 4047 712 4108 ταῖς
762 4040 1097 4103 δυσσεϐείαις
1145 4038 1253 4093 τῶν
1288 4033 1578 4098 Ἰουδαίων,
1619 4032 1739 4097 ταῖς

169 4144 241 4207 είς
289 4140 533 4213 Χριστὸν
574 4136 991 4209 γεγενημέναις,
1020 4132 1115 4193 καὶ
1148 4132 1286 4203 αὑτὴ
1318 4130 1427 4190 τῶν
1462 4125 1744 4197 στοιχείων

170 4235 561 4305 assumpun
591 4232 627 4302 ή
675 4229 856 4298 φύσις.
913 4223 1345 4293 Κατωλοφύρετο
1383 4219 1440 4273 δὲ
1479 4218 1665 4288 ὥσπερ
1710 4216 1747 4286 ή

173 4328 354 4394 κτίσις,
380 4322 816 4395 καθυϐρισμένον
840 4319 1023 4391 ὁρῶσα
1045 4317 1136 4371 τὸν
1166 4314 1447 4376 κτίσαντα,
1475 4311 1570 4365 καὶ
1593 4312 1622 4363 ὁ
1648 4308 1747 4378 μὲν

176 4418 308 4482 θεῖος
340 4417 492 4480 ναὸς,
524 4414 601 4477 ὼς
628 4416 741 4475 τοῖς
773 4408 1064 4466 πενθοῦσιν
1094 4406 1376 4478 ἀσχάλλων
1405 4407 1462 4458 ὲν
1501 4401 1620 4471 ἴσῳ,
1649 4415 1747 4452 πε-

176 4513 545 4583 ριερῤήγνυτο.
572 4507 882 4578 Γέγραπται
920 4505 1050 4574 γὰρ,
1079 4502 1161 4555 ὅτι
1197 4517 1215 4551 ι
1246 4499 1320 4551 Τὸ
1351 4495 1445 4551 τοῦ
1479 4493 1609 4548 ναοῦ
1642 4509 1743 4546 και·
1779 4526 1825 4581 D

172 4604 489 4672 ταπέτασμα
513 4599 621 4652 ἀπὸ
651 4596 856 4651 ἄνωθεν
878 4596 982 4658 ἕως
1006 4594 1155 4648 κάτω
1181 4587 1425 4659 ἐσχίσθη.
1452 4605 1473 4639 s
1513 4585 1572 4638 Ὀ
1600 4583 1749 4655 ἥλιος

175 4695 225 4751 δὲ
252 4695 311 4748 τὸ
336 4695 541 4749 οίκεῖον
573 4687 851 4758 ἀνακύψας
890 4684 1047 4748 σέλας
1078 4684 1177 4736 οὐκ
1219 4680 1372 4751 ἠξίου
1414 4676 1626 4747 φαίνειν
1667 4673 1749 4725 ἔτι

175 4788 275 4849 τοῖς
295 4786 387 4839 ἐπὶ
412 4784 511 4854 τῆς
540 4782 662 4853 γῆς.
691 4777 895 4833 Ἐποίει
920 4775 1027 4847 γάρ
1062 4772 1250 4834 σκότος
1279 4769 1388 4824 ἀπὸ
1414 4767 1562 4836 ὥρας
1586 4765 1751 4835 ἕκτης

177 4875 269 4939 ἕως
311 4875 562 4943 ὲννάτης,
604 4869 877 4943 ἐσχίζοντο
914 4864 1094 4922 δὲκαὶ
1133 4862 1349 4932 πέτραι,
1384 4859 1524 4929 τάχα
1554 4855 1613 4911 δέ
1644 4869 1749 4909 που

179 4968 264 5031 καὶ
299 4967 431 5037 περὶ
460 4966 551 5020 τὸν
587 4965 686 5035 τῆς
722 4962 948 5032 σελήνης
985 4957 1183 5012 κύκλον
1232 4950 1531 5026 ἐπράττετό
1563 4967 1615 5003 τι
1642 4946 1754 5005 τῶν

180 5056 475 5128 ἀσυνήθων,
500 5055 575 5119 ὡς
593 5054 769 5107 δοκεῖν
793 5053 873 5115 είς
895 5044 1035 5121 αἷμα
1064 5041 1535 5119 μεταπεποιῆσθαι
1560 5038 1754 5107 αὑτήν.

180 5149 463 5219 Σεσίγηται
503 5147 600 5218 μὲν
632 5140 727 5200 οὖν
760 5144 823 5199 τὸ
866 5141 1069 5199 τοιόνδε
1109 5141 1222 5202 τοῖς
1261 5137 1439 5205 ἁγίοις
1477 5128 1758 5201 εὐαγγελι-

182 5246 341 5305 σταῖς.
376 5236 700 5309 ’Δξιόχρεώς
723 5253 788 5308 γε
818 5235 922 5307 μὴν
946 5236 980 5305 ἡ
1004 5234 1186 5295 πίστις
1206 5231 1272 5284 ὲκ
1296 5225 1650 5299 προφητείας,
1675 5223 1757 5278 ὃτι

183 5335 274 5403 μὲν
316 5337 431 5397 τοῖς
479 5332 575 5387 τοῦ
644 5327 993 5402 Δημιουργοῦ
1072 5324 1337 5394 νεύμασιν
1381 5320 1481 5373 οὐκ
1527 5320 1584 5371 ὲν
1623 5315 1757 5387 ήλίῳ

183 5426 333 5497 μόνον
380 5424 454 5478 τά
494 5425 696 5495 σημεῖα
738 5421 982 5490 γέγονεν,
1032 5416 1147 5472 ἀλλ’
1187 5410 1300 5475 οἷον
1356 5413 1452 5481 ὅλη
1499 5409 1635 5481 πρὸς
1693 5405 1756 5459 τὸ

180 5516 425 5579 ἀκαλλὲς,
455 5514 553 5568 καὶ
573 5512 837 5582 ἀσύνηθες
860 5509 1000 5580 αὐτὴ
1029 5506 1486 5579 μετακεχωρηκεν
1512 5505 1547 5574 ή
1572 5500 1753 5571 φύσις,

186 5605 341 5674 σαφὲς
378 5604 446 5658 ἂν
475 5603 683 5674 γένοιτο
712 5600 845 5655 Θεοῦ
881 5600 1131 5670 λέγοντος
1160 5598 1247 5651 διὰ
1280 5595 1462 5667 φωνῆς
1497 5590 1751 5647 Ἡσαΐου’

1912 3569 2079 3625 Vsus.
2110 3566 2198 3631 50,
2237 3564 2327 3621 51.
2373 3560 2441 3616 Et
2482 3558 2618 3617 dabo
2648 3554 2890 3629 prodigia
2934 3553 2989 3607 in
3022 3550 3147 3605 caelo
3178 3567 3415 3615 sursum,

1839 3671 1886 3715 et
1938 3666 2181 3729 portenta
2229 3670 2383 3724 super
2430 3663 2624 3706 terram
2682 3652 2946 3709 deorsum,
2989 3643 3316 3711 sanguinem,
3371 3651 3422 3697 et

1841 3755 2032 3823 ignem,
2064 3760 2115 3804 et
2154 3762 2394 3817 vaporem
2442 3744 2597 3815 fumi.
2660 3739 2756 3796 Sol
2816 3745 3141 3791 convertatur
3180 3735 3233 3788 in
3284 3744 3424 3789 tene-

1843 3844 1987 3906 bras,
2029 3852 2075 3893 et
2118 3837 2244 3891 luna
2289 3837 2341 3889 in
2389 3833 2720 3904 sanguinem,
2769 3836 3050 3897 antequam
3100 3824 3272 3878 veniat
3312 3826 3427 3879 dies

1844 3930 2055 3986 Domini
2091 3944 2311 3998 magnus
2347 3936 2393 3980 et
2419 3925 2659 3978 illustris.

1920 4019 2163 4076 XXXVI.
2193 4019 2239 4073 A
2265 4016 2467 4073 Iudaeis
2493 4015 2656 4080 impie
2706 4013 2759 4069 in
2805 4012 3080 4067 Christum
3124 4006 3425 4078 designata,

1847 4118 1960 4189 ipsa
1997 4127 2211 4184 quoque
2259 4109 2649 4166 elementorum
2697 4112 2891 4160 natura
2938 4099 3151 4170 indigne
3185 4096 3328 4158 tulit,
3371 4102 3426 4147 et

1846 4218 2095 4265 creatura
2129 4215 2237 4259 tam
2267 4198 2655 4258 contumeliose
2686 4194 2929 4251 habitum
2963 4193 3179 4247 intuens
3203 4187 3428 4243 Creato-

1846 4316 1987 4364 rem,
2029 4295 2428 4369 quodammodo
2486 4292 2645 4357 luxit,
2674 4302 2738 4343 ac
2780 4288 3017 4342 divinum
3056 4280 3307 4350 templum
3348 4276 3429 4348 (ut

1851 4406 2003 4460 atque
2036 4404 2158 4445 cum
2206 4387 2312 4441 illis
2360 4382 2548 4443 dolens
2589 4394 2654 4434 ac
2704 4374 2981 4444 maestum)
3015 4372 3286 4442 diruptum
3320 4376 3424 4423 est.

1854 4486 2125 4556 Scriptum
2169 4481 2365 4551 quippe
2418 4484 2634 4532 exstat:
2670 4491 2688 4525 ι
2722 4471 2789 4525 Ει
2837 4468 3010 4522 velum
3056 4464 3235 4535 templi
3286 4463 3424 4517 scis-

1860 4595 1976 4637 sum
2024 4586 2107 4631 est
2142 4590 2170 4629 a
2214 4586 2427 4628 summo
2464 4582 2633 4638 usque
2677 4560 3013 4626 deorsum“,
3049 4577 3068 4609 ι
3111 4567 3165 4612 et
3214 4554 3292 4609 sol
3338 4568 3428 4607 re—

1857 4682 2042 4739 presso
2092 4663 2380 4735 splendore
2430 4672 2550 4723 suo,
2604 4652 2924 4710 mortalibus
2969 4648 3150 4703 lucere
3200 4643 3430 4714 amplius

1862 4732 2047 4820 noluit,
2079 4732 2331 4810 tenebras
2361 4751 2504 4804 enim
2539 4747 2699 4800 rebus
2721 4742 2789 4796 ab
2818 4742 2947 4794 liora
2982 4746 3129 4793 sexta
3169 4747 3337 4803 usque
3362 4732 3431 4785 ad

1857 4864 2052 4908 nonam
2086 4844 2314 4902 induxit.
2363 4840 2561 4895 Scissa:
2598 4844 2722 4890 sunt
2772 4835 2898 4888 item
2945 4839 3131 4900 petrae.
3160 4823 3432 4880 Fortassis

1852 4941 2018 4996 etiam
2067 4946 2123 4991 et
2169 4935 2314 4990 circa
2364 4931 2507 4985 luna:
2563 4927 2749 4983 orbem
2810 4921 3127 4977 inusitatum
3177 4914 3432 4987 quiddam

1854 5028 2070 5091 accidit,
2102 5035 2163 5080 ut
2197 5036 2459 5079 conversa
2506 5019 2559 5075 in
2609 5015 2924 5088 sanguinem
2958 5010 3260 5067 videretur,
3297 5006 3433 5061 Tale

1854 5118 2109 5189 quiddam
2143 5115 2307 5187 igitur
2333 5111 2473 5168 sacri
2508 5107 2853 5177 evangelista:
2882 5103 3204 5160 omiserunt.
3238 5096 3433 5153 Verum

1855 5227 1921 5268 ex
1945 5209 2226 5281 prophetia
2259 5207 2393 5262 satis
2425 5205 2485 5259 fit
2515 5199 2794 5265 credibile,
2828 5208 2958 5252 nutu
2995 5192 3301 5250 Conditoris
3330 5205 3434 5244 non

1855 5304 2013 5359 modo
2063 5302 2117 5357 in
2171 5299 2284 5356 sole
2333 5298 2489 5367 signa
2546 5294 2712 5357 facta,
2779 5290 2875 5347 sed
2921 5287 3076 5359 quasi
3125 5284 3435 5339 universam

1856 5412 2036 5453 rerum
2070 5405 2319 5449 naturam
2364 5388 2763 5445 deformitatem
2811 5394 2867 5439 et
2904 5382 3108 5437 vultum
3149 5376 3434 5448 quemdam

1856 5492 2226 5547 inconsuetum
2266 5483 2526 5541 induisse.
2557 5479 2670 5536 Hoc
2697 5476 2942 5547 liquebit,
2973 5474 3080 5528 Deo
3114 5484 3211 5541 per
3239 5468 3433 5523 Isaiam

1856 5584 1938 5639 sic
1988 5582 2282 5651 loquente:
2319 5576 2589 5631 «Induatn
2638 5568 2835 5626 cmlum
2884 5563 3141 5630 tenebris,
3192 5569 3247 5617 et
3277 5555 3436 5629 quasi

194 5770 197 5773 l
252 5787 294 5835 ’π
331 5788 449 5857 ᾼοι.
480 5801 592 5853 ut,
626 5784 679 5847 9.
757 5782 801 5815 "°
839 5780 958 5847 Act.
995 5794 1071 5841 Ix,
1115 5778 1207 5847 l0,
1244 5777 1331 5833 ll.
1408 5776 1450 5808 “
1476 5774 1493 5829 l
1523 5772 1677 5833 loa‘n.
1720 5787 1780 5840 ιι,
1806 5770 1890 5826 15.
1969 5767 2011 5799 δ’
2051 5763 2242 5823 Matth.
2274 5771 2443 5822 xxvu,
2483 5754 2570 5810 5|.
