4068 6542
648 380 754 437 583

1632 378 1693 435 Β.
1734 376 2009 436 οἵαιιιι
2048 375 2514 434 ALEXANDRINI
2552 377 2873 438 ARCHIEP.

3798 388 3895 446 388

644 498 875 555 cilicium
900 512 1094 569 ponam
1128 493 1521 570 operimentum
1552 498 1672 567 ejus
1695 498 1763 555 ⁸⁸.
1795 517 1816 552 s
1851 497 1983 554 Cum
2014 498 2210 554 calum

2320 520 2339 554 ι
2366 501 2477 556 Καὶ
2496 500 2704 556 ἐνδύσω
2721 502 2815 555 τὸν
2834 500 3061 572 οὐρανὸν
3082 502 3293 567 σκότος,
3320 500 3415 558 καὶ
3433 502 3583 577 θήσω
3597 503 3682 569 ὡς
3703 505 3894 562 σάκκον

564 656 567 657 ν
643 590 904 655 nominat,
948 590 1126 645 omnia
1169 605 1291 659 quae
1346 590 1401 646 in
1460 590 1600 647 coelo
1651 600 1799 657 sunt,
1856 590 1996 645 velut
2040 590 2215 646 cilicio

641 680 881 738 tenebris
902 692 1087 752 operta
1119 682 1271 749 dicit,
1302 682 1561 753 lugentia,
1591 692 1645 737 et
1672 683 1927 746 dolentia,
1952 691 2007 736 et
2029 683 2213 738 habitu

642 773 734 828 illo
770 774 923 842 quasi
960 774 1239 843 ejulautia.
1271 773 1437 845 Signa
1488 775 1651 844 igitur
1682 773 1733 827 in
1772 773 1912 829 cmlo
1939 774 2053 829 inec
2095 788 2215 829 esse

640 861 893 918 dixerim.
929 863 987 917 in
1046 872 1189 918 terra
1237 871 1418 917 autem
1463 861 1706 930 sanguis,
1754 861 1895 928 ignis
1943 870 1999 917 et
2048 875 2217 930 vapor

641 954 771 1011 fumi
814 957 1220 1026 signiﬁcaverit,
1260 957 1471 1027 opinor,
1500 955 1807 1011 Iudaeorum
1852 954 2210 1023 calamitates,

638 1045 835 1113 quibus
858 1061 951 1101 eos
984 1047 1178 1101 bellum
1215 1046 1613 1101 atrocissimum
1655 1061 1683 1100 a
1718 1043 1975 1101 Romanis
2007 1045 2212 1100 illatum

639 1136 963 1198 cumulavit;
999 1135 1261 1205 sanguine
1294 1135 1435 1190 enim
1476 1143 1587 1189 tota
1618 1150 1806 1190 eorum
1842 1137 1993 1207 regio
2026 1151 2215 1191 mana-

638 1223 736 1277 vit.
774 1223 966 1280 Debuit
1001 1226 1164 1280 etiam
1204 1242 1325 1281 cum
1363 1226 1584 1282 urbibus
1623 1226 1797 1296 ipsum
1829 1225 1967 1280 fama
2001 1226 2214 1282 celebre

641 1316 895 1385 templum
928 1318 1289 1390 conﬂagrare,
1320 1317 1529 1374 fumare
1559 1321 1748 1373 domus
1775 1331 1840 1373 ex
1872 1318 2121 1374 incendio
2157 1328 2213 1374 et

638 1406 798 1461 dirui.
828 1408 1099 1464 Eventura
1136 1421 1315 1465 autem
1345 1409 1654 1479 huiusmodi
1683 1410 1884 1466 Judaais
1914 1421 2039 1466 ante
2070 1412 2209 1466 diem

640 1513 891 1568 magnum
926 1511 981 1555 et
1014 1501 1380 1569 manifestum,
1433 1517 1539 1573 qua
1578 1501 1834 1558 omnibus
1881 1510 2213 1571 proponetur

641 1590 883 1646 divinum
930 1592 1128 1649 Christi
1174 1594 1432 1658 tribunal,
1463 1593 1645 1649 dantis
1674 1593 1867 1663 cuique
1912 1591 2210 1648 secundum

2314 592 2377 646 τὸ
2409 591 2755 663 περιϐόλαιον
2775 591 2962 646 αὐτοῦ.
2986 611 3005 645 ι
3035 590 3281 665 Οὐρανὸν
3308 593 3367 648 δὲ
3385 595 3513 649 ὅταν
3540 594 3703 666 λέγῃ.
3733 598 3895 653 πάντα

2315 684 2448 754 φησὶ
2480 683 2548 738 τά
2578 685 2635 737 ὲν
2666 682 2882 754 οὐρανῷ
2908 676 3020 737 οἷον
3052 684 3242 755 σάκκῳ
3271 684 3352 756 τῷ
3380 686 3561 740 σκότει
3593 691 3895 759 καταμφιέ-

2316 791 2425 838 σαι,
2459 774 2787 838 πενθοῦντα,
2814 775 2911 829 καὶ
2945 774 3237 843 ἀλγοῦντα,
3282 776 3379 829 καὶ
3402 775 3590 849 ὥσπερ
3614 778 3897 851 διακεκρσρ

2313 863 2449 932 γότα
2475 863 2554 934 τῷ
2584 865 2843 935 σχήματι.
2883 865 3095 935 Σημεῖα
3140 866 3239 936 μὲν
3270 862 3365 920 οὖν
3393 867 3453 919 ὲν
3492 867 3713 939 οὐρανῷ
3752 874 3895 924 ταυτὶ

2315 953 2498 1025 φαίην.
2530 954 2611 1008 Τά
2638 955 2695 1008 δὲ
2726 956 2806 1018 είς
2837 955 2942 1026 γῆν
2972 950 3113 1027 αἷμά
3147 974 3206 1010 τε
3233 958 3329 1011 καὶ
3368 957 3499 1030 πῦρ,
3542 961 3637 1012 καὶ
3674 960 3839 1029 ἀτμὶς
3865 963 3895 1031 ή

2313 1041 2525 1097 καπνοῦ
2585 1042 3039 1113 καταδηλώσειεν,
3089 1040 3244 1115 οἶμαι
3266 1084 3281 1109 ,
3330 1044 3433 1109 τὰς
3477 1045 3585 1099 τῶν
3636 1048 3898 1101 Ἰουδαίων

2316 1132 2622 1204 συμφορὰς,
2652 1133 2721 1196 ἃς
2755 1136 2784 1188 ό
2822 1134 3172 1206 παγχάλεπος
3199 1135 3385 1199 αὐτοῖς
3428 1134 3665 1205 πόλεμος
3706 1136 3899 1190 ἐπετώ-

2316 1239 2527 1293 ρευσεν,
2555 1224 2584 1275 ὁ
2610 1225 2709 1293 τῆς
2736 1220 2825 1277 διὰ
2858 1222 2970 1277 τῶν
3013 1222 3301 1293 Ῥωμαίων
3336 1224 3540 1294 χειρός.
3566 1224 3776 1294 Αῖματι
3799 1225 3899 1294 γάρ

2312 1316 2346 1385 ή
2375 1315 2525 1366 πᾶσα
2577 1314 2676 1383 μὲν
2718 1312 2900 1368 αὐτῶν
2947 1315 3337 1385 κατερῤαίνετο
3379 1313 3552 1386 χώρα.
3581 1315 3819 1385 Ἔμελλε
3846 1317 3897 1369 δὲ

2311 1404 2446 1476 ὁμοῦ
2485 1407 2606 1467 ταῖς
2650 1404 2841 1457 πόλεσι
2886 1404 2982 1458 καὶ
3024 1405 3189 1469 αὐτὸς
3230 1408 3260 1459 ὁ
3298 1406 3584 1477 διαὸόητος
3626 1406 3899 1475 κατάπερ..

2311 1494 2553 1564 πρασθαι
2574 1493 2730 1558 νεὼς,
2753 1490 2893 1547 οἶκοί
2917 1510 2977 1547 τε
3005 1493 3370 1559 καπνίζεσθαι
3396 1494 3894 1565 κατασεσεισμένοι.

2313 1583 2437 1641 Ὅτι
2474 1586 2531 1639 δὲ
2562 1586 2657 1639 καὶ
2692 1586 2799 1656 πρὸ
2852 1585 2951 1656 τῆς
2988 1586 3205 1659 ἡμέρας
3252 1588 3351 1658 τῆς
3382 1587 3625 1657 μεγάλης
3665 1587 3765 1638 καὶ
3792 1588 3891 1639 επι-

639 1697 800 1749 opera
843 1697 939 1738 sua
962 1682 1028 1750 ⁸⁸,
1057 1685 1293 1740 ostendit
1332 1700 1453 1739 cum
1502 1684 1673 1739 dicit:
1705 1701 1724 1735 ι
1750 1682 2073 1754 Priusquam
2117 1698 2206 1738 ve-

2311 1674 2535 1745 φανοῦς,
2566 1675 2689 1729 καθ’
2732 1677 2801 1747 ήν
2835 1676 3010 1730 ἅπασι
3051 1677 3408 1748 προκείσεται
3440 1677 3501 1731 τὸ
3530 1677 3677 1730 θεῖον
3731 1676 3895 1747 βῆμα,

641 1774 751 1824 niat
784 1774 895 1828 dies
928 1774 1137 1831 Domini
1176 1792 1405 1847 magnus
1433 1785 1487 1832 et
1512 1776 1829 1833 manifestus
1851 1775 1950 1830 ⁸⁸.»
1989 1777 2070 1831 Ad
2097 1775 2211 1831 haec

2311 1766 2549 1840 Χριστοῦ
2593 1767 2826 1832 διδόντος
2874 1768 3094 1838 ἑκάστῳ
3130 1768 3275 1823 κατὰ
3314 1769 3383 1822 τά
3425 1769 3564 1840 ἔργα
3607 1768 3801 1833 αὐτοῦ,
3836 1771 3897 1821 τὰ

637 1859 930 1914 notandum
982 1862 1165 1930 ipsum
1208 1862 1539 1918 Salvatorem
1596 1873 1838 1919 nostrum
1904 1865 2209 1934 interroga-

2310 1860 2488 1915 τοιάδε
2513 1861 2627 1924 τοῖς
2669 1859 2943 1924 Ἰουδαίοις
2982 1859 3358 1931 συμϐήσεται,
3395 1860 3802 1931 διαμεμήνυκεν
3827 1860 3895 1913 εί-

639 1958 749 2002 tum
774 1967 803 2003 a
827 1954 1028 2007 sanctis
1054 1953 1310 2023 apostolis
1344 1955 1409 2008 de
1435 1957 1901 2012 consummatione
1927 1956 2084 2028 231
2108 1972 2208 2012 saa-

2311 1952 2429 2006 πών
2458 1969 2472 1983 ο
2509 1969 2529 2003 ι
2557 1951 2696 2024 Πρὶν
2744 1949 2921 2005 ἐλθεῖν
2967 1950 3068 2020 τὴν
3110 1950 3324 2022 ἡμέραν
3367 1950 3468 2020 τὴν
3523 1949 3773 2020 μεγάλην
3815 1950 3896 2003 καὶ

637 2041 742 2095 culi
792 2052 848 2097 et
876 2047 1155 2102 eversione
1180 2047 1698 2120 Hierosolymorum,
1724 2049 2006 2105 miscuisse
2031 2049 2206 2120 signa,

2311 2043 2604 2114 ἐπιφανῆ.»
2634 2041 2977 2114 Σημειωτέον
2999 2042 3057 2096 δὲ
3088 2042 3227 2114 πρὸς
3254 2041 3590 2109 τούτοις,ὃτι
3618 2044 3716 2096 καὶ
3748 2042 3899 2107 αὐτὸς

635 2142 696 2187 ut
725 2134 989 2193 incertum
1032 2139 1106 2194 ita
1138 2139 1340 2197 faceret
1366 2140 1615 2209 forsitan,
1649 2156 1771 2211 qua:
1806 2140 2022 2211 quando
2050 2156 2211 2197 even-

2312 2136 2341 2188 ὁ
2368 2132 2572 2205 Κύριος
2597 2133 2753 2204 ήμῶν
2780 2132 3134 2203 ἐρωτώμενος
3161 2132 3316 2204 παρά
3342 2132 3452 2187 τῶν
3476 2134 3650 2203 ἁγίων
3678 2133 3896 2187 ἀποστό-

637 2233 753 2280 tura
780 2225 973 2283 forent.

2316 2227 2423 2280 λων
2449 2226 2519 2280 τὰ
2551 2226 2681 2297 περὶ
2709 2227 2811 2297 τῆς
2838 2226 3153 2291 συντελείας
3179 2225 3274 2280 τοῦ
3306 2227 3523 2291 αἰῶνος,
3549 2229 3645 2282 καὶ
3676 2229 3751 2282 τὰ
3780 2232 3897 2300 περὶ

633 2315 732 2387 τῆς
765 2318 874 2372 τῶν
921 2322 1306 2395 Ἰεροσολυμων
1374 2326 1789 2399 καταστροφῆς,
1837 2323 1989 2397 ἔμιξε
2032 2323 2100 2378 τά
2148 2322 2369 2395 σημεῖα,
2425 2321 2500 2385 ὡς
2539 2320 2681 2391 τάχα
2723 2337 2825 2372 που
2868 2320 2964 2373 κα)⁸
3027 2318 3339 2388 ἀγνοεῖσθαι
3381 2318 3589 2385 λοιπὸν,
3670 2322 3803 2374 ποῖα
3840 2319 3898 2391 δὴ

634 2408 765 2463 πότε
796 2428 860 2464 συ
868 2411 977 2483 μὸή
986 2430 1158 2468 σεται.

707 2504 877 2558 Vens.
919 2505 1010 2561 32.
1058 2504 1124 2559 Et
1163 2506 1309 2562 erit:
1345 2507 1530 2565 Omnis
1556 2509 1850 2579 quicunque
1900 2506 2212 2564 iuvat-atterit

2383 2496 2492 2552 Kal
2537 2495 2709 2551 ἔσται
2733 2512 2748 2526 ⁸
2786 2495 2911 2561 Πᾶς
2940 2495 3008 2562 ὃς
3041 2494 3121 2551 ἂν
3148 2496 3583 2563 ἐπικαλέσηται
3620 2499 3691 2553 τὸ
3723 2500 3898 2571 ὄνομα

634 2610 821 2649 nomen
860 2594 1092 2661 Domini,
1137 2600 1312 2652 salvus
1337 2601 1468 2663 erit;
1506 2601 1628 2669 quia
1669 2601 1723 2653 in
1756 2610 1929 2654 monte
1977 2599 2128 2665 Sion,
2166 2612 2212 2654 et

2310 2589 2552 2656 Κυρίου,
2581 2586 2919 2654 σωθήσεται
2944 2604 2958 2617 ο
2983 2587 3073 2641 ὅτι
3108 2587 3178 2640 ἐν
3221 2587 3302 2652 τῷ
3344 2587 3468 2657 ὄρει
3505 2588 3679 2655 Σιὼν,
3712 2591 3813 2646 καὶ
3835 2593 3898 2646 ἐν

633 2685 687 2736 in
730 2682 1028 2739 Jerusalem
1062 2688 1164 2740 erit
1210 2691 1468 2751 salvatus,
1507 2692 1640 2743 sicut
1676 2690 1810 2744 dixit
1840 2690 2130 2756 Dominus;
2168 2701 2212 2746 et

2320 2677 2719 2749 Ἰερουσαλὴμ
2738 2679 2911 2734 ἔσται
2941 2681 3413 2751 ἁνασωζόμενος,
3440 2684 3647 2738 καθότι
3679 2681 3847 2741 εἶπεν
3866 2691 3897 2743 ὀ

632 2779 1051 2847 euangelizantes
1084 2795 1213 2848 quos
1239 2778 1490 2836 Dominus
1517 2784 1738 2835 vocavit.

2311 2772 2549 2840 Κύριος,
2585 2770 2681 2824 καί
2723 2768 3239 2841 εὐαγγελιζόμενοι
3278 2771 3386 2839 οὓς
3418 2775 3452 2827 ό
3478 2775 3702 2844 Κύριος
3722 2790 3897 2847 προσ-

2312 2861 2620 2915 κέκληται.

2312 2877 2620 2929 κεκληται.

705 2949 967 3008 XXXVII.
1015 2952 1246 3010 Omnino
1282 2955 1446 3027 igitur
1472 2966 1527 3012 et
1562 2956 1720 3027 plane
1752 2964 1974 3028 propter
1994 2955 2207 3013 Judaeu-

2381 2954 2504 3008 AZ’.
2550 2952 2810 3008 Ἕσεσθαι
2847 2954 2946 3025 μὲν
2991 2948 3088 3007 οῦν
3136 2953 3318 3026 πάντη
3342 2972 3403 3008 τε
3434 2957 3529 3010 καὶ
3556 2957 3784 3023 πάντως
3816 2960 3897 3012 ἐπὶ

633 3054 754 3093 rum
798 3041 1004 3095 nefaria
1039 3042 1277 3097 facinora
1327 3045 1379 3099 in
1431 3045 1569 3099 caelo
1608 3055 1663 3101 et
1694 3047 1746 3101 in
1780 3056 1922 3101 terra
1952 3048 2106 3118 signa
2153 3057 2209 3102 et

2311 3048 2432 3110 ταῖς
2474 3044 2583 3100 τῶν
2617 3045 2884 3101 Ἰουδαίων
2932 3047 3301 3119 άνοσιεργίαις
3338 3050 3397 3102 ἐν
3436 3050 3674 3121 οὐρανῷ,
3709 3052 3805 3106 καὶ
3833 3056 3894 3124 γῇ

635 3135 879 3205 prodigia
912 3134 1027 3190 fore
1062 3138 1163 3193 ait.
1201 3137 1564 3196 Nihilominus
1597 3142 1760 3196 etiam
1812 3141 1895 3196 sic
1941 3109 2072 3211 ipsis
2115 3143 2206 3198 Dei

2311 3138 2380 3191 τά
2410 3140 2611 3208 σημεῖά
2649 3156 2804 3211 φησι,
2837 3139 2933 3193 καὶ
2963 3141 3033 3194 τὰ
3065 3109 3292 3211 τέρατα,
3336 3109 3672 3212 Προκεῖσθαί
3704 3161 3769 3213 γε
3803 3109 3900 3218 μήν

634 3224 1053 3295 placabilitatem
1109 3241 1231 3283 esse
1278 3230 1635 3299 propositam,
1687 3230 1917 3288 salutem
1962 3232 2211 3289 videlicet

2312 3230 2407 3284 ml
2458 3230 2630 3295 οὕτως
2678 3231 2864 3296 αὐτοῖς
2911 3232 2981 3286 τὰ
3026 3232 3086 3297 ἐξ
3138 3233 3476 3305 ἡμερότητος
3502 3233 3665 3299 Θεοῦ,
3695 3237 3798 3307 τὴν
3820 3238 3897 3292 διὰ

635 3331 732 3385 per
766 3315 944 3381 fidem,
983 3316 1036 3371 in
1077 3316 1292 3373 Christo
1314 3318 1779 3388 justiticationem,
1808 3322 2005 3395 pignus
2038 3323 2212 3394 Spiri-

638 3417 745 3471 tus,
781 3407 1286 3473 sanctiiicationem,
1325 3424 1475 3479 spem
1513 3411 1662 3482 regni
1693 3412 1975 3479 ctelomm,
2019 3414 2209 3468 remit-

636 3508 783 3554 tente
844 3498 952 3555 Deo
1004 3508 1061 3555 et
1109 3500 1459 3557 obliviscente
1518 3503 1571 3557 in
1628 3504 1903 3561 Christum
1954 3506 2023 3562 ab
2079 3505 2210 3576 ipsis

634 3588 927 3643 commissa
981 3588 1209 3645 scelera.
1257 3589 1453 3647 Petrus
1506 3593 1691 3663 itaque
1734 3605 1956 3650 accusat
2009 3597 2212 3652 acriter

633 3677 939 3733 Judzeorum
977 3681 1250 3751 populum,
1306 3692 1492 3752 aperte
1544 3684 1878 3751 exclamans,
1928 3688 2213 3743 universo.

638 3782 755 3820 rum
784 3768 1119 3823 Salvatorem
1165 3785 1229 3823 ac
1258 3770 1672 3841 Redemptorem
1717 3788 1812 3828 eos
1838 3776 2120 3843 occidisse,
2156 3777 2208 3832 in

638 3856 783 3928 ligno
818 3859 1230 3929 suspendentes,
1265 3872 1317 3915 et
1351 3875 1575 3930 negasse
1605 3861 1863 3918 Sanctum
1899 3874 1952 3919 et
1973 3865 2208 3934 iustum,

636 3960 693 4003 ct
720 3949 942 4019 petiisse
975 3950 1297 4006 homicidam
1330 3950 1517 4006 donari
1548 3953 1649 4008 sibi
1670 3953 1820 4010 ⁸⁸·⁸τ.
1840 3958 2096 4029 Adjungit
2128 3959 2211 4016 his

637 4040 833 4095 deinde
863 4057 878 4094 :
912 4058 932 4091 ι
967 4040 1034 4094 Ει
1077 4055 1221 4095 nunc
1250 4044 1385 4109 scio,
1424 4040 1643 4113 fratres,
1668 4047 1794 4116 quia
1834 4063 1927 4117 per
1957 4050 2213 4119 ignoran—

640 4130 767 4184 tiam
813 4131 1041 4195 fecistis,
1075 4131 1215 4187 sicut
1240 4139 1295 4187 et
1336 4134 1607 4205 principes
1641 4134 1827 4192 vestri.
1863 4136 2210 4195 Poenitemiui

638 4220 828 4290 igitur,
858 4229 913 4273 et
945 4223 1407 4288 convertimini“,
1432 4236 1485 4280 et
1511 4227 1817 4296 baptizetur
1842 4230 2213 4300 unusquisque

638 4321 876 4365 vestrum
926 4311 979 4365 in
1010 4312 1228 4367 nomine
1260 4314 1470 4369 Domini
1504 4315 1651 4382 Jesu,
1683 4326 1737 4373 et
1769 4320 2046 4389 accipietis
2090 4336 2213 4391 gra-

2311 3321 2549 3386 πίστεως
2591 3323 2835 3393 δηλονότι
2871 3324 3169 3395 σωτηρίαν,
3197 3324 3296 3395 τὴν
3341 3324 3400 3378 ὲν
3427 3326 3656 3398 Χριστῷ
3686 3329 3895 3382 δικαεω-

2314 3429 2419 3475 σιν,
2447 3413 2537 3467 τὸν
2565 3415 2866 3487 ἀρραϐῶνα
2891 3414 2987 3469 τοῦ
3010 3416 3351 3487 Πνεύματος,
3372 3416 3466 3469 τὸν
3489 3418 3791 3491 άγιασμδν,
3810 3421 3897 3491 τήν

2310 3503 2504 3558 ἐλπίδα
2552 3505 2654 3575 τῆς
2709 3505 2818 3559 τῶν
2864 3506 3111 3577 οὐρανῶν
3161 3505 3457 3576 βασιλείας,
3509 3510 3897 3579 ἀμνησικάκως

2311 3595 2496 3659 αὐτοῖς
2523 3596 2742 3661 ἀνέντος
2769 3596 2902 3650 Θεοῦ
2934 3599 3029 3651 καὶ
3070 3598 3141 3652 τὰ
3186 3601 3269 3664 είς
3292 3600 3527 3670 Χριστὸν
3557 3603 3731 3673 ὲγκλή
3743 3619 3894 3672 ματα.

2312 3687 2517 3758 Πέτρος
2549 3688 2679 3757 γοῦν
2717 3692 3016 3764 κατῃτιᾶτο
3060 3692 3160 3763 μὲν
3208 3694 3413 3765 σφόδρα
3467 3695 3595 3756 τοὺς
3644 3695 3757 3749 τῶν
3779 3696 3899 3749 ’1ου-

2309 3778 2474 3833 δαίων
2516 3779 2741 3850 δήμους,
2772 3772 3072 3854 διαρρήδην
3101 3786 3516 3857 άνακεκραγὼς,
3553 3787 3632 3851 ὡς
3671 3789 3895 3843 ἀπεκτό-

2310 3888 2433 3925 νασι
2466 3872 2563 3942 μὲν
2596 3871 2976 3944 κρεμάσαντες
3015 3876 3108 3928 ἐπὶ
3150 3876 3309 3943 ξύλου
3339 3876 3429 3930 τὸν
3459 3877 3571 3931 τῶν
3604 3878 3750 3932 ὅλων
3792 3880 3895 3933 Σω-

2309 3961 2455 4033 τῆρα
2483 3962 2577 4015 καὶ
2615 3965 2931 4036 Λυτρωτήν,
2962 3966 3058 4019 καὶ
3088 3968 3398 4038 ἠρνήσαντο
3450 3969 3550 4039 μὲν
3589 3970 3686 4024 τὸν
3732 3970 3894 4036 ἀγιον,

2310 4052 2406 4107 καὶ
2458 4053 2685 4119 δίκαιον,
2727 4055 3000 4127 ἐζήτησαν
3039 4056 3096 4111 δὲ
3140 4059 3310 4130 ἄνδρα
3357 4060 3525 4129 φονέα
3575 4063 3896 4133 χαρισθῆναι

2311 4146 2517 4208 αὐτοῖς.
2553 4147 2871 4218 Προσετίθει
2922 4150 2978 4203 δὲ
3022 4150 3268 4213 τούτοις*
3324 4170 3344 4203 ι
3374 4152 3485 4206 Καὶ
3509 4151 3630 4218 νῦν,
3663 4154 3892 4223 ἀδελφοὶ,

2311 4231 2427 4291 οῖδα
2476 4238 2560 4293 ὅτι
2593 4238 2737 4293 κατὰ
2762 4238 2985 4309 ἄγνοιαν
3018 4236 3292 4313 ἐπράξατε
3332 4243 3523 4316 ὥσπερ
3572 4246 3671 4300 καὶ
3721 4249 3771 4302 oi
3810 4249 3895 4317 ἀρ-

2312 4346 2499 4398 χοντες
2560 4329 2735 4400 ὑμῶν.
2788 4332 3174 4403 Μετανοήσατε
3220 4329 3314 4387 οῦν
3341 4375 3357 4396 ,
3407 4336 3503 4389 καὶ
3550 4337 3895 4409 βαπτισθήτω

640 4399 769 4453 tiam
803 4400 1039 4471 Spiritus
1064 4404 1261 4458 sancti.
1293 4404 1463 4462 Vobis
1491 4409 1634 4462 enim
1666 4417 1749 4465 est
1775 4411 2212 4480 repromissio,et

641 4491 764 4514 ιειεε-
810 4495 1003 4514 ----.-Αε-
1024 4495 1068 4514 Δ..
1192 4496 1232 4514 Λ
1345 4498 1357 4511 ο
1724 4503 1737 4514 .
1838 4503 1852 4514 ι
1973 4505 2005 4514 ,ν
2074 4505 2094 4514 -

2314 4420 2545 4484 ἕκαστος
2576 4399 2731 4490 ὐμῶν
2764 4422 2843 4482 είς
2884 4420 2946 4474 τὸ
2977 4399 3147 4492 ὄνομα
3190 4420 3283 4476 τοῦ
3334 4399 3778 4496 Κυρίουλιησοῦ,
3812 4399 3895 4481 καὶ

640 4491 766 4547 filiis
810 4495 1089 4549 vestris“.
1121 4514 1139 4547 ι
1190 4496 1476 4564 Quocirca.
1519 4503 1790 4569 quamvis,
1837 4503 2033 4575 inquit,
2069 4505 2208 4562 facta

2316 4510 2551 4581 λήψεσθε
2585 4509 2683 4582 τὴν
2710 4511 2917 4582 δωρεὰν
2948 4513 3041 4565 τοῦ
3064 4491 3220 4582 ἁγίου
3252 4491 3603 4586 Πνεῦματος·
3640 4491 3774 4587 ὐμῖν
3798 4517 3896 4587 γάρ

638 4581 749 4637 sint
778 4584 929 4653 signa
961 4595 1015 4639 et
1056 4587 1321 4657 prodigia,
1357 4591 1657 4646 saivabitur
1695 4602 1871 4649 tamen
1904 4596 2212 4668 quicunque

639 4670 925 4728 Dominum
967 4689 1033 4730 ac
1074 4676 1199 4730 caeli
1250 4686 1515 4748 terraeque
1548 4689 1821 4750 potentem
1856 4682 2208 4741 invocaverit.

638 4759 875 4817 Verbum
936 4780 1064 4820 vero
1122 4767 1314 4823 salutis
1370 4770 1423 4823 in
1472 4771 1582 4840 ipsa
1643 4772 2037 4846 Hierosolymo,
2094 4793 2213 4847 qua:

637 4854 813 4926 prima
863 4858 1063 4913 occidit
1111 4858 1421 4927 Dominum,
1464 4866 1879 4934 promulgatum,
1914 4877 1968 4923 et
2012 4870 2085 4924 ita
2118 4886 2215 4941 per

638 4958 829 5001 omnes
872 4956 1059 5017 gentes
1090 4952 1469 5008 circumlatum
1518 4955 1582 5010 iri
1621 4970 1716 5024 per
1750 4968 1968 5014 sanctos
1996 4972 2215 5032 apostoo

640 5035 746 5105 los,
793 5039 939 5095 clare
988 5043 1220 5113 perspici
1270 5060 1336 5100 ex
1388 5045 1493 5101 hoc
1538 5048 1812 5118 prapheta:
1858 5052 2073 5121 possit:
2110 5053 2214 5109 «in

640 5139 826 5187 monte
851 5129 981 5187 Sion
1006 5141 1061 5187 et
1088 5134 1143 5188 in
1175 5134 1468 5192 Jerusalem
1494 5138 1602 5192 erit
1628 5139 1882 5207 salvatus,
1914 5150 1968 5196 et
1995 5157 2211 5198 annun-

644 5219 841 5277 tianles
894 5236 1033 5292 quos
1080 5222 1338 5282 Dominus
1376 5228 1608 5283 vocavit.
1642 5247 1660 5280 ι
1698 5229 1832 5285 Nam
1884 5241 1942 5286 ut
1980 5247 2010 5287 a
2046 5232 2214 5289 Paulo

639 5311 845 5367 dictum
886 5323 1019 5390 est:
1054 5331 1077 5368 ι
1105 5314 1274 5371 Nemo
1303 5318 1470 5373 sumit
1510 5319 1613 5375 sibi
1654 5320 1941 5388 honorem,
1989 5324 2085 5379 sed
2123 5326 2215 5395 qui

645 5412 865 5458 vocatur
904 5418 935 5459 a
979 5404 1092 5461 Deo
1112 5406 1182 5461 '°.
1213 5423 1232 5459 ι
1270 5407 1456 5463 Vocati
1491 5419 1618 5464 sunt
1664 5410 1828 5479 igitur
1854 5427 1975 5467 cum
2008 5414 2216 5470 delectu

641 5507 710 5550 ex
759 5497 1013 5555 omnibus
1071 5499 1213 5556 beati
1270 5500 1553 5572 discipuli,
1616 5517 1715 5559 nec
1763 5514 1953 5575 sponte
2007 5520 2102 5561 sua
2150 5507 2217 5563 ad

716 5694 764 5771 ξξ
790 5695 890 5771 iss.
924 5712 979 5763 ι,
1012 5697 1068 5771 3.
1145 5697 1191 5733 ⁸⁸
1220 5699 1407 5758 Matth.
1439 5717 1550 5770 xw,
1576 5702 1668 5760 57.
1745 5704 1790 5737 ⁸³
1814 5705 1935 5761 Act.
1972 5720 2030 5771 ιι,
2057 5704 2128 5759 20

653 5763 695 5793 ’θ
724 5763 886 5823 llebr.
925 5783 994 5835 ν,
1029 5767 1085 5824 ι.

2318 4602 2455 4655 εἰσιν
2490 4602 2545 4654 αί
2585 4602 2927 4670 ἐπαγγελίαι,
2963 4604 3058 4657 καὶ
3096 4606 3209 4668 τοῖς
3252 4605 3463 4668 τέκνοις
3496 4605 3674 4675 ὐμῶν.
3700 4627 3720 4659 s
3769 4609 3895 4662 υύκ·

2316 4693 2412 4747 οῦν
2442 4692 2546 4747 κᾶν
2580 4694 2629 4747 εί
2654 4693 2882 4760 γένοιτο,
2918 4694 3073 4764 φησὶ,
3108 4696 3330 4765 σημεῖα,
3352 4697 3447 4750 καὶ
3476 4697 3706 4769 τέρατα,
3735 4698 3894 4768 σωθή-

2319 4802 2473 4838 σεται
2506 4785 2613 4847 πᾶς
2643 4784 2701 4847 ὃς
2734 4784 2802 4839 ἂν
2838 4784 3230 4856 ἐπικαλέσηται
3253 4787 3520 4859 δεσπότην
3551 4791 3643 4844 τὸν
3673 4789 3891 4861 οὐρανοῦ

2316 4895 2378 4931 τε
2406 4878 2500 4932 καὶ
2527 4877 2631 4947 γῆς
2662 4877 3019 4947 Κύριον.ὐτι
3051 4878 3108 4932 δὲ
3134 4878 3358 4950 ἔμελλεν
3386 4881 3415 4935 ὁ
3446 4881 3619 4950 Λόγος
3657 4882 3761 4951 τῆς
3800 4899 3893 4935 σω-

2318 4966 2514 5038 τηρίας
2561 4968 2619 5019 ὲν
2665 4967 2803 5037 αὐτῇ
2853 4966 2948 5020 καὶ
2977 4966 3167 5041 πρώτῃ
3192 4968 3593 5042 λαληθήσεσθαι
3616 4974 3686 5043 τῇ
3718 4988 3891 5044 κυριο-

2321 5057 2494 5128 κτόνῳ
2529 5056 2904 5129 Ἰερουσαλὴμ,
2943 5057 3456 5131 περιενεχθήσεσθαι
3502 5061 3561 5116 δὲ
3611 5060 3761 5115 οὕτω
3807 5060 3893 5114 καὶ

2308 5149 2389 5212 είς
2415 5147 2592 5202 πάντα
2620 5147 2691 5203 τά
2712 5147 2840 5220 ἔθνη
2878 5147 2966 5202 διὰ
3006 5149 3114 5202 τῶν
3151 5149 3321 5219 ἁγίων
3368 5151 3706 5215 ἀποστόλων,
3735 5150 3892 5219 σαφὲς

2310 5240 2378 5294 ἂν
2424 5241 2654 5309 γένοιτο,
2681 5239 2776 5294 τοῦ
2832 5243 3119 5314 Προφήτω
3162 5242 3443 5311 λέγοντος’
3495 5244 3626 5296 ιἘν
3666 5244 3746 5314 τῷ
3783 5244 3892 5314 ὄρει

2313 5331 2475 5399 Σιὼν,
2509 5333 2604 5386 καὶ
2643 5336 2701 5389 ὲν
2744 5331 3102 5405 Ἰερουσαλὴμ
3144 5333 3298 5389 ἔσται
3334 5334 3772 5405 άνασωζόμενος,
3805 5332 3895 5386 καὶ

2315 5421 2829 5493 εὐαγγελιζόμενοι,
2872 5421 2967 5486 οὓς
3020 5423 3226 5494 Κύριος
3275 5423 3724 5494 προσκέκληκεν·
3756 5444 3776 5476 s
3822 5424 3891 5487 ὡς

2316 5510 2425 5582 γάρ
2452 5511 2662 5576 Παῦλος
2696 5514 2918 5584 γράφει,
2962 5531 2979 5564 ι
3007 5514 3119 5584 Οὐχ
3164 5514 3354 5568 ἑαυτοῦ
3386 5530 3471 5579 τις
3506 5514 3773 5585 λαμϐάνει

2226 5707 2461 5763 ⁸⁶·⁸⁷Αρ1.
2492 5724 2576 5774 ttt,
2598 5708 2684 5774 15,
2712 5706 2798 5764 Η.
2874 5708 2917 5741 ⁸⁸
2944 5706 3102 5776 lbitl.,
3138 5709 3223 5777 17,
3250 5712 3336 5767 i9.
3413 5710 3457 5744 ”
3480 5712 3601 5769 Act.
3626 5728 3689 5780 tt,
3719 5712 3884 5767 38-59.
