4068 6548
196 403 315 459 383

1098 400 1653 458 COMMENTARIUS
1695 401 1761 458 ΙΝ
1796 400 2062 458 ιοΕιΕιι
2101 401 2550 460 PROPHETAM.

3359 406 3465 461 386

198 519 401 590 τιμὴν,
442 519 557 573 ἀλλ’
578 521 608 575 6
632 518 965 591 καλούμενος
997 519 1104 574 ὑπὸ
1134 518 1229 573 τοῦ
1252 519 1410 574 Θεοῦ.
1438 538 1457 572 ι
1489 520 1795 591 Κέκληνται

1900 522 2254 590 apostolatum
2299 530 2684 577 accesserunt:
2732 520 2870 576 sicut
2901 520 3130 576 stolidus
3155 518 3465 575 Pltarisaeus

196 610 394 663 τοίνυν
439 609 746 679 ἀπολέγδην
791 612 858 664 ἐκ
908 609 1127 665 πάντων
1154 611 1205 663 οί
1237 610 1496 681 μακάριοι
1528 610 1790 682 μαθηταὶ,

198 702 305 754 καὶ
334 702 440 755 οὐκ
467 701 755 773 αὐτόμολοι
778 701 1055 773 παρῆλθον
1085 702 1166 765 είς
1193 699 1518 772 ἀποστολὴν,
1541 701 1794 772 καθάπερ

198 794 233 846 ὸ
259 796 615 866 ἀπόπληκτος
650 797 944 867 Φαρισαῖος
994 796 1225 861 ἐκεῖνος,
1255 796 1421 866 ἡγουν
1466 794 1707 866 νομικὸς,
1734 794 1793 858 ὃς

199 888 324 949 τοῖς
343 886 447 956 τῆς
475 886 775 958 μαθητείας
793 887 1108 958 αὐχήμασιν
1129 886 1320 941 ἐαυτὸν
1336 885 1518 951 ἐνιεὶς,
1538 884 1792 956 προσέθει

200 974 395 1043 λέγων
414 994 429 1007 ·
452 995 475 1028 s
503 976 699 1047 Κύριε,
742 976 1095 1045 ἀκολουθήσω
1118 992 1201 1029 σοι
1228 976 1363 1028 ὅπου
1387 974 1484 1029 ἐάν
1504 975 1740 1045 ἀπέρχῃ.
1772 992 1792 1024 ι

202 1065 487 1140 Ταύτῃτοι
514 1067 608 1119 καὶ
628 1067 657 1119 ό
672 1065 865 1138 Σωτὴρ
881 1064 1321 1137 παρενοχλοῦντά
1335 1082 1393 1119 τε
1414 1065 1558 1134 είκῆ,
1577 1065 1671 1118 καὶ
1690 1063 1800 1117 τῶν

201 1157 587 1228 εὐαγγελικῶν
615 1156 1062 1227 ἐπιτηδευμάτων
1108 1158 1218 1211 οὐδ’
1245 1159 1368 1211 ὅσον
1415 1157 1587 1210 εἰπεῖν
1633 1156 1801 1224 ἐγγὺς

204 1247 500 1313 γεγονότα,
538 1245 845 1317 παρωθεῖτο
888 1246 1061 1314 λέγων
1083 1262 1097 1276 ³
1157 1264 1176 1297 ι
1204 1246 1272 1297 Al
1310 1244 1616 1310 ἀλώπεκες,
1649 1262 1667 1295 ι
1707 1245 1802 1297 καὶ

204 1338 283 1391 τά
309 1336 462 1406 ἑξῆς.
493 1337 616 1399 Τοῖς
640 1353 703 1405 γε
734 1336 843 1408 μὴν
871 1334 1187 1407 ἐπιτηδείως
1215 1334 1429 1407 ἔχουσιν
1456 1335 1535 1397 είς
1564 1334 1797 1387 ἀποστο-

206 1426 311 1498 λὴν
351 1426 625 1496 ἐπεφώνει
648 1426 844 1495 λέγων’
876 1445 895 1479 ι
921 1426 1085 1479 Δεῦτε
1107 1425 1285 1479 ὀπίσω
1310 1442 1435 1496 μου,
1468 1424 1565 1478 καὶ
1588 1425 1799 1495 ποιήσω

207 1520 361 1588 ὑμᾶς
389 1518 644 1588 γενέσθαι
676 1519 849 1583 ἁλιεῖς
880 1517 1201 1589 ἀνθρώπων.
1234 1536 1253 1570 ι
1287 1516 1573 1586 Ματθαῖὀνξ
1598 1532 1663 1585 γε
1694 1514 1799 1587 μὴν

204 1609 273 1674 ἐξ
300 1610 484 1665 αὐτῶν
511 1611 759 1681 ἀνίστησι
785 1610 893 1664 τῶν
916 1614 1017 1681 τῆς
1047 1608 1360 1675 πλεονεξίας
1396 1610 1795 1683 ἐργαστηρίων,

1898 613 2009 677 ille,
2050 612 2163 667 sive
2203 611 2564 682 legisperitus,
2600 611 2693 683 qui
2727 625 2787 667 se
2820 610 3140 683 discipulum
3182 624 3302 667 esse
3327 609 3467 665 velle

1898 701 2156 771 gloriatus
2188 718 2203 755 :
2242 718 2261 752 ι
2293 698 2509 771 Sequar
2541 712 2614 765 te,
2665 718 2685 753 ι
2719 699 2911 769 inquit,
2948 718 2967 752 ι
3007 713 3330 770 quocunque
3356 698 3468 754 ive-

1898 794 1974 849 ris
1992 793 2060 846 ⁸¹.
2093 812 2113 845 ι
2148 792 2325 859 Quare
2355 799 2410 845 et
2436 790 2683 846 Salvator
2725 790 2925 846 frustra
2963 790 3363 853 obturbantem,
3410 798 3469 844 et

1899 901 1928 940 a
1958 885 2149 940 studiis
2175 884 2500 955 evangelicis
2526 884 2946 939 remotissimum
2974 883 3204 952 repellit,
3236 883 3464 938 dicens:

1901 993 1921 1026 ι
1958 973 2177 1043 Vulpes,
2212 991 2231 1024 ι
2258 982 2363 1028 etc.
2392 972 2613 1040 Contra,
2639 975 2705 1028 ad
2728 972 3094 1042 apostolatum
3123 971 3330 1026 idoneis
3356 970 3463 1025 ait:
3520 1004 3523 1007 -

1897 1064 2057 1135 232
2090 1082 2108 1117 ι
2143 1065 2333 1121 Venite
2367 1073 2489 1133 post
2523 1079 2629 1127 me,
2662 1074 2711 1119 et
2741 1063 2937 1119 faciam
2986 1078 3084 1119 vos
3128 1063 3242 1117 ﬁeri
3290 1063 3463 1133 pisca-

1900 1166 2042 1209 tores
2092 1154 2371 1210 hominum
2395 1156 2463 1210 ".
2502 1174 2523 1208 ι
2586 1154 2896 1208 Matthazum
2959 1155 3174 1224 quidem
3225 1154 3294 1210 ab
3354 1153 3467 1222 ipsa

1899 1246 2139 1301 avaritiae
2196 1245 2407 1301 olﬁcina
2453 1247 2691 1310 excitat,
2742 1248 2893 1315 sequi
2940 1245 3222 1317 iubens".
3281 1244 3467 1300 Vocati

1901 1346 2026 1391 sunt
2055 1347 2259 1403 autem,
2283 1336 2556 1393 voluntate
2584 1337 2746 1402 illius,
2792 1347 2849 1392 ut
2872 1348 2990 1393 erat
3022 1348 3468 1403 consentaneum,

1899 1426 2257 1497 potentissimi
2310 1424 2479 1481 futuri
2542 1428 2608 1481 ad
2657 1427 3034 1482 strenuissime
3085 1426 3469 1497 perliciendum

1900 1518 2044 1587 quod
2093 1518 2169 1572 illi
2224 1516 2495 1586 placeret:
2542 1518 2753 1573 tametsi
2796 1518 3095 1588 iniquitatis
3136 1527 3377 1588 repertor
3416 1528 3471 1572 et

1901 1620 2100 1676 parens
2126 1606 2453 1675 proditorem
2486 1621 2552 1661 ex
2582 1622 2646 1661 eo
2674 1606 2898 1676 collegio
2924 1608 3118 1675 rapuit.

206 1704 532 1757 ἀκολουθεῖν
559 1704 893 1758 ἐπιτάττωνο
948 1702 1383 1776 προσκέκληνται
1412 1703 1490 1767 δέ,
1519 1704 1639 1757 κατ’
1693 1702 1827 1756 ίδίαν
1865 1700 2139 1772 βούλησιν,
2167 1699 2354 1772 ὥσπερ
2412 1693 2481 1772 ἦν
2524 1698 2689 1765 είκὸς,
2723 1698 2943 1753 ἔσεσθαι
2983 1697 3343 1752 δυνατώτατοι
3393 1696 3472 1759 είς

204 1811 277 1863 γε
310 1794 375 1847 τὸ
401 1796 789 1865 ἀποπεραίνειν
813 1794 1090 1861 δύνασθαι,
1132 1794 1226 1849 καὶ
1261 1794 1405 1866 μάλα
1431 1792 1695 1847 νεανικῶο·
1723 1793 1785 1846 τὸ
1814 1792 1962 1863 αὐτῷ
1996 1790 2208 1857 δοκοῦν,
2240 1790 2289 1843 εί
2356 1791 2449 1844 καὶ
2478 1791 2694 1863 ἥρπασε
2727 1790 2819 1846 τὸν
2866 1788 3128 1863 προδότην
3150 1790 3180 1843 ό
3201 1789 3299 1858 τῆς
3334 1789 3462 1842 ἀνο-

209 1883 349 1955 μίας
382 1882 633 1956 εὑρετὴς,
663 1883 758 1938 καὶ
793 1884 994 1955 πατήρ.

828 2014 1081 2068 ΚΕΦΑΛ.
1112 2014 1190 2069 Γ’.

284 2128 413 2181 Ὅτι
443 2128 572 2181 ἰδοὺ
609 2127 724 2198 ἐγὼ
757 2128 826 2181 ἐν
853 2129 985 2195 ταῖς
1028 2129 1271 2198 ἡμέραις
1302 2129 1579 2194 δκείναις,
1605 2125 1703 2181 καὶ
1729 2125 1800 2179 ἐν

208 2218 294 2282 τῷ
322 2218 511 2287 καιρῷ
536 2219 763 2285 ἐκείνῳ,
794 2219 941 2273 ὅταν
981 2220 1325 2289 ἐπιστρέψω
1362 2219 1477 2288 τὴν
1504 2220 1800 2289 αἰχμαλω-

206 2312 363 2364 σίαν
391 2311 607 2376 Ἰούδα,
638 2312 738 2366 καὶ
766 2312 1182 2381 Ἰερουσαλὴμ,
1215 2314 1311 2366 καί
1340 2312 1586 2376 συνάξω
1603 2310 1800 2365 πάντα

208 2402 284 2452 τὰ
312 2400 485 2465 ἔθνη,
523 2400 619 2453 καί
663 2400 897 2465 κατάξω
926 2401 1079 2456 αὐτὰ
1110 2406 1196 2469 εις
1228 2402 1343 2471 τὴν
1386 2401 1641 2457 κοιλάδα
1678 2403 1799 2457 Ἰω-

206 2491 441 2557 σαφὰτ,
459 2490 558 2543 καὶ
578 2489 1033 2560 διακριθήσομαι
1057 2493 1209 2560 πρὸς
1230 2491 1453 2559 αὐτοὺς
1475 2491 1619 2555 ἐκεῖ,
1645 2488 1799 2560 ὑπὲρ

206 2582 320 2635 τοῦ
343 2582 504 2637 λαοῦ
522 2600 664 2651 μου,
691 2582 787 2636 καὶ
811 2580 923 2651 τῆς
949 2584 1353 2652 κληρονομίας
1374 2600 1495 2652 μου
1526 2582 1793 2651 Ἰσραὴλ,

207 2672 269 2727 τι
291 2673 719 2741 διεσπάρησαν
758 2675 827 2729 ἐν
855 2674 981 2741 τοῖς
1010 2675 1235 2739 ἔθνεσι,
1265 2674 1362 2728 καὶ
1398 2675 1514 2743 τὴν
1542 2673 1659 2744 γῆν
1676 2692 1797 2744 μου

207 2765 682 2831 arandis-(lano,
712 2766 809 2820 καὶ
833 2766 934 2819 ἐπὶ
962 2766 1070 2821 τὸν
1094 2767 1252 2821 λαόν
1267 2784 1382 2836 μου
1407 2767 1630 2821 ἔϐαλον
1642 2765 1795 2834 κλή-

198 2876 381 2925 ρους,
407 2860 505 2913 καὶ
557 2859 787 2914 ἔδωκαν
833 2860 909 2914 τὰ
948 2859 1233 2928 παιδάρια
1270 2861 1540 2928 πόρναις,
1576 2858 1675 2912 καὶ
1726 2857 1798 2913 τὰ

207 2948 476 3016 κοράσια
508 2948 782 3003 ἐπώλουν
811 2949 943 3003 ἀντὶ
970 2949 1077 3004 τοῦ
1103 2950 1296 3015 οἴνου,
1325 2951 1426 3003 καὶ
1457 2949 1653 3005 ἔπιον.

284 3064 422 3117 AH'.
463 3064 560 3118 Ἐκ
582 3064 679 3135 τῆς
694 3063 930 3135 Ῥοόοάμ
954 3062 1229 3132 βασιλείας
1250 3062 1668 3135 ἀποῤῥαγεισῶν
1687 3062 1799 3117 τῶν

205 3155 347 3209 δέκα
395 3154 597 3221 φυλῶν,
648 3154 742 3207 καὶ
768 3155 1113 3226 διῃρημένων
1157 3152 1325 3224 αὐτῷ,
1349 3156 1445 3208 καὶ
1467 3153 1667 3217 παντὸς
1697 3153 1795 3207 τοῦ

208 3246 438 3317 Ἰσραὴλ
459 3246 538 3308 είς
559 3263 619 3298 τε
650 3245 741 3298 τὸν
764 3246 1023 3317 Ἐφραῖμ,
1042 3244 1241 3299 καὶτὸν
1268 3242 1516 3307 ’1ούδα,οἱ
1538 3245 1798 3315 μακάριοι

2540 2008 2693 2066 CAP.
2734 2008 2819 2065 Ill.

1979 2123 2138 2176 Vsus.
2186 2121 2301 2176 1-3.
2345 2121 2482 2187 Quia
2527 2138 2643 2177 ecce
2679 2139 2771 2192 ego
2820 2124 2874 2177 in
2924 2124 3102 2177 diebus
3146 2124 3272 2189 illis,
3321 2138 3369 2179 et
3419 2127 3473 2180 in

1902 2220 2131 2279 tempore
2181 2212 2294 2280 illo,
2333 2213 2542 2282 quando
2587 2222 2887 2267 convertere
2930 2217 3281 2282 captivitatem
3327 2216 3473 2271 Juda

1901 2312 1953 2357 et
1985 2302 2317 2369 Jerusalem;
2357 2316 2402 2357 et
2435 2305 2759 2375 congregabo
2788 2321 2963 2359 omnes
2998 2317 3193 2375 gentes,
3231 2318 3281 2362 et
3306 2309 3477 2361 dedu-

1902 2409 2018 2447 cam
2044 2410 2131 2446 eas
2156 2396 2210 2447 in
2236 2394 2423 2447 vallem
2451 2393 2733 2463 Josaphat,
2758 2405 2806 2449 et
2836 2399 3134 2465 disceptabo
3167 2414 3285 2451 cum
3307 2402 3381 2453 eis
3403 2401 3474 2453 ibi

1902 2501 1997 2553 pro
2026 2485 2221 2553 populo
2246 2502 2381 2547 meo,
2411 2495 2459 2538 et
2491 2485 2798 2539 haereditate
2831 2504 2946 2541 mea
2984 2487 3174 2553 Israel,
3205 2506 3331 2559 quos
3361 2492 3477 2545 dis-

1901 2588 2169 2645 perserunt
2209 2577 2264 2631 in
2302 2577 2559 2646 gentibus,
2599 2588 2646 2629 et
2678 2587 2869 2630 terram
2905 2595 3071 2632 meam
3095 2582 3403 2645 diviserunt,
3426 2593 3474 2636 et

1901 2684 2059 2735 super
2084 2668 2333 2735 populum
2364 2684 2534 2721 meum
2564 2668 2815 2722 miserunt
2856 2681 3042 2737 sortes,
3072 2679 3122 2724 et
3162 2688 3348 2739 pueros
3379 2674 3476 2727 de-

1900 2758 2094 2812 derunt
2138 2758 2520 2821 meretricibus,
2559 2768 2610 2813 et
2644 2760 2850 2828 puellas
2892 2760 3176 2815 vendebant
3216 2779 3310 2833 pro
3336 2766 3472 2828 vino,

1901 2858 1950 2904 et
1979 2849 2239 2903 bibebant.

1974 3049 2261 3107 XXXVIII.
2310 3050 2359 3106 Α
2388 3067 2556 3124 regno
2594 3049 2834 3109 Roboam
2870 3053 3073 3110 avulsis
3104 3058 3476 3126 separatisque

1903 3142 2089 3198 decem
2123 3142 2391 3206 tribubus,
2427 3152 2480 3196 et
2510 3142 2758 3197 universo
2798 3142 2997 3198 Israele
3045 3143 3098 3198 in
3131 3145 3388 3213 Ephraim
3420 3158 3477 3201 et

1902 3229 2038 3287 Juda
2084 3230 2346 3297 diviso“,
2381 3232 2525 3287 beati
2575 3232 2847 3302 praphetat
2896 3234 3241 3290 exstiterunt.
3281 3233 3473 3292 Locuti

208 3340 475 3408 γεγόνασι
489 3340 783 3409 προφῆται.
797 3338 1138 3407 Λελαλήκασι
1152 3337 1209 3391 δὲ
1229 3336 1296 3391 τά
1316 3338 1443 3409 παρ’
1463 3334 1798 3407 ἀμφοῖν,τῆς

1902 3332 2029 3380 sunt
2078 3332 2256 3378 autem
2321 3337 2442 3392 qua
2498 3324 2566 3378 ad
2627 3332 2886 3394 utrosque
2942 3325 3313 3393 pertinerent,
3359 3334 3472 3382 tota

208 3431 343 3501 ὅλης
362 3430 551 3493 αὐτοῖς
584 3429 919 3502 προφητείας
942 3428 1373 3501 παρεκτεινούσης
1405 3429 1566 3499 μέχρι
1592 3426 1802 3499 καιρῶν

208 3522 312 3592 τῆς
346 3522 746 3593 αἰχμαλωσίας.
787 3521 943 3576 Μετά
980 3521 1036 3574 δέ
1080 3539 1144 3591 γε
1186 3520 1287 3593 τὴν
1317 3523 1375 3574 ἐν
1408 3519 1803 3591 Ἰεροσολύμοις

213 3614 431 3667 ἐκεῖθεν
460 3612 827 3684 ὑποστροφὴν,
858 3614 955 3667 καὶ
987 3613 1086 3680 τὴν
1117 3610 1493 3683 γεγενημένην
1513 3610 1653 3664 κατά
1676 3627 1802 3664 και-

214 3706 347 3775 ροὺς
399 3705 676 3768 ἐπάνοδον,
711 3705 1123 3776 προεφήτευσαν
1155 3704 1248 3758 ἐπὶ
1291 3703 1383 3757 τὸν
1419 3701 1637 3773 Ἰσραὴλ
1672 3701 1802 3770 Ἀγ-

210 3797 372 3862 γαῖός
418 3813 480 3849 τε
528 3796 621 3850 καὶ
668 3797 965 3867 Ζαχαρίας,
994 3796 1087 3849 καὶ
1122 3795 1221 3866 μέν
1252 3812 1334 3849 τοι
1365 3793 1460 3848 καὶ
1494 3793 1798 3864 Μαλαχίας.

210 3888 470 3943 φαίνεται
499 3888 553 3942 δέ
582 3887 676 3942 καὶ
700 3890 729 3942 6
756 3888 992 3959 Ἔσδρας
1014 3888 1169 3957 ὀλίγα
1197 3887 1332 3941 ἄττα
1360 3886 1467 3940 τῶν
1488 3886 1609 3940 κατ’
1626 3887 1801 3939 ἐκεῖνο

212 3980 448 4049 καιρῶν,
486 3980 581 4033 καὶ
608 3980 667 4033 ἐν
688 3980 804 4044 τοῖς
835 3979 1001 4033 αὐτοῦ
1034 3979 1246 4050 χρόνοις
1266 3977 1649 4047 γεγενημένων
1670 3993 1803 4046 προ-

212 4071 543 4144 αγορεύσας.
578 4071 867 4143 Μέμνηται
893 4070 1073 4125 τοίνυν
1110 4071 1219 4124 τῶν
1242 4068 1623 4139 προκειμένων
1651 4070 1679 4121 6
1710 4066 1800 4121 λό-

209 4179 309 4230 γος
342 4161 673 4234 πράγματος
708 4162 809 4215 οὐκ
854 4161 913 4214 ἐν
961 4163 1175 4233 καιροῖς
1220 4158 1517 4232 προφητῶν
1552 4158 1661 4212 τῶν
1698 4158 1800 4229 ἀρ-

210 4251 388 4320 χαίων
434 4251 828 4321 γεγενημένου,
871 4250 985 4304 ἀλλ’
1031 4251 1117 4304 ὃτι
1164 4250 1229 4322 δὴ
1277 4248 1427 4321 μόλις
1469 4248 1653 4319 Κύρου
1708 4247 1801 4301 τὸν

224 4341 445 4414 Ἰσραὴλ
474 4342 694 4404 ἀνέντος
720 4342 1095 4412 ὑπενόστησαν
1125 4343 1205 4406 είς
1248 4340 1349 4411 τὴν
1374 4339 1651 4394 Ἰουδαίαν.
1686 4338 1800 4392 Καὶ

208 4430 265 4482 τί
292 4431 356 4483 τὸ
391 4430 579 4500 χρῆμα
611 4430 673 4483 τὸ
698 4429 1074 4493 ἀξιάκουστον,
1105 4431 1156 4484 τί
1193 4430 1251 4483 δὲ
1284 4428 1348 4500 δὴ
1377 4428 1631 4498 γενέσθαι
1658 4446 1800 4500 συμ-

211 4521 471 4591 6έ6ηκεν,
506 4521 740 4592 ἐροῦμεν
775 4523 849 4585 ὡς
883 4523 982 4587 ἔνι,
1004 4522 1103 4594 τὴν
1128 4520 1222 4574 τοῦ
1244 4520 1447 4593 Ἕσδρα
1478 4521 1800 4592 συγγραφὴν

213 4612 541 4683 κομίζοντες
564 4614 643 4676 εἱς
672 4613 964 4686 ἀπόδειξιν.
1006 4612 1215 4667 Οὐκοῦν
1260 4611 1557 4684 ἐπειδήπερ
1591 4612 1671 4675 είς
1699 4612 1800 4683 τὴν

224 4702 492 4754 Ἰουδαίαν
516 4702 815 4772 ἐπανῆλθον
840 4705 984 4775 ἄρτι,
1017 4704 1109 4759 καὶ
1136 4704 1381 4775 δασμῶν,
1411 4703 1504 4756 καὶ
1544 4703 1654 4756 τῶν
1695 4705 1799 4774 τῆς

1900 3430 2087 3470 eorum
2135 3414 2415 3484 prophetia
2464 3427 2523 3469 se
2554 3415 2880 3469 extendente
2909 3429 3080 3484 usque
3124 3416 3192 3471 ad
3231 3425 3472 3486 tempora

1901 3505 2247 3575 captivitatis.
2272 3504 2398 3559 Post
2422 3504 2783 3559 reversionem
2808 3504 3000 3559 deinde
3024 3504 3475 3577 Hierosolymam,

1901 3606 1958 3651 et
1989 3604 2301 3663 susceptum
2347 3594 2571 3649 deﬁnito
2607 3604 2847 3664 tempore
2880 3594 3131 3659 teditnm,
3178 3598 3472 3667 propheta-

1902 3697 2031 3744 runt
2065 3690 2132 3743 ad
2159 3685 2323 3742 Israel
2365 3688 2617 3756 Aggmus,
2642 3694 2695 3740 et
2727 3685 3041 3753 Zacharias,
3075 3687 3475 3760 Malacbiasque

1901 3779 2174 3835 similiter.
2208 3776 2431 3832 Videtur
2461 3777 2586 3830 item
2625 3773 2825 3831 Esdras
2861 3791 3033 3847 pauca
3068 3779 3311 3847 quaedam
3347 3780 3473 3846 illis,

1902 3878 2065 3939 atque
2109 3867 2245 3922 adeo
2299 3866 2413 3921 suis
2464 3865 2799 3936 temporibus
2842 3866 3078 3937 gerenda
3126 3869 3470 3939 praedixisse.

1901 3959 2145 4015 Meminit
2176 3972 2307 4027 ergo
2336 3958 2643 4027 propositus
2683 3973 2865 4014 sermo
2904 3958 2980 4013 rei
3024 3973 3147 4029 quae
3184 3975 3289 4016 non
3314 3970 3474 4017 natale

1898 4062 2143 4107 veterum
2197 4050 2581 4120 prophetarum
2628 4050 2876 4118 contigit,
2925 4050 3021 4107 sed
3074 4052 3289 4120 quando
3332 4052 3475 4125 Cyto

1903 4143 2117 4196 tandem
2164 4139 2492 4205 dimittente,
2534 4132 2587 4193 in
2619 4136 2858 4193 Juda'am
2887 4139 3144 4196 Israelita:
3176 4142 3473 4199 redierunt.

1902 4233 1977 4287 De
2000 4246 2060 4287 re
2086 4230 2177 4285 illa
2201 4232 2385 4285 auditu
2415 4231 2599 4301 digna,
2625 4239 2679 4285 et
2702 4231 2832 4301 quid
2854 4229 3053 4286 factum
3082 4231 3174 4295 sit,
3205 4234 3474 4301 dicemus,

1900 4324 2042 4393 quod
2080 4324 2214 4379 satis
2249 4323 2373 4387 erit,
2406 4331 2462 4377 et
2500 4338 2566 4378 ex
2596 4323 2823 4378 historia
2852 4323 2921 4379 ab
2956 4322 3125 4378 Esdra
3156 4327 3474 4395 conscripta

1901 4415 2267 4469 narrationem
2319 4422 2585 4484 petemus.
2644 4413 2830 4482 Itaque
2874 4416 3100 4470 reduces
3138 4428 3168 4468 e
3214 4418 3475 4471 servitute

1902 4520 2074 4575 nuper
2108 4506 2161 4559 in
2190 4506 2427 4561 Judaeum
2465 4505 2738 4568 Israelitte,
2765 4505 3101 4576 vectigalium
3139 4522 3202 4560 ac
3233 4510 3471 4562 servitu-

1906 4596 1974 4651 tis
2004 4596 2260 4650 oueribus
2291 4596 2660 4664 molestiisque
2690 4596 2921 4660 liberati,
2958 4596 3178 4653 desidia:
3207 4612 3265 4654 se
3299 4602 3469 4654 tradi-

1833 4666 1878 4722 Ῑ)
1905 4690 2118 4754 derunt,
2159 4702 2258 4742 nec
2303 4686 2412 4756 jam
2462 4701 2558 4755 per
2602 4685 2817 4758 Moysen
2858 4688 3063 4742 sancita
3110 4688 3295 4745 sedulo
3342 4706 3473 4746 con-

209 4794 459 4858 δουλείας
492 4795 929 4860 ἀναπνεύσαντες
963 4797 1140 4852 πόνων
1178 4798 1228 4849 oi
1266 4795 1327 4861 ἐξ
1349 4794 1586 4865 Ἰσραὴλ,
1616 4795 1709 4849 ἐπὶ
1738 4797 1798 4850 τὸ

1902 4786 2215 4849 stanterque
2241 4778 2494 4833 colebant
2524 4788 2577 4832 et
2605 4779 3022 4833 conservabant.
3056 4778 3190 4833 Cum
3212 4781 3355 4834 enim
3386 4782 3473 4837 lex

212 4885 463 4955 ῥᾴθυμον
510 4885 829 4953 ἐτράποντο,
862 4886 956 4938 καὶ
983 4880 1122 4957 ἦσαν
1151 4885 1252 4940 οὐκ
1278 4884 1542 4953 ἀσφαλεῖς
1573 4883 1679 4939 τῶν
1709 4884 1797 4939 διὰ

1903 4878 2107 4925 vetaret
2122 4869 2542 4939 alienigenarum
2560 4867 2721 4938 233
2738 4868 2874 4923 ﬁlias
2889 4869 3090 4925 ducere
3110 4909 3126 4935 ,
3144 4870 3216 4923 illi
3233 4872 3474 4927 divinum

207 4977 460 5041 Μωσέως
504 4976 946 5048 τεθεσπισμένων
996 4977 1363 5049 ἐπιτηδευταὶ,
1395 4976 1488 5029 καὶ
1531 4976 1789 5044 φύλακες.

1899 4963 2173 5019 oraculum
2229 4961 2633 5032 posthabentes,
2685 4976 2808 5015 cum
2854 4961 3115 5016 uxoribus
3158 4961 3477 5035 alienigenis

222 5068 660 5137 'Anocpdoxovroc
690 5068 800 5139 γάρ
827 5068 919 5122 τοῦ
946 5069 1134 5140 νόμου,
1167 5068 1365 5141 χρῆναί
1386 5085 1536 5133 τινας
1560 5070 1679 5132 ταῖς
1704 5067 1798 5121 θυ-

1907 5054 2355 5111 consuescebant.
2413 5050 2467 5106 Id
2507 5052 2787 5120 agerrinte
2838 5050 3017 5107 ferens
3065 5052 3286 5118 Esdras,
3327 5065 3476 5111 veste

208 5156 453 5229 ympdat
501 5155 609 5210 τῶν
661 5156 973 5226 ἀλλοφύλων
1024 5156 1554 5225 συγωτευνάζεσθαι
1583 5197 1597 5222 ,
1644 5156 1798 5226 ὀλίγα

1905 5148 2177 5203 conscissa
2210 5144 2487 5202 lsraelitas
2522 5142 2738 5213 lugebat
2759 5143 2826 5207 ",
2851 5152 2906 5197 ct
2939 5153 2999 5199 ut
3040 5145 3109 5199 ab
3155 5144 3476 5216 alienigenis

208 5246 602 5318 φροντίσαντες
637 5248 749 5303 τῶν
787 5247 970 5302 θεόθεν
1002 5248 1185 5312 αὐτοῖς
1226 5247 1797 5318 κεχρησμῳδημένων,

205 5337 524 5408 ἀλλοτρίαις
536 5338 785 5406 γυναιξὶν
812 5338 1194 5409 ἐπεμίσγοντο.
1211 5338 1323 5391 Καὶ
1348 5338 1482 5410 πρὸς
1501 5336 1660 5391 τοῦτο
1681 5337 1802 5392 λίαν

202 5427 634 5501 δεδυσφορηκὼς
656 5430 915 5503 Ἔσδρας,
938 5430 1372 5502 περιερρήγνυτο
1401 5430 1499 5499 μὲν
1518 5429 1618 5499 τὴν
1639 5427 1802 5499 ἐσθῆ-

202 5537 296 5584 τα,
332 5519 758 5591 κατωλοφύρετο
788 5521 846 5574 δέ
876 5520 1001 5585 τοὺς
1030 5522 1088 5588 ἐξ
1109 5520 1348 5591 Ἰσραὴλ,
1382 5518 1477 5572 καὶ
1510 5519 1620 5573 τῶν
1644 5518 1799 5573 ἀλλο-

204 5613 399 5682 φύλων
441 5611 720 5681 γυναικῶν
767 5612 1203 5669 ἀπαλλάττεσθαι
1252 5610 1571 5683 παρεκάλει.
1622 5612 1689 5666 Ol
1746 5611 1797 5666 se

284 5731 326 5759 "
372 5726 566 5781 Matth.
609 5738 740 5792 "Ill,
784 5729 870 5785 l9.
982 5730 1027 5763 ”
1065 5729 1253 5784 Matth.
1296 5743 1368 5793 ιν,
1418 5726 1501 5783 19.

204 5800 255 5834 ⁸⁸
291 5799 493 5857 lEsdr.
537 5814 592 5861 ι,
622 5797 705 5852 ll.

1610 5726 1654 5759 "
1694 5725 1885 5783 Matth.
1929 5741 1979 5780 Ix
2023 5763 2036 5788 ,
2070 5722 2103 5778 9

1903 5246 2289 5307 separarentur
2326 5233 2649 5290 obsecrabat
2669 5232 2736 5287 ⁸⁸.
2782 5232 2935 5299 Quod
2984 5232 3091 5290 illis
3124 5243 3208 5289 est
3252 5248 3477 5304 persua-

1898 5345 2045 5393 sum,
2079 5327 2421 5389 timentibus,
2450 5325 2636 5390 credo,
2686 5325 2822 5379 irant
2859 5324 3099 5379 divinam
3136 5334 3191 5381 et
3236 5326 3474 5381 futuram

1899 5421 2286 5484 calamitatem,
2356 5419 2457 5473 nisi
2512 5418 2774 5472 honorem
2827 5415 2931 5488 legi
2982 5418 3281 5483 haberent,
3344 5432 3469 5472 cum

1897 5512 2196 5583 pra-sertim
2243 5508 2577 5580 experientia
2630 5506 2895 5578 majorum
2941 5507 3023 5563 eis
3061 5522 3160 5578 pro
3212 5507 3470 5578 magistra

1897 5612 2061 5660 esset.
2090 5602 2381 5672 Postquam
2403 5598 2681 5670 repudiata
2718 5598 3154 5655 muliercularum
3187 5597 3476 5651 multitudo

2247 5721 2293 5753 "
2335 5717 2397 5772 Ill
2441 5717 2575 5789 Bcg.
2610 5733 2685 5785 st,
2721 5716 2811 5772 5|.
2954 5716 3000 5751 "
3038 5713 3059 5769 ι
3103 5716 3256 5770 Esdr.
3298 5731 3375 5782 ix,
3413 5716 3471 5781 3,
