4068 6546
624 439 723 495 387

1615 434 1677 493 S.
1720 425 1997 491 CYRILLI
2040 424 2511 487 ALEXANDRINI
2551 426 2872 488 AR‘CHIEP.

3785 414 3887 472 388

626 556 996 626 Hierosolyma
1046 554 1319 625 discessit,
1389 566 1501 612 tum
1554 555 1795 612 finitima:
1844 566 2030 625 gentes
2093 570 2199 608 non

2305 553 2461 607 τοῦτο
2492 554 2624 623 δρᾷν
2656 553 3021 614 ἀνεπείθοντο,
3051 550 3281 615 δεδιότες
3309 545 3449 619 τάχα
3475 562 3579 599 που
3608 540 3680 595 τά
3717 537 3781 605 ἐξ
3808 538 3889 626 ὀρ-

624 649 898 703 immerito
951 650 1289 704 exacerbataa
1332 658 1494 712 sunt,
1549 658 1604 703 et
1659 648 1787 717 ipsa:
1826 661 2038 716 quoque
2091 662 2196 699 non

625 737 885 790 mediocri
941 735 1147 791 affectae
1198 735 1416 805 injuria.
1466 734 1533 790 Et
1586 735 1714 789 illud
1762 735 1978 803 insuper
2014 742 2198 789 secum

627 824 855 882 fortasse
903 830 1236 897 cogitabant.
1298 826 1563 893 Quoniam
1615 828 1759 881 enim
1817 816 2200 897 Hierosolyma:

628 935 811 973 muros
861 918 1119 973 Israelita:
1159 920 1553 985 instaurabant,
1591 930 1644 972 et
1674 919 1912 973 divinum
1944 920 2197 986 templum

629 1007 957 1062 rezeditiCare
996 1009 1328 1071 nitebantur.
1357 1009 1570 1063 invidia:
1602 1008 1721 1064 telis
1758 1008 1950 1072 saucii,
1981 1018 2034 1062 et
2077 1008 2198 1063 irati

627 1099 830 1163 hostes,
865 1114 998 1167 Opus
1056 1092 1316 1166 impedire
1372 1092 1912 1168 aggrediebantur",
1959 1098 2110 1164 illud,
2142 1111 2199 1153 ιιι

628 1198 710 1242 est
759 1187 1076 1255 verisimile,
1129 1191 1327 1244 animis
1370 1191 1665 1258 volventes,
1714 1191 1756 1244 si
1796 1184 1963 1245 Israel
2013 1192 2197 1260 pristi-

630 1294 754 1332 nam
792 1280 1087 1348 poteutiam
1122 1292 1490 1349 reCUperaret,
1537 1282 1804 1352 urbesque
1842 1282 2014 1337 muris
2052 1298 2202 1338 com-

629 1370 866 1423 munitas
914 1370 1239 1437 possideret,
1294 1380 1348 1425 et
1383 1372 1759 1427 universorum
1806 1374 1970 1429 Deum
2016 1374 2202 1430 defen-

630 1474 813 1513 sorem
872 1461 1129 1527 haberet,
1192 1461 1281 1529 qui
1344 1463 1395 1515 in
1447 1464 1682 1534 templo,
1744 1473 1805 1519 ut
1869 1467 2197 1535 antiquitus,

631 1543 935 1609 coleretur,
994 1560 1206 1600 rursum
1265 1549 1702 1617 dominaturum,
1753 1560 1809 1607 et
1852 1551 1970 1622 ejus
2014 1545 2201 1624 iugum

631 1635 887 1689 omnibus
923 1635 1321 1691 intolerandum
1370 1635 1508 1706 fore,
1539 1651 1593 1696 et
1634 1643 1831 1699 vicinis
1862 1643 2060 1699 tributa
2096 1642 2201 1699 im-

634 1726 959 1794 positurum,
1017 1740 1111 1781 eos
1152 1725 1202 1780 in
1245 1727 1558 1787 servitutem
1604 1733 1971 1801 redacturum,
2015 1750 2202 1791 eorum

634 1816 781 1885 agris
829 1815 1043 1883 penitus
1090 1816 1420 1884 devastatis,
1465 1820 1511 1875 si
1558 1822 1648 1892 qui
1713 1822 1902 1891 velint,
1957 1827 2203 1894 quamvis

2300 643 2403 713 γῆς
2444 643 2537 695 καὶ
2580 642 2687 695 τῶν
2717 641 2992 712 ἐσομένων
3026 639 3229 702 αὐτοῖς,
3260 638 3308 690 εἰ
3351 635 3425 707 μὴ
3458 632 3670 685 ἕλοιντο
3718 624 3885 693 τιμᾷν

2298 735 2388 787 τὸν
2419 735 2602 805 νόμον,
2628 734 2737 787 τῶν
2768 732 3172 806 προγεγονότων
3219 730 3318 799 τὴν
3362 728 3559 796 πεῖραν
3601 716 3887 806 ἐποιοῦντο

2298 804 2632 879 διδάσκαλον.
2651 804 2868 892 Ἐπειδὴ
2912 820 3273 888 ἀπεϐέϐλητο,
3311 818 3407 870 και
3454 810 3738 881 ἀπεφοίτα
3785 804 3887 857 τῶν

2310 902 2698 987 Ἱεροσολύμων
2727 915 2759 985 ἡ
2786 912 2894 967 τῶν
2924 911 3235 980 ἀλλοφύλων
3258 908 3493 978 γυναίων
3516 902 3761 973 πληθὺς,
3782 897 3889 987 lot-

2300 985 2400 1058 πὸν
2431 1004 2745 1073 ἀναγκαίως
2776 1004 3259 1076 κατεπικραίνοντο
3286 999 3418 1072 πρὸς
3446 995 3617 1079 ὀργάς
3641 992 3697 1045 οἰ
3734 985 3888 1059 περί-

2299 1113 2438 1148 οικοι
2464 1093 2573 1147 τῶν
2598 1093 2785 1157 ἐθνῶν,
2823 1094 2917 1147 ἆτε
2949 1093 3012 1157 δὴ
3045 1092 3137 1146 καὶ
3178 1091 3266 1144 διά
3307 1088 3508 1141 τούτων
3545 1084 3607 1137 ού
3646 1078 3890 1152 μετρίως

2300 1176 2696 1256 ἐξυϐρισμένοι.
2731 1185 2838 1236 Καὶ
2885 1184 3018 1253 πρός
3066 1199 3128 1251 γε
3181 1180 3245 1251 δὴ
3282 1178 3455 1249 τούτῳ
3502 1173 3738 1230 κάκεῖνό
3791 1184 3888 1221 που

2300 1278 2439 1346 τάχα
2468 1270 2825 1344 διελογίζοντο
2852 1274 2993 1326 κατά
3020 1270 3156 1342 σφᾶς
3180 1263 3398 1335 αύτούς.
3414 1263 3631 1337 Ἐπειδὴ
3649 1265 3777 1335 γάρ
3800 1262 3890 1332 τὴν

2308 1356 2666 1438 Ἰερουσαλὴμ
2706 1359 3033 1436 ἀνετείχιζον
3068 1365 3189 1435 μὲν,
3218 1353 3541 1426 ἐσπούδαζον
3574 1357 3633 1411 δὲ
3660 1356 3775 1410 καὶ
3801 1353 3891 1407 ai:-

2302 1458 2391 1511 τὸν
2418 1449 2508 1511 τὸν
2549 1454 2691 1510 θεῖον
2739 1446 2973 1527 ἐγείρειν
3001 1455 3149 1518 ναόν,
3178 1454 3292 1517 τοῖς
3322 1448 3413 1505 τοῦ
3445 1450 3639 1519 φθόνου
3670 1445 3890 1516 βέλεσιν

2302 1546 2615 1601 ἀνεκαίοντο
2658 1544 2795 1617 πρὸς
2840 1545 3028 1616 ὀργάς,
3060 1544 3154 1597 καὶ
3192 1540 3507 1596 διακωλύειν
3537 1534 3887 1608 ἐπεχείρουν,

2303 1639 2478 1691 ἐκεῖνο
2499 1637 2967 1708 διενθυμούμενοι,
2987 1634 3128 1689 κατά
3148 1650 3212 1704 γε
3232 1624 3292 1686 τὸ
3312 1631 3479 1696 εἰκὸς,
3503 1628 3578 1693 ὼς
3600 1629 3649 1680 εἰ
3670 1626 3891 1695 γένοιτο

2304 1729 2466 1783 πάλιν
2494 1732 2521 1783 ὁ
2547 1728 2764 1801 Ἰσραὴλ
2798 1730 2854 1781 ἐν
2879 1725 3216 1789 δυναστείαις
3255 1724 3376 1786 ταῖς
3417 1719 3627 1794 πρώην,
3657 1717 3773 1770 καὶ
3813 1724 3893 1767 τεο

2303 1818 2651 1891 τειχισμένας
2700 1820 2797 1890 μὲν
2822 1818 2934 1890 ἔχοι
2980 1818 3079 1882 τὰς
3109 1818 3310 1881 πόλεις,
3337 1813 3679 1883 ἐπαμύνοντα
3713 1807 3781 1862 δὲ
3808 1802 3891 1859 τὸν

632 1903 793 1976 longo
825 1915 945 1973 post
981 1914 1219 1975 tempore
1250 1917 1457 1964 tantum
1487 1925 1582 1966 eos
1624 1922 1810 1967 contra
1841 1916 2056 1969 intueri.
2095 1915 2201 1971 [Iac

2305 1910 2414 1963 τῶν
2440 1911 2576 1965 ὅλων
2607 1909 2759 1975 Θεὸν,
2788 1909 2883 1963 am
2908 1908 2972 1978 δὴ
3002 1910 3116 1972 τοῖς
3138 1908 3383 1980 ἀρχαίοις
3406 1904 3547 1957 ἔθεσι
3578 1899 3890 1972 θεραπευό-

632 1996 699 2050 de
734 2011 896 2049 causa
943 1997 1313 2052 subornarunt
1344 2001 1626 2070 quosdam,
1671 2004 1760 2072 qui
1792 2018 1886 2059 eos
1932 2019 2031 2060 nec
2067 2015 2204 2061 tem-

632 2087 743 2157 plo,
774 2103 874 2143 nec
903 2087 1169 2145 mcenibus
1194 2092 1468 2148 struendis
1499 2109 1715 2148 manum
1748 2094 2035 2150 admovere
2058 2105 2207 2166 pate-

633 2190 843 2236 rentur.
878 2182 1013 2239 Cunt
1061 2187 1258 2239 frustra
1309 2184 1638 2251 laborarent,
1689 2187 1796 2241 Deo
1842 2186 2203 2243 lsraelitarum

632 2272 811 2326 studia
876 2287 1253 2345 prosperante,
1304 2277 1474 2331 armis
1522 2277 1719 2333 deinde
1772 2279 2059 2348 correptis,
2110 2294 2206 2336 eos

634 2363 945 2430 Opprimere
990 2366 1296 2420 voluerunt.
1330 2364 1549 2433 Verum,
1579 2366 1868 2435 adiuvante
1903 2370 2032 2437 Deo,
2078 2370 2206 2427 victi

632 2454 702 2508 ab
736 2455 865 2524 ipsis
911 2455 1285 2526 interfectique
1317 2468 1461 2512 sunt.
1489 2459 1569 2512 Ad
1600 2459 1700 2514 hoc
1735 2468 1915 2515 autem
1954 2463 2206 2532 praelium

634 2545 688 2597 in
720 2545 914 2600 vallem
937 2545 1197 2616 Josaphat
1224 2548 1514 2603 multitudo
1533 2563 1652 2604 sese
1670 2552 1911 2622 collegit,
1935 2553 2026 2622 qui
2054 2552 2209 2609 locus

633 2650 738 2689 non
771 2635 951 2690 multis
982 2636 1049 2690 ab
1073 2636 1444 2707 Hierosolyma
1482 2639 1674 2694 stadiis
1711 2656 1901 2695 versus
1935 2643 2203 2697 orientem

632 2727 819 2780 distat.
886 2727 1055 2782 Aiunt
1104 2730 1305 2783 nudum
1348 2737 1403 2783 et
1442 2731 1762 2798 equitationi
1822 2743 2008 2801 aptum
2061 2748 2205 2788 esse.

632 2816 903 2871 Caeterum
956 2820 1290 2888 potentiores
1336 2820 1597 2888 quosdam
1648 2820 1904 2875 lsraelitis
1965 2822 2204 2876 divinum

634 2910 894 2979 templum
940 2912 1348 2966 exstruentibus
1398 2911 1681 2975 invidisse,
1730 2921 1787 2966 et
1844 2913 1975 2967 nihil
2027 2924 2207 2970 tamen

631 3001 951 3072 profecisse,
990 3003 1202 3058 docebit
1243 3004 1431 3058 beatus
1455 3003 1656 3059 Esdras
1676 3005 1747 3057 ita
1776 3006 2024 3061 scribens
2054 3024 2068 3061 :
2101 3026 2120 3059 ‹
2149 3006 2205 3061 In

631 3092 953 3147 Artaxerxis
985 3098 1163 3146 autem
1194 3092 1336 3161 regis
1368 3090 1655 3147 Persarum
1690 3095 2041 3164 temporibus,
2068 3097 2208 3151 scri-

632 3192 859 3252 pserunt
892 3184 940 3237 ei
972 3184 1037 3239 de
1075 3184 1159 3237 his
1190 3185 1281 3252 qui
1318 3183 1633 3239 habitabant
1660 3185 1714 3238 in
1744 3184 1927 3239 Iudaea
1961 3196 2016 3240 et
2052 3185 2208 3242 Jeru-

2306 2018 2466 2073 μενον
2508 2003 2567 2055 ἐν
2614 2000 2747 2071 ναῷ,
2785 1999 2947 2053 πάλιν
2993 1998 3423 2069 κατακρατήσει,
3469 1994 3563 2047 καὶ
3607 1991 3892 2063 ἀφόρητος

2303 2095 2457 2149 ἔσται
2508 2096 2619 2156 τοῖς
2668 2092 3003 2164 ἁπανταχοῦ,
3058 2092 3153 2146 καὶ
3196 2090 3434 2161 δασμοὺς
3480 2086 3745 2141 ἐπιϐαλετ
3790 2083 3893 2137 τῶν

2302 2186 2516 2258 ὁμόρων
2549 2188 2679 2255 τισὶ,
2712 2188 2805 2243 καὶ
2832 2187 3126 2242 ἁλώσονται
3158 2186 3394 2249 πάντως,
3428 2183 3696 2255 καταδῃηυ
3708 2180 3893 2250 μένων

2303 2281 2484 2342 αὐτοῖς
2519 2279 2627 2333 τῶν
2665 2280 2878 2352 χωρῶν,
2911 2282 2960 2334 εἰ
2996 2279 3059 2350 δή
3088 2295 3232 2342 τινες
3263 2277 3468 2330 ἕλοιντο
3492 2275 3592 2328 κᾶν
3630 2273 3779 2342 γοῦν
3801 2270 3895 2339 ὀψὲ

2304 2368 2623 2438 ἀντιϐλέψαι
2671 2369 2849 2440 μόνον.
2904 2367 3118 2439 Ταύτης
3164 2367 3327 2419 ἕνεκα
3371 2365 3473 2435 τῆς
3512 2363 3691 2447 αἰτίας
3750 2378 3893 2429 mo

2304 2460 2601 2526 εσκεύαζον
2652 2461 2750 2531 μέν
2801 2478 2954 2524 τινας
3001 2458 3285 2530 ἀπείργειν
3332 2457 3527 2520 αὐτοὺς
3559 2454 3672 2507 τῶν
3702 2471 3777 2506 τε
3809 2453 3893 2505 ἐπ’

2304 2553 2454 2623 αύτῷ
2499 2553 2576 2624 τῷ
2608 2553 2741 2624 ναῷ,
2773 2554 2865 2607 καὶ
2912 2554 3025 2616 τοῖς
3072 2552 3275 2621 τείχεσι
3324 2544 3889 2619 παρεσκευασμένων.

2318 2643 2535 2715 Ἐπειδὴ
2564 2644 2622 2697 δὲ
2653 2644 2837 2706 αὐτοῖς
2878 2642 3134 2713 ἀνόνητος
3160 2636 3227 2712 ἦν
3254 2643 3287 2712 ὴ
3316 2639 3543 2709 σπουδὴ,
3574 2637 3724 2691 Θεοῦ
3768 2654 3893 2689 κατ-

2306 2736 2617 2805 ευρύνοντος
2650 2738 2764 2798 τοῖς
2795 2733 3092 2805 ἐξΊσραὴλ
3135 2734 3233 2803 τὴν
3282 2732 3392 2786 τῶν
3442 2728 3891 2798 ἐπιτηδευμάτων

2304 2827 2443 2890 ὁδὸν,
2475 2828 2772 2892 ὡπλίζοντο
2815 2826 3019 2891 λοιπὸν,
3047 2825 3142 2880 καὶ
3176 2821 3640 2895 καταστρατεύειν
3676 2820 3888 2892 ἦθελον.

2319 2918 2457 2971 Ἀλλ’
2493 2919 2731 2989 ἥλωσαν,
2758 2918 2854 2971 καὶ
2902 2916 3225 2971 πεπτώκασι
3278 2914 3653 2984 ἐπαμύνοντος
3709 2912 3890 2971 αὐτοῖς

2306 3007 2463 3061 Θεοῦ.
2492 3008 2687 3077 Γέγονε
2736 3007 2795 3061 δὲ
2838 3006 2946 3061 τῶν
2990 3009 3069 3071 εἰς
3111 3005 3270 3059 τοῦτο
3315 3002 3817 3075 συναγηγερμένων
3858 3001 3889 3069 ἡ

2307 3099 2547 3170 ἄθροισις
2596 3101 2654 3152 ἐν
2690 3101 2755 3170 τῇ
2788 3098 2991 3153 κοιλάδι
3016 3097 3303 3166 Ἰωσαφὰτ,
3339 3095 3514 3167 χῶρος
3545 3096 3601 3147 δὲ
3630 3088 3798 3156 οὗτος
3833 3093 3889 3145 ού

2310 3188 2523 3253 πολλοῖς
2570 3190 2807 3252 σταδίοις
2848 3190 3067 3259 ἀπέχων
3112 3192 3211 3259 τῆς
3249 3186 3623 3258 Ἰερουσαλὴμ,
3676 3188 3741 3239 ἐν
3784 3186 3891 3246 τοῖς

633 3276 821 3341 salem,
866 3275 1165 3341 Balsamus,
1201 3285 1255 3331 et
1299 3273 1661 3339 Mithridates,
1714 3286 1769 3331 et
1814 3276 2105 3340 Sabellius.
2148 3288 2201 3332 et

2304 3280 2440 3351 πρὸς
2466 3280 2548 3350 ηῶ
2579 3281 2789 3352 μέρεσι.
2808 3280 2978 3333 Ψιλὸν
3006 3279 3063 3333 δέ
3087 3274 3225 3332 εἷναί
3263 3294 3414 3348 φασι,
3432 3279 3527 3330 καὶ
3559 3275 3889 3346 ἱππήλατον.

632 3361 933 3431 Reatitnus,
974 3376 1029 3421 et
1064 3366 1422 3434 Béltbetmus,
1468 3377 1522 3422 et
1565 3367 1957 3424 Geentethmus
2002 3369 2200 3433 scriba,

630 3468 684 3512 et
716 3458 904 3528 reliqui
946 3457 1062 3525 ejus
1089 3458 1295 3514 ordinis
1326 3458 1381 3512 in
1418 3457 1665 3513 Samaria
1712 3460 2034 3528 czeterisque
2070 3459 2204 3516 locis

632 3550 938 3605 habitantes
963 3548 1043 3615 ⁸⁸,
1074 3567 1094 3603 ι
1152 3550 1205 3604 in
1263 3551 1402 3605 hanc
1472 3555 1795 3606 sententiam
1840 3570 1854 3607 :
1906 3550 2201 3607 Jerusalem

632 3640 747 3696 fore
774 3641 1047 3697 civitatem
1088 3641 1585 3712 inexpugnabilem,
1619 3641 1786 3714 235.
1818 3658 1918 3698 nec
1962 3643 2071 3699 ulla
2110 3660 2203 3699 ra-

634 3734 781 3789 tione
820 3734 944 3790 aliis
970 3735 1189 3805 regibus
1220 3735 1551 3801 subiectam;
1602 3736 1697 3789 sed
1728 3736 2075 3792 rebellantem
2106 3752 2204 3792 au-

630 3827 944 3891 dacissime,
977 3835 1056 3891 et,
1109 3826 1156 3881 si
1211 3826 1494 3898 antiquum
1541 3835 1743 3881 statum
1775 3842 1840 3883 ac
1883 3827 2201 3897 digxitatem

632 3916 882 3986 recipiat,
912 3914 1335 3988 Babyloniorum
1383 3917 1740 3988 principibus,
1782 3918 1877 3988 qui
1917 3928 2031 3973 tum
2080 3918 2204 3973 fue-

630 4010 763 4071 rint,
813 4024 1071 4067 curarum
1133 4008 1331 4065 fluctus
1377 4010 1762 4065 excitaturam.
1810 4011 1882 4066 At
1926 4012 2070 4067 enim
2116 4012 2205 4067 his

629 4101 849 4170 scriptis
910 4101 1040 4156 nihil
1101 4101 1323 4158 omnino
1387 4102 1663 4157 consecuti
1723 4112 1872 4159 sunt.
1924 4101 2206 4173 Rogabant

626 4205 793 4261 porro
836 4192 1055 4261 quidam
1109 4206 1141 4247 e
1185 4191 1455 4258 Samaria,
1504 4202 1566 4249 ut
1610 4194 1741 4263 ipsis
1788 4209 1911 4250 cum
1959 4193 2045 4250 his
2110 4196 2201 4264 qui

633 4280 908 4353 Babylone
947 4293 1294 4348 revenerant,
1337 4284 1586 4341 laborare
1614 4295 1670 4341 et
1688 4284 1957 4341 aediﬁcare
1988 4287 2199 4342 liceret.

630 4372 919 4441 Repulsam
958 4373 1215 4429 tulerunt.
1248 4374 1608 4440 Quamobrem
1644 4376 1771 4431 dum
1802 4378 2059 4433 adversus
2085 4377 2205 4433 illo-

630 4478 749 4518 rum
778 4474 966 4534 postea
997 4465 1427 4521 machinationes
1449 4480 1508 4521 se
1539 4475 1756 4522 tuentur
1788 4467 2066 4533 Israelita,
2092 4482 2199 4523 non

627 4568 817 4622 parum
859 4562 983 4609 sunt
1013 4554 1316 4626 defatigati.

2308 3369 2429 3424 Ὀτι
2470 3371 2526 3424 δέ
2574 3370 2957 3441 διεφθονήκασι
3014 3368 3112 3439 μέν
3164 3385 3307 3431 τινες
3350 3366 3459 3420 τῶν
3502 3366 3892 3434 δυνατωτέρων

2303 3463 2415 3524 τοῖς
2453 3460 2515 3526 ἐξ
2545 3460 2760 3533 Ἰσραὴλ
2793 3461 2883 3515 τὸν
2926 3460 3070 3514 θεῖον
3100 3459 3374 3530 ἐγείρουσι
3404 3458 3555 3522 ναὸν,
3583 3456 3810 3528 ὤνησαν
3839 3457 3891 3509 δέ

2302 3550 2474 3618 οὐδὲν,
2515 3550 2715 3615 διδάξει
2765 3550 2937 3620 λέγων
2985 3553 3013 3604 ὁ
3058 3551 3323 3622 μακάριος
3353 3547 3589 3619 Ἔσδρας
3614 3564 3629 3579 ’
3665 3567 3685 3599 ι
3710 3548 3802 3601 Ἐν
3837 3548 3892 3600 δι

2301 3643 2413 3705 τοῖς
2440 3640 2533 3693 ἐπὶ
2555 3640 2915 3712 Ἀρταξέρξου
2962 3639 3054 3693 τοῦ
3094 3637 3321 3709 Περσῶν
3356 3637 3617 3709 βασιλέως
3652 3636 3888 3707 κώνοις,

2303 3732 2655 3803 κατέγραψαν
2694 3733 2837 3786 κατά
2878 3731 2988 3785 τῶν
3018 3730 3413 3785 κατοικούντων
3441 3730 3502 3783 ἐν
3529 3731 3598 3801 τῇ
3628 3728 3887 3798 Ἰουδαίᾳ,

2303 3826 2397 3879 καὶ
2439 3826 2498 3878 ἐν
2532 3825 2883 3897 Ἰερουσαλὴμ
2934 3820 3198 3897 Βήλεμος,
3240 3823 3335 3877 καὶ
3383 3818 3749 3893 Μιθριδάτης,
3797 3821 3888 3874 καὶ

2301 3913 2606 3981 Σαϐἐλλιος,
2642 3916 2737 3970 καὶ
2770 3915 3045 3987 Ῥάθιμος,
3080 3916 3175 3968 καί⁵
3221 3912 3544 3985 Βέλτεθμος,
3592 3915 3688 3967 καὶ
3732 3914 3773 3965 Γ
3776 3913 3890 3966 εέν-

2300 4007 2499 4080 τεθμος
2525 4010 2554 4062 ὀ
2586 4009 2968 4078 γραμματεὺς,
3000 4007 3096 4061 καὶ
3124 4007 3173 4060 οἰ
3198 4004 3377 4059 λοιποὶ
3419 4008 3469 4059 οἰ
3520 4005 3733 4068 τούτοις
3768 4022 3890 4057 συν-

2300 4100 2646 4171 τασσόμενοι,
2681 4099 2957 4162 οἰκοῦντες
2993 4097 3051 4152 δὲ
3095 4100 3152 4151 ἐν
3183 4095 3487 4169 Σαμαρείᾳ,
3524 4098 3763 4159 καὶτοῖς
3794 4097 3888 4149 άλο

2300 4191 2413 4256 λοις
2440 4190 2646 4253 τόποις.
2670 4210 2688 4243 ι
2714 4186 2822 4245 Ἦν
2853 4190 2909 4245 δὲ
2940 4191 3039 4261 τῆς
3074 4190 3295 4261 γραφῆς
3324 4188 3501 4243 τοιάδε
3537 4206 3625 4252 τις
3656 4190 3689 4259 ἡ
3728 4188 3887 4240 δύνα-

2305 4300 2417 4354 μις,
2448 4279 2525 4346 ὠς
2569 4283 2654 4355 εἰη
2707 4281 2805 4354 μὲν
2852 4282 3005 4346 πόλις
3051 4280 3356 4352 ἄθραυστον
3405 4280 3609 4352 ἔχουσα
3659 4280 3889 4349 δύναμιν

2313 4372 2688 4446 Ἰερουσαλὴμ,
2720 4373 2929 4445 ἥκουσα
2981 4372 3039 4427 δὲ
3081 4370 3331 4443 οὐδαμῶς
3374 4374 3487 4435 τοῖς
3533 4371 3645 4424 τῶν
3689 4371 3889 4440 ἐτέρων

2301 4465 2493 4539 χωρῶν
2533 4464 2868 4535 βασιλεῦσιν·
2904 4466 3333 4536 ἀντεγειρομένη
3367 4464 3426 4518 δὲ
3456 4462 3658 4535 μᾶλλον
3685 4463 3890 4534 σφόδρα

2301 4557 2585 4621 νεανικῶς,
2618 4558 2683 4611 ἵν’
2710 4559 2759 4611 εἰ
2807 4557 3016 4627 γένοιτο
3064 4557 3225 4612 πάλιν
3260 4556 3629 4627 ύπονοστῆσαι
3661 4557 3795 4625 πρὸς
3830 4555 3889 4607 τὸ

624 4646 875 4715 ἀρχαῖον,
908 4646 1005 4699 καὶ
1032 4645 1214 4710 αὐτοῖς
1242 4645 1492 4701 σαλεύσει
1521 4646 1805 4719 φροντίδας
1832 4648 1945 4711 τοῖς
1975 4647 2075 4717 τῆς
2123 4646 2445 4712 Βαϐυλῶνος
2505 4647 2647 4702 κατὰ
2700 4649 2926 4717 καιροὺς
2964 4647 3304 4720 ἡγουμένοις.
3322 4646 3461 4701 Ἀλλ’
3526 4646 3743 4719 ὤνησαν
3787 4647 3886 4718 μὲν

624 4738 693 4790 τά
730 4736 908 4790 τοιάδε
953 4738 1291 4809 γεγραφότες
1328 4738 1604 4804 παντελῶς
1650 4738 1822 4795 οὐδέν.
1855 4737 2205 4810 Παρεκάλουν
2243 4739 2300 4793 δέ
2331 4756 2475 4803 τινες
2520 4738 2630 4793 τῶν
2675 4740 2734 4793 ἐν
2781 4736 3088 4812 Σαμαρείᾳ,
3149 4737 3258 4792 τῶν
3289 4740 3355 4792 ἐκ
3388 4737 3713 4802 Βαϐυλῶνος
3758 4754 3887 4808 μετ-

624 4828 972 4882 οικισθέντων
1000 4830 1426 4901 συνεργάζεσθαι
1453 4848 1535 4898 τε,
1563 4832 1657 4885 καὶ
1716 4830 2117 4900 συνοικοδομεῖν
2173 4830 2378 4894 αὐτοῖς.
2409 4830 2474 4884 Οἰ
2502 4828 2560 4883 δὲ
2598 4830 2698 4884 ούκ
2729 4826 2941 4901 ἤθελον,
2975 4830 3070 4885 καὶ
3113 4830 3315 4901 ταύτης
3343 4829 3507 4883 ἕνεκα
3539 4830 3639 4901 τῆς
3707 4828 3888 4893 αἰτίας

626 4922 971 4993 κεκμήκασιν
1018 4922 1077 4975 οὐ
1131 4922 1400 4994 μετρίως,
1449 4926 1571 4987 ταῖς
1622 4923 1844 4978 ἐκείνων
1892 4922 2205 4986 ἐπιϐουλαῖς
2240 4921 2647 4989 ἁντεξάγοντες.

698 5014 795 5066 Est
842 5028 1007 5082 porro
1052 5015 1193 5082 apud
1234 5013 1459 5068 Esdram
1511 5014 1566 5068 in
1620 5015 1763 5070 hunc
1801 5016 2060 5070 modum:
2091 5032 2109 5065 ι
2143 5014 2201 5068 ΕΙ

2381 5013 2698 5085 Γέγραπται
2752 5009 2808 5066 δέ
2874 5010 3048 5076 οὕτως
3122 5011 3180 5065 ἐν
3254 5008 3334 5080 τῷ
3399 5007 3610 5082 Ἔσδρᾳ
3690 5008 3881 5065 πάλιν

625 5106 915 5159 audierunt
981 5104 1302 5160 tribulantes
1341 5104 1535 5161 ludam
1594 5116 1651 5160 et
1698 5104 2003 5176 Benjamin,
2057 5106 2199 5172 quod

628 5194 723 5248 lilii
757 5195 1251 5266 transmigrationis
1278 5197 1550 5251 aedificant
1579 5196 1800 5251 domum
1831 5198 2056 5250 Domino
2088 5196 2198 5251 Deo

629 5286 813 5340 Israel.
858 5286 923 5339 Et
945 5295 1296 5342 accesserunt
1326 5286 1392 5341 ad
1422 5286 1810 5341 Zorobabelem
1845 5295 1899 5339 et
1929 5286 2198 5356 principes

627 5377 982 5442 familiarum,
1012 5387 1068 5434 et
1091 5378 1347 5434 dixerunt
1369 5380 1450 5435 eis
1476 5396 1490 5433 :
1517 5376 1874 5432 Edificeiuus
1898 5377 2196 5443 vobiscum,

2307 5120 2326 5155 ι
2360 5103 2470 5157 Καὶ
2512 5104 2753 5175 ἤκουσαν
2803 5105 2850 5157 οἱ
2883 5102 3157 5167 θλίϐοντες
3202 5100 3426 5163 Ἰούδαν,
3457 5102 3555 5153 καὶ
3607 5100 3881 5169 Βενιαμὶν,

2300 5193 2382 5248 ὅτι
2441 5195 2489 5247 οί
2536 5194 2641 5248 υίοί
2693 5192 2793 5264 τῆς
2851 5190 3108 5257 ἀποικίας
3163 5191 3540 5261 οἰκοδομοῦσιν
3603 5186 3745 5243 οἷκον
3805 5187 3884 5257 τῷ

2301 5285 2489 5356 Κυρίῳ
2532 5285 2651 5355 Θεῷ
2672 5281 2918 5357 Ἰσραήλ·
2956 5284 3050 5338 καὶ
3095 5285 3328 5355 ἡγγισαν
3378 5281 3517 5352 πρὸς
3562 5277 3882 5352 Ζοροϐάϐελ,

2305 5376 2400 5428 καί.
2431 5376 2567 5447 πρὸς
2595 5377 2720 5439 τοὺς
2745 5376 3012 5447 ἄρχοντας
3039 5375 3145 5427 τῶν
3172 5373 3434 5444 πατριῶν,
3469 5372 3564 5425 καὶ
3606 5364 3752 5422 εἶπον
3782 5366 3883 5419 αύ-

623 5469 749 5538 quia
800 5470 942 5523 sicut
982 5484 1079 5525 vos
1123 5471 1418 5540 qurerimus
1461 5470 1627 5524 Deum
1679 5477 1937 5534 vestrum,
1988 5476 2046 5525 et
2094 5469 2193 5538 ipsi

2303 5469 2407 5530 τοῖς
2427 5486 2441 5499 ο
2470 5468 2931 5540 Οἰκοδομήσωμεν
2954 5467 3072 5538 μεθ’
3107 5466 3279 5537 ὑμῶν,
3309 5466 3391 5519 ὅτι
3430 5464 3506 5527 ὡς
3540 5463 3697 5532 ὑμεῖς
3722 5459 3885 5527 ἐκζη-

626 5576 723 5613 nus
754 5560 1130 5614 sacriﬁcamus
1161 5575 1193 5613 a
1237 5560 1428 5614 diebus
1466 5559 1782 5624 Asaradam,
1828 5559 1969 5627 regis
1998 5558 2189 5622 Assur,

623 5650 712 5718 qui
750 5651 901 5704 duxit
925 5664 1026 5705 nos
1062 5650 1188 5705 huc.
1221 5647 1519 5706 Zorobabel
1550 5658 1729 5704 autem
1756 5664 1877 5704 eum
1907 5649 2196 5705 comitibus

692 5829 738 5862 "
775 5827 815 5883 ιι
852 5828 1006 5891 Esdr.
1050 5844 1129 5893 tn,
1168 5829 1409 5900 passim;
1453 5828 1491 5881 ll
1528 5826 1681 5882 Eslr.
1721 5840 1790 5891 tv,
1829 5825 1908 5884 l7.

2298 5561 2498 5632 τοῦμεν
2528 5561 2620 5614 τὸν
2649 5561 2781 5615 Θεὸν
2812 5561 2984 5631 ὑμῶν,
3018 5560 3113 5613 καί
3156 5556 3307 5628 αύτῷ
3348 5558 3509 5627 ἡμεῖς
3557 5551 3884 5618 θυσιάζομεν
3940 5584 3944 5585 κ

2301 5648 2408 5702 ἀπὸ
2457 5650 2679 5720 ἡμερῶν
2704 5649 3010 5721 ’Δσαραδάν
3061 5648 3324 5719 βασιλέως
3347 5645 3584 5715 ’Δσσοὺρ
3609 5640 3700 5696 τοῦ
3727 5637 3879 5704 ἐνέγ-

1988 5824 2032 5857 ⁸⁶
2064 5822 2310 5895 llLEer.
2347 5839 2403 5889 ιι,
2447 5822 2529 5876 ίϐ.
