  <div class='ocr_page' id='page_1' title='image "/cluster/home/n/w/nwhite01/storage/ocr_20150623/71/hvd.32044019207885/216.png"; bbox 0 0 4068 6542; ppageno 0'>
   <div class='ocr_carea' id='block_1_1' title="bbox 215 403 343 460">
    <p class='ocr_par' dir='ltr' id='par_1_1' title="bbox 215 403 343 460">
     <span class='ocr_line' id='line_1_1' title="bbox 215 403 343 460; baseline 0.016 -2"><span class='ocrx_word' id='word_1_1' title='bbox 215 403 343 460; x_wconf 72' lang='grc'><strong>589</strong></span> 
     </span>
    </p>
   </div>
   <div class='ocr_carea' id='block_1_2' title="bbox 1122 396 2564 462">
    <p class='ocr_par' dir='ltr' id='par_1_2' title="bbox 1122 396 2564 462">
     <span class='ocr_line' id='line_1_2' title="bbox 1122 396 2564 462; baseline -0.006 -1"><span class='ocrx_word' id='word_1_2' title='bbox 1122 402 1672 462; x_wconf 74' lang='lat' dir='ltr'><strong>COMMENTARIUS</strong></span> <span class='ocrx_word' id='word_1_3' title='bbox 1712 402 1778 460; x_wconf 83' lang='lat' dir='ltr'><strong>IN</strong></span> <span class='ocrx_word' id='word_1_4' title='bbox 1819 398 2083 459; x_wconf 74' lang='lat' dir='ltr'><strong>JOELEM</strong></span> <span class='ocrx_word' id='word_1_5' title='bbox 2122 396 2564 455; x_wconf 70' lang='lat' dir='ltr'><strong>PROPHETAM.</strong></span> 
     </span>
    </p>
   </div>
   <div class='ocr_carea' id='block_1_3' title="bbox 3398 401 3506 461">
    <p class='ocr_par' dir='ltr' id='par_1_3' title="bbox 3398 401 3506 461">
     <span class='ocr_line' id='line_1_3' title="bbox 3398 401 3506 461; baseline 0.019 -1"><span class='ocrx_word' id='word_1_6' title='bbox 3398 401 3506 461; x_wconf 77' lang='lat'><strong>390</strong></span> 
     </span>
    </p>
   </div>
   <div class='ocr_carea' id='block_1_4' title="bbox 216 514 1824 599">
    <p class='ocr_par' dir='ltr' id='par_1_4' title="bbox 216 514 1824 599">
     <span class='ocr_line' id='line_1_4' title="bbox 216 514 1824 599; baseline 0.002 -24"><span class='ocrx_word' id='word_1_7' title='bbox 216 538 433 585; x_wconf 79' lang='grc' dir='ltr'>καντος</span> <span class='ocrx_word' id='word_1_8' title='bbox 479 522 629 593; x_wconf 74' lang='grc' dir='ltr'>ἡμᾶς</span> <span class='ocrx_word' id='word_1_9' title='bbox 675 514 800 577; x_wconf 78' lang='grc' dir='ltr'>ὦδε.</span> <span class='ocrx_word' id='word_1_10' title='bbox 828 523 896 577; x_wconf 80' lang='lat' dir='ltr'><strong>Oi</strong></span> <span class='ocrx_word' id='word_1_11' title='bbox 940 522 996 577; x_wconf 77' lang='grc' dir='ltr'>δὲ</span> <span class='ocrx_word' id='word_1_12' title='bbox 1031 526 1162 597; x_wconf 81' lang='grc' dir='ltr'>περὶ</span> <span class='ocrx_word' id='word_1_13' title='bbox 1188 526 1279 579; x_wconf 83' lang='grc' dir='ltr'><strong>τὸν</strong></span> <span class='ocrx_word' id='word_1_14' title='bbox 1311 518 1619 599; x_wconf 82' lang='grc' dir='ltr'>Ζοροϐάϐελ</span> <span class='ocrx_word' id='word_1_15' title='bbox 1652 520 1824 580; x_wconf 79' lang='grc' dir='ltr'>εἷπον·</span> 
     </span>
    </p>
   </div>
   <div class='ocr_carea' id='block_1_5' title="bbox 1925 514 3509 599">
    <p class='ocr_par' dir='ltr' id='par_1_5' title="bbox 1934 518 3509 593">
     <span class='ocr_line' id='line_1_5' title="bbox 1934 518 3509 593; baseline 0 -15"><span class='ocrx_word' id='word_1_16' title='bbox 1934 522 2047 578; x_wconf 84' lang='lat' dir='ltr'><strong>suis</strong></span> <span class='ocrx_word' id='word_1_17' title='bbox 2088 521 2407 593; x_wconf 73' lang='lat' dir='ltr'><strong>respondit:</strong></span> <span class='ocrx_word' id='word_1_18' title='bbox 2442 518 2559 576; x_wconf 84' lang='lat' dir='ltr'><strong>Non</strong></span> <span class='ocrx_word' id='word_1_19' title='bbox 2592 518 2744 577; x_wconf 82' lang='lat' dir='ltr'><strong>vobis</strong></span> <span class='ocrx_word' id='word_1_20' title='bbox 2772 530 2827 577; x_wconf 92' lang='lat' dir='ltr'><strong>et</strong></span> <span class='ocrx_word' id='word_1_21' title='bbox 2869 520 3045 588; x_wconf 90' lang='lat' dir='ltr'><strong>nobis,</strong></span> <span class='ocrx_word' id='word_1_22' title='bbox 3083 530 3137 577; x_wconf 88' lang='lat' dir='ltr'><strong>ut</strong></span> <span class='ocrx_word' id='word_1_23' title='bbox 3175 519 3509 578; x_wconf 69' lang='lat' dir='ltr'><strong>aedificamus</strong></span> 
     </span>
    </p>
   </div>
   <div class='ocr_carea' id='block_1_6' title="bbox 217 610 1829 689">
    <p class='ocr_par' dir='ltr' id='par_1_6' title="bbox 217 610 1829 689">
     <span class='ocr_line' id='line_1_6' title="bbox 217 610 1829 689; baseline 0.005 -25"><span class='ocrx_word' id='word_1_24' title='bbox 217 610 353 680; x_wconf 81' lang='grc' dir='ltr'><strong>Οὐχ</strong></span> <span class='ocrx_word' id='word_1_25' title='bbox 392 611 523 682; x_wconf 79' lang='grc' dir='ltr'>ὑμῖν</span> <span class='ocrx_word' id='word_1_26' title='bbox 552 613 649 667; x_wconf 63' lang='grc' dir='ltr'><strong>καλ⁵</strong></span> <span class='ocrx_word' id='word_1_27' title='bbox 697 615 833 684; x_wconf 78' lang='grc' dir='ltr'>ἡμῖν</span> <span class='ocrx_word' id='word_1_28' title='bbox 882 614 976 668; x_wconf 89' lang='grc' dir='ltr'><strong>τοῦ</strong></span> <span class='ocrx_word' id='word_1_29' title='bbox 1007 616 1363 688; x_wconf 74' lang='grc' dir='ltr'>οἰκοδομῆσαι</span> <span class='ocrx_word' id='word_1_30' title='bbox 1391 614 1541 672; x_wconf 74' lang='grc' dir='ltr'>οἷκον</span> <span class='ocrx_word' id='word_1_31' title='bbox 1588 617 1667 689; x_wconf 85' lang='grc' dir='ltr'>τῷ</span> <span class='ocrx_word' id='word_1_32' title='bbox 1710 616 1829 688; x_wconf 82' lang='grc' dir='ltr'>Θεῷ</span> 
     </span>
    </p>
   </div>
   <div class='ocr_carea' id='block_1_7' title="bbox 216 704 1829 782">
    <p class='ocr_par' dir='ltr' id='par_1_7' title="bbox 216 704 1829 782">
     <span class='ocr_line' id='line_1_7' title="bbox 216 704 1829 782; baseline 0.005 -26"><span class='ocrx_word' id='word_1_33' title='bbox 216 704 418 774; x_wconf 77' lang='grc' dir='ltr'>ἡμῶν,</span> <span class='ocrx_word' id='word_1_34' title='bbox 450 706 531 759; x_wconf 82' lang='grc' dir='ltr'>ὅτι</span> <span class='ocrx_word' id='word_1_35' title='bbox 576 708 740 776; x_wconf 83' lang='grc' dir='ltr'><strong>ἡμεῖς</strong></span> <span class='ocrx_word' id='word_1_36' title='bbox 782 707 937 761; x_wconf 69' lang='grc' dir='ltr'>αὐτοὶ</span> <span class='ocrx_word' id='word_1_37' title='bbox 978 709 1072 761; x_wconf 69' lang='grc' dir='ltr'>ἐπὶ</span> <span class='ocrx_word' id='word_1_38' title='bbox 1117 707 1179 762; x_wconf 86' lang='grc' dir='ltr'>τὸ</span> <span class='ocrx_word' id='word_1_39' title='bbox 1225 710 1359 764; x_wconf 80' lang='grc' dir='ltr'>αὐτὸ</span> <span class='ocrx_word' id='word_1_40' title='bbox 1401 711 1829 782; x_wconf 75' lang='grc' dir='ltr'><strong>οἰκοδομήσομεν</strong></span> 
     </span>
    </p>
   </div>
   <div class='ocr_carea' id='block_1_8' title="bbox 219 794 1829 874">
    <p class='ocr_par' dir='ltr' id='par_1_8' title="bbox 219 794 1829 874">
     <span class='ocr_line' id='line_1_8' title="bbox 219 794 1829 874; baseline 0.006 -28"><span class='ocrx_word' id='word_1_41' title='bbox 219 794 430 866; x_wconf 80' lang='grc' dir='ltr'><strong>Κυρίῳ</strong></span> <span class='ocrx_word' id='word_1_42' title='bbox 478 796 560 868; x_wconf 82' lang='grc' dir='ltr'>τῷ</span> <span class='ocrx_word' id='word_1_43' title='bbox 599 798 719 869; x_wconf 85' lang='grc' dir='ltr'><strong>Θεῷ</strong></span> <span class='ocrx_word' id='word_1_44' title='bbox 767 800 945 870; x_wconf 83' lang='grc' dir='ltr'>ἡμῶν,</span> <span class='ocrx_word' id='word_1_45' title='bbox 978 800 1053 863; x_wconf 80' lang='grc' dir='ltr'><strong>ὡς</strong></span> <span class='ocrx_word' id='word_1_46' title='bbox 1087 801 1390 855; x_wconf 87' lang='grc' dir='ltr'>ἐνετείλατο</span> <span class='ocrx_word' id='word_1_47' title='bbox 1419 805 1550 873; x_wconf 78' lang='grc' dir='ltr'>ἡμῖν</span> <span class='ocrx_word' id='word_1_48' title='bbox 1590 802 1772 874; x_wconf 83' lang='grc' dir='ltr'>Κῦρος</span> <span class='ocrx_word' id='word_1_49' title='bbox 1801 803 1829 854; x_wconf 85' lang='grc' dir='ltr'>ὁ</span> 
     </span>
    </p>
   </div>
   <div class='ocr_carea' id='block_1_9' title="bbox 226 887 1830 964">
    <p class='ocr_par' dir='ltr' id='par_1_9' title="bbox 226 887 1830 964">
     <span class='ocr_line' id='line_1_9' title="bbox 226 887 1830 964; baseline 0.004 -25"><span class='ocrx_word' id='word_1_50' title='bbox 226 887 495 956; x_wconf 71' lang='grc' dir='ltr'>βασιλεὺς</span> <span class='ocrx_word' id='word_1_51' title='bbox 523 890 769 961; x_wconf 82' lang='grc' dir='ltr'>Περσῶν.</span> <span class='ocrx_word' id='word_1_52' title='bbox 803 893 914 945; x_wconf 69' lang='grc' dir='ltr'>Καὶ</span> <span class='ocrx_word' id='word_1_53' title='bbox 943 888 1011 963; x_wconf 78' lang='grc' dir='ltr'>ἦν</span> <span class='ocrx_word' id='word_1_54' title='bbox 1038 895 1067 946; x_wconf 87' lang='grc' dir='ltr'><strong>ό</strong></span> <span class='ocrx_word' id='word_1_55' title='bbox 1094 892 1222 957; x_wconf 81' lang='grc' dir='ltr'>λαὸς</span> <span class='ocrx_word' id='word_1_56' title='bbox 1242 893 1344 963; x_wconf 78' lang='grc' dir='ltr'>τῆς</span> <span class='ocrx_word' id='word_1_57' title='bbox 1375 894 1479 964; x_wconf 84' lang='grc' dir='ltr'>γῆς</span> <span class='ocrx_word' id='word_1_58' title='bbox 1500 894 1707 947; x_wconf 89' lang='grc' dir='ltr'>ἐκλύων</span> <span class='ocrx_word' id='word_1_59' title='bbox 1730 892 1830 956; x_wconf 87' lang='grc' dir='ltr'><strong>τάς</strong></span> 
     </span>
    </p>
   </div>
   <div class='ocr_carea' id='block_1_10' title="bbox 224 980 1827 1049">
    <p class='ocr_par' dir='ltr' id='par_1_10' title="bbox 224 980 1827 1049">
     <span class='ocr_line' id='line_1_10' title="bbox 224 980 1827 1049; baseline 0.002 -18"><span class='ocrx_word' id='word_1_60' title='bbox 224 982 427 1049; x_wconf 78' lang='grc' dir='ltr'>χεῖρας</span> <span class='ocrx_word' id='word_1_61' title='bbox 474 980 568 1033; x_wconf 89' lang='grc' dir='ltr'><strong>τοῦ</strong></span> <span class='ocrx_word' id='word_1_62' title='bbox 616 981 746 1034; x_wconf 90' lang='grc' dir='ltr'>λαοῦ</span> <span class='ocrx_word' id='word_1_63' title='bbox 770 980 963 1043; x_wconf 83' lang='grc' dir='ltr'>Ἰούδα,</span> <span class='ocrx_word' id='word_1_64' title='bbox 999 982 1094 1036; x_wconf 77' lang='grc' dir='ltr'><strong>καὶ</strong></span> <span class='ocrx_word' id='word_1_65' title='bbox 1139 982 1448 1046; x_wconf 77' lang='grc' dir='ltr'>ἐνεπόδιζον</span> <span class='ocrx_word' id='word_1_66' title='bbox 1492 983 1687 1046; x_wconf 80' lang='grc' dir='ltr'>αὐτοὺς</span> <span class='ocrx_word' id='word_1_67' title='bbox 1733 982 1827 1035; x_wconf 90' lang='grc' dir='ltr'><strong>τοῦ</strong></span> 
     </span>
    </p>
   </div>
   <div class='ocr_carea' id='block_1_11' title="bbox 223 1071 1830 1143">
    <p class='ocr_par' dir='ltr' id='par_1_11' title="bbox 223 1071 1830 1143">
     <span class='ocr_line' id='line_1_11' title="bbox 223 1071 1830 1143; baseline 0.002 -21"><span class='ocrx_word' id='word_1_68' title='bbox 223 1071 561 1139; x_wconf 76' lang='grc' dir='ltr'><strong>οἰκοδομεῖν,</strong></span> <span class='ocrx_word' id='word_1_69' title='bbox 592 1072 689 1124; x_wconf 69' lang='grc' dir='ltr'><strong>καλ⁵</strong></span> <span class='ocrx_word' id='word_1_70' title='bbox 721 1071 1074 1143; x_wconf 79' lang='grc' dir='ltr'>μισθούμενοι</span> <span class='ocrx_word' id='word_1_71' title='bbox 1118 1073 1205 1125; x_wconf 83' lang='grc' dir='ltr'>ἐπ’</span> <span class='ocrx_word' id='word_1_72' title='bbox 1232 1074 1450 1138; x_wconf 81' lang='grc' dir='ltr'>αὐτοὺς,</span> <span class='ocrx_word' id='word_1_73' title='bbox 1480 1073 1765 1126; x_wconf 85' lang='grc' dir='ltr'>ἐϐουλεύον</span> <span class='ocrx_word' id='word_1_74' title='bbox 1778 1090 1830 1126; x_wconf 73' lang='grc' dir='ltr'><strong>το</strong></span> 
     </span>
    </p>
   </div>
   <div class='ocr_carea' id='block_1_12' title="bbox 221 1162 1828 1234">
    <p class='ocr_par' dir='ltr' id='par_1_12' title="bbox 221 1162 1828 1234">
     <span class='ocr_line' id='line_1_12' title="bbox 221 1162 1828 1234; baseline 0.001 -19"><span class='ocrx_word' id='word_1_75' title='bbox 221 1162 332 1215; x_wconf 77' lang='grc' dir='ltr'><strong>τοῦ</strong></span> <span class='ocrx_word' id='word_1_76' title='bbox 374 1162 726 1217; x_wconf 75' lang='grc' dir='ltr'><strong>διασκεδάσαι</strong></span> <span class='ocrx_word' id='word_1_77' title='bbox 777 1162 975 1234; x_wconf 83' lang='grc' dir='ltr'>βουλὴν</span> <span class='ocrx_word' id='word_1_78' title='bbox 1016 1162 1219 1217; x_wconf 83' lang='grc' dir='ltr'>αὐτῶν.</span> <span class='ocrx_word' id='word_1_79' title='bbox 1250 1182 1269 1215; x_wconf 71' lang='grc' dir='ltr'><strong>ι</strong></span> <span class='ocrx_word' id='word_1_80' title='bbox 1304 1163 1444 1216; x_wconf 80' lang='grc' dir='ltr'>Ἀλλ’</span> <span class='ocrx_word' id='word_1_81' title='bbox 1470 1164 1828 1217; x_wconf 84' lang='grc' dir='ltr'>ἐπεϐούλευον</span> 
     </span>
    </p>
   </div>
   <div class='ocr_carea' id='block_1_13' title="bbox 229 1252 1828 1328">
    <p class='ocr_par' dir='ltr' id='par_1_13' title="bbox 229 1252 1828 1328">
     <span class='ocr_line' id='line_1_13' title="bbox 229 1252 1828 1328; baseline 0.002 -21"><span class='ocrx_word' id='word_1_82' title='bbox 229 1254 362 1324; x_wconf 74' lang='grc' dir='ltr'>μὲν,</span> <span class='ocrx_word' id='word_1_83' title='bbox 406 1256 690 1325; x_wconf 76' lang='grc' dir='ltr'><strong>ἄπρακτος</strong></span> <span class='ocrx_word' id='word_1_84' title='bbox 720 1254 778 1307; x_wconf 83' lang='grc' dir='ltr'>δὲ</span> <span class='ocrx_word' id='word_1_85' title='bbox 815 1254 911 1308; x_wconf 66' lang='grc' dir='ltr'><strong>καλ⁸</strong></span> <span class='ocrx_word' id='word_1_86' title='bbox 944 1254 1153 1319; x_wconf 78' lang='grc' dir='ltr'><strong>τούτοις</strong></span> <span class='ocrx_word' id='word_1_87' title='bbox 1180 1258 1212 1327; x_wconf 83' lang='grc' dir='ltr'>ὴ</span> <span class='ocrx_word' id='word_1_88' title='bbox 1245 1256 1586 1328; x_wconf 79' lang='grc' dir='ltr'><strong>ἐπιχείρησις</strong></span> <span class='ocrx_word' id='word_1_89' title='bbox 1610 1252 1828 1328; x_wconf 81' lang='grc' dir='ltr'>ἦν.”οτι</span> 
     </span>
    </p>
   </div>
   <div class='ocr_carea' id='block_1_14' title="bbox 225 1345 1827 1420">
    <p class='ocr_par' dir='ltr' id='par_1_14' title="bbox 225 1345 1827 1420">
     <span class='ocr_line' id='line_1_14' title="bbox 225 1345 1827 1420; baseline 0.001 -20"><span class='ocrx_word' id='word_1_90' title='bbox 225 1345 292 1400; x_wconf 80' lang='grc' dir='ltr'>δὲ</span> <span class='ocrx_word' id='word_1_91' title='bbox 320 1347 422 1418; x_wconf 84' lang='grc' dir='ltr'>τῆς</span> <span class='ocrx_word' id='word_1_92' title='bbox 454 1346 713 1418; x_wconf 79' lang='grc' dir='ltr'><strong>λαθραίου</strong></span> <span class='ocrx_word' id='word_1_93' title='bbox 744 1345 928 1399; x_wconf 81' lang='grc' dir='ltr'>λοιπὸν</span> <span class='ocrx_word' id='word_1_94' title='bbox 960 1347 1258 1420; x_wconf 85' lang='grc' dir='ltr'>ἀτονούσης</span> <span class='ocrx_word' id='word_1_95' title='bbox 1289 1348 1584 1419; x_wconf 84' lang='grc' dir='ltr'>ἐπιϐουλῆς</span> <span class='ocrx_word' id='word_1_96' title='bbox 1611 1348 1702 1401; x_wconf 84' lang='grc' dir='ltr'><strong>τὸν</strong></span> <span class='ocrx_word' id='word_1_97' title='bbox 1728 1365 1827 1401; x_wconf 60' lang='grc' dir='ltr'>που</span> 
     </span>
    </p>
   </div>
   <div class='ocr_carea' id='block_1_15' title="bbox 224 1434 1827 1513">
    <p class='ocr_par' dir='ltr' id='par_1_15' title="bbox 224 1434 1827 1513">
     <span class='ocr_line' id='line_1_15' title="bbox 224 1434 1827 1513; baseline 0.002 -23"><span class='ocrx_word' id='word_1_98' title='bbox 224 1434 406 1508; x_wconf 82' lang='grc' dir='ltr'><strong>λέμου</strong></span> <span class='ocrx_word' id='word_1_99' title='bbox 438 1439 601 1509; x_wconf 90' lang='grc' dir='ltr'>νόμον</span> <span class='ocrx_word' id='word_1_100' title='bbox 627 1438 796 1509; x_wconf 69' lang='grc' dir='ltr'>ᾔεσαν</span> <span class='ocrx_word' id='word_1_101' title='bbox 825 1440 1244 1510; x_wconf 84' lang='grc' dir='ltr'>στρατευόμενοι</span> <span class='ocrx_word' id='word_1_102' title='bbox 1269 1442 1465 1504; x_wconf 86' lang='grc' dir='ltr'>πάντες</span> <span class='ocrx_word' id='word_1_103' title='bbox 1487 1442 1535 1493; x_wconf 84' lang='grc' dir='ltr'>οἱ</span> <span class='ocrx_word' id='word_1_104' title='bbox 1562 1440 1827 1513; x_wconf 83' lang='grc' dir='ltr'>περίοικοι</span> 
     </span>
    </p>
   </div>
   <div class='ocr_carea' id='block_1_16' title="bbox 226 1529 1828 1599">
    <p class='ocr_par' dir='ltr' id='par_1_16' title="bbox 226 1529 1828 1599">
     <span class='ocr_line' id='line_1_16' title="bbox 226 1529 1828 1599; baseline 0.002 -18"><span class='ocrx_word' id='word_1_105' title='bbox 226 1530 348 1582; x_wconf 83' lang='grc' dir='ltr'><strong>τῶν</strong></span> <span class='ocrx_word' id='word_1_106' title='bbox 396 1529 586 1590; x_wconf 82' lang='grc' dir='ltr'>ἐθνῶν.</span> <span class='ocrx_word' id='word_1_107' title='bbox 632 1529 849 1599; x_wconf 80' lang='grc' dir='ltr'>ἥλωσάν</span> <span class='ocrx_word' id='word_1_108' title='bbox 892 1546 975 1592; x_wconf 84' lang='grc' dir='ltr'><strong>τε,</strong></span> <span class='ocrx_word' id='word_1_109' title='bbox 1011 1533 1107 1584; x_wconf 70' lang='grc' dir='ltr'><strong>καὶ</strong></span> <span class='ocrx_word' id='word_1_110' title='bbox 1157 1530 1501 1596; x_wconf 79' lang='grc' dir='ltr'>πεπτώκασι,</span> <span class='ocrx_word' id='word_1_111' title='bbox 1531 1531 1828 1585; x_wconf 86' lang='grc' dir='ltr'>κάντεῦθεν</span> 
     </span>
    </p>
   </div>
   <div class='ocr_carea' id='block_1_17' title="bbox 228 1617 1828 1697">
    <p class='ocr_par' dir='ltr' id='par_1_17' title="bbox 228 1617 1828 1697">
     <span class='ocr_line' id='line_1_17' title="bbox 228 1617 1828 1697; baseline 0.002 -23"><span class='ocrx_word' id='word_1_112' title='bbox 228 1621 306 1674; x_wconf 80' lang='grc' dir='ltr'>ἂν</span> <span class='ocrx_word' id='word_1_113' title='bbox 334 1621 545 1691; x_wconf 81' lang='grc' dir='ltr'><strong>μάθοις.</strong></span> <span class='ocrx_word' id='word_1_114' title='bbox 570 1622 780 1693; x_wconf 81' lang='grc' dir='ltr'>Γράφει</span> <span class='ocrx_word' id='word_1_115' title='bbox 809 1623 916 1693; x_wconf 85' lang='grc' dir='ltr'>γὰρ</span> <span class='ocrx_word' id='word_1_116' title='bbox 942 1617 1043 1677; x_wconf 83' lang='grc' dir='ltr'>ὧδε</span> <span class='ocrx_word' id='word_1_117' title='bbox 1075 1623 1235 1678; x_wconf 88' lang='grc' dir='ltr'>πάλιν</span> <span class='ocrx_word' id='word_1_118' title='bbox 1268 1625 1327 1677; x_wconf 84' lang='grc' dir='ltr'><strong>ἐν</strong></span> <span class='ocrx_word' id='word_1_119' title='bbox 1362 1622 1439 1695; x_wconf 81' lang='grc' dir='ltr'>τῷ</span> <span class='ocrx_word' id='word_1_120' title='bbox 1471 1624 1710 1697; x_wconf 85' lang='grc' dir='ltr'>δευτέρῳ</span> <span class='ocrx_word' id='word_1_121' title='bbox 1745 1624 1828 1695; x_wconf 87' lang='grc' dir='ltr'><strong>βι-</strong></span> 
     </span>
    </p>
   </div>
   <div class='ocr_carea' id='block_1_18' title="bbox 226 1713 1827 1788">
    <p class='ocr_par' dir='ltr' id='par_1_18' title="bbox 226 1713 1827 1788">
     <span class='ocr_line' id='line_1_18' title="bbox 226 1713 1827 1788; baseline 0.004 -23"><span class='ocrx_word' id='word_1_122' title='bbox 226 1713 373 1785; x_wconf 84' lang='grc' dir='ltr'>ϐλίῳ</span> <span class='ocrx_word' id='word_1_123' title='bbox 393 1732 409 1747; x_wconf 74' lang='grc' dir='ltr'><strong>ο</strong></span> <span class='ocrx_word' id='word_1_124' title='bbox 448 1734 465 1765; x_wconf 78' lang='grc' dir='ltr'><strong>ι</strong></span> <span class='ocrx_word' id='word_1_125' title='bbox 502 1716 612 1768; x_wconf 76' lang='grc' dir='ltr'><strong>Καὶ</strong></span> <span class='ocrx_word' id='word_1_126' title='bbox 646 1716 863 1783; x_wconf 84' lang='grc' dir='ltr'>ἐγένετο</span> <span class='ocrx_word' id='word_1_127' title='bbox 890 1716 967 1779; x_wconf 84' lang='grc' dir='ltr'>ὡς</span> <span class='ocrx_word' id='word_1_128' title='bbox 994 1716 1193 1788; x_wconf 75' lang='grc' dir='ltr'>ἤκουσε</span> <span class='ocrx_word' id='word_1_129' title='bbox 1222 1716 1561 1781; x_wconf 84' lang='grc' dir='ltr'>Σαναϐαλὰτ,</span> <span class='ocrx_word' id='word_1_130' title='bbox 1593 1718 1685 1771; x_wconf 80' lang='grc' dir='ltr'>καὶ</span> <span class='ocrx_word' id='word_1_131' title='bbox 1710 1719 1827 1771; x_wconf 87' lang='grc' dir='ltr'>Τω-</span> 
     </span>
    </p>
   </div>
   <div class='ocr_carea' id='block_1_19' title="bbox 225 1803 1820 1881">
    <p class='ocr_par' dir='ltr' id='par_1_19' title="bbox 225 1803 1820 1881">
     <span class='ocr_line' id='line_1_19' title="bbox 225 1803 1820 1881; baseline 0.004 -24"><span class='ocrx_word' id='word_1_132' title='bbox 225 1803 382 1872; x_wconf 79' lang='grc' dir='ltr'>ϐίας,</span> <span class='ocrx_word' id='word_1_133' title='bbox 408 1806 504 1859; x_wconf 77' lang='grc' dir='ltr'><strong>καὶ</strong></span> <span class='ocrx_word' id='word_1_134' title='bbox 545 1807 596 1859; x_wconf 82' lang='grc' dir='ltr'>οἱ</span> <span class='ocrx_word' id='word_1_135' title='bbox 623 1807 881 1877; x_wconf 72' lang='grc' dir='ltr'>Ἄραϐες,</span> <span class='ocrx_word' id='word_1_136' title='bbox 914 1808 1006 1861; x_wconf 78' lang='grc' dir='ltr'><strong>καὶ</strong></span> <span class='ocrx_word' id='word_1_137' title='bbox 1036 1809 1085 1860; x_wconf 82' lang='lat' dir='ltr'><strong>oi</strong></span> <span class='ocrx_word' id='word_1_138' title='bbox 1110 1808 1441 1880; x_wconf 83' lang='grc' dir='ltr'>Ἀμμανῖται</span> <span class='ocrx_word' id='word_1_139' title='bbox 1466 1810 1548 1863; x_wconf 82' lang='grc' dir='ltr'>ὅτι</span> <span class='ocrx_word' id='word_1_140' title='bbox 1582 1810 1753 1880; x_wconf 80' lang='grc' dir='ltr'>ἀνέϐη</span> <span class='ocrx_word' id='word_1_141' title='bbox 1787 1812 1820 1881; x_wconf 85' lang='grc' dir='ltr'><strong>ή</strong></span> 
     </span>
    </p>
   </div>
   <div class='ocr_carea' id='block_1_20' title="bbox 223 1898 1827 1974">
    <p class='ocr_par' dir='ltr' id='par_1_20' title="bbox 223 1898 1827 1974">
     <span class='ocr_line' id='line_1_20' title="bbox 223 1898 1827 1974; baseline 0.002 -23"><span class='ocrx_word' id='word_1_142' title='bbox 223 1898 348 1968; x_wconf 73' lang='grc' dir='ltr'><strong>φυὴ</strong></span> <span class='ocrx_word' id='word_1_143' title='bbox 394 1901 510 1962; x_wconf 85' lang='grc' dir='ltr'>τοῖς</span> <span class='ocrx_word' id='word_1_144' title='bbox 540 1899 775 1969; x_wconf 80' lang='grc' dir='ltr'>τείχεσιν</span> <span class='ocrx_word' id='word_1_145' title='bbox 815 1899 1189 1971; x_wconf 84' lang='grc' dir='ltr'>Ἰερουσαλὴμ,</span> <span class='ocrx_word' id='word_1_146' title='bbox 1224 1901 1319 1953; x_wconf 76' lang='grc' dir='ltr'><strong>καὶ</strong></span> <span class='ocrx_word' id='word_1_147' title='bbox 1362 1902 1445 1955; x_wconf 83' lang='grc' dir='ltr'>ὅτι</span> <span class='ocrx_word' id='word_1_148' title='bbox 1491 1902 1728 1974; x_wconf 70' lang='grc' dir='ltr'>ἤρξαντο</span> <span class='ocrx_word' id='word_1_149' title='bbox 1772 1903 1827 1956; x_wconf 80' lang='lat' dir='ltr'><strong>al</strong></span> 
     </span>
    </p>
   </div>
   <div class='ocr_carea' id='block_1_21' title="bbox 223 1988 1829 2065">
    <p class='ocr_par' dir='ltr' id='par_1_21' title="bbox 223 1988 1829 2065">
     <span class='ocr_line' id='line_1_21' title="bbox 223 1988 1829 2065; baseline 0.004 -24"><span class='ocrx_word' id='word_1_150' title='bbox 223 1988 536 2059; x_wconf 76' lang='grc' dir='ltr'>διασφαγαὶ</span> <span class='ocrx_word' id='word_1_151' title='bbox 564 1990 1032 2061; x_wconf 86' lang='grc' dir='ltr'>ἀναφράσσεσθαι,</span> <span class='ocrx_word' id='word_1_152' title='bbox 1058 1991 1153 2044; x_wconf 74' lang='grc' dir='ltr'>καὶ</span> <span class='ocrx_word' id='word_1_153' title='bbox 1184 1992 1419 2063; x_wconf 82' lang='grc' dir='ltr'>πονηρὸν</span> <span class='ocrx_word' id='word_1_154' title='bbox 1448 1994 1631 2057; x_wconf 78' lang='grc' dir='ltr'>αὐτοῖς</span> <span class='ocrx_word' id='word_1_155' title='bbox 1655 1993 1829 2065; x_wconf 89' lang='grc' dir='ltr'>ἐφάνη</span> 
     </span>
    </p>
   </div>
   <div class='ocr_carea' id='block_1_22' title="bbox 224 2080 1830 2152">
    <p class='ocr_par' dir='ltr' id='par_1_22' title="bbox 224 2080 1830 2152">
     <span class='ocr_line' id='line_1_22' title="bbox 224 2080 1830 2152; baseline 0.004 -21"><span class='ocrx_word' id='word_1_156' title='bbox 224 2080 467 2152; x_wconf 81' lang='grc' dir='ltr'>σφόδρα.</span> <span class='ocrx_word' id='word_1_157' title='bbox 496 2081 606 2135; x_wconf 80' lang='grc' dir='ltr'>Καὶ</span> <span class='ocrx_word' id='word_1_158' title='bbox 650 2082 996 2152; x_wconf 85' lang='grc' dir='ltr'>συνήχθησαν</span> <span class='ocrx_word' id='word_1_159' title='bbox 1036 2082 1243 2147; x_wconf 87' lang='grc' dir='ltr'>πάντες</span> <span class='ocrx_word' id='word_1_160' title='bbox 1277 2084 1369 2136; x_wconf 80' lang='grc' dir='ltr'>ἐπὶ</span> <span class='ocrx_word' id='word_1_161' title='bbox 1416 2084 1477 2137; x_wconf 83' lang='grc' dir='ltr'><strong>τὸ</strong></span> <span class='ocrx_word' id='word_1_162' title='bbox 1522 2085 1653 2138; x_wconf 81' lang='grc' dir='ltr'>αὐτὸ</span> <span class='ocrx_word' id='word_1_163' title='bbox 1683 2086 1830 2150; x_wconf 77' lang='grc' dir='ltr'>ἐξελ-</span> 
     </span>
    </p>
   </div>
   <div class='ocr_carea' id='block_1_23' title="bbox 222 2171 1830 2249">
    <p class='ocr_par' dir='ltr' id='par_1_23' title="bbox 222 2171 1830 2249">
     <span class='ocr_line' id='line_1_23' title="bbox 222 2171 1830 2249; baseline 0.003 -24"><span class='ocrx_word' id='word_1_164' title='bbox 222 2171 370 2235; x_wconf 77' lang='grc' dir='ltr'>θεῖν,</span> <span class='ocrx_word' id='word_1_165' title='bbox 416 2173 510 2226; x_wconf 79' lang='grc' dir='ltr'><strong>καὶ</strong></span> <span class='ocrx_word' id='word_1_166' title='bbox 554 2173 976 2245; x_wconf 75' lang='grc' dir='ltr'>παρατάξασθαι</span> <span class='ocrx_word' id='word_1_167' title='bbox 1024 2176 1081 2229; x_wconf 84' lang='grc' dir='ltr'><strong>ἐν</strong></span> <span class='ocrx_word' id='word_1_168' title='bbox 1114 2175 1490 2249; x_wconf 84' lang='grc' dir='ltr'>Ἰερουσαλήμ.</span> <span class='ocrx_word' id='word_1_169' title='bbox 1541 2178 1648 2229; x_wconf 79' lang='grc' dir='ltr'><strong>Καὶ</strong></span> <span class='ocrx_word' id='word_1_170' title='bbox 1694 2177 1830 2249; x_wconf 78' lang='grc' dir='ltr'>πρὸς</span> 
     </span>
    </p>
   </div>
   <div class='ocr_carea' id='block_1_24' title="bbox 223 2265 1830 2341">
    <p class='ocr_par' dir='ltr' id='par_1_24' title="bbox 223 2265 1830 2341">
     <span class='ocr_line' id='line_1_24' title="bbox 223 2265 1830 2341; baseline 0.002 -22"><span class='ocrx_word' id='word_1_171' title='bbox 223 2266 442 2336; x_wconf 82' lang='grc' dir='ltr'>Κύριον</span> <span class='ocrx_word' id='word_1_172' title='bbox 489 2265 581 2320; x_wconf 80' lang='grc' dir='ltr'><strong>τὸν</strong></span> <span class='ocrx_word' id='word_1_173' title='bbox 627 2266 760 2319; x_wconf 83' lang='grc' dir='ltr'>Θεὸν</span> <span class='ocrx_word' id='word_1_174' title='bbox 800 2266 981 2338; x_wconf 84' lang='grc' dir='ltr'>ήμῶν,</span> <span class='ocrx_word' id='word_1_175' title='bbox 1030 2269 1186 2340; x_wconf 71' lang='grc' dir='ltr'>φησὶ,</span> <span class='ocrx_word' id='word_1_176' title='bbox 1232 2269 1684 2341; x_wconf 78' lang='grc' dir='ltr'>προσηυξάμεθα,</span> <span class='ocrx_word' id='word_1_177' title='bbox 1734 2270 1830 2323; x_wconf 76' lang='grc' dir='ltr'><strong>καὶ</strong></span> 
     </span>
    </p>
   </div>
   <div class='ocr_carea' id='block_1_25' title="bbox 222 2356 1830 2434">
    <p class='ocr_par' dir='ltr' id='par_1_25' title="bbox 222 2356 1830 2434">
     <span class='ocr_line' id='line_1_25' title="bbox 222 2356 1830 2434; baseline 0.005 -25"><span class='ocrx_word' id='word_1_178' title='bbox 222 2358 547 2429; x_wconf 72' lang='grc' dir='ltr'>ἐστήσαμεν</span> <span class='ocrx_word' id='word_1_179' title='bbox 593 2356 952 2429; x_wconf 82' lang='grc' dir='ltr'>προφύλακας</span> <span class='ocrx_word' id='word_1_180' title='bbox 992 2362 1080 2414; x_wconf 78' lang='grc' dir='ltr'>ἐπ’</span> <span class='ocrx_word' id='word_1_181' title='bbox 1111 2362 1329 2428; x_wconf 80' lang='grc' dir='ltr'>αὐτοὺς,</span> <span class='ocrx_word' id='word_1_182' title='bbox 1371 2363 1587 2434; x_wconf 78' lang='grc' dir='ltr'>ἡμέρας</span> <span class='ocrx_word' id='word_1_183' title='bbox 1615 2364 1707 2417; x_wconf 77' lang='grc' dir='ltr'>καὶ</span> <span class='ocrx_word' id='word_1_184' title='bbox 1738 2380 1830 2416; x_wconf 87' lang='grc' dir='ltr'>νυ-</span> 
     </span>
    </p>
   </div>
   <div class='ocr_carea' id='block_1_26' title="bbox 222 2446 1829 2517">
    <p class='ocr_par' dir='ltr' id='par_1_26' title="bbox 222 2446 1829 2517">
     <span class='ocr_line' id='line_1_26' title="bbox 222 2446 1829 2517; baseline 0.004 -19"><span class='ocrx_word' id='word_1_185' title='bbox 222 2446 365 2511; x_wconf 76' lang='grc' dir='ltr'>κτὸς</span> <span class='ocrx_word' id='word_1_186' title='bbox 390 2447 497 2499; x_wconf 77' lang='grc' dir='ltr'><strong>ἀπὸ</strong></span> <span class='ocrx_word' id='word_1_187' title='bbox 523 2446 817 2517; x_wconf 83' lang='grc' dir='ltr'>προσώπου</span> <span class='ocrx_word' id='word_1_188' title='bbox 852 2449 1050 2505; x_wconf 83' lang='grc' dir='ltr'>αὐτῶν.</span> <span class='ocrx_word' id='word_1_189' title='bbox 1084 2452 1194 2506; x_wconf 67' lang='grc' dir='ltr'><strong>Καὶ</strong></span> <span class='ocrx_word' id='word_1_190' title='bbox 1237 2448 1390 2506; x_wconf 84' lang='grc' dir='ltr'>εἶπεν</span> <span class='ocrx_word' id='word_1_191' title='bbox 1423 2452 1624 2517; x_wconf 79' lang='grc' dir='ltr'>Ἰούδας</span> <span class='ocrx_word' id='word_1_192' title='bbox 1644 2468 1658 2483; x_wconf 85' lang='lat'><strong><em>°</em></strong></span> <span class='ocrx_word' id='word_1_193' title='bbox 1691 2456 1829 2507; x_wconf 79' lang='grc' dir='ltr'>Συν-</span> 
     </span>
    </p>
   </div>
   <div class='ocr_carea' id='block_1_27' title="bbox 223 2537 1829 2615">
    <p class='ocr_par' dir='ltr' id='par_1_27' title="bbox 223 2537 1829 2615">
     <span class='ocr_line' id='line_1_27' title="bbox 223 2537 1829 2615; baseline 0.006 -25"><span class='ocrx_word' id='word_1_194' title='bbox 223 2537 426 2609; x_wconf 85' lang='grc' dir='ltr'>ετρίϐη</span> <span class='ocrx_word' id='word_1_195' title='bbox 458 2540 491 2611; x_wconf 77' lang='grc' dir='ltr'>ἡ</span> <span class='ocrx_word' id='word_1_196' title='bbox 529 2540 683 2610; x_wconf 81' lang='grc' dir='ltr'>ίσχὺς</span> <span class='ocrx_word' id='word_1_197' title='bbox 711 2540 819 2595; x_wconf 82' lang='grc' dir='ltr'>τῶν</span> <span class='ocrx_word' id='word_1_198' title='bbox 850 2542 1081 2613; x_wconf 82' lang='grc' dir='ltr'>ἐχθρῶν,</span> <span class='ocrx_word' id='word_1_199' title='bbox 1117 2545 1211 2607; x_wconf 78' lang='grc' dir='ltr'><strong>καὶ</strong></span> <span class='ocrx_word' id='word_1_200' title='bbox 1237 2544 1394 2615; x_wconf 78' lang='grc' dir='ltr'>ὄχλος</span> <span class='ocrx_word' id='word_1_201' title='bbox 1427 2546 1611 2609; x_wconf 87' lang='grc' dir='ltr'>πολύς.</span> <span class='ocrx_word' id='word_1_202' title='bbox 1646 2565 1666 2597; x_wconf 74' lang='grc' dir='ltr'><strong><em>ι</em></strong></span> <span class='ocrx_word' id='word_1_203' title='bbox 1720 2547 1829 2600; x_wconf 75' lang='grc' dir='ltr'><strong>Καὶ</strong></span> 
     </span>
    </p>
   </div>
   <div class='ocr_carea' id='block_1_28' title="bbox 226 2630 1827 2709">
    <p class='ocr_par' dir='ltr' id='par_1_28' title="bbox 226 2630 1827 2709">
     <span class='ocr_line' id='line_1_28' title="bbox 226 2630 1827 2709; baseline 0.004 -27"><span class='ocrx_word' id='word_1_204' title='bbox 226 2630 520 2699; x_wconf 83' lang='grc' dir='ltr'>σεσίγηται</span> <span class='ocrx_word' id='word_1_205' title='bbox 552 2632 652 2702; x_wconf 79' lang='grc' dir='ltr'>μὲν</span> <span class='ocrx_word' id='word_1_206' title='bbox 681 2634 739 2685; x_wconf 83' lang='grc' dir='ltr'><strong>ἐν</strong></span> <span class='ocrx_word' id='word_1_207' title='bbox 766 2632 975 2696; x_wconf 77' lang='grc' dir='ltr'>τούτοις</span> <span class='ocrx_word' id='word_1_208' title='bbox 1012 2635 1111 2704; x_wconf 82' lang='grc' dir='ltr'>τῆς</span> <span class='ocrx_word' id='word_1_209' title='bbox 1135 2634 1383 2698; x_wconf 86' lang='grc' dir='ltr'>κοιλάδος</span> <span class='ocrx_word' id='word_1_210' title='bbox 1411 2637 1444 2707; x_wconf 79' lang='grc' dir='ltr'>ἡ</span> <span class='ocrx_word' id='word_1_211' title='bbox 1479 2638 1690 2709; x_wconf 81' lang='grc' dir='ltr'>μνήμη.</span> <span class='ocrx_word' id='word_1_212' title='bbox 1724 2636 1827 2689; x_wconf 76' lang='grc' dir='ltr'><strong>Φέ-</strong></span> 
     </span>
    </p>
   </div>
   <div class='ocr_carea' id='block_1_29' title="bbox 224 2721 1821 2799">
    <p class='ocr_par' dir='ltr' id='par_1_29' title="bbox 224 2721 1821 2799">
     <span class='ocr_line' id='line_1_29' title="bbox 224 2721 1821 2799; baseline 0.006 -27"><span class='ocrx_word' id='word_1_213' title='bbox 224 2732 320 2792; x_wconf 74' lang='grc' dir='ltr'><strong>ρει</strong></span> <span class='ocrx_word' id='word_1_214' title='bbox 347 2721 406 2773; x_wconf 83' lang='grc' dir='ltr'>δὲ</span> <span class='ocrx_word' id='word_1_215' title='bbox 434 2721 593 2775; x_wconf 83' lang='grc' dir='ltr'>τοῦτο</span> <span class='ocrx_word' id='word_1_216' title='bbox 624 2722 790 2777; x_wconf 85' lang='grc' dir='ltr'>πάλιν</span> <span class='ocrx_word' id='word_1_217' title='bbox 818 2726 898 2788; x_wconf 87' lang='grc' dir='ltr'><strong>είς</strong></span> <span class='ocrx_word' id='word_1_218' title='bbox 932 2727 1127 2796; x_wconf 81' lang='grc' dir='ltr'>ἠμᾶςό</span> <span class='ocrx_word' id='word_1_219' title='bbox 1146 2728 1246 2797; x_wconf 84' lang='grc' dir='ltr'>τῆς</span> <span class='ocrx_word' id='word_1_220' title='bbox 1266 2728 1617 2799; x_wconf 81' lang='grc' dir='ltr'>παραδόσεως</span> <span class='ocrx_word' id='word_1_221' title='bbox 1646 2729 1821 2796; x_wconf 83' lang='grc' dir='ltr'>λόγος.</span> 
     </span>
    </p>
   </div>
   <div class='ocr_carea' id='block_1_30' title="bbox 237 2812 1828 2890">
    <p class='ocr_par' dir='ltr' id='par_1_30' title="bbox 237 2812 1828 2890">
     <span class='ocr_line' id='line_1_30' title="bbox 237 2812 1828 2890; baseline 0.008 -27"><span class='ocrx_word' id='word_1_222' title='bbox 237 2812 570 2883; x_wconf 77' lang='grc' dir='ltr'>’Δξιόχρεως</span> <span class='ocrx_word' id='word_1_223' title='bbox 611 2815 669 2868; x_wconf 80' lang='grc' dir='ltr'>δὲ</span> <span class='ocrx_word' id='word_1_224' title='bbox 712 2819 793 2880; x_wconf 86' lang='grc' dir='ltr'><strong>είς</strong></span> <span class='ocrx_word' id='word_1_225' title='bbox 848 2817 1033 2873; x_wconf 89' lang='grc' dir='ltr'>πίστιν</span> <span class='ocrx_word' id='word_1_226' title='bbox 1084 2820 1118 2890; x_wconf 81' lang='grc' dir='ltr'><strong>ή</strong></span> <span class='ocrx_word' id='word_1_227' title='bbox 1166 2821 1471 2890; x_wconf 74' lang='grc' dir='ltr'>προφητεία</span> <span class='ocrx_word' id='word_1_228' title='bbox 1525 2822 1616 2875; x_wconf 81' lang='grc' dir='ltr'>καὶ</span> <span class='ocrx_word' id='word_1_229' title='bbox 1665 2823 1828 2876; x_wconf 80' lang='grc' dir='ltr'>αὐτὸν</span> 
     </span>
    </p>
   </div>
   <div class='ocr_carea' id='block_1_31' title="bbox 222 2902 1828 2986">
    <p class='ocr_par' dir='ltr' id='par_1_31' title="bbox 222 2902 1828 2986">
     <span class='ocr_line' id='line_1_31' title="bbox 222 2902 1828 2986; baseline 0.008 -32"><span class='ocrx_word' id='word_1_230' title='bbox 222 2902 367 2974; x_wconf 65' lang='grc' dir='ltr'><strong>⁴ἡμῖν</strong></span> <span class='ocrx_word' id='word_1_231' title='bbox 391 2903 482 2957; x_wconf 79' lang='grc' dir='ltr'><strong>τὸν</strong></span> <span class='ocrx_word' id='word_1_232' title='bbox 506 2903 598 2957; x_wconf 89' lang='grc' dir='ltr'><strong>τοῦ</strong></span> <span class='ocrx_word' id='word_1_233' title='bbox 621 2906 858 2978; x_wconf 88' lang='grc' dir='ltr'>πολέμου</span> <span class='ocrx_word' id='word_1_234' title='bbox 887 2911 1065 2981; x_wconf 84' lang='grc' dir='ltr'>χῶρον</span> <span class='ocrx_word' id='word_1_235' title='bbox 1098 2912 1562 2983; x_wconf 80' lang='grc' dir='ltr'>κατονομὰζουσα.</span> <span class='ocrx_word' id='word_1_236' title='bbox 1584 2914 1828 2986; x_wconf 79' lang='grc' dir='ltr'>Ταυτησὶ</span> 
     </span>
    </p>
   </div>
   <div class='ocr_carea' id='block_1_32' title="bbox 220 2996 1827 3077">
    <p class='ocr_par' dir='ltr' id='par_1_32' title="bbox 220 2996 1827 3077">
     <span class='ocr_line' id='line_1_32' title="bbox 220 2996 1827 3077; baseline 0.009 -29"><span class='ocrx_word' id='word_1_237' title='bbox 220 2996 335 3065; x_wconf 75' lang='grc' dir='ltr'><strong>τῆς</strong></span> <span class='ocrx_word' id='word_1_238' title='bbox 382 2997 623 3068; x_wconf 77' lang='grc' dir='ltr'>ἱστορίας</span> <span class='ocrx_word' id='word_1_239' title='bbox 683 3001 996 3072; x_wconf 80' lang='grc' dir='ltr'>μεμνῆσθαί</span> <span class='ocrx_word' id='word_1_240' title='bbox 1043 3021 1260 3075; x_wconf 85' lang='grc' dir='ltr'>φαμεν,</span> <span class='ocrx_word' id='word_1_241' title='bbox 1314 3003 1561 3071; x_wconf 80' lang='grc' dir='ltr'>συνάξειν</span> <span class='ocrx_word' id='word_1_242' title='bbox 1601 3008 1827 3077; x_wconf 83' lang='grc' dir='ltr'>λέγοντα</span> 
     </span>
    </p>
   </div>
   <div class='ocr_carea' id='block_1_33' title="bbox 223 3089 1825 3171">
    <p class='ocr_par' dir='ltr' id='par_1_33' title="bbox 223 3089 1825 3171">
     <span class='ocr_line' id='line_1_33' title="bbox 223 3089 1825 3171; baseline 0.007 -30"><span class='ocrx_word' id='word_1_243' title='bbox 223 3089 415 3144; x_wconf 76' lang='grc' dir='ltr'>πάντα</span> <span class='ocrx_word' id='word_1_244' title='bbox 439 3090 509 3143; x_wconf 87' lang='grc' dir='ltr'><strong>τά</strong></span> <span class='ocrx_word' id='word_1_245' title='bbox 546 3090 673 3161; x_wconf 77' lang='grc' dir='ltr'>ἔθνη</span> <span class='ocrx_word' id='word_1_246' title='bbox 700 3094 779 3155; x_wconf 85' lang='grc' dir='ltr'><strong>είς</strong></span> <span class='ocrx_word' id='word_1_247' title='bbox 815 3094 915 3165; x_wconf 80' lang='grc' dir='ltr'><strong>τὴν</strong></span> <span class='ocrx_word' id='word_1_248' title='bbox 947 3096 1170 3149; x_wconf 84' lang='grc' dir='ltr'>κοιλάδα</span> <span class='ocrx_word' id='word_1_249' title='bbox 1200 3098 1293 3151; x_wconf 91' lang='grc' dir='ltr'><strong>τοῦ</strong></span> <span class='ocrx_word' id='word_1_250' title='bbox 1318 3098 1608 3169; x_wconf 84' lang='grc' dir='ltr'>Ἰωσαφάτ.</span> <span class='ocrx_word' id='word_1_251' title='bbox 1658 3100 1825 3171; x_wconf 81' lang='grc' dir='ltr'>Δῆλον</span> 
     </span>
    </p>
   </div>
   <div class='ocr_carea' id='block_1_34' title="bbox 1930 612 3512 685">
    <p class='ocr_par' dir='ltr' id='par_1_34' title="bbox 1930 612 3512 685">
     <span class='ocr_line' id='line_1_34' title="bbox 1930 612 3512 685; baseline 0.002 -18"><span class='ocrx_word' id='word_1_252' title='bbox 1930 616 2151 668; x_wconf 89' lang='lat' dir='ltr'><strong>domum</strong></span> <span class='ocrx_word' id='word_1_253' title='bbox 2182 612 2292 668; x_wconf 89' lang='lat' dir='ltr'><strong>Deo</strong></span> <span class='ocrx_word' id='word_1_254' title='bbox 2323 623 2533 677; x_wconf 88' lang='lat' dir='ltr'><strong>nostro,</strong></span> <span class='ocrx_word' id='word_1_255' title='bbox 2565 613 2818 681; x_wconf 78' lang='lat' dir='ltr'><strong>quoniam</strong></span> <span class='ocrx_word' id='word_1_256' title='bbox 2846 626 2947 669; x_wconf 89' lang='lat' dir='ltr'><strong>nos</strong></span> <span class='ocrx_word' id='word_1_257' title='bbox 2982 614 3083 685; x_wconf 85' lang='lat' dir='ltr'><strong>ipsi</strong></span> <span class='ocrx_word' id='word_1_258' title='bbox 3123 614 3512 685; x_wconf 71' lang='lat' dir='ltr'><strong>idipsunt.aedi-</strong></span> 
     </span>
    </p>
   </div>
   <div class='ocr_carea' id='block_1_35' title="bbox 1932 704 3513 779">
    <p class='ocr_par' dir='ltr' id='par_1_35' title="bbox 1932 704 3513 779">
     <span class='ocr_line' id='line_1_35' title="bbox 1932 704 3513 779; baseline 0.001 -18"><span class='ocrx_word' id='word_1_259' title='bbox 1932 706 2215 761; x_wconf 81' lang='lat' dir='ltr'><strong>ficabitnus</strong></span> <span class='ocrx_word' id='word_1_260' title='bbox 2257 704 2485 761; x_wconf 90' lang='lat' dir='ltr'><strong>Domino</strong></span> <span class='ocrx_word' id='word_1_261' title='bbox 2531 705 2642 762; x_wconf 90' lang='lat' dir='ltr'><strong>Deo</strong></span> <span class='ocrx_word' id='word_1_262' title='bbox 2683 716 2890 774; x_wconf 89' lang='lat' dir='ltr'><strong>nostro,</strong></span> <span class='ocrx_word' id='word_1_263' title='bbox 2931 708 3072 763; x_wconf 92' lang='lat' dir='ltr'><strong>sicut</strong></span> <span class='ocrx_word' id='word_1_264' title='bbox 3115 710 3372 779; x_wconf 73' lang='lat' dir='ltr'><strong>praecepit</strong></span> <span class='ocrx_word' id='word_1_265' title='bbox 3416 724 3513 763; x_wconf 87' lang='lat' dir='ltr'><strong>no-</strong></span> 
     </span>
    </p>
   </div>
   <div class='ocr_carea' id='block_1_36' title="bbox 1928 798 3512 869">
    <p class='ocr_par' dir='ltr' id='par_1_36' title="bbox 1928 798 3512 869">
     <span class='ocr_line' id='line_1_36' title="bbox 1928 798 3512 869; baseline -0.001 -14"><span class='ocrx_word' id='word_1_266' title='bbox 1928 800 2014 855; x_wconf 87' lang='lat' dir='ltr'><strong>bis</strong></span> <span class='ocrx_word' id='word_1_267' title='bbox 2058 798 2234 868; x_wconf 82' lang='lat' dir='ltr'><strong>Cyrus</strong></span> <span class='ocrx_word' id='word_1_268' title='bbox 2274 814 2365 853; x_wconf 78' lang='lat' dir='ltr'><strong>rex</strong></span> <span class='ocrx_word' id='word_1_269' title='bbox 2428 798 2739 854; x_wconf 90' lang='lat' dir='ltr'><strong>Persarum.</strong></span> <span class='ocrx_word' id='word_1_270' title='bbox 2795 799 2863 853; x_wconf 86' lang='lat' dir='ltr'><strong>Et</strong></span> <span class='ocrx_word' id='word_1_271' title='bbox 2907 799 3006 854; x_wconf 91' lang='lat' dir='ltr'><strong>fuit</strong></span> <span class='ocrx_word' id='word_1_272' title='bbox 3047 801 3276 869; x_wconf 90' lang='lat' dir='ltr'><strong>populus</strong></span> <span class='ocrx_word' id='word_1_273' title='bbox 3355 812 3512 857; x_wconf 76' lang='lat' dir='ltr'><strong>terra:</strong></span> 
     </span>
    </p>
   </div>
   <div class='ocr_carea' id='block_1_37' title="bbox 1930 888 3511 960">
    <p class='ocr_par' dir='ltr' id='par_1_37' title="bbox 1930 888 3511 960">
     <span class='ocr_line' id='line_1_37' title="bbox 1930 888 3511 960; baseline 0 -15"><span class='ocrx_word' id='word_1_274' title='bbox 1930 890 2231 945; x_wconf 89' lang='lat' dir='ltr'><strong>dissolvens</strong></span> <span class='ocrx_word' id='word_1_275' title='bbox 2274 904 2469 944; x_wconf 86' lang='lat' dir='ltr'><strong>manus</strong></span> <span class='ocrx_word' id='word_1_276' title='bbox 2493 888 2652 955; x_wconf 78' lang='lat' dir='ltr'><strong>Jnda,</strong></span> <span class='ocrx_word' id='word_1_277' title='bbox 2687 898 2740 944; x_wconf 86' lang='lat' dir='ltr'><strong>et</strong></span> <span class='ocrx_word' id='word_1_278' title='bbox 2767 891 3133 959; x_wconf 85' lang='lat' dir='ltr'><strong>impediebant</strong></span> <span class='ocrx_word' id='word_1_279' title='bbox 3178 892 3305 960; x_wconf 88' lang='lat' dir='ltr'><strong>ipsis</strong></span> <span class='ocrx_word' id='word_1_280' title='bbox 3338 893 3511 946; x_wconf 61' lang='lat' dir='ltr'><strong>adifi-</strong></span> 
     </span>
    </p>
   </div>
   <div class='ocr_carea' id='block_1_38' title="bbox 1929 980 3513 1048">
    <p class='ocr_par' dir='ltr' id='par_1_38' title="bbox 1929 980 3513 1048">
     <span class='ocr_line' id='line_1_38' title="bbox 1929 980 3513 1048; baseline 0.001 -12"><span class='ocrx_word' id='word_1_281' title='bbox 1929 982 2224 1048; x_wconf 80' lang='lat' dir='ltr'><strong>cationem,</strong></span> <span class='ocrx_word' id='word_1_282' title='bbox 2254 988 2308 1035; x_wconf 87' lang='lat' dir='ltr'><strong>et</strong></span> <span class='ocrx_word' id='word_1_283' title='bbox 2349 980 2731 1035; x_wconf 87' lang='lat' dir='ltr'><strong>conducebant</strong></span> <span class='ocrx_word' id='word_1_284' title='bbox 2756 982 3024 1034; x_wconf 88' lang='lat' dir='ltr'><strong>adversus</strong></span> <span class='ocrx_word' id='word_1_285' title='bbox 3064 995 3159 1034; x_wconf 91' lang='lat' dir='ltr'><strong>eos</strong></span> <span class='ocrx_word' id='word_1_286' title='bbox 3202 981 3513 1037; x_wconf 85' lang='lat' dir='ltr'><strong>consiliato—</strong></span> 
     </span>
    </p>
   </div>
   <div class='ocr_carea' id='block_1_39' title="bbox 1930 1072 3515 1140">
    <p class='ocr_par' dir='ltr' id='par_1_39' title="bbox 1930 1072 3515 1140">
     <span class='ocr_line' id='line_1_39' title="bbox 1930 1072 3515 1140; baseline 0 -13"><span class='ocrx_word' id='word_1_287' title='bbox 1930 1089 2037 1140; x_wconf 91' lang='lat' dir='ltr'><strong>res,</strong></span> <span class='ocrx_word' id='word_1_288' title='bbox 2091 1082 2151 1127; x_wconf 92' lang='lat' dir='ltr'><strong>ut</strong></span> <span class='ocrx_word' id='word_1_289' title='bbox 2198 1074 2544 1127; x_wconf 89' lang='lat' dir='ltr'><strong>destruerent</strong></span> <span class='ocrx_word' id='word_1_290' title='bbox 2582 1072 2867 1126; x_wconf 87' lang='lat' dir='ltr'><strong>consilium</strong></span> <span class='ocrx_word' id='word_1_291' title='bbox 2917 1087 3107 1126; x_wconf 88' lang='lat' dir='ltr'><strong>eorum</strong></span> <span class='ocrx_word' id='word_1_292' title='bbox 3130 1073 3198 1125; x_wconf 81' lang='lat'><strong>&quot;.</strong></span> <span class='ocrx_word' id='word_1_293' title='bbox 3228 1090 3247 1123; x_wconf 77' lang='grc' dir='ltr'><strong>ι</strong></span> <span class='ocrx_word' id='word_1_294' title='bbox 3283 1072 3389 1127; x_wconf 86' lang='lat' dir='ltr'><strong>Sed</strong></span> <span class='ocrx_word' id='word_1_295' title='bbox 3427 1089 3515 1127; x_wconf 80' lang='lat' dir='ltr'><strong>eo-</strong></span> 
     </span>
    </p>
   </div>
   <div class='ocr_carea' id='block_1_40' title="bbox 1929 1164 3507 1222">
    <p class='ocr_par' dir='ltr' id='par_1_40' title="bbox 1929 1164 3507 1222">
     <span class='ocr_line' id='line_1_40' title="bbox 1929 1164 3507 1222; baseline 0.001 -2"><span class='ocrx_word' id='word_1_296' title='bbox 1929 1181 2049 1220; x_wconf 85' lang='lat' dir='ltr'><strong>rum</strong></span> <span class='ocrx_word' id='word_1_297' title='bbox 2085 1165 2293 1220; x_wconf 79' lang='lat' dir='ltr'><strong>insidia:</strong></span> <span class='ocrx_word' id='word_1_298' title='bbox 2331 1177 2384 1219; x_wconf 91' lang='lat' dir='ltr'><strong>et</strong></span> <span class='ocrx_word' id='word_1_299' title='bbox 2433 1164 2741 1219; x_wconf 86' lang='lat' dir='ltr'><strong>molitiones</strong></span> <span class='ocrx_word' id='word_1_300' title='bbox 2784 1164 2850 1218; x_wconf 89' lang='lat' dir='ltr'><strong>ad</strong></span> <span class='ocrx_word' id='word_1_301' title='bbox 2895 1165 3122 1219; x_wconf 90' lang='lat' dir='ltr'><strong>nihilum</strong></span> <span class='ocrx_word' id='word_1_302' title='bbox 3173 1166 3507 1222; x_wconf 86' lang='lat' dir='ltr'><strong>reciderunt.</strong></span> 
     </span>
    </p>
   </div>
   <div class='ocr_carea' id='block_1_41' title="bbox 1934 1255 3511 1327">
    <p class='ocr_par' dir='ltr' id='par_1_41' title="bbox 1934 1255 3511 1327">
     <span class='ocr_line' id='line_1_41' title="bbox 1934 1255 3511 1327; baseline -0.001 -14"><span class='ocrx_word' id='word_1_303' title='bbox 1934 1257 2029 1313; x_wconf 87' lang='lat' dir='ltr'><strong>Ubi</strong></span> <span class='ocrx_word' id='word_1_304' title='bbox 2064 1258 2403 1327; x_wconf 77' lang='lat' dir='ltr'><strong>postmodum</strong></span> <span class='ocrx_word' id='word_1_305' title='bbox 2434 1257 2652 1313; x_wconf 91' lang='lat' dir='ltr'><strong>omissis</strong></span> <span class='ocrx_word' id='word_1_306' title='bbox 2690 1255 2971 1311; x_wconf 79' lang='lat' dir='ltr'><strong>fraudibus</strong></span> <span class='ocrx_word' id='word_1_307' title='bbox 3003 1256 3352 1313; x_wconf 79' lang='lat' dir='ltr'><strong>clandestinis</strong></span> <span class='ocrx_word' id='word_1_308' title='bbox 3376 1297 3392 1323; x_wconf 90' lang='lat'><strong>,</strong></span> <span class='ocrx_word' id='word_1_309' title='bbox 3425 1258 3511 1311; x_wconf 67' lang='lat' dir='ltr'><strong>vio</strong></span> 
     </span>
    </p>
   </div>
   <div class='ocr_carea' id='block_1_42' title="bbox 1929 1349 3509 1418">
    <p class='ocr_par' dir='ltr' id='par_1_42' title="bbox 1929 1349 3509 1418">
     <span class='ocr_line' id='line_1_42' title="bbox 1929 1349 3509 1418; baseline 0.003 -16"><span class='ocrx_word' id='word_1_310' title='bbox 1929 1349 2066 1402; x_wconf 71' lang='lat' dir='ltr'><strong>cinae</strong></span> <span class='ocrx_word' id='word_1_311' title='bbox 2125 1361 2312 1418; x_wconf 81' lang='lat' dir='ltr'><strong>gentes</strong></span> <span class='ocrx_word' id='word_1_312' title='bbox 2361 1364 2551 1404; x_wconf 90' lang='lat' dir='ltr'><strong>omnes</strong></span> <span class='ocrx_word' id='word_1_313' title='bbox 2620 1349 2671 1402; x_wconf 87' lang='lat' dir='ltr'><strong>in</strong></span> <span class='ocrx_word' id='word_1_314' title='bbox 2732 1359 2973 1417; x_wconf 82' lang='lat' dir='ltr'><strong>apertam</strong></span> <span class='ocrx_word' id='word_1_315' title='bbox 3027 1349 3133 1402; x_wconf 91' lang='lat' dir='ltr'><strong>vim</strong></span> <span class='ocrx_word' id='word_1_316' title='bbox 3185 1366 3250 1405; x_wconf 85' lang='lat' dir='ltr'><strong>ac</strong></span> <span class='ocrx_word' id='word_1_317' title='bbox 3310 1351 3509 1406; x_wconf 89' lang='lat' dir='ltr'><strong>bellum</strong></span> 
     </span>
    </p>
   </div>
   <div class='ocr_carea' id='block_1_43' title="bbox 1927 1438 3512 1511">
    <p class='ocr_par' dir='ltr' id='par_1_43' title="bbox 1927 1438 3512 1511">
     <span class='ocr_line' id='line_1_43' title="bbox 1927 1438 3512 1511; baseline 0 -16"><span class='ocrx_word' id='word_1_318' title='bbox 1927 1451 2240 1508; x_wconf 86' lang='lat' dir='ltr'><strong>eruperunt,</strong></span> <span class='ocrx_word' id='word_1_319' title='bbox 2275 1456 2427 1495; x_wconf 57' lang='lat' dir='ltr'><strong>etesse</strong></span> <span class='ocrx_word' id='word_1_320' title='bbox 2460 1440 2759 1510; x_wconf 66' lang='lat' dir='ltr'><strong>fugataeque</strong></span> <span class='ocrx_word' id='word_1_321' title='bbox 2786 1448 2933 1493; x_wconf 91' lang='lat' dir='ltr'><strong>sunt.</strong></span> <span class='ocrx_word' id='word_1_322' title='bbox 2961 1438 3112 1507; x_wconf 82' lang='lat' dir='ltr'><strong>Quod</strong></span> <span class='ocrx_word' id='word_1_323' title='bbox 3152 1442 3273 1497; x_wconf 84' lang='lat' dir='ltr'><strong>inde</strong></span> <span class='ocrx_word' id='word_1_324' title='bbox 3312 1457 3512 1511; x_wconf 84' lang='lat' dir='ltr'><strong>cogno-</strong></span> 
     </span>
    </p>
   </div>
   <div class='ocr_carea' id='block_1_44' title="bbox 1928 1532 3513 1589">
    <p class='ocr_par' dir='ltr' id='par_1_44' title="bbox 1928 1532 3513 1589">
     <span class='ocr_line' id='line_1_44' title="bbox 1928 1532 3513 1589; baseline 0.001 -2"><span class='ocrx_word' id='word_1_325' title='bbox 1928 1549 2071 1587; x_wconf 90' lang='lat' dir='ltr'><strong>scas.</strong></span> <span class='ocrx_word' id='word_1_326' title='bbox 2136 1532 2343 1587; x_wconf 80' lang='lat' dir='ltr'><strong>Rursus</strong></span> <span class='ocrx_word' id='word_1_327' title='bbox 2397 1534 2539 1588; x_wconf 88' lang='lat' dir='ltr'><strong>enim</strong></span> <span class='ocrx_word' id='word_1_328' title='bbox 2604 1532 2740 1587; x_wconf 87' lang='lat' dir='ltr'><strong>libro</strong></span> <span class='ocrx_word' id='word_1_329' title='bbox 2787 1534 3026 1588; x_wconf 88' lang='lat' dir='ltr'><strong>secundo</strong></span> <span class='ocrx_word' id='word_1_330' title='bbox 3080 1533 3159 1587; x_wconf 90' lang='lat' dir='ltr'><strong>sic</strong></span> <span class='ocrx_word' id='word_1_331' title='bbox 3208 1544 3294 1588; x_wconf 90' lang='lat' dir='ltr'><strong>est</strong></span> <span class='ocrx_word' id='word_1_332' title='bbox 3336 1550 3350 1589; x_wconf 88' lang='lat'><strong>:</strong></span> <span class='ocrx_word' id='word_1_333' title='bbox 3391 1552 3410 1587; x_wconf 77' lang='lat' dir='ltr'><strong>r</strong></span> <span class='ocrx_word' id='word_1_334' title='bbox 3444 1534 3513 1589; x_wconf 90' lang='lat' dir='ltr'><strong>Et</strong></span> 
     </span>
    </p>
   </div>
   <div class='ocr_carea' id='block_1_45' title="bbox 1929 1624 3513 1693">
    <p class='ocr_par' dir='ltr' id='par_1_45' title="bbox 1929 1624 3513 1693">
     <span class='ocr_line' id='line_1_45' title="bbox 1929 1624 3513 1693; baseline 0.003 -14"><span class='ocrx_word' id='word_1_335' title='bbox 1929 1624 2130 1679; x_wconf 89' lang='lat' dir='ltr'><strong>factum</strong></span> <span class='ocrx_word' id='word_1_336' title='bbox 2175 1632 2279 1689; x_wconf 89' lang='lat' dir='ltr'><strong>est,</strong></span> <span class='ocrx_word' id='word_1_337' title='bbox 2318 1639 2439 1677; x_wconf 90' lang='lat' dir='ltr'><strong>cum</strong></span> <span class='ocrx_word' id='word_1_338' title='bbox 2486 1625 2726 1679; x_wconf 79' lang='lat' dir='ltr'><strong>audisset</strong></span> <span class='ocrx_word' id='word_1_339' title='bbox 2768 1624 3090 1690; x_wconf 78' lang='lat' dir='ltr'><strong>Sanahalat,</strong></span> <span class='ocrx_word' id='word_1_340' title='bbox 3126 1624 3418 1693; x_wconf 86' lang='lat' dir='ltr'><strong>etTobias,</strong></span> <span class='ocrx_word' id='word_1_341' title='bbox 3456 1638 3513 1682; x_wconf 87' lang='lat' dir='ltr'><strong>et</strong></span> 
     </span>
    </p>
   </div>
   <div class='ocr_carea' id='block_1_46' title="bbox 1928 1714 3512 1786">
    <p class='ocr_par' dir='ltr' id='par_1_46' title="bbox 1928 1714 3512 1786">
     <span class='ocr_line' id='line_1_46' title="bbox 1928 1714 3512 1786; baseline 0.003 -17"><span class='ocrx_word' id='word_1_342' title='bbox 1928 1715 2158 1779; x_wconf 83' lang='lat' dir='ltr'><strong>Arabes,</strong></span> <span class='ocrx_word' id='word_1_343' title='bbox 2203 1723 2259 1768; x_wconf 90' lang='lat' dir='ltr'><strong>et</strong></span> <span class='ocrx_word' id='word_1_344' title='bbox 2291 1714 2577 1779; x_wconf 77' lang='lat' dir='ltr'><strong>Amanitae,</strong></span> <span class='ocrx_word' id='word_1_345' title='bbox 2618 1718 2760 1784; x_wconf 91' lang='lat' dir='ltr'><strong>quod</strong></span> <span class='ocrx_word' id='word_1_346' title='bbox 2794 1716 3039 1771; x_wconf 80' lang='lat' dir='ltr'><strong>ascendit</strong></span> <span class='ocrx_word' id='word_1_347' title='bbox 3077 1731 3297 1786; x_wconf 82' lang='lat' dir='ltr'><strong>germen</strong></span> <span class='ocrx_word' id='word_1_348' title='bbox 3339 1718 3512 1774; x_wconf 83' lang='lat' dir='ltr'><strong>muris</strong></span> 
     </span>
    </p>
   </div>
   <div class='ocr_carea' id='block_1_47' title="bbox 1929 1804 3509 1877">
    <p class='ocr_par' dir='ltr' id='par_1_47' title="bbox 1929 1804 3509 1877">
     <span class='ocr_line' id='line_1_47' title="bbox 1929 1804 3509 1877; baseline 0.003 -16"><span class='ocrx_word' id='word_1_349' title='bbox 1929 1804 2258 1872; x_wconf 78' lang='lat' dir='ltr'><strong>Jerusalem,</strong></span> <span class='ocrx_word' id='word_1_350' title='bbox 2292 1806 2549 1877; x_wconf 90' lang='lat' dir='ltr'><strong>quoniam</strong></span> <span class='ocrx_word' id='word_1_351' title='bbox 2595 1805 2938 1874; x_wconf 76' lang='lat' dir='ltr'><strong>incmperunt</strong></span> <span class='ocrx_word' id='word_1_352' title='bbox 2970 1808 3255 1865; x_wconf 86' lang='lat' dir='ltr'><strong>cicatrices</strong></span> <span class='ocrx_word' id='word_1_353' title='bbox 3289 1812 3509 1877; x_wconf 89' lang='lat' dir='ltr'><strong>obduci,</strong></span> 
     </span>
    </p>
   </div>
   <div class='ocr_carea' id='block_1_48' title="bbox 1930 1898 3509 1974">
    <p class='ocr_par' dir='ltr' id='par_1_48' title="bbox 1930 1898 3509 1974">
     <span class='ocr_line' id='line_1_48' title="bbox 1930 1898 3509 1974; baseline 0.005 -22"><span class='ocrx_word' id='word_1_354' title='bbox 1930 1906 1985 1953; x_wconf 89' lang='lat' dir='ltr'><strong>et</strong></span> <span class='ocrx_word' id='word_1_355' title='bbox 2024 1898 2311 1953; x_wconf 87' lang='lat' dir='ltr'><strong>molestum</strong></span> <span class='ocrx_word' id='word_1_356' title='bbox 2362 1899 2443 1953; x_wconf 88' lang='lat' dir='ltr'><strong>eis</strong></span> <span class='ocrx_word' id='word_1_357' title='bbox 2488 1898 2664 1953; x_wconf 89' lang='lat' dir='ltr'><strong>visum</strong></span> <span class='ocrx_word' id='word_1_358' title='bbox 2713 1898 2816 1953; x_wconf 88' lang='lat' dir='ltr'><strong>fuit</strong></span> <span class='ocrx_word' id='word_1_359' title='bbox 2862 1898 3035 1955; x_wconf 84' lang='lat' dir='ltr'><strong>valde.</strong></span> <span class='ocrx_word' id='word_1_360' title='bbox 3089 1900 3157 1956; x_wconf 82' lang='lat' dir='ltr'><strong>Et</strong></span> <span class='ocrx_word' id='word_1_361' title='bbox 3192 1906 3509 1974; x_wconf 77' lang='lat' dir='ltr'><strong>congregati</strong></span> 
     </span>
    </p>
   </div>
   <div class='ocr_carea' id='block_1_49' title="bbox 1930 1989 3509 2061">
    <p class='ocr_par' dir='ltr' id='par_1_49' title="bbox 1930 1989 3509 2061">
     <span class='ocr_line' id='line_1_49' title="bbox 1930 1989 3509 2061; baseline 0.004 -17"><span class='ocrx_word' id='word_1_362' title='bbox 1930 1998 2053 2044; x_wconf 90' lang='lat' dir='ltr'><strong>sunt</strong></span> <span class='ocrx_word' id='word_1_363' title='bbox 2082 2003 2272 2044; x_wconf 89' lang='lat' dir='ltr'><strong>omnes</strong></span> <span class='ocrx_word' id='word_1_364' title='bbox 2302 1989 2352 2042; x_wconf 91' lang='lat' dir='ltr'><strong>in</strong></span> <span class='ocrx_word' id='word_1_365' title='bbox 2384 2005 2572 2054; x_wconf 88' lang='lat' dir='ltr'><strong>unum,</strong></span> <span class='ocrx_word' id='word_1_366' title='bbox 2603 1998 2661 2044; x_wconf 93' lang='lat' dir='ltr'><strong>ut</strong></span> <span class='ocrx_word' id='word_1_367' title='bbox 2687 1990 2959 2055; x_wconf 84' lang='lat' dir='ltr'><strong>venirent,</strong></span> <span class='ocrx_word' id='word_1_368' title='bbox 2986 2000 3041 2046; x_wconf 88' lang='lat' dir='ltr'><strong>et</strong></span> <span class='ocrx_word' id='word_1_369' title='bbox 3075 2004 3423 2061; x_wconf 85' lang='lat' dir='ltr'><strong>percuterent</strong></span> <span class='ocrx_word' id='word_1_370' title='bbox 3456 1996 3509 2051; x_wconf 87' lang='lat' dir='ltr'><strong>in</strong></span> 
     </span>
    </p>
   </div>
   <div class='ocr_carea' id='block_1_50' title="bbox 1929 2079 3513 2154">
    <p class='ocr_par' dir='ltr' id='par_1_50' title="bbox 1929 2079 3513 2154">
     <span class='ocr_line' id='line_1_50' title="bbox 1929 2079 3513 2154; baseline 0.006 -18"><span class='ocrx_word' id='word_1_371' title='bbox 1929 2079 2255 2146; x_wconf 82' lang='lat' dir='ltr'><strong>Jerusalem,</strong></span> <span class='ocrx_word' id='word_1_372' title='bbox 2319 2089 2372 2135; x_wconf 86' lang='lat' dir='ltr'><strong>et</strong></span> <span class='ocrx_word' id='word_1_373' title='bbox 2426 2080 2671 2137; x_wconf 86' lang='lat' dir='ltr'><strong>facerent</strong></span> <span class='ocrx_word' id='word_1_374' title='bbox 2712 2083 3087 2154; x_wconf 87' lang='lat' dir='ltr'><strong>direptionem.</strong></span> <span class='ocrx_word' id='word_1_375' title='bbox 3129 2084 3197 2141; x_wconf 86' lang='lat' dir='ltr'><strong>Et</strong></span> <span class='ocrx_word' id='word_1_376' title='bbox 3235 2089 3513 2145; x_wconf 80' lang='lat' dir='ltr'><strong>oravimus</strong></span> 
     </span>
    </p>
   </div>
   <div class='ocr_carea' id='block_1_51' title="bbox 1930 2174 3512 2244">
    <p class='ocr_par' dir='ltr' id='par_1_51' title="bbox 1930 2174 3512 2244">
     <span class='ocr_line' id='line_1_51' title="bbox 1930 2174 3512 2244; baseline 0.006 -17"><span class='ocrx_word' id='word_1_377' title='bbox 1930 2174 1997 2227; x_wconf 91' lang='lat' dir='ltr'><strong>ad</strong></span> <span class='ocrx_word' id='word_1_378' title='bbox 2042 2174 2208 2227; x_wconf 90' lang='lat' dir='ltr'><strong>Deum</strong></span> <span class='ocrx_word' id='word_1_379' title='bbox 2261 2182 2533 2238; x_wconf 89' lang='lat' dir='ltr'><strong>nostrum,</strong></span> <span class='ocrx_word' id='word_1_380' title='bbox 2578 2174 2773 2244; x_wconf 90' lang='lat' dir='ltr'><strong>inquit,</strong></span> <span class='ocrx_word' id='word_1_381' title='bbox 2828 2184 2884 2229; x_wconf 90' lang='lat' dir='ltr'><strong>et</strong></span> <span class='ocrx_word' id='word_1_382' title='bbox 2927 2177 3218 2233; x_wconf 88' lang='lat' dir='ltr'><strong>statuimus</strong></span> <span class='ocrx_word' id='word_1_383' title='bbox 3260 2183 3512 2237; x_wconf 88' lang='lat' dir='ltr'><strong>custodes</strong></span> 
     </span>
    </p>
   </div>
   <div class='ocr_carea' id='block_1_52' title="bbox 1930 2256 3512 2334">
    <p class='ocr_par' dir='ltr' id='par_1_52' title="bbox 1930 2256 3512 2334">
     <span class='ocr_line' id='line_1_52' title="bbox 1930 2256 3512 2334; baseline 0.003 -13"><span class='ocrx_word' id='word_1_384' title='bbox 1930 2278 2094 2334; x_wconf 87' lang='lat' dir='ltr'><strong>super</strong></span> <span class='ocrx_word' id='word_1_385' title='bbox 2146 2256 2239 2319; x_wconf 82' lang='lat' dir='ltr'><strong>e0s</strong></span> <span class='ocrx_word' id='word_1_386' title='bbox 2291 2265 2377 2320; x_wconf 85' lang='lat' dir='ltr'><strong>die</strong></span> <span class='ocrx_word' id='word_1_387' title='bbox 2413 2280 2476 2319; x_wconf 91' lang='lat' dir='ltr'><strong>ac</strong></span> <span class='ocrx_word' id='word_1_388' title='bbox 2527 2274 2685 2319; x_wconf 91' lang='lat' dir='ltr'><strong>nocte</strong></span> <span class='ocrx_word' id='word_1_389' title='bbox 2738 2265 2932 2320; x_wconf 78' lang='lat' dir='ltr'><strong>afaeie</strong></span> <span class='ocrx_word' id='word_1_390' title='bbox 2986 2282 3196 2323; x_wconf 89' lang='lat' dir='ltr'><strong>eorum.</strong></span> <span class='ocrx_word' id='word_1_391' title='bbox 3256 2268 3322 2323; x_wconf 86' lang='lat' dir='ltr'><strong>Et</strong></span> <span class='ocrx_word' id='word_1_392' title='bbox 3372 2270 3512 2325; x_wconf 80' lang='lat' dir='ltr'><strong>dixit</strong></span> 
     </span>
    </p>
   </div>
   <div class='ocr_carea' id='block_1_53' title="bbox 1926 2355 3513 2419">
    <p class='ocr_par' dir='ltr' id='par_1_53' title="bbox 1926 2355 3513 2419">
     <span class='ocr_line' id='line_1_53' title="bbox 1926 2355 3513 2419; baseline 0.004 -7"><span class='ocrx_word' id='word_1_393' title='bbox 1926 2355 2093 2412; x_wconf 85' lang='lat' dir='ltr'><strong>Judas</strong></span> <span class='ocrx_word' id='word_1_394' title='bbox 2119 2374 2132 2411; x_wconf 90' lang='lat'><strong>:</strong></span> <span class='ocrx_word' id='word_1_395' title='bbox 2162 2356 2406 2412; x_wconf 89' lang='lat' dir='ltr'><strong>Contrita</strong></span> <span class='ocrx_word' id='word_1_396' title='bbox 2444 2366 2526 2411; x_wconf 92' lang='lat' dir='ltr'><strong>est</strong></span> <span class='ocrx_word' id='word_1_397' title='bbox 2557 2357 2818 2411; x_wconf 78' lang='lat' dir='ltr'><strong>fortitudo</strong></span> <span class='ocrx_word' id='word_1_398' title='bbox 2853 2358 3198 2415; x_wconf 90' lang='lat' dir='ltr'><strong>inimicorum</strong></span> <span class='ocrx_word' id='word_1_399' title='bbox 3233 2371 3288 2416; x_wconf 89' lang='lat' dir='ltr'><strong>et</strong></span> <span class='ocrx_word' id='word_1_400' title='bbox 3322 2364 3513 2419; x_wconf 83' lang='lat' dir='ltr'><strong>multi-</strong></span> 
     </span>
    </p>
   </div>
   <div class='ocr_carea' id='block_1_54' title="bbox 1930 2449 3508 2525">
    <p class='ocr_par' dir='ltr' id='par_1_54' title="bbox 1930 2449 3508 2525">
     <span class='ocr_line' id='line_1_54' title="bbox 1930 2449 3508 2525; baseline 0.007 -21"><span class='ocrx_word' id='word_1_401' title='bbox 1930 2451 2061 2506; x_wconf 88' lang='lat' dir='ltr'><strong>tudo</strong></span> <span class='ocrx_word' id='word_1_402' title='bbox 2089 2466 2280 2522; x_wconf 88' lang='lat' dir='ltr'><strong>magna</strong></span> <span class='ocrx_word' id='word_1_403' title='bbox 2303 2451 2370 2506; x_wconf 81' lang='lat'><strong>&#39;°.</strong></span> <span class='ocrx_word' id='word_1_404' title='bbox 2404 2469 2423 2503; x_wconf 78' lang='grc' dir='ltr'>ι</span> <span class='ocrx_word' id='word_1_405' title='bbox 2454 2451 2507 2505; x_wconf 92' lang='lat' dir='ltr'><strong>In</strong></span> <span class='ocrx_word' id='word_1_406' title='bbox 2532 2450 2619 2505; x_wconf 86' lang='lat' dir='ltr'><strong>his</strong></span> <span class='ocrx_word' id='word_1_407' title='bbox 2648 2449 2790 2503; x_wconf 89' lang='lat' dir='ltr'><strong>nulla</strong></span> <span class='ocrx_word' id='word_1_408' title='bbox 2815 2453 3019 2506; x_wconf 90' lang='lat' dir='ltr'><strong>mentio</strong></span> <span class='ocrx_word' id='word_1_409' title='bbox 3050 2452 3203 2509; x_wconf 87' lang='lat' dir='ltr'><strong>vallis</strong></span> <span class='ocrx_word' id='word_1_410' title='bbox 3227 2454 3508 2525; x_wconf 78' lang='lat' dir='ltr'><strong>Josaphat.</strong></span> 
     </span>
    </p>
   </div>
   <div class='ocr_carea' id='block_1_55' title="bbox 1929 2541 3510 2613">
    <p class='ocr_par' dir='ltr' id='par_1_55' title="bbox 1929 2541 3510 2613">
     <span class='ocr_line' id='line_1_55' title="bbox 1929 2541 3510 2613; baseline 0.003 -17"><span class='ocrx_word' id='word_1_411' title='bbox 1929 2541 2043 2597; x_wconf 82' lang='lat' dir='ltr'><strong>Hoc</strong></span> <span class='ocrx_word' id='word_1_412' title='bbox 2096 2550 2275 2596; x_wconf 88' lang='lat' dir='ltr'><strong>autem</strong></span> <span class='ocrx_word' id='word_1_413' title='bbox 2326 2543 2393 2596; x_wconf 87' lang='lat' dir='ltr'><strong>ad</strong></span> <span class='ocrx_word' id='word_1_414' title='bbox 2442 2557 2541 2596; x_wconf 92' lang='lat' dir='ltr'><strong>nos</strong></span> <span class='ocrx_word' id='word_1_415' title='bbox 2603 2541 2894 2597; x_wconf 89' lang='lat' dir='ltr'><strong>traditione</strong></span> <span class='ocrx_word' id='word_1_416' title='bbox 2950 2546 3214 2613; x_wconf 89' lang='lat' dir='ltr'><strong>pervenit.</strong></span> <span class='ocrx_word' id='word_1_417' title='bbox 3273 2546 3510 2601; x_wconf 81' lang='lat' dir='ltr'><strong>Meretur</strong></span> 
     </span>
    </p>
   </div>
   <div class='ocr_carea' id='block_1_56' title="bbox 1929 2635 3514 2706">
    <p class='ocr_par' dir='ltr' id='par_1_56' title="bbox 1929 2635 3514 2706">
     <span class='ocr_line' id='line_1_56' title="bbox 1929 2635 3514 2706; baseline 0.004 -17"><span class='ocrx_word' id='word_1_418' title='bbox 1929 2650 2145 2704; x_wconf 85' lang='lat' dir='ltr'><strong>quoque</strong></span> <span class='ocrx_word' id='word_1_419' title='bbox 2196 2635 2353 2689; x_wconf 79' lang='lat' dir='ltr'><strong>fidem</strong></span> <span class='ocrx_word' id='word_1_420' title='bbox 2407 2635 2713 2704; x_wconf 88' lang='lat' dir='ltr'><strong>prophetia,</strong></span> <span class='ocrx_word' id='word_1_421' title='bbox 2772 2636 2945 2706; x_wconf 88' lang='lat' dir='ltr'><strong>ipsmn</strong></span> <span class='ocrx_word' id='word_1_422' title='bbox 3011 2638 3167 2693; x_wconf 90' lang='lat' dir='ltr'><strong>nobis</strong></span> <span class='ocrx_word' id='word_1_423' title='bbox 3229 2639 3514 2695; x_wconf 84' lang='lat' dir='ltr'><strong>conflictus</strong></span> 
     </span>
    </p>
   </div>
   <div class='ocr_carea' id='block_1_57' title="bbox 1929 2725 3515 2801">
    <p class='ocr_par' dir='ltr' id='par_1_57' title="bbox 1929 2725 3515 2801">
     <span class='ocr_line' id='line_1_57' title="bbox 1929 2725 3515 2801; baseline 0.003 -20"><span class='ocrx_word' id='word_1_424' title='bbox 1929 2726 2104 2781; x_wconf 87' lang='lat' dir='ltr'><strong>locum</strong></span> <span class='ocrx_word' id='word_1_425' title='bbox 2146 2727 2456 2782; x_wconf 86' lang='lat' dir='ltr'><strong>nominans.</strong></span> <span class='ocrx_word' id='word_1_426' title='bbox 2492 2725 2560 2780; x_wconf 85' lang='lat' dir='ltr'><strong>Et</strong></span> <span class='ocrx_word' id='word_1_427' title='bbox 2584 2726 2744 2795; x_wconf 86' lang='lat' dir='ltr'><strong>hujus</strong></span> <span class='ocrx_word' id='word_1_428' title='bbox 2769 2728 3014 2783; x_wconf 76' lang='lat' dir='ltr'><strong>historia:</strong></span> <span class='ocrx_word' id='word_1_429' title='bbox 3041 2730 3352 2785; x_wconf 85' lang='lat' dir='ltr'><strong>meminisse</strong></span> <span class='ocrx_word' id='word_1_430' title='bbox 3388 2746 3515 2801; x_wconf 87' lang='lat' dir='ltr'><strong>pro-</strong></span> 
     </span>
    </p>
   </div>
   <div class='ocr_carea' id='block_1_58' title="bbox 1928 2820 3512 2895">
    <p class='ocr_par' dir='ltr' id='par_1_58' title="bbox 1928 2820 3512 2895">
     <span class='ocr_line' id='line_1_58' title="bbox 1928 2820 3512 2895; baseline 0.003 -20"><span class='ocrx_word' id='word_1_431' title='bbox 1928 2822 2147 2889; x_wconf 89' lang='lat' dir='ltr'><strong>phetam</strong></span> <span class='ocrx_word' id='word_1_432' title='bbox 2180 2820 2435 2882; x_wconf 84' lang='lat' dir='ltr'><strong>dicimus,</strong></span> <span class='ocrx_word' id='word_1_433' title='bbox 2473 2820 2601 2874; x_wconf 91' lang='lat' dir='ltr'><strong>dum</strong></span> <span class='ocrx_word' id='word_1_434' title='bbox 2640 2821 2967 2876; x_wconf 86' lang='lat' dir='ltr'><strong>vaticinatur</strong></span> <span class='ocrx_word' id='word_1_435' title='bbox 3013 2822 3180 2877; x_wconf 90' lang='lat' dir='ltr'><strong>Deum</strong></span> <span class='ocrx_word' id='word_1_436' title='bbox 3211 2838 3512 2895; x_wconf 86' lang='lat' dir='ltr'><strong>congrega-</strong></span> 
     </span>
    </p>
   </div>
   <div class='ocr_carea' id='block_1_59' title="bbox 1932 2909 3514 2984">
    <p class='ocr_par' dir='ltr' id='par_1_59' title="bbox 1932 2909 3514 2984">
     <span class='ocr_line' id='line_1_59' title="bbox 1932 2909 3514 2984; baseline 0.003 -17"><span class='ocrx_word' id='word_1_437' title='bbox 1932 2922 2114 2967; x_wconf 91' lang='lat' dir='ltr'><strong>turum</strong></span> <span class='ocrx_word' id='word_1_438' title='bbox 2144 2912 2195 2967; x_wconf 92' lang='lat' dir='ltr'><strong>in</strong></span> <span class='ocrx_word' id='word_1_439' title='bbox 2229 2909 2427 2965; x_wconf 88' lang='lat' dir='ltr'><strong>vallem</strong></span> <span class='ocrx_word' id='word_1_440' title='bbox 2466 2910 2726 2981; x_wconf 72' lang='lat' dir='ltr'><strong>losaphat</strong></span> <span class='ocrx_word' id='word_1_441' title='bbox 2756 2927 2945 2967; x_wconf 86' lang='lat' dir='ltr'><strong>omnes</strong></span> <span class='ocrx_word' id='word_1_442' title='bbox 2978 2923 3203 2984; x_wconf 77' lang='lat' dir='ltr'><strong>gentes:</strong></span> <span class='ocrx_word' id='word_1_443' title='bbox 3233 2931 3338 2970; x_wconf 92' lang='lat' dir='ltr'><strong>non</strong></span> <span class='ocrx_word' id='word_1_444' title='bbox 3375 2916 3514 2971; x_wconf 80' lang='lat' dir='ltr'><strong>invi-</strong></span> 
     </span>
    </p>
   </div>
   <div class='ocr_carea' id='block_1_60' title="bbox 1928 3001 3515 3072">
    <p class='ocr_par' dir='ltr' id='par_1_60' title="bbox 1928 3001 3515 3072">
     <span class='ocr_line' id='line_1_60' title="bbox 1928 3001 3515 3072; baseline 0.002 -15"><span class='ocrx_word' id='word_1_445' title='bbox 1928 3012 2012 3057; x_wconf 87' lang='lat' dir='ltr'><strong>tas</strong></span> <span class='ocrx_word' id='word_1_446' title='bbox 2051 3003 2169 3057; x_wconf 89' lang='lat' dir='ltr'><strong>sine</strong></span> <span class='ocrx_word' id='word_1_447' title='bbox 2204 3001 2371 3057; x_wconf 90' lang='lat' dir='ltr'><strong>dubio</strong></span> <span class='ocrx_word' id='word_1_448' title='bbox 2412 3002 2789 3072; x_wconf 86' lang='lat' dir='ltr'><strong>congregabit,</strong></span> <span class='ocrx_word' id='word_1_449' title='bbox 2822 3003 3009 3057; x_wconf 87' lang='lat' dir='ltr'><strong>sedeo</strong></span> <span class='ocrx_word' id='word_1_450' title='bbox 3046 3003 3288 3059; x_wconf 90' lang='lat' dir='ltr'><strong>volentes</strong></span> <span class='ocrx_word' id='word_1_451' title='bbox 3316 3020 3515 3060; x_wconf 88' lang='lat' dir='ltr'><strong>conve-</strong></span> 
     </span>
    </p>
   </div>
   <div class='ocr_carea' id='block_1_61' title="bbox 1928 3093 3516 3167">
    <p class='ocr_par' dir='ltr' id='par_1_61' title="bbox 1928 3093 3516 3167">
     <span class='ocr_line' id='line_1_61' title="bbox 1928 3093 3516 3167; baseline 0.003 -19"><span class='ocrx_word' id='word_1_452' title='bbox 1928 3096 2047 3149; x_wconf 85' lang='lat' dir='ltr'><strong>nire</strong></span> <span class='ocrx_word' id='word_1_453' title='bbox 2079 3111 2185 3149; x_wconf 93' lang='lat' dir='ltr'><strong>non</strong></span> <span class='ocrx_word' id='word_1_454' title='bbox 2217 3093 2554 3161; x_wconf 85' lang='lat' dir='ltr'><strong>prohibebit,</strong></span> <span class='ocrx_word' id='word_1_455' title='bbox 2592 3104 2653 3147; x_wconf 91' lang='lat' dir='ltr'><strong>ut</strong></span> <span class='ocrx_word' id='word_1_456' title='bbox 2687 3108 2809 3149; x_wconf 90' lang='lat' dir='ltr'><strong>cum</strong></span> <span class='ocrx_word' id='word_1_457' title='bbox 2841 3094 2948 3150; x_wconf 90' lang='lat' dir='ltr'><strong>illis</strong></span> <span class='ocrx_word' id='word_1_458' title='bbox 2977 3095 3240 3165; x_wconf 87' lang='lat' dir='ltr'><strong>disceptet</strong></span> <span class='ocrx_word' id='word_1_459' title='bbox 3265 3096 3425 3167; x_wconf 75' lang='lat'><strong>235</strong></span> <span class='ocrx_word' id='word_1_460' title='bbox 3447 3096 3516 3153; x_wconf 79' lang='lat' dir='ltr'><strong>de</strong></span> 
     </span>
    </p>
   </div>
   <div class='ocr_carea' id='block_1_62' title="bbox 220 3178 1824 3262">
    <p class='ocr_par' dir='ltr' id='par_1_62' title="bbox 220 3178 1823 3259">
     <span class='ocr_line' id='line_1_62' title="bbox 220 3178 1823 3259; baseline 0.007 -28"><span class='ocrx_word' id='word_1_461' title='bbox 220 3178 291 3232; x_wconf 79' lang='grc' dir='ltr'>δὲ</span> <span class='ocrx_word' id='word_1_462' title='bbox 323 3179 405 3231; x_wconf 82' lang='grc' dir='ltr'>ὅτι</span> <span class='ocrx_word' id='word_1_463' title='bbox 433 3181 532 3233; x_wconf 87' lang='grc' dir='ltr'><strong>ούκ</strong></span> <span class='ocrx_word' id='word_1_464' title='bbox 554 3181 759 3235; x_wconf 76' lang='grc' dir='ltr'>ἄκοντα</span> <span class='ocrx_word' id='word_1_465' title='bbox 789 3182 929 3248; x_wconf 78' lang='grc' dir='ltr'>άξει,</span> <span class='ocrx_word' id='word_1_466' title='bbox 957 3185 1073 3238; x_wconf 84' lang='grc' dir='ltr'>ἀλλ’</span> <span class='ocrx_word' id='word_1_467' title='bbox 1100 3188 1183 3240; x_wconf 84' lang='grc' dir='ltr'>ὅτι</span> <span class='ocrx_word' id='word_1_468' title='bbox 1214 3186 1513 3259; x_wconf 81' lang='grc' dir='ltr'>βουλόμενα</span> <span class='ocrx_word' id='word_1_469' title='bbox 1556 3190 1730 3243; x_wconf 78' lang='grc' dir='ltr'>ἐλθεῖν</span> <span class='ocrx_word' id='word_1_470' title='bbox 1763 3190 1823 3243; x_wconf 82' lang='grc' dir='ltr'><strong>οὐ</strong></span> 
     </span>
    </p>
   </div>
   <div class='ocr_carea' id='block_1_63' title="bbox 1925 3178 3513 3262">
    <p class='ocr_par' dir='ltr' id='par_1_63' title="bbox 1931 3184 3513 3259">
     <span class='ocr_line' id='line_1_63' title="bbox 1931 3184 3513 3259; baseline 0.002 -19"><span class='ocrx_word' id='word_1_471' title='bbox 1931 3185 2095 3240; x_wconf 85' lang='lat' dir='ltr'><strong>lsrael</strong></span> <span class='ocrx_word' id='word_1_472' title='bbox 2141 3194 2197 3239; x_wconf 92' lang='lat' dir='ltr'><strong>et</strong></span> <span class='ocrx_word' id='word_1_473' title='bbox 2239 3184 2560 3239; x_wconf 73' lang='lat' dir='ltr'><strong>haereditate</strong></span> <span class='ocrx_word' id='word_1_474' title='bbox 2594 3199 2713 3252; x_wconf 89' lang='lat' dir='ltr'><strong>sua,</strong></span> <span class='ocrx_word' id='word_1_475' title='bbox 2746 3200 2910 3254; x_wconf 89' lang='lat' dir='ltr'><strong>quam</strong></span> <span class='ocrx_word' id='word_1_476' title='bbox 2942 3187 3250 3253; x_wconf 79' lang='lat' dir='ltr'><strong>diviserint,</strong></span> <span class='ocrx_word' id='word_1_477' title='bbox 3286 3189 3513 3259; x_wconf 85' lang='lat' dir='ltr'><strong>Babylo-</strong></span> 
     </span>
    </p>
   </div>
   <div class='ocr_carea' id='block_1_64' title="bbox 223 3269 1824 3353">
    <p class='ocr_par' dir='ltr' id='par_1_64' title="bbox 223 3269 1824 3353">
     <span class='ocr_line' id='line_1_64' title="bbox 223 3269 1824 3353; baseline 0.009 -32"><span class='ocrx_word' id='word_1_478' title='bbox 223 3269 492 3324; x_wconf 83' lang='grc' dir='ltr'>κωλύσει.</span> <span class='ocrx_word' id='word_1_479' title='bbox 536 3273 994 3346; x_wconf 86' lang='grc' dir='ltr'>Διακριθήσεσθαι</span> <span class='ocrx_word' id='word_1_480' title='bbox 1042 3277 1098 3331; x_wconf 84' lang='grc' dir='ltr'>δὲ</span> <span class='ocrx_word' id='word_1_481' title='bbox 1147 3280 1282 3350; x_wconf 84' lang='grc' dir='ltr'>πρὸς</span> <span class='ocrx_word' id='word_1_482' title='bbox 1332 3281 1506 3335; x_wconf 86' lang='grc' dir='ltr'>ταῦτα</span> <span class='ocrx_word' id='word_1_483' title='bbox 1556 3283 1685 3353; x_wconf 82' lang='grc' dir='ltr'><strong>περὶ</strong></span> <span class='ocrx_word' id='word_1_484' title='bbox 1729 3281 1824 3335; x_wconf 84' lang='grc' dir='ltr'><strong>τοῦ</strong></span> 
     </span>
    </p>
   </div>
   <div class='ocr_carea' id='block_1_65' title="bbox 237 3361 1825 3442">
    <p class='ocr_par' dir='ltr' id='par_1_65' title="bbox 237 3361 1825 3442">
     <span class='ocr_line' id='line_1_65' title="bbox 237 3361 1825 3442; baseline 0.01 -31"><span class='ocrx_word' id='word_1_485' title='bbox 237 3361 484 3433; x_wconf 77' lang='grc' dir='ltr'>Ἰσραὴλ,</span> <span class='ocrx_word' id='word_1_486' title='bbox 520 3363 614 3416; x_wconf 74' lang='grc' dir='ltr'><strong>καὶ</strong></span> <span class='ocrx_word' id='word_1_487' title='bbox 645 3365 745 3435; x_wconf 83' lang='grc' dir='ltr'>τῆς</span> <span class='ocrx_word' id='word_1_488' title='bbox 776 3367 973 3421; x_wconf 82' lang='grc' dir='ltr'>ἐαυτοῦ</span> <span class='ocrx_word' id='word_1_489' title='bbox 1015 3368 1403 3441; x_wconf 86' lang='grc' dir='ltr'>κληρονομίας,</span> <span class='ocrx_word' id='word_1_490' title='bbox 1440 3372 1510 3442; x_wconf 71' lang='grc' dir='ltr'>ἢν</span> <span class='ocrx_word' id='word_1_491' title='bbox 1556 3374 1825 3427; x_wconf 84' lang='grc' dir='ltr'>καταδιεί-</span> 
     </span>
    </p>
   </div>
   <div class='ocr_carea' id='block_1_66' title="bbox 221 3452 1827 3532">
    <p class='ocr_par' dir='ltr' id='par_1_66' title="bbox 221 3452 1827 3532">
     <span class='ocr_line' id='line_1_66' title="bbox 221 3452 1827 3532; baseline 0.009 -27"><span class='ocrx_word' id='word_1_492' title='bbox 221 3452 396 3508; x_wconf 85' lang='grc' dir='ltr'>λαντο</span> <span class='ocrx_word' id='word_1_493' title='bbox 442 3456 836 3528; x_wconf 76' lang='grc' dir='ltr'>διαρπάζοντές</span> <span class='ocrx_word' id='word_1_494' title='bbox 888 3477 991 3514; x_wconf 89' lang='grc' dir='ltr'><strong>που</strong></span> <span class='ocrx_word' id='word_1_495' title='bbox 1042 3461 1183 3532; x_wconf 89' lang='grc' dir='ltr'>τάχα</span> <span class='ocrx_word' id='word_1_496' title='bbox 1214 3463 1283 3517; x_wconf 82' lang='grc' dir='ltr'>τὰ</span> <span class='ocrx_word' id='word_1_497' title='bbox 1330 3466 1439 3517; x_wconf 84' lang='grc' dir='ltr'>τῶν</span> <span class='ocrx_word' id='word_1_498' title='bbox 1468 3465 1827 3521; x_wconf 87' lang='grc' dir='ltr'>Βαϐυλωνίων</span> 
     </span>
    </p>
   </div>
   <div class='ocr_carea' id='block_1_67' title="bbox 222 3542 1826 3624">
    <p class='ocr_par' dir='ltr' id='par_1_67' title="bbox 222 3542 1826 3624">
     <span class='ocr_line' id='line_1_67' title="bbox 222 3542 1826 3624; baseline 0.009 -29"><span class='ocrx_word' id='word_1_499' title='bbox 222 3542 482 3613; x_wconf 76' lang='grc' dir='ltr'>λείψανα,</span> <span class='ocrx_word' id='word_1_500' title='bbox 518 3549 612 3601; x_wconf 85' lang='grc' dir='ltr'>καὶ</span> <span class='ocrx_word' id='word_1_501' title='bbox 657 3550 717 3603; x_wconf 86' lang='grc' dir='ltr'><strong>ἐν</strong></span> <span class='ocrx_word' id='word_1_502' title='bbox 746 3549 925 3622; x_wconf 84' lang='grc' dir='ltr'>καιρῷ</span> <span class='ocrx_word' id='word_1_503' title='bbox 954 3550 1054 3620; x_wconf 84' lang='grc' dir='ltr'>τῆς</span> <span class='ocrx_word' id='word_1_504' title='bbox 1080 3552 1455 3624; x_wconf 86' lang='grc' dir='ltr'>ταλαιπωρίας</span> <span class='ocrx_word' id='word_1_505' title='bbox 1488 3556 1826 3609; x_wconf 86' lang='grc' dir='ltr'>συνεπιτιθέ-</span> 
     </span>
    </p>
   </div>
   <div class='ocr_carea' id='block_1_68' title="bbox 226 3642 1825 3719">
    <p class='ocr_par' dir='ltr' id='par_1_68' title="bbox 226 3642 1825 3719">
     <span class='ocr_line' id='line_1_68' title="bbox 226 3642 1825 3719; baseline 0.008 -28"><span class='ocrx_word' id='word_1_506' title='bbox 226 3654 423 3709; x_wconf 80' lang='grc' dir='ltr'>μενοι,</span> <span class='ocrx_word' id='word_1_507' title='bbox 459 3642 552 3694; x_wconf 82' lang='grc' dir='ltr'>καὶ</span> <span class='ocrx_word' id='word_1_508' title='bbox 598 3643 828 3713; x_wconf 83' lang='grc' dir='ltr'>πόρναις</span> <span class='ocrx_word' id='word_1_509' title='bbox 879 3644 981 3715; x_wconf 83' lang='grc' dir='ltr'><strong>μὲν</strong></span> <span class='ocrx_word' id='word_1_510' title='bbox 1022 3644 1093 3699; x_wconf 89' lang='grc' dir='ltr'><strong>τά</strong></span> <span class='ocrx_word' id='word_1_511' title='bbox 1139 3646 1402 3716; x_wconf 85' lang='grc' dir='ltr'>παιδάρια</span> <span class='ocrx_word' id='word_1_512' title='bbox 1452 3649 1825 3719; x_wconf 75' lang='grc' dir='ltr'>χαριζόμενοι,</span> 
     </span>
    </p>
   </div>
   <div class='ocr_carea' id='block_1_69' title="bbox 223 3732 1827 3810">
    <p class='ocr_par' dir='ltr' id='par_1_69' title="bbox 223 3732 1827 3810">
     <span class='ocr_line' id='line_1_69' title="bbox 223 3732 1827 3810; baseline 0.006 -27"><span class='ocrx_word' id='word_1_513' title='bbox 223 3732 526 3801; x_wconf 82' lang='grc' dir='ltr'>προθέντες</span> <span class='ocrx_word' id='word_1_514' title='bbox 564 3734 621 3788; x_wconf 83' lang='grc' dir='ltr'>δὲ</span> <span class='ocrx_word' id='word_1_515' title='bbox 665 3734 735 3787; x_wconf 89' lang='grc' dir='ltr'><strong>τά</strong></span> <span class='ocrx_word' id='word_1_516' title='bbox 778 3734 940 3805; x_wconf 89' lang='grc' dir='ltr'>κόρια</span> <span class='ocrx_word' id='word_1_517' title='bbox 977 3738 1114 3808; x_wconf 81' lang='grc' dir='ltr'>πρὸς</span> <span class='ocrx_word' id='word_1_518' title='bbox 1148 3737 1392 3809; x_wconf 84' lang='grc' dir='ltr'>ἀσυνήθη</span> <span class='ocrx_word' id='word_1_519' title='bbox 1428 3741 1701 3810; x_wconf 86' lang='grc' dir='ltr'>πορνείαν,</span> <span class='ocrx_word' id='word_1_520' title='bbox 1732 3741 1827 3795; x_wconf 76' lang='grc' dir='ltr'><strong>καὶ</strong></span> 
     </span>
    </p>
   </div>
   <div class='ocr_carea' id='block_1_70' title="bbox 1934 3276 3515 3349">
    <p class='ocr_par' dir='ltr' id='par_1_70' title="bbox 1934 3276 3515 3349">
     <span class='ocr_line' id='line_1_70' title="bbox 1934 3276 3515 3349; baseline 0.003 -17"><span class='ocrx_word' id='word_1_521' title='bbox 1934 3279 2145 3332; x_wconf 87' lang='lat' dir='ltr'><strong>niorutn</strong></span> <span class='ocrx_word' id='word_1_522' title='bbox 2183 3277 2441 3347; x_wconf 84' lang='lat' dir='ltr'><strong>reliquias</strong></span> <span class='ocrx_word' id='word_1_523' title='bbox 2484 3276 2828 3345; x_wconf 89' lang='lat' dir='ltr'><strong>diripientes,</strong></span> <span class='ocrx_word' id='word_1_524' title='bbox 2863 3281 3049 3341; x_wconf 89' lang='lat' dir='ltr'><strong>credo,</strong></span> <span class='ocrx_word' id='word_1_525' title='bbox 3084 3290 3138 3333; x_wconf 91' lang='lat' dir='ltr'><strong>et</strong></span> <span class='ocrx_word' id='word_1_526' title='bbox 3180 3283 3515 3349; x_wconf 86' lang='lat' dir='ltr'><strong>temporibus</strong></span> 
     </span>
    </p>
   </div>
   <div class='ocr_carea' id='block_1_71' title="bbox 1932 3366 3514 3437">
    <p class='ocr_par' dir='ltr' id='par_1_71' title="bbox 1932 3366 3514 3437">
     <span class='ocr_line' id='line_1_71' title="bbox 1932 3366 3514 3437; baseline 0.002 -14"><span class='ocrx_word' id='word_1_527' title='bbox 1932 3368 2147 3423; x_wconf 87' lang='lat' dir='ltr'><strong>miseris</strong></span> <span class='ocrx_word' id='word_1_528' title='bbox 2205 3381 2299 3422; x_wconf 88' lang='lat' dir='ltr'><strong>eos</strong></span> <span class='ocrx_word' id='word_1_529' title='bbox 2359 3366 2707 3431; x_wconf 85' lang='lat' dir='ltr'><strong>adorientes,</strong></span> <span class='ocrx_word' id='word_1_530' title='bbox 2766 3375 2820 3421; x_wconf 89' lang='lat' dir='ltr'><strong>et</strong></span> <span class='ocrx_word' id='word_1_531' title='bbox 2876 3383 3072 3437; x_wconf 90' lang='lat' dir='ltr'><strong>pueros</strong></span> <span class='ocrx_word' id='word_1_532' title='bbox 3136 3372 3514 3427; x_wconf 82' lang='lat' dir='ltr'><strong>meretricibus</strong></span> 
     </span>
    </p>
   </div>
   <div class='ocr_carea' id='block_1_72' title="bbox 1926 3457 3513 3526">
    <p class='ocr_par' dir='ltr' id='par_1_72' title="bbox 1926 3457 3513 3526">
     <span class='ocr_line' id='line_1_72' title="bbox 1926 3457 3513 3526; baseline 0.002 -13"><span class='ocrx_word' id='word_1_533' title='bbox 1926 3460 2215 3523; x_wconf 85' lang='lat' dir='ltr'><strong>donantes,</strong></span> <span class='ocrx_word' id='word_1_534' title='bbox 2256 3466 2548 3526; x_wconf 86' lang='lat' dir='ltr'><strong>partesque</strong></span> <span class='ocrx_word' id='word_1_535' title='bbox 2583 3457 2832 3525; x_wconf 90' lang='lat' dir='ltr'><strong>corporis</strong></span> <span class='ocrx_word' id='word_1_536' title='bbox 2874 3460 3212 3513; x_wconf 74' lang='lat' dir='ltr'><strong>verecundus</strong></span> <span class='ocrx_word' id='word_1_537' title='bbox 3240 3462 3513 3517; x_wconf 87' lang='lat' dir='ltr'><strong>inusitatis</strong></span> 
     </span>
    </p>
   </div>
   <div class='ocr_carea' id='block_1_73' title="bbox 1925 3548 3509 3618">
    <p class='ocr_par' dir='ltr' id='par_1_73' title="bbox 1925 3548 3509 3618">
     <span class='ocr_line' id='line_1_73' title="bbox 1925 3548 3509 3618; baseline 0.004 -15"><span class='ocrx_word' id='word_1_538' title='bbox 1925 3550 2128 3618; x_wconf 87' lang='lat' dir='ltr'><strong>stupris</strong></span> <span class='ocrx_word' id='word_1_539' title='bbox 2176 3548 2530 3618; x_wconf 85' lang='lat' dir='ltr'><strong>objicicnles,</strong></span> <span class='ocrx_word' id='word_1_540' title='bbox 2572 3557 2627 3601; x_wconf 89' lang='lat' dir='ltr'><strong>et</strong></span> <span class='ocrx_word' id='word_1_541' title='bbox 2671 3558 2926 3618; x_wconf 89' lang='lat' dir='ltr'><strong>tanquam</strong></span> <span class='ocrx_word' id='word_1_542' title='bbox 2978 3553 3235 3607; x_wconf 86' lang='lat' dir='ltr'><strong>nundinis</strong></span> <span class='ocrx_word' id='word_1_543' title='bbox 3276 3553 3509 3609; x_wconf 87' lang='lat' dir='ltr'><strong>aliorum</strong></span> 
     </span>
    </p>
   </div>
   <div class='ocr_carea' id='block_1_74' title="bbox 1925 3638 3513 3712">
    <p class='ocr_par' dir='ltr' id='par_1_74' title="bbox 1925 3638 3513 3712">
     <span class='ocr_line' id='line_1_74' title="bbox 1925 3638 3513 3712; baseline 0.004 -16"><span class='ocrx_word' id='word_1_544' title='bbox 1925 3640 2135 3697; x_wconf 88' lang='lat' dir='ltr'><strong>libidini</strong></span> <span class='ocrx_word' id='word_1_545' title='bbox 2170 3639 2490 3704; x_wconf 88' lang='lat' dir='ltr'><strong>vendentes,</strong></span> <span class='ocrx_word' id='word_1_546' title='bbox 2533 3638 2765 3708; x_wconf 91' lang='lat' dir='ltr'><strong>indeque</strong></span> <span class='ocrx_word' id='word_1_547' title='bbox 2806 3640 2858 3695; x_wconf 89' lang='lat' dir='ltr'><strong>iu</strong></span> <span class='ocrx_word' id='word_1_548' title='bbox 2889 3642 3077 3712; x_wconf 85' lang='lat' dir='ltr'><strong>epulas</strong></span> <span class='ocrx_word' id='word_1_549' title='bbox 3114 3653 3168 3699; x_wconf 92' lang='lat' dir='ltr'><strong>et</strong></span> <span class='ocrx_word' id='word_1_550' title='bbox 3211 3645 3513 3702; x_wconf 86' lang='lat' dir='ltr'><strong>ebrietates</strong></span> 
     </span>
    </p>
   </div>
   <div class='ocr_carea' id='block_1_75' title="bbox 1925 3730 2566 3804">
    <p class='ocr_par' dir='ltr' id='par_1_75' title="bbox 1925 3730 2566 3804">
     <span class='ocr_line' id='line_1_75' title="bbox 1925 3730 2566 3804; baseline -0.009 -13"><span class='ocrx_word' id='word_1_551' title='bbox 1925 3743 2203 3804; x_wconf 87' lang='lat' dir='ltr'><strong>sumptum</strong></span> <span class='ocrx_word' id='word_1_552' title='bbox 2231 3730 2566 3797; x_wconf 87' lang='lat' dir='ltr'><strong>colligentes.</strong></span> 
     </span>
    </p>
   </div>
   <div class='ocr_carea' id='block_1_76' title="bbox 221 3820 3510 3901">
    <p class='ocr_par' dir='ltr' id='par_1_76' title="bbox 221 3820 3510 3901">
     <span class='ocr_line' id='line_1_76' title="bbox 221 3820 3510 3901; baseline 0.005 -25"><span class='ocrx_word' id='word_1_553' title='bbox 221 3820 342 3877; x_wconf 76' lang='grc' dir='ltr'>οἷον</span> <span class='ocrx_word' id='word_1_554' title='bbox 419 3826 890 3898; x_wconf 86' lang='grc' dir='ltr'>ἐκκαπηλεύοντες</span> <span class='ocrx_word' id='word_1_555' title='bbox 964 3831 1086 3893; x_wconf 89' lang='grc' dir='ltr'>ταῖς</span> <span class='ocrx_word' id='word_1_556' title='bbox 1146 3829 1351 3901; x_wconf 83' lang='grc' dir='ltr'>ἐτέρων</span> <span class='ocrx_word' id='word_1_557' title='bbox 1419 3831 1741 3901; x_wconf 89' lang='grc' dir='ltr'>ἀσελγίαις,</span> <span class='ocrx_word' id='word_1_558' title='bbox 1819 3828 1940 3888; x_wconf 78' lang='grc' dir='ltr'>εἶτα</span> <span class='ocrx_word' id='word_1_559' title='bbox 1996 3828 2122 3891; x_wconf 79' lang='grc' dir='ltr'>τοὺς</span> <span class='ocrx_word' id='word_1_560' title='bbox 2182 3823 2431 3879; x_wconf 57' lang='grc' dir='ltr'><strong>ἀντεδθεν</strong></span> <span class='ocrx_word' id='word_1_561' title='bbox 2498 3822 2725 3895; x_wconf 73' lang='grc' dir='ltr'>μισθοὺς</span> <span class='ocrx_word' id='word_1_562' title='bbox 2772 3825 2854 3889; x_wconf 64' lang='grc' dir='ltr'><strong>εἷς</strong></span> <span class='ocrx_word' id='word_1_563' title='bbox 2896 3826 3104 3899; x_wconf 72' lang='grc' dir='ltr'><strong>τροφὰς</strong></span> <span class='ocrx_word' id='word_1_564' title='bbox 3169 3828 3264 3882; x_wconf 65' lang='grc' dir='ltr'><strong>καὶ</strong></span> <span class='ocrx_word' id='word_1_565' title='bbox 3336 3828 3510 3900; x_wconf 78' lang='grc' dir='ltr'>μέθας</span> 
     </span>
    </p>
   </div>
   <div class='ocr_carea' id='block_1_77' title="bbox 223 3916 602 3986">
    <p class='ocr_par' dir='ltr' id='par_1_77' title="bbox 223 3916 602 3986">
     <span class='ocr_line' id='line_1_77' title="bbox 223 3916 602 3986; baseline -0.003 -16"><span class='ocrx_word' id='word_1_566' title='bbox 223 3916 602 3986; x_wconf 81' lang='grc' dir='ltr'>συλλέγοντες.</span> 
     </span>
    </p>
   </div>
   <div class='ocr_carea' id='block_1_78' title="bbox 298 4009 1827 4089">
    <p class='ocr_par' dir='ltr' id='par_1_78' title="bbox 298 4009 1827 4089">
     <span class='ocr_line' id='line_1_78' title="bbox 298 4009 1827 4089; baseline 0.007 -29"><span class='ocrx_word' id='word_1_567' title='bbox 298 4009 481 4079; x_wconf 82' lang='grc' dir='ltr'>Φαμὲν</span> <span class='ocrx_word' id='word_1_568' title='bbox 529 4009 585 4062; x_wconf 79' lang='grc' dir='ltr'>δέ</span> <span class='ocrx_word' id='word_1_569' title='bbox 628 4023 681 4064; x_wconf 88' lang='grc' dir='ltr'><strong>τι</strong></span> <span class='ocrx_word' id='word_1_570' title='bbox 701 4012 809 4065; x_wconf 63' lang='grc' dir='ltr'>’καὶ</span> <span class='ocrx_word' id='word_1_571' title='bbox 847 4012 932 4081; x_wconf 83' lang='grc' dir='ltr'>ἐφ’</span> <span class='ocrx_word' id='word_1_572' title='bbox 962 4011 1120 4084; x_wconf 84' lang='grc' dir='ltr'>ήμῶν</span> <span class='ocrx_word' id='word_1_573' title='bbox 1152 4014 1393 4068; x_wconf 88' lang='grc' dir='ltr'>τοιοῦτον</span> <span class='ocrx_word' id='word_1_574' title='bbox 1423 4015 1695 4084; x_wconf 80' lang='grc' dir='ltr'>γενέσθαι,</span> <span class='ocrx_word' id='word_1_575' title='bbox 1727 4016 1827 4089; x_wconf 81' lang='grc' dir='ltr'><strong>τὴν</strong></span> 
     </span>
    </p>
   </div>
   <div class='ocr_carea' id='block_1_79' title="bbox 1995 3999 3504 4071">
    <p class='ocr_par' dir='ltr' id='par_1_79' title="bbox 1995 3999 3504 4071">
     <span class='ocr_line' id='line_1_79' title="bbox 1995 3999 3504 4071; baseline 0.006 -12"><span class='ocrx_word' id='word_1_576' title='bbox 1995 4001 2113 4059; x_wconf 86' lang='lat' dir='ltr'><strong>Non</strong></span> <span class='ocrx_word' id='word_1_577' title='bbox 2155 3999 2420 4057; x_wconf 88' lang='lat' dir='ltr'><strong>dissimile</strong></span> <span class='ocrx_word' id='word_1_578' title='bbox 2447 4000 2705 4071; x_wconf 90' lang='lat' dir='ltr'><strong>quiddam</strong></span> <span class='ocrx_word' id='word_1_579' title='bbox 2741 4010 2797 4057; x_wconf 88' lang='lat' dir='ltr'><strong>et</strong></span> <span class='ocrx_word' id='word_1_580' title='bbox 2827 4002 2880 4056; x_wconf 92' lang='lat' dir='ltr'><strong>in</strong></span> <span class='ocrx_word' id='word_1_581' title='bbox 2915 4002 3073 4060; x_wconf 89' lang='lat' dir='ltr'><strong>nobis</strong></span> <span class='ocrx_word' id='word_1_582' title='bbox 3113 4004 3314 4064; x_wconf 87' lang='lat' dir='ltr'><strong>factum</strong></span> <span class='ocrx_word' id='word_1_583' title='bbox 3352 4008 3504 4068; x_wconf 76' lang='lat' dir='ltr'><strong>afﬁr-</strong></span> 
     </span>
    </p>
   </div>
   <div class='ocr_carea' id='block_1_80' title="bbox 219 4094 1824 4178">
    <p class='ocr_par' dir='ltr' id='par_1_80' title="bbox 219 4096 1824 4178">
     <span class='ocr_line' id='line_1_80' title="bbox 219 4096 1824 4178; baseline 0.006 -27"><span class='ocrx_word' id='word_1_584' title='bbox 219 4096 315 4153; x_wconf 77' lang='grc' dir='ltr'>διὰ</span> <span class='ocrx_word' id='word_1_585' title='bbox 336 4100 575 4171; x_wconf 81' lang='grc' dir='ltr'>Χριστοῦ</span> <span class='ocrx_word' id='word_1_586' title='bbox 597 4100 863 4173; x_wconf 83' lang='grc' dir='ltr'>λύτρωσιν</span> <span class='ocrx_word' id='word_1_587' title='bbox 889 4104 1284 4174; x_wconf 86' lang='grc' dir='ltr'>ἐννενοηκότες.</span> <span class='ocrx_word' id='word_1_588' title='bbox 1304 4104 1569 4170; x_wconf 81' lang='grc' dir='ltr'>Ἐξείλετο</span> <span class='ocrx_word' id='word_1_589' title='bbox 1596 4107 1694 4178; x_wconf 86' lang='grc' dir='ltr'>μὲν</span> <span class='ocrx_word' id='word_1_590' title='bbox 1716 4107 1824 4177; x_wconf 87' lang='grc' dir='ltr'>γὰρ</span> 
     </span>
    </p>
   </div>
   <div class='ocr_carea' id='block_1_81' title="bbox 1925 4094 3510 4178">
    <p class='ocr_par' dir='ltr' id='par_1_81' title="bbox 1925 4094 3510 4177">
     <span class='ocr_line' id='line_1_81' title="bbox 1925 4094 3510 4177; baseline 0.004 -24"><span class='ocrx_word' id='word_1_591' title='bbox 1925 4110 2076 4154; x_wconf 87' lang='lat' dir='ltr'><strong>mare</strong></span> <span class='ocrx_word' id='word_1_592' title='bbox 2103 4108 2420 4164; x_wconf 88' lang='lat' dir='ltr'><strong>possumus,</strong></span> <span class='ocrx_word' id='word_1_593' title='bbox 2456 4107 2581 4147; x_wconf 91' lang='lat' dir='ltr'><strong>cum</strong></span> <span class='ocrx_word' id='word_1_594' title='bbox 2626 4094 3058 4165; x_wconf 87' lang='lat' dir='ltr'><strong>redemptionem</strong></span> <span class='ocrx_word' id='word_1_595' title='bbox 3106 4094 3308 4157; x_wconf 91' lang='lat' dir='ltr'><strong>Cbristi</strong></span> <span class='ocrx_word' id='word_1_596' title='bbox 3362 4108 3510 4177; x_wconf 85' lang='lat' dir='ltr'><strong>cogi-</strong></span> 
     </span>
    </p>
   </div>
   <div class='ocr_carea' id='block_1_82' title="bbox 221 4184 1824 4269">
    <p class='ocr_par' dir='ltr' id='par_1_82' title="bbox 221 4188 1824 4269">
     <span class='ocr_line' id='line_1_82' title="bbox 221 4188 1824 4269; baseline 0.006 -25"><span class='ocrx_word' id='word_1_597' title='bbox 221 4192 378 4261; x_wconf 74' lang='grc' dir='ltr'>ἡμᾶς</span> <span class='ocrx_word' id='word_1_598' title='bbox 406 4188 787 4262; x_wconf 84' lang='grc' dir='ltr'>αίχμαλώτους</span> <span class='ocrx_word' id='word_1_599' title='bbox 815 4195 998 4261; x_wconf 75' lang='grc' dir='ltr'>ὄντας,</span> <span class='ocrx_word' id='word_1_600' title='bbox 1030 4198 1124 4250; x_wconf 77' lang='grc' dir='ltr'><strong>καὶ</strong></span> <span class='ocrx_word' id='word_1_601' title='bbox 1155 4198 1260 4251; x_wconf 83' lang='grc' dir='ltr'>ὑπὸ</span> <span class='ocrx_word' id='word_1_602' title='bbox 1281 4197 1532 4269; x_wconf 87' lang='grc' dir='ltr'>τυράννῳ</span> <span class='ocrx_word' id='word_1_603' title='bbox 1558 4199 1824 4269; x_wconf 87' lang='grc' dir='ltr'>πράττον-</span> 
     </span>
    </p>
   </div>
   <div class='ocr_carea' id='block_1_83' title="bbox 1925 4184 3501 4269">
    <p class='ocr_par' dir='ltr' id='par_1_83' title="bbox 1925 4184 3501 4265">
     <span class='ocr_line' id='line_1_83' title="bbox 1925 4184 3501 4265; baseline 0.005 -21"><span class='ocrx_word' id='word_1_604' title='bbox 1925 4198 2119 4245; x_wconf 88' lang='lat' dir='ltr'><strong>tamus.</strong></span> <span class='ocrx_word' id='word_1_605' title='bbox 2145 4186 2399 4256; x_wconf 91' lang='lat' dir='ltr'><strong>Captivos</strong></span> <span class='ocrx_word' id='word_1_606' title='bbox 2428 4184 2571 4239; x_wconf 87' lang='lat' dir='ltr'><strong>enim</strong></span> <span class='ocrx_word' id='word_1_607' title='bbox 2608 4200 2729 4253; x_wconf 89' lang='lat' dir='ltr'><strong>nos,</strong></span> <span class='ocrx_word' id='word_1_608' title='bbox 2790 4195 2845 4241; x_wconf 89' lang='lat' dir='ltr'><strong>et</strong></span> <span class='ocrx_word' id='word_1_609' title='bbox 2869 4196 3129 4259; x_wconf 89' lang='lat' dir='ltr'><strong>tyranno,</strong></span> <span class='ocrx_word' id='word_1_610' title='bbox 3168 4192 3501 4265; x_wconf 84' lang='lat' dir='ltr'><strong>importuno,</strong></span> 
     </span>
    </p>
   </div>
   <div class='ocr_carea' id='block_1_84' title="bbox 220 4276 1824 4363">
    <p class='ocr_par' dir='ltr' id='par_1_84' title="bbox 220 4283 1822 4363">
     <span class='ocr_line' id='line_1_84' title="bbox 220 4283 1822 4363; baseline 0.006 -29"><span class='ocrx_word' id='word_1_611' title='bbox 220 4299 347 4346; x_wconf 86' lang='grc' dir='ltr'>τας,</span> <span class='ocrx_word' id='word_1_612' title='bbox 363 4283 568 4354; x_wconf 82' lang='grc' dir='ltr'>πικρῷ,</span> <span class='ocrx_word' id='word_1_613' title='bbox 591 4283 754 4355; x_wconf 71' lang='grc' dir='ltr'>φημὶ,</span> <span class='ocrx_word' id='word_1_614' title='bbox 787 4285 851 4357; x_wconf 82' lang='grc' dir='ltr'>δὴ</span> <span class='ocrx_word' id='word_1_615' title='bbox 876 4286 954 4358; x_wconf 81' lang='grc' dir='ltr'>τῷ</span> <span class='ocrx_word' id='word_1_616' title='bbox 979 4288 1213 4360; x_wconf 82' lang='grc' dir='ltr'>Σατανᾷ,</span> <span class='ocrx_word' id='word_1_617' title='bbox 1243 4289 1540 4362; x_wconf 73' lang='grc' dir='ltr'>ἀνεκόμισε</span> <span class='ocrx_word' id='word_1_618' title='bbox 1559 4289 1616 4343; x_wconf 78' lang='grc' dir='ltr'>δὲ</span> <span class='ocrx_word' id='word_1_619' title='bbox 1633 4289 1822 4363; x_wconf 84' lang='grc' dir='ltr'>ὥσπερ</span> 
     </span>
    </p>
   </div>
   <div class='ocr_carea' id='block_1_85' title="bbox 1925 4276 3504 4363">
    <p class='ocr_par' dir='ltr' id='par_1_85' title="bbox 1925 4276 3504 4352">
     <span class='ocr_line' id='line_1_85' title="bbox 1925 4276 3504 4352; baseline 0.006 -18"><span class='ocrx_word' id='word_1_620' title='bbox 1925 4281 2171 4351; x_wconf 88' lang='lat' dir='ltr'><strong>inquam,</strong></span> <span class='ocrx_word' id='word_1_621' title='bbox 2202 4277 2419 4332; x_wconf 76' lang='lat' dir='ltr'><strong>Satana:</strong></span> <span class='ocrx_word' id='word_1_622' title='bbox 2440 4276 2685 4333; x_wconf 88' lang='lat' dir='ltr'><strong>subditos</strong></span> <span class='ocrx_word' id='word_1_623' title='bbox 2712 4278 2933 4349; x_wconf 89' lang='lat' dir='ltr'><strong>eripuit,</strong></span> <span class='ocrx_word' id='word_1_624' title='bbox 2955 4291 3008 4337; x_wconf 90' lang='lat' dir='ltr'><strong>et</strong></span> <span class='ocrx_word' id='word_1_625' title='bbox 3035 4284 3190 4352; x_wconf 86' lang='lat' dir='ltr'><strong>quasi</strong></span> <span class='ocrx_word' id='word_1_626' title='bbox 3220 4286 3271 4340; x_wconf 92' lang='lat' dir='ltr'><strong>in</strong></span> <span class='ocrx_word' id='word_1_627' title='bbox 3306 4298 3504 4343; x_wconf 85' lang='lat' dir='ltr'><strong>terram</strong></span> 
     </span>
    </p>
   </div>
   <div class='ocr_carea' id='block_1_86' title="bbox 221 4368 1824 4451">
    <p class='ocr_par' dir='ltr' id='par_1_86' title="bbox 221 4371 1817 4451">
     <span class='ocr_line' id='line_1_86' title="bbox 221 4371 1817 4451; baseline 0.004 -24"><span class='ocrx_word' id='word_1_628' title='bbox 221 4375 306 4436; x_wconf 76' lang='grc' dir='ltr'><strong>εἰς</strong></span> <span class='ocrx_word' id='word_1_629' title='bbox 354 4375 459 4444; x_wconf 79' lang='grc' dir='ltr'>γῆν</span> <span class='ocrx_word' id='word_1_630' title='bbox 500 4371 685 4443; x_wconf 79' lang='grc' dir='ltr'>ἁγίαν,</span> <span class='ocrx_word' id='word_1_631' title='bbox 715 4376 797 4439; x_wconf 86' lang='grc' dir='ltr'>εἰς</span> <span class='ocrx_word' id='word_1_632' title='bbox 841 4376 1117 4431; x_wconf 86' lang='grc' dir='ltr'>πολιτείαν</span> <span class='ocrx_word' id='word_1_633' title='bbox 1164 4377 1550 4451; x_wconf 83' lang='grc' dir='ltr'>εύαγγελικὴν,</span> <span class='ocrx_word' id='word_1_634' title='bbox 1576 4380 1657 4443; x_wconf 83' lang='grc' dir='ltr'><strong>είς</strong></span> <span class='ocrx_word' id='word_1_635' title='bbox 1704 4379 1817 4445; x_wconf 79' lang='grc' dir='ltr'>ἕξιν</span> 
     </span>
    </p>
   </div>
   <div class='ocr_carea' id='block_1_87' title="bbox 1925 4368 3507 4451">
    <p class='ocr_par' dir='ltr' id='par_1_87' title="bbox 1925 4368 3507 4444">
     <span class='ocr_line' id='line_1_87' title="bbox 1925 4368 3507 4444; baseline 0.006 -17"><span class='ocrx_word' id='word_1_636' title='bbox 1925 4380 2167 4427; x_wconf 86' lang='lat' dir='ltr'><strong>sanctam</strong></span> <span class='ocrx_word' id='word_1_637' title='bbox 2197 4368 2434 4434; x_wconf 79' lang='lat' dir='ltr'><strong>reduxit,</strong></span> <span class='ocrx_word' id='word_1_638' title='bbox 2470 4368 2539 4423; x_wconf 89' lang='lat' dir='ltr'><strong>ad</strong></span> <span class='ocrx_word' id='word_1_639' title='bbox 2570 4369 2737 4424; x_wconf 85' lang='lat' dir='ltr'><strong>vitam</strong></span> <span class='ocrx_word' id='word_1_640' title='bbox 2790 4374 3180 4444; x_wconf 83' lang='lat' dir='ltr'><strong>evangelicam,</strong></span> <span class='ocrx_word' id='word_1_641' title='bbox 3224 4379 3291 4433; x_wconf 82' lang='lat' dir='ltr'><strong>ad</strong></span> <span class='ocrx_word' id='word_1_642' title='bbox 3347 4379 3507 4436; x_wconf 85' lang='lat' dir='ltr'><strong>babi-</strong></span> 
     </span>
    </p>
   </div>
   <div class='ocr_carea' id='block_1_88' title="bbox 222 4457 3504 4547">
    <p class='ocr_par' dir='ltr' id='par_1_88' title="bbox 222 4457 3504 4547">
     <span class='ocr_line' id='line_1_88' title="bbox 222 4457 3504 4547; baseline 0.007 -30"><span class='ocrx_word' id='word_1_643' title='bbox 222 4464 669 4538; x_wconf 81' lang='grc' dir='ltr'>εύμαθεστάτην,</span> <span class='ocrx_word' id='word_1_644' title='bbox 698 4469 778 4531; x_wconf 85' lang='grc' dir='ltr'>εις</span> <span class='ocrx_word' id='word_1_645' title='bbox 810 4468 966 4521; x_wconf 82' lang='grc' dir='ltr'>πόλιν</span> <span class='ocrx_word' id='word_1_646' title='bbox 1008 4470 1420 4544; x_wconf 82' lang='grc' dir='ltr'>τετειχισμένην</span> <span class='ocrx_word' id='word_1_647' title='bbox 1468 4470 1572 4543; x_wconf 80' lang='grc' dir='ltr'><strong>τὴν</strong></span> <span class='ocrx_word' id='word_1_648' title='bbox 1618 4470 1815 4543; x_wconf 80' lang='grc' dir='ltr'>νοητὴν</span> <span class='ocrx_word' id='word_1_649' title='bbox 1846 4487 1895 4547; x_wconf 80' lang='grc' dir='ltr'><strong>ι)</strong></span> <span class='ocrx_word' id='word_1_650' title='bbox 1924 4468 2035 4514; x_wconf 54' lang='lat' dir='ltr'><strong>tum</strong></span> <span class='ocrx_word' id='word_1_651' title='bbox 2067 4468 2121 4514; x_wconf 78' lang='grc' dir='ltr'>θῑ</span> <span class='ocrx_word' id='word_1_652' title='bbox 2153 4473 2352 4523; x_wconf 68' lang='grc' dir='ltr'><strong>ωοτεεν</strong></span> <span class='ocrx_word' id='word_1_653' title='bbox 2393 4472 2625 4527; x_wconf 64' lang='lat' dir='ltr'><strong>quorum</strong></span> <span class='ocrx_word' id='word_1_654' title='bbox 2667 4457 2925 4517; x_wconf 53' lang='lat' dir='ltr'><strong>malum“</strong></span> <span class='ocrx_word' id='word_1_655' title='bbox 2980 4475 3064 4520; x_wconf 67' lang='grc'><strong>⁸⁸⁸·</strong></span> <span class='ocrx_word' id='word_1_656' title='bbox 3113 4470 3348 4539; x_wconf 74' lang='grc' dir='ltr'>εοεηίιίι</span> <span class='ocrx_word' id='word_1_657' title='bbox 3375 4508 3392 4537; x_wconf 71' lang='grc' dir='ltr'><strong>ν</strong></span> <span class='ocrx_word' id='word_1_658' title='bbox 3437 4474 3504 4527; x_wconf 61' lang='lat' dir='ltr'><strong>ad</strong></span> 
     </span>
    </p>
   </div>
   <div class='ocr_carea' id='block_1_89' title="bbox 234 4553 1820 4633">
    <p class='ocr_par' dir='ltr' id='par_1_89' title="bbox 234 4553 1820 4633">
     <span class='ocr_line' id='line_1_89' title="bbox 234 4553 1820 4633; baseline 0.005 -26"><span class='ocrx_word' id='word_1_659' title='bbox 234 4553 635 4627; x_wconf 75' lang='grc' dir='ltr'>Ἰερουσαλὴμ,</span> <span class='ocrx_word' id='word_1_660' title='bbox 678 4558 799 4628; x_wconf 71' lang='grc' dir='ltr'>ἥτις</span> <span class='ocrx_word' id='word_1_661' title='bbox 862 4560 1011 4612; x_wconf 78' lang='grc' dir='ltr'>ἐστὶν</span> <span class='ocrx_word' id='word_1_662' title='bbox 1060 4560 1363 4633; x_wconf 83' lang='grc' dir='ltr'>Ἐκκλησία</span> <span class='ocrx_word' id='word_1_663' title='bbox 1411 4559 1548 4615; x_wconf 88' lang='grc' dir='ltr'>Θεοῦ</span> <span class='ocrx_word' id='word_1_664' title='bbox 1597 4561 1820 4629; x_wconf 78' lang='grc' dir='ltr'>ζῶντος,</span> 
     </span>
    </p>
   </div>
   <div class='ocr_carea' id='block_1_90' title="bbox 229 4647 1822 4726">
    <p class='ocr_par' dir='ltr' id='par_1_90' title="bbox 229 4647 1822 4726">
     <span class='ocr_line' id='line_1_90' title="bbox 229 4647 1822 4726; baseline 0.004 -27"><span class='ocrx_word' id='word_1_665' title='bbox 229 4665 251 4700; x_wconf 72' lang='grc' dir='ltr'><strong>ε</strong></span> <span class='ocrx_word' id='word_1_666' title='bbox 276 4647 691 4718; x_wconf 75' lang='grc' dir='ltr'>Οἰκοδομεῖσθαι</span> <span class='ocrx_word' id='word_1_667' title='bbox 721 4652 1166 4721; x_wconf 84' lang='grc' dir='ltr'>παρασκευάσας,</span> <span class='ocrx_word' id='word_1_668' title='bbox 1190 4649 1265 4716; x_wconf 82' lang='grc' dir='ltr'>ὡς</span> <span class='ocrx_word' id='word_1_669' title='bbox 1292 4650 1475 4718; x_wconf 85' lang='grc' dir='ltr'>λίθους</span> <span class='ocrx_word' id='word_1_670' title='bbox 1502 4654 1715 4726; x_wconf 87' lang='grc' dir='ltr'>τιμίους</span> <span class='ocrx_word' id='word_1_671' title='bbox 1741 4654 1822 4718; x_wconf 86' lang='grc' dir='ltr'><strong>είς</strong></span> 
     </span>
    </p>
   </div>
   <div class='ocr_carea' id='block_1_91' title="bbox 221 4736 1814 4816">
    <p class='ocr_par' dir='ltr' id='par_1_91' title="bbox 221 4736 1814 4816">
     <span class='ocr_line' id='line_1_91' title="bbox 221 4736 1814 4816; baseline 0.005 -25"><span class='ocrx_word' id='word_1_672' title='bbox 221 4737 354 4791; x_wconf 79' lang='grc' dir='ltr'>ναὸν</span> <span class='ocrx_word' id='word_1_673' title='bbox 402 4736 579 4805; x_wconf 73' lang='grc' dir='ltr'>ἅγιον,</span> <span class='ocrx_word' id='word_1_674' title='bbox 612 4741 694 4803; x_wconf 84' lang='grc' dir='ltr'><strong>είς</strong></span> <span class='ocrx_word' id='word_1_675' title='bbox 741 4741 1163 4814; x_wconf 86' lang='grc' dir='ltr'>κατοικητήριον</span> <span class='ocrx_word' id='word_1_676' title='bbox 1210 4742 1345 4799; x_wconf 87' lang='grc' dir='ltr'>Θεοῦ</span> <span class='ocrx_word' id='word_1_677' title='bbox 1376 4746 1435 4798; x_wconf 83' lang='grc' dir='ltr'><strong>ἐν</strong></span> <span class='ocrx_word' id='word_1_678' title='bbox 1467 4745 1759 4816; x_wconf 87' lang='grc' dir='ltr'>πνεύματι.</span> <span class='ocrx_word' id='word_1_679' title='bbox 1792 4764 1814 4799; x_wconf 71' lang='grc' dir='ltr'>ι</span> 
     </span>
    </p>
   </div>
   <div class='ocr_carea' id='block_1_92' title="bbox 235 4829 1817 4909">
    <p class='ocr_par' dir='ltr' id='par_1_92' title="bbox 235 4829 1817 4909">
     <span class='ocr_line' id='line_1_92' title="bbox 235 4829 1817 4909; baseline 0.006 -27"><span class='ocrx_word' id='word_1_680' title='bbox 235 4829 404 4883; x_wconf 77' lang='grc' dir='ltr'>Ἀλλά</span> <span class='ocrx_word' id='word_1_681' title='bbox 449 4835 561 4896; x_wconf 85' lang='grc' dir='ltr'>τοῖς</span> <span class='ocrx_word' id='word_1_682' title='bbox 609 4834 675 4886; x_wconf 84' lang='grc' dir='ltr'><strong>ἐκ</strong></span> <span class='ocrx_word' id='word_1_683' title='bbox 726 4832 1027 4903; x_wconf 87' lang='grc' dir='ltr'>βασκανίας</span> <span class='ocrx_word' id='word_1_684' title='bbox 1074 4836 1257 4901; x_wconf 87' lang='grc' dir='ltr'>πόνοις</span> <span class='ocrx_word' id='word_1_685' title='bbox 1299 4838 1332 4908; x_wconf 85' lang='grc' dir='ltr'>ἠ</span> <span class='ocrx_word' id='word_1_686' title='bbox 1376 4837 1487 4891; x_wconf 86' lang='grc' dir='ltr'>τῶν</span> <span class='ocrx_word' id='word_1_687' title='bbox 1526 4836 1817 4909; x_wconf 87' lang='grc' dir='ltr'>δαιμονίων</span> 
     </span>
    </p>
   </div>
   <div class='ocr_carea' id='block_1_93' title="bbox 220 4922 1816 4999">
    <p class='ocr_par' dir='ltr' id='par_1_93' title="bbox 220 4922 1816 4999">
     <span class='ocr_line' id='line_1_93' title="bbox 220 4922 1816 4999; baseline 0.004 -23"><span class='ocrx_word' id='word_1_688' title='bbox 220 4922 533 4993; x_wconf 77' lang='grc' dir='ltr'>ἀνεφλέχθη</span> <span class='ocrx_word' id='word_1_689' title='bbox 577 4922 768 4977; x_wconf 85' lang='grc' dir='ltr'>ἀνοσία</span> <span class='ocrx_word' id='word_1_690' title='bbox 811 4924 1041 4997; x_wconf 83' lang='grc' dir='ltr'>πληθὺς,</span> <span class='ocrx_word' id='word_1_691' title='bbox 1076 4928 1170 4982; x_wconf 73' lang='grc' dir='ltr'><strong>καὶ</strong></span> <span class='ocrx_word' id='word_1_692' title='bbox 1204 4928 1387 4999; x_wconf 82' lang='grc' dir='ltr'>μέντοι</span> <span class='ocrx_word' id='word_1_693' title='bbox 1440 4928 1576 4999; x_wconf 78' lang='grc' dir='ltr'>πρὸς</span> <span class='ocrx_word' id='word_1_694' title='bbox 1604 4928 1816 4994; x_wconf 89' lang='grc' dir='ltr'>τούτοις</span> 
     </span>
    </p>
   </div>
   <div class='ocr_carea' id='block_1_94' title="bbox 218 5014 1814 5091">
    <p class='ocr_par' dir='ltr' id='par_1_94' title="bbox 218 5014 1814 5091">
     <span class='ocr_line' id='line_1_94' title="bbox 218 5014 1814 5091; baseline 0.003 -23"><span class='ocrx_word' id='word_1_695' title='bbox 218 5015 275 5068; x_wconf 78' lang='grc' dir='ltr'>οἱ</span> <span class='ocrx_word' id='word_1_696' title='bbox 308 5016 422 5077; x_wconf 89' lang='grc' dir='ltr'>τοῖς</span> <span class='ocrx_word' id='word_1_697' title='bbox 448 5014 679 5085; x_wconf 84' lang='grc' dir='ltr'>δόγμασι</span> <span class='ocrx_word' id='word_1_698' title='bbox 711 5016 810 5087; x_wconf 83' lang='grc' dir='ltr'>τῆς</span> <span class='ocrx_word' id='word_1_699' title='bbox 847 5017 1104 5089; x_wconf 81' lang='grc' dir='ltr'>ἀληθείας</span> <span class='ocrx_word' id='word_1_700' title='bbox 1142 5020 1463 5091; x_wconf 88' lang='grc' dir='ltr'>μαχόμενοι,</span> <span class='ocrx_word' id='word_1_701' title='bbox 1494 5019 1679 5074; x_wconf 73' lang='grc' dir='ltr'>πολλοὶ</span> <span class='ocrx_word' id='word_1_702' title='bbox 1714 5020 1814 5091; x_wconf 79' lang='grc' dir='ltr'>μὲν</span> 
     </span>
    </p>
   </div>
   <div class='ocr_carea' id='block_1_95' title="bbox 218 5101 1815 5181">
    <p class='ocr_par' dir='ltr' id='par_1_95' title="bbox 218 5101 1815 5181">
     <span class='ocr_line' id='line_1_95' title="bbox 218 5101 1815 5181; baseline 0.003 -24"><span class='ocrx_word' id='word_1_703' title='bbox 218 5101 326 5164; x_wconf 83' lang='grc' dir='ltr'><strong>τάς</strong></span> <span class='ocrx_word' id='word_1_704' title='bbox 358 5102 499 5157; x_wconf 88' lang='grc' dir='ltr'><strong>κατά</strong></span> <span class='ocrx_word' id='word_1_705' title='bbox 536 5103 646 5157; x_wconf 85' lang='grc' dir='ltr'>τῶν</span> <span class='ocrx_word' id='word_1_706' title='bbox 695 5105 866 5173; x_wconf 88' lang='grc' dir='ltr'>ἀγίων</span> <span class='ocrx_word' id='word_1_707' title='bbox 912 5107 1135 5175; x_wconf 81' lang='grc' dir='ltr'>ἐφόδους</span> <span class='ocrx_word' id='word_1_708' title='bbox 1166 5108 1511 5181; x_wconf 86' lang='grc' dir='ltr'>πεποίηνται,</span> <span class='ocrx_word' id='word_1_709' title='bbox 1547 5108 1815 5180; x_wconf 76' lang='grc' dir='ltr'>ἠδίκησαν</span> 
     </span>
    </p>
   </div>
   <div class='ocr_carea' id='block_1_96' title="bbox 218 5192 1815 5272">
    <p class='ocr_par' dir='ltr' id='par_1_96' title="bbox 218 5192 1815 5272">
     <span class='ocr_line' id='line_1_96' title="bbox 218 5192 1815 5272; baseline 0.003 -25"><span class='ocrx_word' id='word_1_710' title='bbox 218 5192 281 5247; x_wconf 74' lang='grc' dir='ltr'>δὲ</span> <span class='ocrx_word' id='word_1_711' title='bbox 332 5193 488 5247; x_wconf 77' lang='grc' dir='ltr'>οὐδὲν</span> <span class='ocrx_word' id='word_1_712' title='bbox 538 5194 968 5265; x_wconf 74' lang='grc' dir='ltr'>προασπίζοντος</span> <span class='ocrx_word' id='word_1_713' title='bbox 1005 5196 1163 5263; x_wconf 85' lang='grc' dir='ltr'>Θεοῦ,</span> <span class='ocrx_word' id='word_1_714' title='bbox 1206 5199 1715 5272; x_wconf 86' lang='grc' dir='ltr'>παραθαρσύνοντος</span> <span class='ocrx_word' id='word_1_715' title='bbox 1757 5198 1815 5252; x_wconf 81' lang='grc' dir='ltr'><strong>δέ</strong></span> 
     </span>
    </p>
   </div>
   <div class='ocr_carea' id='block_1_97' title="bbox 219 5284 1811 5362">
    <p class='ocr_par' dir='ltr' id='par_1_97' title="bbox 219 5284 1811 5362">
     <span class='ocr_line' id='line_1_97' title="bbox 219 5284 1811 5362; baseline 0.004 -25"><span class='ocrx_word' id='word_1_716' title='bbox 219 5284 488 5355; x_wconf 85' lang='grc' dir='ltr'>Χριστοῦ,</span> <span class='ocrx_word' id='word_1_717' title='bbox 521 5288 617 5339; x_wconf 75' lang='grc' dir='ltr'><strong>καὶ</strong></span> <span class='ocrx_word' id='word_1_718' title='bbox 663 5286 933 5355; x_wconf 82' lang='grc' dir='ltr'>λέγοντος,</span> <span class='ocrx_word' id='word_1_719' title='bbox 969 5288 1149 5360; x_wconf 79' lang='grc' dir='ltr'>θλίψιν</span> <span class='ocrx_word' id='word_1_720' title='bbox 1197 5290 1347 5358; x_wconf 76' lang='grc' dir='ltr'>ἕξετε</span> <span class='ocrx_word' id='word_1_721' title='bbox 1388 5293 1446 5344; x_wconf 86' lang='grc' dir='ltr'><strong>ἐν</strong></span> <span class='ocrx_word' id='word_1_722' title='bbox 1485 5290 1562 5362; x_wconf 85' lang='grc' dir='ltr'>τῷ</span> <span class='ocrx_word' id='word_1_723' title='bbox 1602 5290 1811 5361; x_wconf 86' lang='grc' dir='ltr'>κόσμῳ,</span> 
     </span>
    </p>
   </div>
   <div class='ocr_carea' id='block_1_98' title="bbox 216 5375 1815 5454">
    <p class='ocr_par' dir='ltr' id='par_1_98' title="bbox 216 5375 1815 5454">
     <span class='ocr_line' id='line_1_98' title="bbox 216 5375 1815 5454; baseline 0.003 -24"><span class='ocrx_word' id='word_1_724' title='bbox 216 5375 364 5430; x_wconf 84' lang='grc' dir='ltr'><strong>ἀλλά</strong></span> <span class='ocrx_word' id='word_1_725' title='bbox 402 5394 421 5427; x_wconf 85' lang='lat' dir='ltr'><strong>t</strong></span> <span class='ocrx_word' id='word_1_726' title='bbox 449 5377 733 5449; x_wconf 87' lang='grc' dir='ltr'>Θαρσεῖτε,</span> <span class='ocrx_word' id='word_1_727' title='bbox 762 5378 875 5449; x_wconf 83' lang='grc' dir='ltr'><strong>ἐγὼ</strong></span> <span class='ocrx_word' id='word_1_728' title='bbox 905 5381 1167 5453; x_wconf 90' lang='grc' dir='ltr'>νενίκηκα</span> <span class='ocrx_word' id='word_1_729' title='bbox 1196 5384 1287 5436; x_wconf 69' lang='grc' dir='ltr'>τὸν</span> <span class='ocrx_word' id='word_1_730' title='bbox 1316 5383 1542 5454; x_wconf 85' lang='grc' dir='ltr'>κόσμον.</span> <span class='ocrx_word' id='word_1_731' title='bbox 1573 5403 1592 5436; x_wconf 72' lang='grc' dir='ltr'>ι</span> <span class='ocrx_word' id='word_1_732' title='bbox 1616 5381 1815 5446; x_wconf 74' lang='grc' dir='ltr'>’Υθλος</span> 
     </span>
    </p>
   </div>
   <div class='ocr_carea' id='block_1_99' title="bbox 220 5468 1815 5547">
    <p class='ocr_par' dir='ltr' id='par_1_99' title="bbox 220 5468 1815 5547">
     <span class='ocr_line' id='line_1_99' title="bbox 220 5468 1815 5547; baseline 0.005 -25"><span class='ocrx_word' id='word_1_733' title='bbox 220 5468 328 5539; x_wconf 76' lang='grc' dir='ltr'>μὲν</span> <span class='ocrx_word' id='word_1_734' title='bbox 372 5470 527 5541; x_wconf 88' lang='grc' dir='ltr'><strong>παρά</strong></span> <span class='ocrx_word' id='word_1_735' title='bbox 570 5472 683 5534; x_wconf 78' lang='grc' dir='ltr'>τοῖς</span> <span class='ocrx_word' id='word_1_736' title='bbox 712 5472 991 5537; x_wconf 80' lang='grc' dir='ltr'>Ἰουδαίοις</span> <span class='ocrx_word' id='word_1_737' title='bbox 1037 5474 1257 5547; x_wconf 78' lang='grc' dir='ltr'>σαθρὸς,</span> <span class='ocrx_word' id='word_1_738' title='bbox 1288 5476 1382 5529; x_wconf 77' lang='grc' dir='ltr'>καὶ</span> <span class='ocrx_word' id='word_1_739' title='bbox 1429 5473 1703 5547; x_wconf 87' lang='grc' dir='ltr'>γραώδης,</span> <span class='ocrx_word' id='word_1_740' title='bbox 1739 5472 1815 5539; x_wconf 86' lang='grc' dir='ltr'>ὡς</span> 
     </span>
    </p>
   </div>
   <div class='ocr_carea' id='block_1_100' title="bbox 218 5558 1813 5639">
    <p class='ocr_par' dir='ltr' id='par_1_100' title="bbox 218 5558 1813 5639">
     <span class='ocr_line' id='line_1_100' title="bbox 218 5558 1813 5639; baseline 0.006 -27"><span class='ocrx_word' id='word_1_741' title='bbox 218 5558 376 5614; x_wconf 67' lang='grc' dir='ltr'>ἔσται</span> <span class='ocrx_word' id='word_1_742' title='bbox 424 5561 569 5617; x_wconf 84' lang='grc' dir='ltr'><strong>κατά</strong></span> <span class='ocrx_word' id='word_1_743' title='bbox 614 5564 841 5635; x_wconf 84' lang='grc' dir='ltr'>καιροὺς</span> <span class='ocrx_word' id='word_1_744' title='bbox 890 5567 949 5620; x_wconf 82' lang='grc' dir='ltr'><strong>ἐν</strong></span> <span class='ocrx_word' id='word_1_745' title='bbox 998 5567 1065 5639; x_wconf 79' lang='grc' dir='ltr'>τῇ</span> <span class='ocrx_word' id='word_1_746' title='bbox 1118 5566 1324 5622; x_wconf 84' lang='grc' dir='ltr'>κοιλάδι</span> <span class='ocrx_word' id='word_1_747' title='bbox 1356 5567 1450 5622; x_wconf 91' lang='grc' dir='ltr'><strong>τοῦ</strong></span> <span class='ocrx_word' id='word_1_748' title='bbox 1473 5564 1743 5638; x_wconf 80' lang='grc' dir='ltr'>Ἰωσαφάτ</span> <span class='ocrx_word' id='word_1_749' title='bbox 1780 5568 1813 5638; x_wconf 79' lang='grc' dir='ltr'>ἡ</span> 
     </span>
    </p>
   </div>
   <div class='ocr_carea' id='block_1_101' title="bbox 217 5650 1813 5731">
    <p class='ocr_par' dir='ltr' id='par_1_101' title="bbox 217 5650 1813 5731">
     <span class='ocr_line' id='line_1_101' title="bbox 217 5650 1813 5731; baseline 0.004 -26"><span class='ocrx_word' id='word_1_750' title='bbox 217 5650 378 5725; x_wconf 80' lang='grc' dir='ltr'><strong>παρά</strong></span> <span class='ocrx_word' id='word_1_751' title='bbox 404 5651 543 5707; x_wconf 89' lang='grc' dir='ltr'>Θεοῦ</span> <span class='ocrx_word' id='word_1_752' title='bbox 584 5657 726 5712; x_wconf 88' lang='grc' dir='ltr'><strong>κατά</strong></span> <span class='ocrx_word' id='word_1_753' title='bbox 766 5657 986 5713; x_wconf 87' lang='grc' dir='ltr'>πάντων</span> <span class='ocrx_word' id='word_1_754' title='bbox 1019 5657 1222 5730; x_wconf 89' lang='grc' dir='ltr'>κρίσις,</span> <span class='ocrx_word' id='word_1_755' title='bbox 1255 5660 1393 5731; x_wconf 84' lang='grc' dir='ltr'><strong>μετά</strong></span> <span class='ocrx_word' id='word_1_756' title='bbox 1420 5660 1482 5715; x_wconf 84' lang='grc' dir='ltr'><strong>τὸ</strong></span> <span class='ocrx_word' id='word_1_757' title='bbox 1515 5656 1813 5714; x_wconf 82' lang='grc' dir='ltr'>ἀναϐιῶναι</span> 
     </span>
    </p>
   </div>
   <div class='ocr_carea' id='block_1_102' title="bbox 1925 4549 3505 4630">
    <p class='ocr_par' dir='ltr' id='par_1_102' title="bbox 1925 4549 3505 4630">
     <span class='ocr_line' id='line_1_102' title="bbox 1925 4549 3505 4630; baseline 0.009 -25"><span class='ocrx_word' id='word_1_758' title='bbox 1925 4552 2113 4605; x_wconf 85' lang='lat' dir='ltr'><strong>urbem</strong></span> <span class='ocrx_word' id='word_1_759' title='bbox 2151 4564 2310 4604; x_wconf 87' lang='lat' dir='ltr'><strong>muro</strong></span> <span class='ocrx_word' id='word_1_760' title='bbox 2336 4549 2606 4614; x_wconf 85' lang='lat' dir='ltr'><strong>cinctam,</strong></span> <span class='ocrx_word' id='word_1_761' title='bbox 2648 4566 2841 4607; x_wconf 86' lang='lat' dir='ltr'><strong>novam</strong></span> <span class='ocrx_word' id='word_1_762' title='bbox 2875 4550 3176 4612; x_wconf 77' lang='lat' dir='ltr'><strong>Jerusalem</strong></span> <span class='ocrx_word' id='word_1_763' title='bbox 3199 4600 3215 4623; x_wconf 90' lang='lat'><strong>,</strong></span> <span class='ocrx_word' id='word_1_764' title='bbox 3267 4576 3387 4630; x_wconf 69' lang='lat' dir='ltr'><strong>quae</strong></span> <span class='ocrx_word' id='word_1_765' title='bbox 3421 4575 3505 4619; x_wconf 85' lang='lat' dir='ltr'><strong>est</strong></span> 
     </span>
    </p>
   </div>
   <div class='ocr_carea' id='block_1_103' title="bbox 1919 4641 3501 4726">
    <p class='ocr_par' dir='ltr' id='par_1_103' title="bbox 1919 4641 3501 4726">
     <span class='ocr_line' id='line_1_103' title="bbox 1919 4641 3501 4726; baseline 0.009 -29"><span class='ocrx_word' id='word_1_766' title='bbox 1919 4641 2164 4698; x_wconf 80' lang='lat' dir='ltr'><strong>Ecclesia</strong></span> <span class='ocrx_word' id='word_1_767' title='bbox 2199 4642 2293 4698; x_wconf 89' lang='lat' dir='ltr'><strong>Dei</strong></span> <span class='ocrx_word' id='word_1_768' title='bbox 2332 4643 2564 4699; x_wconf 87' lang='lat' dir='ltr'><strong>viventis</strong></span> <span class='ocrx_word' id='word_1_769' title='bbox 2594 4684 2611 4711; x_wconf 90' lang='lat'><strong>,</strong></span> <span class='ocrx_word' id='word_1_770' title='bbox 2660 4657 2815 4717; x_wconf 85' lang='lat' dir='ltr'><strong>aptos</strong></span> <span class='ocrx_word' id='word_1_771' title='bbox 2872 4650 3104 4705; x_wconf 87' lang='lat' dir='ltr'><strong>reddens</strong></span> <span class='ocrx_word' id='word_1_772' title='bbox 3153 4663 3211 4707; x_wconf 90' lang='lat' dir='ltr'><strong>ut</strong></span> <span class='ocrx_word' id='word_1_773' title='bbox 3247 4666 3501 4726; x_wconf 80' lang='lat' dir='ltr'><strong>tanquam</strong></span> 
     </span>
    </p>
   </div>
   <div class='ocr_carea' id='block_1_104' title="bbox 1917 4732 3501 4816">
    <p class='ocr_par' dir='ltr' id='par_1_104' title="bbox 1917 4732 3501 4816">
     <span class='ocr_line' id='line_1_104' title="bbox 1917 4732 3501 4816; baseline 0.009 -29"><span class='ocrx_word' id='word_1_774' title='bbox 1917 4732 2123 4803; x_wconf 86' lang='lat' dir='ltr'><strong>lapides</strong></span> <span class='ocrx_word' id='word_1_775' title='bbox 2161 4732 2385 4803; x_wconf 89' lang='lat' dir='ltr'><strong>pretiosi</strong></span> <span class='ocrx_word' id='word_1_776' title='bbox 2434 4732 2478 4765; x_wconf 81' lang='grc'><strong>⁶¹</strong></span> <span class='ocrx_word' id='word_1_777' title='bbox 2583 4736 3095 4805; x_wconf 67' lang='lat' dir='ltr'><strong>Superaedtlicemur</strong></span> <span class='ocrx_word' id='word_1_778' title='bbox 3144 4742 3196 4797; x_wconf 84' lang='lat' dir='ltr'><strong>in</strong></span> <span class='ocrx_word' id='word_1_779' title='bbox 3243 4748 3501 4816; x_wconf 86' lang='lat' dir='ltr'><strong>templum</strong></span> 
     </span>
    </p>
   </div>
   <div class='ocr_carea' id='block_1_105' title="bbox 1917 4824 3501 4901">
    <p class='ocr_par' dir='ltr' id='par_1_105' title="bbox 1917 4824 3501 4901">
     <span class='ocr_line' id='line_1_105' title="bbox 1917 4824 3501 4901; baseline 0.008 -20"><span class='ocrx_word' id='word_1_780' title='bbox 1917 4834 2191 4891; x_wconf 89' lang='lat' dir='ltr'><strong>sanctmn,</strong></span> <span class='ocrx_word' id='word_1_781' title='bbox 2221 4825 2274 4880; x_wconf 92' lang='lat' dir='ltr'><strong>in</strong></span> <span class='ocrx_word' id='word_1_782' title='bbox 2312 4824 2685 4880; x_wconf 83' lang='lat' dir='ltr'><strong>habitaculum</strong></span> <span class='ocrx_word' id='word_1_783' title='bbox 2719 4827 2834 4891; x_wconf 90' lang='lat' dir='ltr'><strong>Dei,</strong></span> <span class='ocrx_word' id='word_1_784' title='bbox 2874 4830 2928 4882; x_wconf 93' lang='lat' dir='ltr'><strong>in</strong></span> <span class='ocrx_word' id='word_1_785' title='bbox 2963 4830 3172 4901; x_wconf 86' lang='lat' dir='ltr'><strong>Spiritu</strong></span> <span class='ocrx_word' id='word_1_786' title='bbox 3197 4834 3264 4890; x_wconf 70' lang='grc' dir='ltr'><strong>θ’.</strong></span> <span class='ocrx_word' id='word_1_787' title='bbox 3315 4856 3334 4889; x_wconf 74' lang='grc' dir='ltr'>ι</span> <span class='ocrx_word' id='word_1_788' title='bbox 3394 4840 3501 4894; x_wconf 85' lang='lat' dir='ltr'><strong>Sed</strong></span> 
     </span>
    </p>
   </div>
   <div class='ocr_carea' id='block_1_106' title="bbox 1917 4916 3499 4995">
    <p class='ocr_par' dir='ltr' id='par_1_106' title="bbox 1917 4916 3499 4995">
     <span class='ocr_line' id='line_1_106' title="bbox 1917 4916 3499 4995; baseline 0.008 -23"><span class='ocrx_word' id='word_1_789' title='bbox 1917 4917 2136 4972; x_wconf 70' lang='lat' dir='ltr'><strong>invidiae</strong></span> <span class='ocrx_word' id='word_1_790' title='bbox 2167 4916 2441 4972; x_wconf 90' lang='lat' dir='ltr'><strong>doloribus</strong></span> <span class='ocrx_word' id='word_1_791' title='bbox 2469 4916 2700 4975; x_wconf 82' lang='lat' dir='ltr'><strong>nefanda</strong></span> <span class='ocrx_word' id='word_1_792' title='bbox 2729 4920 3034 4977; x_wconf 64' lang='lat' dir='ltr'><strong>daemonum</strong></span> <span class='ocrx_word' id='word_1_793' title='bbox 3071 4926 3227 4981; x_wconf 88' lang='lat' dir='ltr'><strong>turba</strong></span> <span class='ocrx_word' id='word_1_794' title='bbox 3256 4929 3499 4995; x_wconf 77' lang='lat' dir='ltr'><strong>incensa,</strong></span> 
     </span>
    </p>
   </div>
   <div class='ocr_carea' id='block_1_107' title="bbox 1919 5007 3496 5080">
    <p class='ocr_par' dir='ltr' id='par_1_107' title="bbox 1919 5007 3496 5080">
     <span class='ocr_line' id='line_1_107' title="bbox 1919 5007 3496 5080; baseline 0.011 -18"><span class='ocrx_word' id='word_1_795' title='bbox 1919 5016 2084 5078; x_wconf 88' lang='lat' dir='ltr'><strong>atque</strong></span> <span class='ocrx_word' id='word_1_796' title='bbox 2108 5007 2331 5079; x_wconf 89' lang='lat' dir='ltr'><strong>insuper</strong></span> <span class='ocrx_word' id='word_1_797' title='bbox 2378 5010 2692 5080; x_wconf 77' lang='lat' dir='ltr'><strong>doginatum</strong></span> <span class='ocrx_word' id='word_1_798' title='bbox 2732 5012 2979 5069; x_wconf 85' lang='lat' dir='ltr'><strong>veritatis</strong></span> <span class='ocrx_word' id='word_1_799' title='bbox 3024 5016 3327 5075; x_wconf 86' lang='lat' dir='ltr'><strong>adversarii</strong></span> <span class='ocrx_word' id='word_1_800' title='bbox 3373 5037 3496 5079; x_wconf 70' lang='grc' dir='ltr'>ονε-</span> 
     </span>
    </p>
   </div>
   <div class='ocr_carea' id='block_1_108' title="bbox 1919 5100 3492 5176">
    <p class='ocr_par' dir='ltr' id='par_1_108' title="bbox 1919 5100 3492 5176">
     <span class='ocr_line' id='line_1_108' title="bbox 1919 5100 3492 5176; baseline 0.011 -22"><span class='ocrx_word' id='word_1_801' title='bbox 1919 5101 2046 5156; x_wconf 83' lang='lat' dir='ltr'><strong>bras</strong></span> <span class='ocrx_word' id='word_1_802' title='bbox 2078 5100 2132 5155; x_wconf 91' lang='lat' dir='ltr'><strong>in</strong></span> <span class='ocrx_word' id='word_1_803' title='bbox 2163 5110 2383 5157; x_wconf 88' lang='lat' dir='ltr'><strong>sanctos</strong></span> <span class='ocrx_word' id='word_1_804' title='bbox 2421 5102 2761 5160; x_wconf 87' lang='lat' dir='ltr'><strong>incursiones</strong></span> <span class='ocrx_word' id='word_1_805' title='bbox 2795 5106 3083 5176; x_wconf 85' lang='lat' dir='ltr'><strong>fecerunt;</strong></span> <span class='ocrx_word' id='word_1_806' title='bbox 3138 5112 3273 5166; x_wconf 90' lang='lat' dir='ltr'><strong>nihil</strong></span> <span class='ocrx_word' id='word_1_807' title='bbox 3310 5124 3492 5172; x_wconf 89' lang='lat' dir='ltr'><strong>tamen</strong></span> 
     </span>
    </p>
   </div>
   <div class='ocr_carea' id='block_1_109' title="bbox 1921 5192 3493 5267">
    <p class='ocr_par' dir='ltr' id='par_1_109' title="bbox 1921 5192 3493 5267">
     <span class='ocr_line' id='line_1_109' title="bbox 1921 5192 3493 5267; baseline 0.01 -20"><span class='ocrx_word' id='word_1_808' title='bbox 1921 5192 1989 5247; x_wconf 91' lang='lat' dir='ltr'><strong>iis</strong></span> <span class='ocrx_word' id='word_1_809' title='bbox 2029 5202 2356 5259; x_wconf 86' lang='lat' dir='ltr'><strong>nocuerunt,</strong></span> <span class='ocrx_word' id='word_1_810' title='bbox 2382 5192 2494 5248; x_wconf 90' lang='lat' dir='ltr'><strong>Deo</strong></span> <span class='ocrx_word' id='word_1_811' title='bbox 2536 5205 2861 5267; x_wconf 83' lang='lat' dir='ltr'><strong>protegente</strong></span> <span class='ocrx_word' id='word_1_812' title='bbox 2900 5207 2955 5254; x_wconf 86' lang='lat' dir='ltr'><strong>et</strong></span> <span class='ocrx_word' id='word_1_813' title='bbox 2988 5200 3209 5259; x_wconf 88' lang='lat' dir='ltr'><strong>Christo</strong></span> <span class='ocrx_word' id='word_1_814' title='bbox 3237 5205 3493 5263; x_wconf 82' lang='lat' dir='ltr'><strong>fiduciam</strong></span> 
     </span>
    </p>
   </div>
   <div class='ocr_carea' id='block_1_110' title="bbox 1913 5280 3491 5368">
    <p class='ocr_par' dir='ltr' id='par_1_110' title="bbox 1913 5280 3491 5368">
     <span class='ocr_line' id='line_1_110' title="bbox 1913 5280 3491 5368; baseline 0.011 -31"><span class='ocrx_word' id='word_1_815' title='bbox 1913 5280 2197 5350; x_wconf 77' lang='lat' dir='ltr'><strong>afferente,</strong></span> <span class='ocrx_word' id='word_1_816' title='bbox 2240 5284 2346 5340; x_wconf 84' lang='lat' dir='ltr'><strong>illis</strong></span> <span class='ocrx_word' id='word_1_817' title='bbox 2392 5287 2618 5343; x_wconf 89' lang='lat' dir='ltr'><strong>verbis:</strong></span> <span class='ocrx_word' id='word_1_818' title='bbox 2654 5306 2672 5340; x_wconf 76' lang='grc' dir='ltr'><strong>ι</strong></span> <span class='ocrx_word' id='word_1_819' title='bbox 2731 5290 3020 5358; x_wconf 82' lang='lat' dir='ltr'><strong>Cunildite,</strong></span> <span class='ocrx_word' id='word_1_820' title='bbox 3050 5297 3183 5366; x_wconf 84' lang='lat' dir='ltr'><strong>quia</strong></span> <span class='ocrx_word' id='word_1_821' title='bbox 3244 5313 3345 5368; x_wconf 88' lang='lat' dir='ltr'><strong>ego</strong></span> <span class='ocrx_word' id='word_1_822' title='bbox 3387 5302 3491 5355; x_wconf 88' lang='lat' dir='ltr'><strong>vici</strong></span> 
     </span>
    </p>
   </div>
   <div class='ocr_carea' id='block_1_111' title="bbox 1914 5372 3491 5461">
    <p class='ocr_par' dir='ltr' id='par_1_111' title="bbox 1914 5372 3491 5461">
     <span class='ocr_line' id='line_1_111' title="bbox 1914 5372 3491 5461; baseline 0.008 -29"><span class='ocrx_word' id='word_1_823' title='bbox 1914 5372 2174 5433; x_wconf 82' lang='lat' dir='ltr'><strong>mundum</strong></span> <span class='ocrx_word' id='word_1_824' title='bbox 2221 5378 2288 5435; x_wconf 81' lang='lat'><strong>“.</strong></span> <span class='ocrx_word' id='word_1_825' title='bbox 2330 5397 2351 5432; x_wconf 74' lang='grc' dir='ltr'>ι</span> <span class='ocrx_word' id='word_1_826' title='bbox 2412 5377 2630 5435; x_wconf 82' lang='lat' dir='ltr'><strong>Frivola</strong></span> <span class='ocrx_word' id='word_1_827' title='bbox 2673 5392 2727 5436; x_wconf 92' lang='lat' dir='ltr'><strong>et</strong></span> <span class='ocrx_word' id='word_1_828' title='bbox 2773 5383 2938 5438; x_wconf 82' lang='lat' dir='ltr'><strong>anilia</strong></span> <span class='ocrx_word' id='word_1_829' title='bbox 2993 5397 3121 5441; x_wconf 92' lang='lat' dir='ltr'><strong>sunt</strong></span> <span class='ocrx_word' id='word_1_830' title='bbox 3166 5404 3286 5457; x_wconf 71' lang='lat' dir='ltr'><strong>qua:</strong></span> <span class='ocrx_word' id='word_1_831' title='bbox 3350 5394 3491 5461; x_wconf 82' lang='lat' dir='ltr'><strong>apud</strong></span> 
     </span>
    </p>
   </div>
   <div class='ocr_carea' id='block_1_112' title="bbox 1914 5468 3495 5550">
    <p class='ocr_par' dir='ltr' id='par_1_112' title="bbox 1914 5468 3495 5550">
     <span class='ocr_line' id='line_1_112' title="bbox 1914 5468 3495 5550; baseline 0.006 -25"><span class='ocrx_word' id='word_1_832' title='bbox 1914 5468 2138 5527; x_wconf 68' lang='lat' dir='ltr'><strong>Iudaeos</strong></span> <span class='ocrx_word' id='word_1_833' title='bbox 2166 5471 2631 5528; x_wconf 87' lang='lat' dir='ltr'><strong>circumferuntur</strong></span> <span class='ocrx_word' id='word_1_834' title='bbox 2658 5512 2675 5538; x_wconf 89' lang='lat'><strong>,</strong></span> <span class='ocrx_word' id='word_1_835' title='bbox 2726 5475 2857 5530; x_wconf 91' lang='lat' dir='ltr'><strong>olim</strong></span> <span class='ocrx_word' id='word_1_836' title='bbox 2903 5477 2958 5532; x_wconf 86' lang='lat' dir='ltr'><strong>in</strong></span> <span class='ocrx_word' id='word_1_837' title='bbox 3012 5479 3151 5534; x_wconf 82' lang='lat' dir='ltr'><strong>valle</strong></span> <span class='ocrx_word' id='word_1_838' title='bbox 3186 5479 3445 5550; x_wconf 83' lang='lat' dir='ltr'><strong>Josaphat</strong></span> <span class='ocrx_word' id='word_1_839' title='bbox 3474 5518 3495 5547; x_wconf 78' lang='lat'><strong>,</strong></span> 
     </span>
    </p>
   </div>
   <div class='ocr_carea' id='block_1_113' title="bbox 1912 5564 3497 5634">
    <p class='ocr_par' dir='ltr' id='par_1_113' title="bbox 1912 5564 3497 5634">
     <span class='ocr_line' id='line_1_113' title="bbox 1912 5564 3497 5634; baseline 0.009 -18"><span class='ocrx_word' id='word_1_840' title='bbox 1912 5564 2002 5618; x_wconf 88' lang='lat' dir='ltr'><strong>ubi</strong></span> <span class='ocrx_word' id='word_1_841' title='bbox 2044 5565 2239 5619; x_wconf 88' lang='lat' dir='ltr'><strong>mortui</strong></span> <span class='ocrx_word' id='word_1_842' title='bbox 2272 5565 2326 5619; x_wconf 91' lang='lat' dir='ltr'><strong>in</strong></span> <span class='ocrx_word' id='word_1_843' title='bbox 2363 5565 2532 5620; x_wconf 87' lang='lat' dir='ltr'><strong>vitam</strong></span> <span class='ocrx_word' id='word_1_844' title='bbox 2585 5566 2870 5634; x_wconf 89' lang='lat' dir='ltr'><strong>redierint,</strong></span> <span class='ocrx_word' id='word_1_845' title='bbox 2923 5570 3088 5626; x_wconf 88' lang='lat' dir='ltr'><strong>Deum</strong></span> <span class='ocrx_word' id='word_1_846' title='bbox 3137 5573 3203 5627; x_wconf 90' lang='lat' dir='ltr'><strong>de</strong></span> <span class='ocrx_word' id='word_1_847' title='bbox 3233 5577 3497 5630; x_wconf 84' lang='lat' dir='ltr'><strong>omnibus</strong></span> 
     </span>
    </p>
   </div>
   <div class='ocr_carea' id='block_1_114' title="bbox 1907 5652 3492 5734">
    <p class='ocr_par' dir='ltr' id='par_1_114' title="bbox 1907 5652 3492 5734">
     <span class='ocr_line' id='line_1_114' title="bbox 1907 5652 3492 5734; baseline 0.006 -27"><span class='ocrx_word' id='word_1_848' title='bbox 1907 5652 2172 5724; x_wconf 87' lang='lat' dir='ltr'><strong>judicium</strong></span> <span class='ocrx_word' id='word_1_849' title='bbox 2206 5655 2555 5726; x_wconf 82' lang='lat' dir='ltr'><strong>habiturum,</strong></span> <span class='ocrx_word' id='word_1_850' title='bbox 2615 5668 2670 5714; x_wconf 89' lang='lat' dir='ltr'><strong>et</strong></span> <span class='ocrx_word' id='word_1_851' title='bbox 2692 5668 2964 5732; x_wconf 87' lang='lat' dir='ltr'><strong>quotquot</strong></span> <span class='ocrx_word' id='word_1_852' title='bbox 3008 5663 3111 5719; x_wconf 88' lang='lat' dir='ltr'><strong>sub</strong></span> <span class='ocrx_word' id='word_1_853' title='bbox 3151 5664 3292 5720; x_wconf 84' lang='lat' dir='ltr'><strong>coelo</strong></span> <span class='ocrx_word' id='word_1_854' title='bbox 3334 5674 3492 5734; x_wconf 81' lang='lat' dir='ltr'><strong>smn,</strong></span> 
     </span>
    </p>
   </div>
   <div class='ocr_carea' id='block_1_115' title="bbox 302 5828 1824 5915">
    <p class='ocr_par' dir='ltr' id='par_1_115' title="bbox 302 5829 1824 5903">
     <span class='ocr_line' id='line_1_115' title="bbox 302 5829 1824 5903; baseline 0.003 -18"><span class='ocrx_word' id='word_1_855' title='bbox 302 5829 347 5863; x_wconf 77' lang='lat'><strong>”</strong></span> <span class='ocrx_word' id='word_1_856' title='bbox 380 5831 397 5885; x_wconf 82' lang='grc' dir='ltr'>ι</span> <span class='ocrx_word' id='word_1_857' title='bbox 428 5829 586 5886; x_wconf 74' lang='lat' dir='ltr'><strong>Estlr.</strong></span> <span class='ocrx_word' id='word_1_858' title='bbox 628 5849 701 5903; x_wconf 85' lang='lat' dir='ltr'><strong>tv,</strong></span> <span class='ocrx_word' id='word_1_859' title='bbox 739 5834 846 5890; x_wconf 75' lang='grc'><strong>1-5.</strong></span> <span class='ocrx_word' id='word_1_860' title='bbox 922 5836 965 5867; x_wconf 73' lang='grc' dir='ltr'><strong>⁸ο</strong></span> <span class='ocrx_word' id='word_1_861' title='bbox 992 5836 1034 5890; x_wconf 88' lang='lat' dir='ltr'><strong>ll</strong></span> <span class='ocrx_word' id='word_1_862' title='bbox 1068 5835 1223 5891; x_wconf 72' lang='lat' dir='ltr'><strong>Estlr.</strong></span> <span class='ocrx_word' id='word_1_863' title='bbox 1256 5851 1325 5902; x_wconf 79' lang='grc' dir='ltr'><strong>ιν,</strong></span> <span class='ocrx_word' id='word_1_864' title='bbox 1357 5834 1405 5887; x_wconf 83' lang='lat'><strong>7-</strong></span> <span class='ocrx_word' id='word_1_865' title='bbox 1428 5834 1507 5890; x_wconf 89' lang='lat' dir='ltr'><strong>l0.</strong></span> <span class='ocrx_word' id='word_1_866' title='bbox 1587 5837 1625 5869; x_wconf 84' lang='lat'><strong>&quot;</strong></span> <span class='ocrx_word' id='word_1_867' title='bbox 1666 5833 1824 5891; x_wconf 81' lang='lat' dir='ltr'><strong>chtr</strong></span> 
     </span>
    </p>
   </div>
   <div class='ocr_carea' id='block_1_116' title="bbox 1925 5828 3332 5915">
    <p class='ocr_par' dir='ltr' id='par_1_116' title="bbox 1930 5828 3332 5915">
     <span class='ocr_line' id='line_1_116' title="bbox 1930 5828 3332 5915; baseline 0.007 -23"><span class='ocrx_word' id='word_1_868' title='bbox 1930 5878 1945 5907; x_wconf 94' lang='lat'><strong>,</strong></span> <span class='ocrx_word' id='word_1_869' title='bbox 1980 5836 2033 5892; x_wconf 82' lang='lat'><strong>5.</strong></span> <span class='ocrx_word' id='word_1_870' title='bbox 2110 5837 2154 5870; x_wconf 85' lang='grc'><strong>⁸²</strong></span> <span class='ocrx_word' id='word_1_871' title='bbox 2188 5836 2389 5909; x_wconf 86' lang='lat' dir='ltr'><strong>Ephes.</strong></span> <span class='ocrx_word' id='word_1_872' title='bbox 2424 5856 2479 5907; x_wconf 80' lang='grc' dir='ltr'><strong>ιι,</strong></span> <span class='ocrx_word' id='word_1_873' title='bbox 2512 5838 2601 5910; x_wconf 73' lang='grc'><strong>91,</strong></span> <span class='ocrx_word' id='word_1_874' title='bbox 2632 5841 2721 5898; x_wconf 73' lang='lat'><strong>22.</strong></span> <span class='ocrx_word' id='word_1_875' title='bbox 2798 5844 2843 5877; x_wconf 85' lang='grc'><strong><em>⁸³</em></strong></span> <span class='ocrx_word' id='word_1_876' title='bbox 2877 5828 3035 5900; x_wconf 76' lang='lat' dir='ltr'><strong>Joan.</strong></span> <span class='ocrx_word' id='word_1_877' title='bbox 3071 5858 3185 5915; x_wconf 74' lang='lat' dir='ltr'><strong>xvi,</strong></span> <span class='ocrx_word' id='word_1_878' title='bbox 3242 5844 3332 5902; x_wconf 75' lang='lat'><strong>33.</strong></span> 
     </span>
    </p>
   </div>
  </div>
