4068 6544
587 393 690 451 39!

1567 389 1630 445 S.
1673 382 1948 443 CYBILLI
1988 376 2457 438 ΑιΕχΑΝοιιιΝι
2496 375 2818 434 ARCHIEP.

3740 380 3854 437 392

596 516 665 571 de
709 510 794 567 bis
829 522 949 579 qua
982 507 1269 563 adversum
1311 509 1460 579 ipsos
1487 505 1949 580 perpetraverint,
1988 504 2154 559 ratio-

2278 498 2381 561 τοὺς
2429 495 2676 568 νεκρούς.
2706 496 2922 552 Οίονται
2966 496 3023 551 δὲ
3072 498 3153 553 δτι
3202 496 3317 552 τῶν
3347 496 3428 561 είς
3458 496 3654 564 αὐτοὺς
3685 500 3854 555 ἓνεκα

586 618 710 663 nem
747 600 1053 656 reddituros
1081 599 1148 654 “.
1180 598 1310 665 Quae
1353 598 1607 669 cogitatio
1654 598 1767 654 fieri
1813 596 2000 666 nequit
2030 595 2159 664 quin

587 692 816 751 ridicula
848 691 937 757 sit,
968 690 1400 762 quandoquidem
1435 690 1695 746 divinitus
1717 687 1977 758 inspirata
2013 684 2163 741 Scri-

498 806 507 813 ‘
590 798 747 861 ptura
806 784 1148 855 prophetiam
1205 782 1525 853 completam
1550 798 1673 840 esse
1699 783 1849 847 dicit,
1882 790 1938 836 et
1983 793 2160 849 pugna

584 875 873 933 commissa
899 876 951 927 in
979 873 1115 929 valle
1143 871 1427 943 Josapbat,
1466 888 1495 927 a
1529 872 1727 927 vicinis
1758 869 2009 941 gentibus
2040 882 2159 938 poe-

590 983 691 1025 nas
724 977 960 1023 exactas.
994 962 1275 1036 Irruerunt
1303 964 1474 1028 enim,
1527 973 1585 1016 ut
1611 963 1747 1027 dixi,
1793 962 1847 1015 in
1903 959 2160 1030 reliquias

589 1060 828 1123 lsraelis,
876 1058 1124 1128 quamvis
1147 1055 1340 1124 iactati
1372 1056 1629 1111 aerumnis
1671 1054 1828 1125 longe
1868 1050 2156 1122 plurimis;

591 1150 899 1221 Babyloniis
943 1145 1207 1203 sionidem
1240 1149 1293 1201 in
1329 1147 1649 1202 servitutem
1696 1144 1929 1200 traditus
1956 1144 2159 1200 fuerat.

660 1411 827 1468 Vsus.
868 1408 990 1466 4-6.
1029 1407 1095 1461 Et
1117 1407 1332 1478 quidem
1362 1407 1486 1477 quid
1517 1407 1646 1460 mihi
1666 1416 1717 1462 et
1754 1406 1917 1471 vobis,
1967 1406 2158 1477 Tyrus,

591 1516 640 1561 et
664 1503 850 1569 Sidon,
870 1512 918 1557 et
941 1501 1107 1556 omnis
1133 1499 1363 1555 Galiiaaa
1402 1499 1823 1569 alienigenarum
1847 1500 1872 1553 ?
1904 1497 2161 1569 Nunquid

593 1595 982 1651 retributionem
1010 1609 1097 1647 nos
1120 1592 1407 1646 retribuitis
1431 1590 1584 1656 mihi,
1613 1600 1702 1643 aut
1744 1590 1882 1643 iram
1908 1591 1964 1643 in
2003 1591 2163 1645 corde

594 1687 825 1743 retinetis
850 1685 1018 1739 mihi!
1062 1682 1321 1737 Velociter
1337 1691 1385 1736 rt
1406 1682 1510 1735 cito
1533 1681 1747 1735 reddam
1769 1681 2161 1737 retributionem

2262 589 2565 658 γεγονότων
2608 589 2895 643 ἀππιοῦσι
2922 589 3136 660 λάγους,
3162 591 3212 646 oi
3242 590 3382 645 κατά
3414 593 3593 645 πᾶσαν
3621 592 3725 664 τὴν
3758 593 3855 665 ὑπ’

2260 678 2512 751 οὐρανόν.
2531 679 2847 750 Ἀμοιρήσει
2869 679 2913 733 δ’
2943 679 3010 734 ἂν
3037 680 3289 751 οὐδαμῶς
3308 680 3403 734 τοῦ
3430 680 3695 748 γελᾶσθαι
3719 682 3855 754 πρὸ

2261 787 2387 823 πειν
2411 769 2473 823 τὸ
2498 769 2791 841 ἐνθύμημα
2825 770 3030 835 αὐτοῖς,
3066 772 3167 839 τῆς
3213 771 3574 826 θεοπνεύστου
3620 772 3853 844 Γραφῆς

2259 861 2331 916 τὰ
2371 862 2468 932 τῆς
2512 862 2850 933 προφητείας
2879 863 3286 935 ὲκπεπεράνθαι
3317 863 3604 935 λεγούσης,
3637 867 3735 918 καὶ
3764 867 3852 919 ὅτι

2260 952 2416 1016 δίκας
2449 951 2736 1023 ὲξῄτηνται
2783 954 2934 1024 παρά
2976 954 3113 1008 Θεοῦ
3145 954 3213 1009 τὰ
3242 955 3495 1026 περίοικα
3519 956 3629 1010 τῶν
3653 956 3853 1020 ἐθνῶν,

2260 1044 2354 1097 τοῦ
2405 1043 2645 1115 πολέμου
2685 1046 2972 1113 γεγονότος
2998 1047 3059 1099 ἐν
3090 1048 3162 1118 ,τῇ
3201 1047 3407 1101 κοιλάδι
3436 1047 3531 1102 τοῦ
3555 1049 3851 1117 Ἰωσαφάτ.

2275 1135 2435 1190 Ἑπέθ
2445 1154 2653 1208 ρωσκεν
2674 1137 2799 1209 γὰρ,
2818 1138 2893 1201 ώς
2905 1137 3062 1209 ἔφην,
3081 1140 3194 1202 τοῖς
3209 1139 3481 1208 λειψάνοις
3496 1140 3589 1193 τοῦ
3610 1140 3850 1213 Ἰσραὴλ,

2261 1228 2437 1282 καίτοι
2481 1228 2739 1299 πλείστην
2784 1229 2916 1299 ὅσην
2963 1229 3292 1293 ἀνατλάντος
3338 1229 3739 1298 ταλαιπωρίαν,
3763 1231 3851 1284 δέ·

2261 1321 2444 1375 δονται
2474 1320 2582 1392 γὰρ
2610 1321 2721 1383 τοῖς
2749 1320 3140 1385 Βαϐυλωνίοις.

2331 1412 2444 1465 Καί
2469 1429 2537 1479 γε
2569 1412 2626 1464 τί
2652 1411 2782 1481 ἐμοὶ
2824 1412 2923 1465 καί
2951 1412 3113 1481 ὑμῖν,
3142 1413 3343 1481 Τύρος,
3377 1413 3475 1467 καὶ
3507 1413 3720 1475 Σιδὼν,
3754 1416 3851 1466 καὶ

2261 1504 2431 1560 πᾶσα
2497 1505 2797 1559 Γαλιλαία
2859 1504 3272 1573 ἀλλοφύλων;
3324 1505 3413 1573 μὴ
3463 1508 3854 1575 ἀνταπόδομα

2260 1598 2430 1667 ὑμεῖς
2457 1595 2890 1650 ἀνταποδίδοτέ
2923 1613 3048 1665 μοι,
3079 1596 3118 1665 ἢ
3150 1597 3616 1666 μνησικακεῖτε;
3644 1598 3854 1663 Ὁξέως

2262 1690 2363 1745 καὶ
2393 1687 2617 1758 ταχέως
2641 1687 3047 1743 ἀνταποδώσω
3072 1688 3137 1741 τὸ
3162 1688 3550 1758 ἀνταπόδομα
3575 1688 3747 1759 ὑμῶν
3766 1692 3854 1755 εἰς

592 1789 817 1835 oestrum
857 1777 913 1830 in
977 1776 1153 1844 capita
1203 1783 1395 1829 uestra.
1449 1770 1556 1826 Pro
1602 1789 1661 1825 eo
1704 1773 1847 1842 quod
1887 1782 2161 1842 argentum

2278 1779 2533 1849 tegaqu
2578 1778 2763 1848 ὑμῶν.
2782 1780 2925 1834 Ἄνθ’
2956 1774 3044 1833 ὧν
3070 1777 3138 1832 τὸ
3168 1779 3452 1848 ἀργύριόν
3477 1798 3621 1849 μου,
3651 1782 3753 1835 καὶ
3789 1782 3855 1834 τὸ

593 1888 765 1925 meum
795 1878 845 1924 et
876 1884 1063 1922 aurum
1094 1882 1264 1921 meum
1294 1865 1514 1928 tulistis,
1538 1875 1587 1917 et
1610 1863 1772 1918 eiecta
1797 1881 1931 1927 mea,
1956 1873 2004 1918 et
2028 1864 2162 1918 bona

2278 1848 2524 1940 χρυσίον
2555 1888 2677 1940 μου
2722 1870 2983 1937 ἐλάϐετε,
3024 1870 3124 1924 καὶ
3154 1873 3228 1926 τὰ
3254 1848 3541 1925 ἐπίλεπτα
3574 1889 3718 1940 μου.
3754 1871 3852 1925 καί

592 1963 846 2018 intulistis
872 1957 1141 2026 intempia
1180 1968 1370 2012 vestra.
1401 1955 1571 2009 Filios
1599 1953 1767 2018 Iuda,
1807 1963 1856 2007 et
1897 1953 2037 2021 filios
2079 1954 2166 2009 Je-

2264 1965 2338 2017 τὰ
2364 1962 2521 2016 καλὰ
2548 1960 2923 2032 εἰσενέγκατε
2961 1965 3049 2027 εις
3078 1963 3221 2029 τοὺς
3249 1962 3435 2028 ναοὺς
3467 1963 3652 2031 ὑμῶν.
3702 1963 3850 2028 Τοὺς

596 2054 823 2112 rusatem
846 2050 1154 2107 vendidisti:
1191 2048 1316 2115 ﬁliis
1347 2047 1511 2118 236
1551 2043 1877 2109 ercorum,
1903 2053 1961 2098 ut
2005 2044 2166 2110 εἰὶσε-

2278 2052 2434 2119 viain;
2467 2052 2673 2117 Ἰούδα,
2703 2052 2800 2105 καὶ
2831 2052 2973 2118 τοὺς
3002 2052 3172 2120 υἱοὺς
3202 2052 3592 2121 Ἰερουσαλὴμ
3634 2051 3853 2106 ἀπέδο-

599 2146 726 2201 retis
762 2160 850 2199 eos
878 2159 943 2197 ex
968 2142 1165 2211 ﬁnibus
1198 2142 1330 2194 suis.

666 2318 909 2375 XXXIX.
960 2317 1164 2374 Omnes
1199 2317 1381 2387 itaque
1426 2323 1618 2386 gentes
1668 2322 1855 2368 contra
1911 2308 2166 2366 Israelem

594 2411 908 2484 congregati
939 2420 1082 2474 sunt,
1115 2408 1383 2472 Moabitae,
1419 2406 1636 2461 Idumaei
1669 2415 1721 2461 et
1745 2403 2004 2468 Jebusaei,
2040 2401 2171 2456 Ain-

598 2506 815 2560 manitae
844 2510 899 2557 et
927 2501 1166 2570 reliquae.
1194 2499 1363 2569 Hujus
1400 2498 1615 2554 consilii
1651 2506 1707 2552 et
1729 2496 1991 2551 facinoris
2013 2503 2166 2548 ante-

598 2597 856 2665 signanos
917 2592 1080 2647 fuisse
1134 2607 1254 2647 reor
1299 2591 1688 2654 Damasccnus,
1725 2586 1941 2658 Tyrios,
1988 2594 2044 2637 et
2077 2583 2171 2653 qui

599 2684 1014 2755 appellabantur
1051 2682 1369 2746 Pbilistiim,
1397 2691 1450 2734 et
1477 2694 1649 2749 usque
1699 2678 1766 2731 ad
1802 2679 1972 2747 ipsam
2005 2674 2170 2738 Geth,

600 2792 722 2847 qua:
750 2774 1174 2844 alienigenarum
1236 2773 1455 2827 dicitur.
1494 2768 1762 2836 Quocirca
1818 2768 1898 2822 sic
1925 2781 2021 2821 eos
2046 2766 2173 2819 ιιιιί-

602 2880 883 2922 versorum
918 2862 1276 2920 Deusaﬂ‘atur
1309 2878 1324 2915 :
1360 2879 1380 2913 ι
1439 2861 1576 2927 Quid
1622 2859 1755 2913 mihi
1785 2867 1841 2912 et
1864 2856 2036 2922 vobis,
2066 2854 2174 2925 Ty-

604 2974 719 3025 rus,
753 2966 807 3013 et
832 2956 1023 3019 Sidon,
1048 2964 1105 3009 et
1147 2952 1326 3009 omnis
1354 2951 1579 3008 Galilaea
1626 2946 2105 3018 alienigenarum?
2147 2964 2168 2999 ι

605 3050 753 3118 Quas
789 3050 935 3105 enim
987 3047 1306 3103 occasiones
1351 3044 1607 3108 feritatis,
1651 3041 1842 3109 inquit,
1890 3040 2173 3105 habentes,

603 3157 845 3199 aerumna
895 3154 1142 3211 pressum
1197 3136 1480 3199 Israelem,
1537 3144 1593 3190 et
1629 3148 1658 3187 a
1709 3130 2019 3201 Babyloniis
2066 3145 2171 3184 non

605 3234 919 3305 vulgaribus
952 3229 1307 3287 incommodis
1340 3236 1621 3282 oneratum
1676 3225 1941 3280 scelerate
1988 3224 2173 3291 oppri-

608 3327 776 3389 mitis,
804 3336 860 3381 et
883 3325 1080 3380 acerbe
1121 3321 1198 3377 illi
1236 3319 1584 3384 insultantes,
1633 3325 1691 3372 et
1738 3330 1825 3370 me
1879 3314 2017 3368 forte
2056 3312 2180 3368 irri-

606 3419 798 3474 dentes
837 3415 1272 3487 quodammodo,
1299 3412 1388 3482 qui
1416 3424 1540 3465 eum
1589 3408 1811 3464 servavi
1856 3418 1911 3461 et
1941 3405 2176 3471 defendi,

607 3525 675 3564 ac
702 3507 912 3577 probris
944 3520 1046 3560 non
1071 3503 1381 3559 dubitantes
1413 3501 1676 3561 lacerare,
1702 3497 1812 3551 imo
1836 3511 1965 3550 vero
2001 3494 2175 3563 reipsa

611 3598 861 3655 allicere:
894 3595 1071 3662 Quare
1098 3594 1249 3649 brevi
1283 3591 1541 3647 ultionem
1592 3587 1889 3659 recipietis,
1918 3595 1971 3640 et
2002 3585 2180 3639 veniet

612 3690 762 3746 vobis
800 3690 852 3744 in
878 3695 1040 3757 caput
1081 3694 1319 3740 vestrum
1354 3700 1371 3749 ;
1420 3694 1609 3752 pinnas
1639 3679 1784 3734 enim
1817 3677 1949 3731 mihi
1990 3675 2176 3731 vobis-

611 3797 736 3838 cum
776 3782 832 3836 in
866 3779 1007 3834 valle
1036 3776 1302 3847 Josapbat
1335 3775 1704 3843 disceptaturo
1747 3767 2013 3839 pendetis.
2067 3765 2182 3821 Ac-

611 3877 768 3925 cusat
800 3877 979 3922 autem
1018 3881 1129 3928 eos,
1164 3874 1222 3918 ut
1256 3863 1345 3933 qui
1402 3860 1574 3917 electa
1625 3859 1804 3929 templi
1837 3858 2179 3927 diripuerint,

611 3965 674 4011 et
702 3968 865 4009 aurea
882 3966 1013 4007 vasa
1040 3950 1403 4021 eompilarint,
1434 3958 1596 4019 atque
1614 3949 1684 4003 ad
1704 3962 1924 4003 suorum
1957 3947 2181 4001 deorum

612 4047 877 4101 honorem
914 4042 1303 4099 dedicaverint.
1331 4039 1730 4096 |ntolerandum
1782 4052 1967 4108 porro,
2016 4046 2071 4092 et
2100 4037 2185 4092 di-

614 4153 738 4193 rum
786 4134 1097 4205 negotium,
1153 4141 1208 4189 et
1247 4131 1391 4207 quod
1424 4133 1556 4187 satis
1602 4131 1671 4185 sit
1696 4130 1763 4185 ad
1806 4129 2181 4184 oﬂ‘endendum

614 4229 808 4296 Deum,
844 4225 999 4295 cujus
1026 4226 1116 4281 illa
1152 4240 1249 4281 vos
1278 4240 1295 4277 :
1331 4244 1349 4277 ι
1388 4224 1629 4280 Gloriam
1658 4237 1833 4277 meam
1878 4222 2033 4277 alteri
2071 4237 2179 4276 non

614 4321 776 4383 dabo,
825 4332 1001 4388 neque
1049 4317 1261 4371 laudem
1322 4329 1495 4369 meam
1542 4312 1697 4368 idolis
1717 4313 1785 4367 ".
1817 4332 1836 4365 υ
1868 4312 2006 4379 Quid
2034 4313 2181 4367 enim

610 4411 759 4485 aliud
788 4409 950 4465 fuerit
980 4408 1343 4462 sacrosanctis
1364 4407 1732 4460 anatliematis
1752 4405 2015 4460 idolorum
2055 4404 2180 4459 fatua

611 4499 1020 4566 condecorare,
1075 4512 1236 4567 quam
1300 4496 1685 4566 propemodum
1737 4495 2076 4564 proclamare
2118 4509 2180 4548 ac

617 4592 822 4656 dicere,
858 4587 1229 4645 universitatis
1260 4586 1419 4655 huius
1456 4584 1626 4640 Deum
1657 4586 1922 4641 secundas
1960 4596 2175 4649 tenere,

620 4684 706 4737 illa
737 4691 914 4738 autem
955 4681 1175 4750 primas,
1210 4686 1266 4732 et
1302 4677 1532 4733 salutem
1559 4678 1689 4732 dare
1719 4691 1902 4746 posse,
1930 4691 1959 4729 a
1983 4678 2185 4745 quibus

618 4771 953 4828 adorentur?
985 4768 1096 4826 Nec
1127 4766 1325 4824 suﬁicit
1368 4767 1544 4833 vobis,
1596 4766 1789 4837 inquit,
1832 4767 1898 4821 ad
1936 4767 2186 4838 impieta-

620 4875 726 4918 tem
755 4904 770 4928 ,
807 4861 1005 4917 divinis
1061 4860 1303 4915 donariis
1353 4858 1614 4929 spoliasse
1663 4857 1921 4927 templum
1979 4872 2184 4922 lucum,

620 4957 840 5025 insuper
870 4954 1009 5009 filios
1042 4952 1177 5007 inda
1211 4962 1267 5008 et
1332 4951 1468 5006 Iilios
1519 4949 1818 5007 Jerusalem
1866 4951 2185 5006 vendidistis

613 5046 926 5101 Graecorum
970 5045 1116 5099 filiis.
1144 5043 1374 5099 Factum
1417 5044 1561 5097 istud
1587 5041 1879 5096 verisimile
1939 5050 2071 5106 est,
2128 5048 2187 5096 ut

616 5137 787 5208 aliqui
816 5151 1007 5207 nempe
1034 5151 1101 5191 ex
1130 5133 1295 5190 Israel
1330 5135 1382 5186 in
1438 5142 1608 5188 terras
1646 5132 1884 5202 gentium
1931 5132 2188 5201 deporta-

617 5241 827 5295 rentur,
855 5228 1160 5285 ementibus
1183 5236 1240 5282 et
1270 5225 1663 5280 abducentibns
1710 5231 1806 5278 aut
1839 5221 2024 5292 Tyriis
2072 5222 2186 5278 for-

616 5331 787 5389 tasse,
813 5329 907 5376 aut
936 5319 1059 5375 aliis
1086 5325 1447 5374 mercaturam
1486 5314 1830 5383 facientibus,
1869 5322 1925 5369 et
1956 5314 2186 5386 quaestui

614 5410 984 5485 comparando
1008 5409 1220 5465 deditis.

694 5778 952 5835 “li’etr.
1008 5790 1082 5843 tv,
1121 5773 1173 5829 5.
1250 5770 1424 5827 “lsa.
1466 5769 1667 5839 mt,8.

2202 3190 2245 3247 C

2216 4537 2257 4590 D

2263 2149 2377 2198 σθε
2405 2143 2528 2209 τοῖς
2554 2143 2706 2209 υἱοῖς
2738 2142 2857 2196 τῶν
2902 2143 3232 2211 Ἑλλήνων,
3261 2143 3421 2210 ὅπως
3450 2144 3724 2213 ὲξώσητε
3751 2146 3857 2198 αὐ-

2267 2234 2409 2302 τοὺς
2432 2235 2501 2288 ὲκ
2535 2234 2653 2288 τῶν
2678 2235 2861 2303 ὁρίων
2891 2234 3110 2289 αὐτῶν.

2338 2325 2460 2384 ΛΘ’.
2503 2326 2692 2389 Ἔθνος
2735 2326 2834 2397 μὲν
2878 2322 2971 2380 οὖν
3010 2326 3155 2381 ἆπαν
3184 2325 3328 2380 κατά
3358 2325 3456 2380 τοῦ
3477 2325 3697 2396 Ἰσραὴλ
3727 2343 3856 2380 συνι-

2269 2422 2572 2494 αγήγερται
2592 2459 2607 2483 ,
2634 2419 2940 2483 Μωαϐῖται,
2958 2419 3266 2489 Ἰδουμαῖοι,
3285 2419 3620 2482 Ἰεϐουσαῖοι,
3637 2419 3858 2488 Ἀμμα-

2270 2518 2431 2579 νῖται,
2461 2512 2559 2567 καὶ⁸
2585 2513 2633 2565 οἱ
2661 2511 2858 2565 λοιποί.
2896 2509 3181 2582 Κατάρξαι
3212 2510 3289 2573 δὲ,
3310 2505 3486 2579 οἶμαι,
3516 2508 3737 2579 βουλῆς,
3765 2509 3859 2560 καὶ

2269 2602 2685 2676 ἐγχειρημάτων
2730 2602 3148 2673 Δαμασκηνοὺς,
3173 2601 3270 2654 καὶ
3298 2600 3555 2672 Τυρίους,
3587 2600 3683 2652 καὶ
3733 2598 3860 2659 τοὺς

2271 2695 2641 2765 καλουμένους
2671 2692 2996 2763 Φιλιστιεὶμ,
3023 2692 3117 2745 καὶ
3146 2691 3338 2763 μέχρις
3364 2690 3535 2758 αὐτῆς
3580 2689 3682 2758 τῆς
3730 2688 3856 2751 ﬁt,

2269 2785 2391 2857 ἥτις
2437 2785 2681 2839 καλεῖται
2730 2785 2827 2837 καὶ
2878 2782 3212 2852 ἀλλοφύλων.
3248 2783 3538 2852 Τοιγάρτοι
3580 2781 3671 2833 καὶ
3723 2780 3861 2852 πρὸς

2272 2875 2469 2939 αὐτοὺς
2515 2877 2544 2929 δ
2592 2874 2697 2928 τῶν
2756 2875 2894 2928 ὅλων
2932 2873 3094 2938 Θεός·
3131 2892 3150 2925 ι
3183 2874 3293 2926 Καὶ
3336 2873 3389 2925 τί
3426 2871 3552 2942 ἐμοὶ
3593 2873 3682 2924 καὶ
3732 2871 3861 2940 ὑμῖν

2273 2965 2468 3039 Τύρος,
2491 2966 2587 3020 καὶ
2615 2964 2804 3031 Σιδὼν,
2836 2967 2929 3019 καὶ
2968 2967 3119 3018 πᾶσα
3144 2964 3405 3018 Γαλιλαία
3441 2961 3793 3031 ἁλλοφύλωνς
3838 2979 3856 3012 ι

2279 3057 2447 3121 Ποίας
2476 3057 2606 3129 γὰρ,
2639 3058 2793 3128 φησὶ,
2819 3056 2917 3120 τὰς
2951 3057 3203 3127 ἀφορμὰς
3230 3056 3328 3126 τῆς
3360 3056 3680 3125 ἀγριότητος
3706 3053 3863 3123 ἔχον-

2278 3165 2391 3212 τες,
2422 3146 2849 3220 ταλαιποροῦντα
2888 3147 2977 3201 τὸν
3004 3146 3245 3217 Ἰσραὴλ,
3278 3145 3375 3198 καὶ⁵
3402 3147 3526 3208 ταῖς
3573 3144 3637 3197 ὲκ
3677 3142 3862 3196 3:60-

2278 3238 2485 3293 λωνίων
2508 3241 2813 3310 συμφοραῖς
2839 3239 2899 3292 ού
2926 3237 3163 3309 μετρίως
3185 3235 3602 3307 κατηχθημένον
3631 3235 3865 3296 ἀνοσίως

2279 3328 2676 3401 ὲπιφορτίζετε,
2712 3328 2925 3399 πικρῶς
2953 3326 3346 3391 ἐπιϐαίνοντες,
3378 3326 3475 3378 καὶ
3498 3319 3608 3377 οἷον
3636 3322 3745 3395 ἐμὲ
3773 3340 3864 3391 γε-

2280 3420 2480 3481 λῶντες
2520 3419 2611 3473 τὸν
2650 3418 2893 3483 σώζοντα
2924 3419 3067 3489 τάχα
3099 3435 3224 3483 που,
3251 3416 3348 3472 καὶ
3376 3416 3743 3487 ἀμυνόμενον,
3776 3414 3868 3468 καὶ

2280 3511 2349 3568 τὰ
2379 3510 2589 3583 ἐχθρῶν
2619 3513 2699 3574 είς
2729 3510 2830 3579 ἐμὲ
2869 3508 3179 3579 τολμῶντες
3220 3507 3420 3577 λέγειν,
3460 3507 3658 3579 μᾶλλον
3683 3506 3737 3560 δ’
3768 3506 3865 3577 ἠδη

2280 3602 2377 3655 καὶ
2403 3601 2634 3673 δρᾶσαι;
2666 3599 2780 3652 Οὐκ
2807 3593 2899 3652 οὖν
2930 3600 3008 3661 είς
3036 3596 3253 3669 μακρὰν
3282 3596 3627 3667 ἀπολήψεσθε
3648 3595 3706 3648 τὺ
3740 3596 3866 3649 ἀντ-

2280 3691 2549 3762 απόδομα.
2606 3690 2763 3757 Ἥξει
2811 3690 2871 3743 δὲ
2914 3690 3044 3760 ὑμῖν
3091 3690 3172 3752 είς
3216 3686 3493 3757 κεφαλήν
3543 3686 3697 3748 δίκας
3762 3684 3865 3756 γὰρ

2281 3784 2554 3837 ἀποτιεῖτε
2584 3781 2706 3852 ἐμοὶ
2736 3779 2811 3851 τῷ
2840 3778 3312 3851 διακριθησομένῳ
3344 3777 3481 3849 πρὸς
3507 3777 3650 3847 ὑμᾶς
3692 3775 3761 3827 ὲν
3804 3777 3865 3844 τῇ

2282 3873 2489 3927 κοιλάδι
2520 3871 2613 3926 τοῦ
2638 3873 2926 3943 Ἰωσαφάτ.
2948 3890 2968 3923 ι
2989 3872 3242 3939 Ἐγκαλετ
3258 3870 3317 3923 δὲ
3339 3870 3524 3932 αὐτοῖς
3548 3868 3625 3931 ὡς
3641 3868 3869 3938 διηρπα-

2285 3964 2405 4017 κόσι
2441 3962 2541 4033 μὲν
2570 3962 2639 4016 τὰ
2659 3961 2920 4016 ὲπίλεκτα
2955 3960 3048 4014 τοῦ
3095 3960 3247 4027 ναοῦ,
3275 3960 3371 4013 καὶ
3394 3958 3465 4012 τὰ
3488 3959 3663 4030 χρυσᾶ
3695 3958 3868 4026 σκεύη

2286 4052 2628 4125 σεσυληκόσι,
2659 4053 2753 4124 κα),
2798 4055 2920 4117 ταῖς
2966 4051 3075 4105 τῶν
3119 4050 3264 4105 ἰδίων
3297 4050 3448 4104 Θεῶν
3488 4047 3865 4103 ἀνατεθεικόσι

2283 4147 2489 4216 τιμαῖς.
2507 4144 2802 4215 Ἀφόρητον
2839 4142 2896 4195 δὲ
2938 4142 2997 4195 τὸ
3031 4142 3240 4213 χρῆμα,
3276 4141 3371 4194 καὶ
3398 4140 3610 4211 πικρὸν,
3646 4140 3745 4192 καὶ
3770 4139 3866 4191 οὐκ

2284 4232 2556 4297 ἀνικάνως
2588 4231 2711 4303 ἕχον
2740 4230 2822 4295 εἴς
2845 4247 2909 4299 γε
2931 4230 2993 4283 τὸ
3021 4229 3280 4284 δύνασθαι
3304 4227 3694 4297 καταλυπῆσαι
3714 4226 3863 4281 Θεόν.

2289 4329 2433 4397 Ἔφη
2462 4325 2593 4397 γὰρ,
2618 4326 2700 4378 ὄτι
2738 4342 2757 4376 s
2784 4324 2894 4393 Τὴν
2926 4322 3085 4387 δόξαν
3128 4338 3227 4392 μου
3256 4319 3429 4391 ἑτέρῳ
3453 4320 3514 4372 ού
3547 4317 3728 4383 δώσω,
3748 4317 3867 4371 οὐδὲ

2284 4418 2383 4482 τὰς
2406 4418 2605 4488 ἀρετάς
2632 4434 2730 4488 μου
2760 4419 2872 4479 τοῖς
2897 4414 3178 4484 γλυπτοῖς.
3210 4431 3229 4463 ι
3258 4413 3324 4465 Τί
3350 4410 3460 4481 γὰρ
3486 4410 3677 4481 ἕτερον
3698 4409 3766 4462 ἂν
3788 4408 3869 4475 εἰη

2284 4509 2346 4562 τὸ
2372 4511 2485 4573 τοῖς
2520 4508 2684 4572 θείοις
2714 4506 3032 4577 ἀναθήμασι
3060 4504 3184 4568 τοὺς
3207 4503 3313 4555 τῶν
3337 4500 3573 4555 εἰδώλων
3595 4499 3868 4552 κατακαλ-

2292 4600 2470 4654 λύνειν
2497 4599 2679 4663 ναοὺς,
2706 4597 2740 4670 ἢ
2773 4596 3059 4669 μονονουχὶ
3088 4592 3533 4664 διακεκραγέναι,
3555 4592 3652 4645 καὶ
3669 4590 3866 4658 λέγειν,

2292 4689 2368 4754 ὡς
2397 4690 2481 4760 εἴη
2513 4688 2611 4760 μὲν
2647 4690 2677 4743 ὁ
2721 4688 2829 4741 τῶν
2871 4688 3007 4741 ὅλων
3035 4685 3164 4749 Θεὸς
3199 4685 3257 4737 ὲν
3281 4683 3578 4755 δευτέροις,
3610 4681 3683 4736 τὰ
3727 4682 3784 4735 δὲ
3815 4684 3870 4734 ἐν

2293 4780 2471 4850 λόγοις
2496 4780 2589 4835 τοῦ
2620 4778 2969 4852 προύχοντος,
2993 4778 3086 4832 καὶ
3112 4774 3303 4841 σώζειν
3330 4774 3541 4838 εἰδότας
3560 4774 3688 4835 τοὺς
3713 4773 3871 4833 ἰδίους

2295 4873 2699 4945 προσκυνητάς;
2723 4872 2831 4927 Καὶ
2857 4872 2957 4924 οὐκ
2979 4870 3218 4941 ἀπόχρη,
3243 4868 3407 4939 φημὶ,
3430 4868 3510 4929 είς
3534 4865 3867 4925 δυσσέϐειαν,

2296 4967 2423 5037 ύμῖν
2465 4965 2526 5018 τὺ
2560 4965 2665 5017 τῶν
2692 4964 2850 5019 θείων
2882 4962 3247 5034 ἀναθημάτων
3293 4960 3385 5013 τὸν
3431 4959 3563 5030 ἐμὸν
3591 4957 3870 5027 γυμνῶσαι

2295 5055 2450 5119 νεὼν,
2484 5054 2619 5109 ἀλλά
2646 5054 2754 5126 γὰρ
2781 5055 2876 5107 καὶ
2901 5054 3027 5117 τοὺς
3057 5053 3205 5114 υἱοὺς
3231 5049 3421 5113 Ἰούδα,
3455 5049 3550 5101 καὶ
3573 5048 3701 5110 τοὺς
3727 5047 3872 5109 υἱοὺς

2305 5142 2673 5215 Ἰερουσαλὴμ.
2689 5142 2957 5197 ἀπέδοσθε
2984 5143 3097 5204 τοῖς
3137 5142 3272 5203 uini;
3306 5138 3415 5190 τῶν
3453 5135 3739 5206 Ἑλλήνων.
3778 5135 3873 5187 ra-

2295 5235 2479 5290 νέσθαι
2510 5234 2568 5287 δέ
2600 5252 2654 5287 τι
2687 5232 2929 5287 τοιοῦτον
2970 5233 3138 5296 εἰκὸς,
3165 5230 3239 5294 ὡς
3290 5232 3348 5283 ὲν
3386 5232 3505 5294 ταῖς
3536 5227 3743 5299 χώραις
3766 5227 3872 5280 τῶν

2295 5324 2463 5380 ἐθνῶν
2486 5340 2639 5389 τινας
2669 5324 3107 5394 ἀποκομισθῆναι
3141 5320 3250 5375 τῶν
3277 5320 3337 5386 ἐξ
3357 5318 3597 5391 Ἰσραὴλ,
3624 5319 3876 5390 ἀπεμπο-

2296 5415 2533 5469 λούντων
2579 5417 2776 5481 αὐτοὺς
2808 5415 2842 5486 ἦ
2872 5414 3087 5485 Τυρίων
3120 5411 3300 5483 τυχὸν,
3326 5411 3361 5483 ἦ
3408 5412 3503 5464 κα)⁸
3540 5409 3761 5481 ἐτέρων,
3795 5403 3875 5470 of;

2299 5505 2539 5578 ἐμπορία
2578 5506 2641 5560 τὸ
2688 5505 3136 5577 σπουδαζόμενον,
3166 5503 3260 5558 καὶ
3306 5501 3641 5574 φιλοκερδεῖν
3670 5499 3729 5555 τὸ
3757 5501 3877 5555 ιυ-

2300 5598 2562 5670 τήδευμα.
