  <div class='ocr_page' id='page_1' title='image "/cluster/home/n/w/nwhite01/storage/ocr_20150623/71/hvd.32044019207885/218.png"; bbox 0 0 4068 6546; ppageno 0'>
   <div class='ocr_carea' id='block_1_1' title="bbox 168 375 286 436">
    <p class='ocr_par' dir='ltr' id='par_1_1' title="bbox 168 375 286 436">
     <span class='ocr_line' id='line_1_1' title="bbox 168 375 286 436; baseline -0.008 0"><span class='ocrx_word' id='word_1_1' title='bbox 168 375 286 436; x_wconf 71' lang='lat'><strong>393</strong></span> 
     </span>
    </p>
   </div>
   <div class='ocr_carea' id='block_1_2' title="bbox 1063 366 2495 429">
    <p class='ocr_par' dir='ltr' id='par_1_2' title="bbox 1063 366 2495 429">
     <span class='ocr_line' id='line_1_2' title="bbox 1063 366 2495 429; baseline -0.006 -1"><span class='ocrx_word' id='word_1_2' title='bbox 1063 372 1609 429; x_wconf 69' lang='lat' dir='ltr'><strong>COMMENTARIUS</strong></span> <span class='ocrx_word' id='word_1_3' title='bbox 1646 371 1715 427; x_wconf 83' lang='lat' dir='ltr'><strong>IN</strong></span> <span class='ocrx_word' id='word_1_4' title='bbox 1754 368 2016 428; x_wconf 75' lang='lat' dir='ltr'><strong>JOELEM</strong></span> <span class='ocrx_word' id='word_1_5' title='bbox 2055 366 2495 423; x_wconf 78' lang='lat' dir='ltr'><strong>PROPIIETAM.</strong></span> 
     </span>
    </p>
   </div>
   <div class='ocr_carea' id='block_1_3' title="bbox 3324 369 3436 425">
    <p class='ocr_par' dir='ltr' id='par_1_3' title="bbox 3324 369 3436 425">
     <span class='ocr_line' id='line_1_3' title="bbox 3324 369 3436 425; baseline 0 -1"><span class='ocrx_word' id='word_1_6' title='bbox 3324 369 3436 425; x_wconf 66' lang='lat' dir='ltr'><strong>3M</strong></span> 
     </span>
    </p>
   </div>
   <div class='ocr_carea' id='block_1_4' title="bbox 247 482 1788 564">
    <p class='ocr_par' dir='ltr' id='par_1_4' title="bbox 247 487 1758 564">
     <span class='ocr_line' id='line_1_4' title="bbox 247 487 1758 564; baseline -0.003 -18"><span class='ocrx_word' id='word_1_7' title='bbox 247 492 462 564; x_wconf 80' lang='grc' dir='ltr'><strong>Πρέπει</strong></span> <span class='ocrx_word' id='word_1_8' title='bbox 490 490 534 543; x_wconf 83' lang='grc' dir='ltr'><strong>δ’</strong></span> <span class='ocrx_word' id='word_1_9' title='bbox 560 489 626 544; x_wconf 85' lang='grc' dir='ltr'><strong>ἀν</strong></span> <span class='ocrx_word' id='word_1_10' title='bbox 657 491 684 543; x_wconf 84' lang='grc' dir='ltr'><strong>ό</strong></span> <span class='ocrx_word' id='word_1_11' title='bbox 710 489 889 559; x_wconf 80' lang='grc' dir='ltr'><strong>λόγος,</strong></span> <span class='ocrx_word' id='word_1_12' title='bbox 915 488 989 552; x_wconf 82' lang='grc' dir='ltr'><strong>ὥς</strong></span> <span class='ocrx_word' id='word_1_13' title='bbox 1018 487 1081 557; x_wconf 79' lang='grc' dir='ltr'><strong>γέ</strong></span> <span class='ocrx_word' id='word_1_14' title='bbox 1118 506 1207 560; x_wconf 92' lang='grc' dir='ltr'><strong>μοι</strong></span> <span class='ocrx_word' id='word_1_15' title='bbox 1231 491 1502 559; x_wconf 84' lang='grc' dir='ltr'><strong>φαίνεται,</strong></span> <span class='ocrx_word' id='word_1_16' title='bbox 1526 491 1621 544; x_wconf 69' lang='grc' dir='ltr'><strong>καὶ</strong></span> <span class='ocrx_word' id='word_1_17' title='bbox 1647 491 1758 551; x_wconf 86' lang='grc' dir='ltr'><strong>τοῖς</strong></span> 
     </span>
    </p>
   </div>
   <div class='ocr_carea' id='block_1_5' title="bbox 1893 482 3440 564">
    <p class='ocr_par' dir='ltr' id='par_1_5' title="bbox 1934 482 3440 548">
     <span class='ocr_line' id='line_1_5' title="bbox 1934 482 3440 548; baseline 0.001 -8"><span class='ocrx_word' id='word_1_18' title='bbox 1934 485 2032 540; x_wconf 92' lang='lat' dir='ltr'><strong>IIic</strong></span> <span class='ocrx_word' id='word_1_19' title='bbox 2057 498 2256 547; x_wconf 84' lang='lat' dir='ltr'><strong>sermo,</strong></span> <span class='ocrx_word' id='word_1_20' title='bbox 2297 484 2341 537; x_wconf 90' lang='lat' dir='ltr'><strong>si</strong></span> <span class='ocrx_word' id='word_1_21' title='bbox 2369 491 2516 537; x_wconf 85' lang='lat' dir='ltr'><strong>recte</strong></span> <span class='ocrx_word' id='word_1_22' title='bbox 2574 482 2887 548; x_wconf 91' lang='lat' dir='ltr'><strong>ratiocinor,</strong></span> <span class='ocrx_word' id='word_1_23' title='bbox 2922 482 3088 538; x_wconf 89' lang='lat' dir='ltr'><strong>etiam</strong></span> <span class='ocrx_word' id='word_1_24' title='bbox 3156 482 3208 538; x_wconf 93' lang='lat' dir='ltr'><strong>in</strong></span> <span class='ocrx_word' id='word_1_25' title='bbox 3250 485 3440 542; x_wconf 51' lang='lat' dir='ltr'><strong>nefan-</strong></span> 
     </span>
    </p>
   </div>
   <div class='ocr_carea' id='block_1_6' title="bbox 166 581 1765 653">
    <p class='ocr_par' dir='ltr' id='par_1_6' title="bbox 166 581 1765 653">
     <span class='ocr_line' id='line_1_6' title="bbox 166 581 1765 653; baseline -0.001 -16"><span class='ocrx_word' id='word_1_26' title='bbox 166 583 289 637; x_wconf 73' lang='grc' dir='ltr'><strong>τῶν</strong></span> <span class='ocrx_word' id='word_1_27' title='bbox 337 582 566 637; x_wconf 76' lang='grc' dir='ltr'><strong>ἀνοσίων</strong></span> <span class='ocrx_word' id='word_1_28' title='bbox 601 582 998 653; x_wconf 79' lang='grc' dir='ltr'><strong>προεστηκόσιν</strong></span> <span class='ocrx_word' id='word_1_29' title='bbox 1045 581 1329 651; x_wconf 82' lang='grc' dir='ltr'><strong>αἱρέσεων,</strong></span> <span class='ocrx_word' id='word_1_30' title='bbox 1363 582 1411 635; x_wconf 85' lang='grc' dir='ltr'><strong>οἳ</strong></span> <span class='ocrx_word' id='word_1_31' title='bbox 1452 582 1578 645; x_wconf 82' lang='grc' dir='ltr'><strong>τοὺς</strong></span> <span class='ocrx_word' id='word_1_32' title='bbox 1612 582 1765 644; x_wconf 79' lang='grc' dir='ltr'><strong>υἱοὺς</strong></span> 
     </span>
    </p>
   </div>
   <div class='ocr_carea' id='block_1_7' title="bbox 170 670 1767 745">
    <p class='ocr_par' dir='ltr' id='par_1_7' title="bbox 170 670 1767 745">
     <span class='ocr_line' id='line_1_7' title="bbox 170 670 1767 745; baseline -0.004 -17"><span class='ocrx_word' id='word_1_33' title='bbox 170 675 278 743; x_wconf 79' lang='grc' dir='ltr'><strong>τῆς</strong></span> <span class='ocrx_word' id='word_1_34' title='bbox 309 673 638 745; x_wconf 80' lang='grc' dir='ltr'><strong>Ἐκκλησίας</strong></span> <span class='ocrx_word' id='word_1_35' title='bbox 678 672 961 742; x_wconf 73' lang='grc' dir='ltr'><strong>μονονουχὶ</strong></span> <span class='ocrx_word' id='word_1_36' title='bbox 985 670 1376 741; x_wconf 74' lang='grc' dir='ltr'><strong>διαρπάζοντες</strong></span> <span class='ocrx_word' id='word_1_37' title='bbox 1405 674 1470 743; x_wconf 80' lang='grc' dir='ltr'><strong>τῇ</strong></span> <span class='ocrx_word' id='word_1_38' title='bbox 1510 672 1618 724; x_wconf 85' lang='grc' dir='ltr'><strong>τῶν</strong></span> <span class='ocrx_word' id='word_1_39' title='bbox 1649 670 1767 723; x_wconf 80' lang='grc' dir='ltr'><strong>Ἐλ-</strong></span> 
     </span>
    </p>
   </div>
   <div class='ocr_carea' id='block_1_8' title="bbox 172 763 1768 837">
    <p class='ocr_par' dir='ltr' id='par_1_8' title="bbox 172 763 1768 837">
     <span class='ocr_line' id='line_1_8' title="bbox 172 763 1768 837; baseline -0.003 -17"><span class='ocrx_word' id='word_1_40' title='bbox 172 765 364 837; x_wconf 85' lang='grc' dir='ltr'>λήνων</span> <span class='ocrx_word' id='word_1_41' title='bbox 406 763 795 819; x_wconf 79' lang='grc' dir='ltr'><strong>καταπωλοῦσι</strong></span> <span class='ocrx_word' id='word_1_42' title='bbox 828 764 1009 835; x_wconf 74' lang='grc' dir='ltr'><strong>σοφίᾳ,</strong></span> <span class='ocrx_word' id='word_1_43' title='bbox 1034 764 1121 816; x_wconf 85' lang='grc' dir='ltr'><strong>ῐνα</strong></span> <span class='ocrx_word' id='word_1_44' title='bbox 1151 763 1505 818; x_wconf 82' lang='grc' dir='ltr'><strong>πολυπλόκων</strong></span> <span class='ocrx_word' id='word_1_45' title='bbox 1548 763 1768 817; x_wconf 78' lang='grc' dir='ltr'>ἐννοιῶν</span> 
     </span>
    </p>
   </div>
   <div class='ocr_carea' id='block_1_9' title="bbox 174 854 1769 928">
    <p class='ocr_par' dir='ltr' id='par_1_9' title="bbox 174 854 1769 928">
     <span class='ocr_line' id='line_1_9' title="bbox 174 854 1769 928; baseline -0.003 -15"><span class='ocrx_word' id='word_1_46' title='bbox 174 858 689 928; x_wconf 79' lang='grc' dir='ltr'><strong>ἀναπιμπλάμενοι,</strong></span> <span class='ocrx_word' id='word_1_47' title='bbox 736 855 923 925; x_wconf 76' lang='grc' dir='ltr'><strong>πικροὶ</strong></span> <span class='ocrx_word' id='word_1_48' title='bbox 969 854 1233 923; x_wconf 81' lang='grc' dir='ltr'><strong>γένωνται</strong></span> <span class='ocrx_word' id='word_1_49' title='bbox 1276 854 1524 925; x_wconf 76' lang='grc' dir='ltr'><strong>ζητηταὶ,</strong></span> <span class='ocrx_word' id='word_1_50' title='bbox 1570 855 1769 925; x_wconf 81' lang='grc' dir='ltr'><strong>μᾶλλον</strong></span> 
     </span>
    </p>
   </div>
   <div class='ocr_carea' id='block_1_10' title="bbox 176 946 1771 1019">
    <p class='ocr_par' dir='ltr' id='par_1_10' title="bbox 176 946 1771 1019">
     <span class='ocr_line' id='line_1_10' title="bbox 176 946 1771 1019; baseline -0.003 -16"><span class='ocrx_word' id='word_1_51' title='bbox 176 948 235 1003; x_wconf 82' lang='grc' dir='ltr'><strong>δὲ</strong></span> <span class='ocrx_word' id='word_1_52' title='bbox 270 950 520 1011; x_wconf 83' lang='grc' dir='ltr'><strong>ἀπειθεῖς</strong></span> <span class='ocrx_word' id='word_1_53' title='bbox 560 965 621 1001; x_wconf 89' lang='grc' dir='ltr'><strong>τε</strong></span> <span class='ocrx_word' id='word_1_54' title='bbox 672 949 767 1001; x_wconf 74' lang='grc' dir='ltr'><strong>καὶ</strong></span> <span class='ocrx_word' id='word_1_55' title='bbox 796 947 1087 1019; x_wconf 83' lang='grc' dir='ltr'><strong>ἀλιτήριοι,</strong></span> <span class='ocrx_word' id='word_1_56' title='bbox 1116 948 1207 1001; x_wconf 70' lang='grc' dir='ltr'><strong>καὶ</strong></span> <span class='ocrx_word' id='word_1_57' title='bbox 1245 948 1314 1001; x_wconf 78' lang='grc' dir='ltr'><strong>τά</strong></span> <span class='ocrx_word' id='word_1_58' title='bbox 1358 946 1492 1019; x_wconf 86' lang='grc' dir='ltr'><strong>ὀρθά</strong></span> <span class='ocrx_word' id='word_1_59' title='bbox 1525 946 1771 1019; x_wconf 83' lang='grc' dir='ltr'><strong>διαστρέ-</strong></span> 
     </span>
    </p>
   </div>
   <div class='ocr_carea' id='block_1_11' title="bbox 178 1038 1772 1111">
    <p class='ocr_par' dir='ltr' id='par_1_11' title="bbox 178 1038 1772 1111">
     <span class='ocr_line' id='line_1_11' title="bbox 178 1038 1772 1111; baseline 0 -20"><span class='ocrx_word' id='word_1_60' title='bbox 178 1058 401 1109; x_wconf 82' lang='grc' dir='ltr'><strong>φοντες,</strong></span> <span class='ocrx_word' id='word_1_61' title='bbox 434 1041 611 1093; x_wconf 88' lang='grc' dir='ltr'><strong>καίτοι</strong></span> <span class='ocrx_word' id='word_1_62' title='bbox 655 1040 771 1093; x_wconf 86' lang='grc' dir='ltr'><strong>δέον</strong></span> <span class='ocrx_word' id='word_1_63' title='bbox 807 1039 952 1109; x_wconf 77' lang='grc' dir='ltr'><strong>ἁπλῇ</strong></span> <span class='ocrx_word' id='word_1_64' title='bbox 995 1039 1280 1094; x_wconf 84' lang='grc' dir='ltr'><strong>διαϐιῶναι</strong></span> <span class='ocrx_word' id='word_1_65' title='bbox 1312 1041 1534 1111; x_wconf 82' lang='grc' dir='ltr'><strong>φράσει,</strong></span> <span class='ocrx_word' id='word_1_66' title='bbox 1562 1040 1654 1092; x_wconf 76' lang='grc' dir='ltr'><strong>καὶ</strong></span> <span class='ocrx_word' id='word_1_67' title='bbox 1683 1038 1772 1092; x_wconf 82' lang='grc' dir='ltr'><strong>τὸν</strong></span> 
     </span>
    </p>
   </div>
   <div class='ocr_carea' id='block_1_12' title="bbox 180 1128 1771 1201">
    <p class='ocr_par' dir='ltr' id='par_1_12' title="bbox 180 1128 1771 1201">
     <span class='ocr_line' id='line_1_12' title="bbox 180 1128 1771 1201; baseline -0.001 -17"><span class='ocrx_word' id='word_1_68' title='bbox 180 1130 570 1201; x_wconf 79' lang='grc' dir='ltr'><strong>ἀκαπήλευτον</strong></span> <span class='ocrx_word' id='word_1_69' title='bbox 606 1130 762 1197; x_wconf 82' lang='grc' dir='ltr'><strong>λόγον</strong></span> <span class='ocrx_word' id='word_1_70' title='bbox 810 1129 909 1198; x_wconf 82' lang='grc' dir='ltr'><strong>τῆς</strong></span> <span class='ocrx_word' id='word_1_71' title='bbox 952 1128 1206 1199; x_wconf 69' lang='grc' dir='ltr'><strong>ἀληθείας</strong></span> <span class='ocrx_word' id='word_1_72' title='bbox 1260 1128 1666 1200; x_wconf 79' lang='grc' dir='ltr'><strong>μελετᾷν.Ἐξω</strong></span> <span class='ocrx_word' id='word_1_73' title='bbox 1708 1130 1771 1199; x_wconf 81' lang='grc' dir='ltr'><strong>δὴ</strong></span> 
     </span>
    </p>
   </div>
   <div class='ocr_carea' id='block_1_13' title="bbox 180 1217 1775 1293">
    <p class='ocr_par' dir='ltr' id='par_1_13' title="bbox 180 1217 1775 1293">
     <span class='ocr_line' id='line_1_13' title="bbox 180 1217 1775 1293; baseline 0.001 -19"><span class='ocrx_word' id='word_1_74' title='bbox 180 1217 276 1275; x_wconf 82' lang='grc' dir='ltr'><strong>οὖν</strong></span> <span class='ocrx_word' id='word_1_75' title='bbox 306 1221 419 1273; x_wconf 81' lang='grc' dir='ltr'><strong>τῶν</strong></span> <span class='ocrx_word' id='word_1_76' title='bbox 446 1222 591 1274; x_wconf 72' lang='grc' dir='ltr'><strong>ἰδίων</strong></span> <span class='ocrx_word' id='word_1_77' title='bbox 619 1221 782 1291; x_wconf 85' lang='grc' dir='ltr'><strong>όρίων</strong></span> <span class='ocrx_word' id='word_1_78' title='bbox 811 1220 1064 1288; x_wconf 86' lang='grc' dir='ltr'><strong>γενέσθαι</strong></span> <span class='ocrx_word' id='word_1_79' title='bbox 1103 1220 1229 1284; x_wconf 82' lang='grc' dir='ltr'><strong>τοὺς</strong></span> <span class='ocrx_word' id='word_1_80' title='bbox 1259 1221 1644 1293; x_wconf 70' lang='grc' dir='ltr'><strong>ἠπατημένους</strong></span> <span class='ocrx_word' id='word_1_81' title='bbox 1670 1239 1775 1276; x_wconf 84' lang='grc' dir='ltr'><strong>πα-</strong></span> 
     </span>
    </p>
   </div>
   <div class='ocr_carea' id='block_1_14' title="bbox 186 1314 1774 1388">
    <p class='ocr_par' dir='ltr' id='par_1_14' title="bbox 186 1314 1774 1388">
     <span class='ocr_line' id='line_1_14' title="bbox 186 1314 1774 1388; baseline 0.003 -19"><span class='ocrx_word' id='word_1_82' title='bbox 186 1316 810 1388; x_wconf 77' lang='grc' dir='ltr'><strong>ρασκευάζουσιν.”οροι</strong></span> <span class='ocrx_word' id='word_1_83' title='bbox 839 1316 895 1368; x_wconf 82' lang='grc' dir='ltr'><strong>δὲ</strong></span> <span class='ocrx_word' id='word_1_84' title='bbox 924 1314 1113 1387; x_wconf 84' lang='grc' dir='ltr'><strong>ὥσπερ</strong></span> <span class='ocrx_word' id='word_1_85' title='bbox 1140 1317 1234 1371; x_wconf 76' lang='grc' dir='ltr'><strong>καὶ</strong></span> <span class='ocrx_word' id='word_1_86' title='bbox 1264 1315 1416 1388; x_wconf 82' lang='grc' dir='ltr'><strong>χώρα</strong></span> <span class='ocrx_word' id='word_1_87' title='bbox 1438 1318 1547 1371; x_wconf 84' lang='grc' dir='ltr'><strong>τῶν</strong></span> <span class='ocrx_word' id='word_1_88' title='bbox 1570 1319 1774 1374; x_wconf 88' lang='grc' dir='ltr'><strong>τέκνων</strong></span> 
     </span>
    </p>
   </div>
   <div class='ocr_carea' id='block_1_15' title="bbox 181 1408 1776 1482">
    <p class='ocr_par' dir='ltr' id='par_1_15' title="bbox 181 1408 1776 1482">
     <span class='ocr_line' id='line_1_15' title="bbox 181 1408 1776 1482; baseline 0.002 -20"><span class='ocrx_word' id='word_1_89' title='bbox 181 1411 283 1477; x_wconf 75' lang='grc' dir='ltr'><strong>τῆς</strong></span> <span class='ocrx_word' id='word_1_90' title='bbox 309 1408 643 1478; x_wconf 85' lang='grc' dir='ltr'><strong>Ἐκκλησίας</strong></span> <span class='ocrx_word' id='word_1_91' title='bbox 685 1408 789 1482; x_wconf 75' lang='grc' dir='ltr'><strong>τῆς</strong></span> <span class='ocrx_word' id='word_1_92' title='bbox 821 1408 1079 1478; x_wconf 79' lang='grc' dir='ltr'><strong>ἀληθείας</strong></span> <span class='ocrx_word' id='word_1_93' title='bbox 1121 1411 1154 1477; x_wconf 83' lang='grc' dir='ltr'><strong>ἡ</strong></span> <span class='ocrx_word' id='word_1_94' title='bbox 1200 1409 1423 1477; x_wconf 82' lang='grc' dir='ltr'><strong>γνῶσις,</strong></span> <span class='ocrx_word' id='word_1_95' title='bbox 1457 1410 1548 1464; x_wconf 72' lang='grc' dir='ltr'><strong>καὶ</strong></span> <span class='ocrx_word' id='word_1_96' title='bbox 1593 1410 1654 1463; x_wconf 83' lang='grc' dir='ltr'><strong>τὸ</strong></span> <span class='ocrx_word' id='word_1_97' title='bbox 1695 1414 1776 1476; x_wconf 88' lang='grc' dir='ltr'><strong>είς</strong></span> 
     </span>
    </p>
   </div>
   <div class='ocr_carea' id='block_1_16' title="bbox 184 1500 1775 1575">
    <p class='ocr_par' dir='ltr' id='par_1_16' title="bbox 184 1500 1775 1575">
     <span class='ocr_line' id='line_1_16' title="bbox 184 1500 1775 1575; baseline 0.001 -21"><span class='ocrx_word' id='word_1_98' title='bbox 184 1501 297 1554; x_wconf 81' lang='grc' dir='ltr'><strong>πᾶν</strong></span> <span class='ocrx_word' id='word_1_99' title='bbox 345 1500 525 1553; x_wconf 83' lang='grc' dir='ltr'>ὁτιοῦν</span> <span class='ocrx_word' id='word_1_100' title='bbox 570 1500 679 1552; x_wconf 85' lang='grc' dir='ltr'><strong>τῶν</strong></span> <span class='ocrx_word' id='word_1_101' title='bbox 718 1500 962 1571; x_wconf 79' lang='grc' dir='ltr'><strong>ἀκριϐῶς</strong></span> <span class='ocrx_word' id='word_1_102' title='bbox 996 1500 1378 1572; x_wconf 81' lang='grc' dir='ltr'><strong>ἐξητασμένων</strong></span> <span class='ocrx_word' id='word_1_103' title='bbox 1404 1504 1483 1565; x_wconf 84' lang='grc' dir='ltr'><strong>είς</strong></span> <span class='ocrx_word' id='word_1_104' title='bbox 1510 1502 1775 1575; x_wconf 81' lang='grc' dir='ltr'><strong>ὀρθότητα</strong></span> 
     </span>
    </p>
   </div>
   <div class='ocr_carea' id='block_1_17' title="bbox 184 1590 1778 1666">
    <p class='ocr_par' dir='ltr' id='par_1_17' title="bbox 184 1590 1778 1666">
     <span class='ocr_line' id='line_1_17' title="bbox 184 1590 1778 1666; baseline 0.004 -24"><span class='ocrx_word' id='word_1_105' title='bbox 184 1590 461 1653; x_wconf 88' lang='grc' dir='ltr'><strong>νενευκός.</strong></span> <span class='ocrx_word' id='word_1_106' title='bbox 496 1590 724 1659; x_wconf 82' lang='grc' dir='ltr'><strong>Λέγοιτο</strong></span> <span class='ocrx_word' id='word_1_107' title='bbox 774 1590 911 1644; x_wconf 80' lang='grc' dir='ltr'><strong>δ’ἂν</strong></span> <span class='ocrx_word' id='word_1_108' title='bbox 959 1592 1183 1656; x_wconf 78' lang='grc' dir='ltr'><strong>εἰκότως</strong></span> <span class='ocrx_word' id='word_1_109' title='bbox 1228 1593 1403 1664; x_wconf 84' lang='grc' dir='ltr'><strong>χρυσά</strong></span> <span class='ocrx_word' id='word_1_110' title='bbox 1452 1594 1643 1666; x_wconf 83' lang='grc' dir='ltr'><strong>σκεύη,</strong></span> <span class='ocrx_word' id='word_1_111' title='bbox 1685 1594 1778 1648; x_wconf 78' lang='grc' dir='ltr'><strong>καὶ</strong></span> 
     </span>
    </p>
   </div>
   <div class='ocr_carea' id='block_1_18' title="bbox 183 1681 1778 1755">
    <p class='ocr_par' dir='ltr' id='par_1_18' title="bbox 183 1681 1778 1755">
     <span class='ocr_line' id='line_1_18' title="bbox 183 1681 1778 1755; baseline 0.004 -22"><span class='ocrx_word' id='word_1_112' title='bbox 183 1682 431 1751; x_wconf 79' lang='grc' dir='ltr'><strong>ἀργυρᾶ,</strong></span> <span class='ocrx_word' id='word_1_113' title='bbox 471 1682 565 1735; x_wconf 77' lang='grc' dir='ltr'><strong>καὶ</strong></span> <span class='ocrx_word' id='word_1_114' title='bbox 600 1682 860 1735; x_wconf 71' lang='grc' dir='ltr'><strong>ἐπίλεκτοι</strong></span> <span class='ocrx_word' id='word_1_115' title='bbox 892 1681 1051 1745; x_wconf 80' lang='grc' dir='ltr'><strong>Θεοῦ,</strong></span> <span class='ocrx_word' id='word_1_116' title='bbox 1086 1684 1181 1736; x_wconf 72' lang='grc' dir='ltr'><strong>καὶ</strong></span> <span class='ocrx_word' id='word_1_117' title='bbox 1226 1683 1370 1737; x_wconf 87' lang='grc' dir='ltr'><strong>κατά</strong></span> <span class='ocrx_word' id='word_1_118' title='bbox 1400 1684 1462 1737; x_wconf 82' lang='grc' dir='ltr'><strong>τὸ</strong></span> <span class='ocrx_word' id='word_1_119' title='bbox 1497 1685 1695 1755; x_wconf 80' lang='grc' dir='ltr'><strong>ἀληθὲς</strong></span> <span class='ocrx_word' id='word_1_120' title='bbox 1727 1686 1778 1739; x_wconf 81' lang='grc' dir='ltr'><strong>οἱ</strong></span> 
     </span>
    </p>
   </div>
   <div class='ocr_carea' id='block_1_19' title="bbox 187 1772 1779 1849">
    <p class='ocr_par' dir='ltr' id='par_1_19' title="bbox 187 1772 1779 1849">
     <span class='ocr_line' id='line_1_19' title="bbox 187 1772 1779 1849; baseline 0.004 -24"><span class='ocrx_word' id='word_1_121' title='bbox 187 1772 376 1825; x_wconf 86' lang='grc' dir='ltr'><strong>πίστει</strong></span> <span class='ocrx_word' id='word_1_122' title='bbox 434 1774 916 1844; x_wconf 80' lang='grc' dir='ltr'><strong>κατηγλαῖσμένοι,</strong></span> <span class='ocrx_word' id='word_1_123' title='bbox 948 1774 1043 1827; x_wconf 74' lang='grc' dir='ltr'><strong>καὶ</strong></span> <span class='ocrx_word' id='word_1_124' title='bbox 1081 1778 1195 1839; x_wconf 87' lang='grc' dir='ltr'><strong>τοῖς</strong></span> <span class='ocrx_word' id='word_1_125' title='bbox 1238 1777 1296 1843; x_wconf 78' lang='grc' dir='ltr'>ἐξ</span> <span class='ocrx_word' id='word_1_126' title='bbox 1346 1776 1521 1849; x_wconf 80' lang='grc' dir='ltr'>ἔργων</span> <span class='ocrx_word' id='word_1_127' title='bbox 1554 1778 1779 1846; x_wconf 78' lang='grc' dir='ltr'><strong>ἀγαθοῖς</strong></span> 
     </span>
    </p>
   </div>
   <div class='ocr_carea' id='block_1_20' title="bbox 186 1863 1773 1938">
    <p class='ocr_par' dir='ltr' id='par_1_20' title="bbox 186 1863 1773 1938">
     <span class='ocr_line' id='line_1_20' title="bbox 186 1863 1773 1938; baseline 0.005 -23"><span class='ocrx_word' id='word_1_128' title='bbox 186 1863 475 1934; x_wconf 74' lang='grc' dir='ltr'><strong>αὐχήμασι</strong></span> <span class='ocrx_word' id='word_1_129' title='bbox 513 1866 946 1935; x_wconf 84' lang='grc' dir='ltr'><strong>κεχρυσωμένοι,</strong></span> <span class='ocrx_word' id='word_1_130' title='bbox 979 1866 1073 1919; x_wconf 75' lang='grc' dir='ltr'><strong>καὶ</strong></span> <span class='ocrx_word' id='word_1_131' title='bbox 1109 1867 1187 1936; x_wconf 83' lang='grc' dir='ltr'><strong>τῷ</strong></span> <span class='ocrx_word' id='word_1_132' title='bbox 1218 1868 1320 1938; x_wconf 84' lang='grc' dir='ltr'><strong>τῆς</strong></span> <span class='ocrx_word' id='word_1_133' title='bbox 1349 1868 1629 1932; x_wconf 79' lang='grc' dir='ltr'><strong>εὐσεϐείας</strong></span> <span class='ocrx_word' id='word_1_134' title='bbox 1657 1869 1773 1924; x_wconf 87' lang='grc' dir='ltr'><strong>δια-</strong></span> 
     </span>
    </p>
   </div>
   <div class='ocr_carea' id='block_1_21' title="bbox 188 1955 1777 2033">
    <p class='ocr_par' dir='ltr' id='par_1_21' title="bbox 188 1955 1777 2033">
     <span class='ocr_line' id='line_1_21' title="bbox 188 1955 1777 2033; baseline 0.003 -23"><span class='ocrx_word' id='word_1_135' title='bbox 188 1956 500 2019; x_wconf 83' lang='grc' dir='ltr'><strong>στίλϐοντες</strong></span> <span class='ocrx_word' id='word_1_136' title='bbox 529 1956 735 2010; x_wconf 85' lang='grc' dir='ltr'><strong>κάλλει.</strong></span> <span class='ocrx_word' id='word_1_137' title='bbox 753 1956 893 2009; x_wconf 83' lang='grc' dir='ltr'><strong>Ἀλλ’</strong></span> <span class='ocrx_word' id='word_1_138' title='bbox 918 1959 965 2010; x_wconf 89' lang='grc' dir='ltr'><strong>εί</strong></span> <span class='ocrx_word' id='word_1_139' title='bbox 995 1958 1203 2027; x_wconf 81' lang='grc' dir='ltr'><strong>γένοιτό</strong></span> <span class='ocrx_word' id='word_1_140' title='bbox 1230 1977 1352 2013; x_wconf 86' lang='grc' dir='ltr'><strong>τινα</strong></span> <span class='ocrx_word' id='word_1_141' title='bbox 1377 1960 1484 2015; x_wconf 83' lang='grc' dir='ltr'><strong>τῶν</strong></span> <span class='ocrx_word' id='word_1_142' title='bbox 1510 1955 1611 2016; x_wconf 78' lang='grc' dir='ltr'><strong>ὧδε</strong></span> <span class='ocrx_word' id='word_1_143' title='bbox 1636 1962 1777 2033; x_wconf 85' lang='grc' dir='ltr'><strong>λαμ-</strong></span> 
     </span>
    </p>
   </div>
   <div class='ocr_carea' id='block_1_22' title="bbox 189 2047 1776 2123">
    <p class='ocr_par' dir='ltr' id='par_1_22' title="bbox 189 2047 1776 2123">
     <span class='ocr_line' id='line_1_22' title="bbox 189 2047 1776 2123; baseline 0.005 -23"><span class='ocrx_word' id='word_1_144' title='bbox 189 2047 349 2117; x_wconf 84' lang='grc' dir='ltr'><strong>πρῶν</strong></span> <span class='ocrx_word' id='word_1_145' title='bbox 374 2051 490 2111; x_wconf 87' lang='grc' dir='ltr'><strong>τοῖς</strong></span> <span class='ocrx_word' id='word_1_146' title='bbox 522 2048 622 2119; x_wconf 81' lang='grc' dir='ltr'><strong>τῆς</strong></span> <span class='ocrx_word' id='word_1_147' title='bbox 666 2050 883 2120; x_wconf 79' lang='grc' dir='ltr'><strong>ἀπάτης</strong></span> <span class='ocrx_word' id='word_1_148' title='bbox 931 2049 1134 2103; x_wconf 83' lang='grc' dir='ltr'><strong>ἁλῶναι</strong></span> <span class='ocrx_word' id='word_1_149' title='bbox 1181 2051 1418 2123; x_wconf 81' lang='grc' dir='ltr'><strong>βρόχοις,</strong></span> <span class='ocrx_word' id='word_1_150' title='bbox 1454 2054 1776 2107; x_wconf 78' lang='grc' dir='ltr'><strong>ἀκούσονται</strong></span> 
     </span>
    </p>
   </div>
   <div class='ocr_carea' id='block_1_23' title="bbox 189 2140 1774 2217">
    <p class='ocr_par' dir='ltr' id='par_1_23' title="bbox 189 2140 1774 2217">
     <span class='ocr_line' id='line_1_23' title="bbox 189 2140 1774 2217; baseline 0.006 -25"><span class='ocrx_word' id='word_1_151' title='bbox 189 2141 414 2202; x_wconf 76' lang='grc' dir='ltr'><strong>πάντως</strong></span> <span class='ocrx_word' id='word_1_152' title='bbox 440 2142 486 2192; x_wconf 87' lang='grc' dir='ltr'><strong>οἱ</strong></span> <span class='ocrx_word' id='word_1_153' title='bbox 518 2140 620 2209; x_wconf 86' lang='grc' dir='ltr'><strong>τῆς</strong></span> <span class='ocrx_word' id='word_1_154' title='bbox 662 2141 878 2212; x_wconf 83' lang='grc' dir='ltr'><strong>ἀπάτης</strong></span> <span class='ocrx_word' id='word_1_155' title='bbox 916 2142 1156 2213; x_wconf 76' lang='grc' dir='ltr'><strong>εὑρεταὶ,</strong></span> <span class='ocrx_word' id='word_1_156' title='bbox 1198 2162 1215 2196; x_wconf 84' lang='grc' dir='ltr'><strong>ι</strong></span> <span class='ocrx_word' id='word_1_157' title='bbox 1248 2145 1321 2197; x_wconf 75' lang='grc' dir='ltr'>Τὸ</span> <span class='ocrx_word' id='word_1_158' title='bbox 1354 2146 1617 2217; x_wconf 79' lang='grc' dir='ltr'><strong>ἀργύριόν</strong></span> <span class='ocrx_word' id='word_1_159' title='bbox 1651 2164 1774 2217; x_wconf 87' lang='grc' dir='ltr'><strong>μου,</strong></span> 
     </span>
    </p>
   </div>
   <div class='ocr_carea' id='block_1_24' title="bbox 191 2230 1776 2310">
    <p class='ocr_par' dir='ltr' id='par_1_24' title="bbox 191 2230 1776 2310">
     <span class='ocr_line' id='line_1_24' title="bbox 191 2230 1776 2310; baseline 0.005 -26"><span class='ocrx_word' id='word_1_160' title='bbox 191 2232 286 2285; x_wconf 76' lang='grc' dir='ltr'><strong>καὶ</strong></span> <span class='ocrx_word' id='word_1_161' title='bbox 327 2230 392 2283; x_wconf 86' lang='grc' dir='ltr'><strong>τὸ</strong></span> <span class='ocrx_word' id='word_1_162' title='bbox 427 2231 650 2302; x_wconf 88' lang='grc' dir='ltr'><strong>χρυσίον</strong></span> <span class='ocrx_word' id='word_1_163' title='bbox 701 2249 802 2302; x_wconf 91' lang='grc' dir='ltr'>μου</span> <span class='ocrx_word' id='word_1_164' title='bbox 844 2232 1088 2300; x_wconf 78' lang='grc' dir='ltr'><strong>ἐλάϐετε,</strong></span> <span class='ocrx_word' id='word_1_165' title='bbox 1122 2235 1218 2289; x_wconf 79' lang='grc' dir='ltr'><strong>καὶ</strong></span> <span class='ocrx_word' id='word_1_166' title='bbox 1264 2235 1335 2289; x_wconf 83' lang='grc' dir='ltr'><strong>τὰ</strong></span> <span class='ocrx_word' id='word_1_167' title='bbox 1372 2237 1634 2291; x_wconf 84' lang='grc' dir='ltr'><strong>ὲπίλεκτά</strong></span> <span class='ocrx_word' id='word_1_168' title='bbox 1676 2257 1776 2310; x_wconf 89' lang='grc' dir='ltr'>μου</span> 
     </span>
    </p>
   </div>
   <div class='ocr_carea' id='block_1_25' title="bbox 193 2323 1779 2400">
    <p class='ocr_par' dir='ltr' id='par_1_25' title="bbox 193 2323 1779 2400">
     <span class='ocr_line' id='line_1_25' title="bbox 193 2323 1779 2400; baseline 0.005 -24"><span class='ocrx_word' id='word_1_169' title='bbox 193 2323 555 2393; x_wconf 81' lang='grc' dir='ltr'><strong>είσηνέγκατε</strong></span> <span class='ocrx_word' id='word_1_170' title='bbox 604 2324 685 2387; x_wconf 88' lang='grc' dir='ltr'><strong>είς</strong></span> <span class='ocrx_word' id='word_1_171' title='bbox 735 2324 864 2387; x_wconf 77' lang='grc' dir='ltr'><strong>τοὺς</strong></span> <span class='ocrx_word' id='word_1_172' title='bbox 908 2325 1073 2389; x_wconf 79' lang='grc' dir='ltr'><strong>ναοὺς</strong></span> <span class='ocrx_word' id='word_1_173' title='bbox 1126 2326 1297 2397; x_wconf 82' lang='grc' dir='ltr'><strong>ὑμῶν.</strong></span> <span class='ocrx_word' id='word_1_174' title='bbox 1338 2328 1672 2400; x_wconf 78' lang='grc' dir='ltr'><strong>»Ἔγκλημα</strong></span> <span class='ocrx_word' id='word_1_175' title='bbox 1721 2331 1779 2384; x_wconf 84' lang='grc' dir='ltr'><strong>δὲ</strong></span> 
     </span>
    </p>
   </div>
   <div class='ocr_carea' id='block_1_26' title="bbox 192 2414 1781 2494">
    <p class='ocr_par' dir='ltr' id='par_1_26' title="bbox 192 2414 1781 2494">
     <span class='ocr_line' id='line_1_26' title="bbox 192 2414 1781 2494; baseline 0.006 -28"><span class='ocrx_word' id='word_1_176' title='bbox 192 2414 351 2467; x_wconf 81' lang='grc' dir='ltr'><strong>τοῦτο</strong></span> <span class='ocrx_word' id='word_1_177' title='bbox 369 2414 544 2468; x_wconf 87' lang='grc' dir='ltr'><strong>δεινόν</strong></span> <span class='ocrx_word' id='word_1_178' title='bbox 569 2432 629 2467; x_wconf 90' lang='grc' dir='ltr'><strong>τε</strong></span> <span class='ocrx_word' id='word_1_179' title='bbox 670 2416 763 2468; x_wconf 78' lang='grc' dir='ltr'><strong>καὶ</strong></span> <span class='ocrx_word' id='word_1_180' title='bbox 785 2415 1199 2485; x_wconf 87' lang='grc' dir='ltr'><strong>δυσδιάφυκτον.</strong></span> <span class='ocrx_word' id='word_1_181' title='bbox 1218 2418 1273 2471; x_wconf 80' lang='grc' dir='ltr'>Ἀ</span> <span class='ocrx_word' id='word_1_182' title='bbox 1284 2420 1650 2490; x_wconf 88' lang='grc' dir='ltr'><strong>μαρτάνοντες</strong></span> <span class='ocrx_word' id='word_1_183' title='bbox 1673 2422 1781 2494; x_wconf 81' lang='grc' dir='ltr'><strong>γὰρ</strong></span> 
     </span>
    </p>
   </div>
   <div class='ocr_carea' id='block_1_27' title="bbox 196 2502 1779 2581">
    <p class='ocr_par' dir='ltr' id='par_1_27' title="bbox 196 2502 1779 2581">
     <span class='ocr_line' id='line_1_27' title="bbox 196 2502 1779 2581; baseline 0.005 -23"><span class='ocrx_word' id='word_1_184' title='bbox 196 2507 273 2568; x_wconf 85' lang='grc' dir='ltr'><strong>εἰς</strong></span> <span class='ocrx_word' id='word_1_185' title='bbox 300 2506 436 2569; x_wconf 75' lang='grc' dir='ltr'><strong>τοὺς</strong></span> <span class='ocrx_word' id='word_1_186' title='bbox 463 2506 726 2573; x_wconf 80' lang='grc' dir='ltr'><strong>ἀδελφοὺς</strong></span> <span class='ocrx_word' id='word_1_187' title='bbox 756 2507 934 2577; x_wconf 83' lang='grc' dir='ltr'><strong>ήμῶν,</strong></span> <span class='ocrx_word' id='word_1_188' title='bbox 969 2509 1107 2579; x_wconf 83' lang='grc' dir='ltr'><strong>ὑπὲρ</strong></span> <span class='ocrx_word' id='word_1_189' title='bbox 1125 2502 1199 2562; x_wconf 85' lang='grc' dir='ltr'><strong>ὧν</strong></span> <span class='ocrx_word' id='word_1_190' title='bbox 1227 2511 1460 2581; x_wconf 85' lang='grc' dir='ltr'><strong>Χριστὸς</strong></span> <span class='ocrx_word' id='word_1_191' title='bbox 1491 2513 1779 2581; x_wconf 81' lang='grc' dir='ltr'><strong>ἀπέθανεν,</strong></span> 
     </span>
    </p>
   </div>
   <div class='ocr_carea' id='block_1_28' title="bbox 196 2592 1783 2672">
    <p class='ocr_par' dir='ltr' id='par_1_28' title="bbox 196 2592 1783 2672">
     <span class='ocr_line' id='line_1_28' title="bbox 196 2592 1783 2672; baseline 0.007 -24"><span class='ocrx_word' id='word_1_192' title='bbox 196 2596 358 2649; x_wconf 77' lang='grc' dir='ltr'><strong>αὐτὸν</strong></span> <span class='ocrx_word' id='word_1_193' title='bbox 393 2596 639 2651; x_wconf 79' lang='grc' dir='ltr'><strong>ἀδικοῦσι</strong></span> <span class='ocrx_word' id='word_1_194' title='bbox 668 2598 924 2669; x_wconf 80' lang='grc' dir='ltr'><strong>Χριστὸν,</strong></span> <span class='ocrx_word' id='word_1_195' title='bbox 958 2592 1002 2667; x_wconf 85' lang='grc' dir='ltr'><strong>ᾧ</strong></span> <span class='ocrx_word' id='word_1_196' title='bbox 1032 2600 1203 2672; x_wconf 83' lang='grc' dir='ltr'>πάντη</span> <span class='ocrx_word' id='word_1_197' title='bbox 1231 2619 1289 2654; x_wconf 91' lang='grc' dir='ltr'><strong>τε</strong></span> <span class='ocrx_word' id='word_1_198' title='bbox 1317 2602 1410 2657; x_wconf 76' lang='grc' dir='ltr'><strong>καὶ</strong></span> <span class='ocrx_word' id='word_1_199' title='bbox 1447 2605 1660 2668; x_wconf 86' lang='grc' dir='ltr'><strong>πάντως</strong></span> <span class='ocrx_word' id='word_1_200' title='bbox 1686 2605 1783 2669; x_wconf 86' lang='grc' dir='ltr'><strong>τὰς</strong></span> 
     </span>
    </p>
   </div>
   <div class='ocr_carea' id='block_1_29' title="bbox 196 2686 1725 2763">
    <p class='ocr_par' dir='ltr' id='par_1_29' title="bbox 196 2686 1725 2763">
     <span class='ocr_line' id='line_1_29' title="bbox 196 2686 1725 2763; baseline 0.006 -23"><span class='ocrx_word' id='word_1_201' title='bbox 196 2686 304 2741; x_wconf 84' lang='grc' dir='ltr'><strong>τῶν</strong></span> <span class='ocrx_word' id='word_1_202' title='bbox 328 2688 414 2752; x_wconf 81' lang='grc' dir='ltr'><strong>εἰς</strong></span> <span class='ocrx_word' id='word_1_203' title='bbox 442 2689 603 2742; x_wconf 78' lang='grc' dir='ltr'><strong>αὑτὸν</strong></span> <span class='ocrx_word' id='word_1_204' title='bbox 637 2690 1001 2763; x_wconf 85' lang='grc' dir='ltr'><strong>πεπλημμελη</strong></span> <span class='ocrx_word' id='word_1_205' title='bbox 1012 2694 1185 2763; x_wconf 87' lang='grc' dir='ltr'><strong>μένων</strong></span> <span class='ocrx_word' id='word_1_206' title='bbox 1208 2694 1362 2758; x_wconf 86' lang='grc' dir='ltr'>δίκας</span> <span class='ocrx_word' id='word_1_207' title='bbox 1391 2695 1725 2749; x_wconf 78' lang='grc' dir='ltr'><strong>ἀποτιοῦσιν.</strong></span> 
     </span>
    </p>
   </div>
   <div class='ocr_carea' id='block_1_30' title="bbox 272 2779 1784 2852">
    <p class='ocr_par' dir='ltr' id='par_1_30' title="bbox 272 2779 1784 2852">
     <span class='ocr_line' id='line_1_30' title="bbox 272 2779 1784 2852; baseline 0.005 -19"><span class='ocrx_word' id='word_1_208' title='bbox 272 2779 381 2833; x_wconf 78' lang='lat' dir='ltr'><strong>Kal</strong></span> <span class='ocrx_word' id='word_1_209' title='bbox 416 2779 546 2834; x_wconf 80' lang='grc' dir='ltr'><strong>ἰδοὺ</strong></span> <span class='ocrx_word' id='word_1_210' title='bbox 570 2780 685 2850; x_wconf 79' lang='grc' dir='ltr'><strong>ἐγὼ</strong></span> <span class='ocrx_word' id='word_1_211' title='bbox 715 2782 989 2851; x_wconf 82' lang='grc' dir='ltr'><strong>ἐξεγείρω</strong></span> <span class='ocrx_word' id='word_1_212' title='bbox 1017 2784 1238 2852; x_wconf 86' lang='grc' dir='ltr'><strong>αὐτοὺς</strong></span> <span class='ocrx_word' id='word_1_213' title='bbox 1259 2786 1326 2839; x_wconf 83' lang='grc' dir='ltr'><strong>ἐκ</strong></span> <span class='ocrx_word' id='word_1_214' title='bbox 1349 2786 1453 2840; x_wconf 91' lang='grc' dir='ltr'><strong>τοῦ</strong></span> <span class='ocrx_word' id='word_1_215' title='bbox 1482 2790 1689 2851; x_wconf 78' lang='grc' dir='ltr'><strong>τόπου,</strong></span> <span class='ocrx_word' id='word_1_216' title='bbox 1710 2782 1784 2844; x_wconf 80' lang='grc' dir='ltr'><strong>οὗ</strong></span> 
     </span>
    </p>
   </div>
   <div class='ocr_carea' id='block_1_31' title="bbox 198 2869 1785 2938">
    <p class='ocr_par' dir='ltr' id='par_1_31' title="bbox 198 2869 1785 2938">
     <span class='ocr_line' id='line_1_31' title="bbox 198 2869 1785 2938; baseline 0.004 -14"><span class='ocrx_word' id='word_1_217' title='bbox 198 2869 504 2925; x_wconf 71' lang='grc' dir='ltr'><strong>ἀπέδοσθε</strong></span> <span class='ocrx_word' id='word_1_218' title='bbox 538 2872 757 2938; x_wconf 83' lang='grc' dir='ltr'><strong>αὐτοὺς</strong></span> <span class='ocrx_word' id='word_1_219' title='bbox 779 2873 932 2926; x_wconf 80' lang='grc' dir='ltr'><strong>ἐκεῐ’</strong></span> <span class='ocrx_word' id='word_1_220' title='bbox 962 2875 1057 2928; x_wconf 81' lang='grc' dir='ltr'><strong>καὶ</strong></span> <span class='ocrx_word' id='word_1_221' title='bbox 1091 2875 1495 2930; x_wconf 74' lang='grc' dir='ltr'><strong>ἀνταποδώσω</strong></span> <span class='ocrx_word' id='word_1_222' title='bbox 1524 2877 1785 2931; x_wconf 71' lang='grc' dir='ltr'><strong>ἀνταπό-</strong></span> 
     </span>
    </p>
   </div>
   <div class='ocr_carea' id='block_1_32' title="bbox 201 2960 1789 3039">
    <p class='ocr_par' dir='ltr' id='par_1_32' title="bbox 201 2960 1789 3039">
     <span class='ocr_line' id='line_1_32' title="bbox 201 2960 1789 3039; baseline 0.005 -25"><span class='ocrx_word' id='word_1_223' title='bbox 201 2960 353 3031; x_wconf 78' lang='grc' dir='ltr'><strong>δομα</strong></span> <span class='ocrx_word' id='word_1_224' title='bbox 379 2960 553 3031; x_wconf 73' lang='grc' dir='ltr'><strong>ὑμῶν</strong></span> <span class='ocrx_word' id='word_1_225' title='bbox 589 2965 676 3029; x_wconf 82' lang='grc' dir='ltr'><strong>είς</strong></span> <span class='ocrx_word' id='word_1_226' title='bbox 721 2966 990 3033; x_wconf 72' lang='grc' dir='ltr'><strong>κεφαλὰς</strong></span> <span class='ocrx_word' id='word_1_227' title='bbox 1024 2967 1212 3037; x_wconf 81' lang='grc' dir='ltr'><strong>ὑμῶν.</strong></span> <span class='ocrx_word' id='word_1_228' title='bbox 1255 2969 1366 3021; x_wconf 79' lang='lat' dir='ltr'><strong>Kal</strong></span> <span class='ocrx_word' id='word_1_229' title='bbox 1405 2968 1789 3039; x_wconf 77' lang='grc' dir='ltr'><strong>ἀποδώσομαι</strong></span> 
     </span>
    </p>
   </div>
   <div class='ocr_carea' id='block_1_33' title="bbox 202 3053 1789 3128">
    <p class='ocr_par' dir='ltr' id='par_1_33' title="bbox 202 3053 1789 3128">
     <span class='ocr_line' id='line_1_33' title="bbox 202 3053 1789 3128; baseline 0.005 -22"><span class='ocrx_word' id='word_1_230' title='bbox 202 3053 344 3120; x_wconf 79' lang='grc' dir='ltr'><strong>τοὺς</strong></span> <span class='ocrx_word' id='word_1_231' title='bbox 396 3054 567 3121; x_wconf 80' lang='grc' dir='ltr'><strong>υἱοὺς</strong></span> <span class='ocrx_word' id='word_1_232' title='bbox 614 3055 799 3124; x_wconf 79' lang='grc' dir='ltr'><strong>ὑμῶν,</strong></span> <span class='ocrx_word' id='word_1_233' title='bbox 832 3058 932 3111; x_wconf 80' lang='grc' dir='ltr'><strong>καὶ</strong></span> <span class='ocrx_word' id='word_1_234' title='bbox 976 3058 1082 3123; x_wconf 86' lang='grc' dir='ltr'><strong>τὰς</strong></span> <span class='ocrx_word' id='word_1_235' title='bbox 1122 3059 1447 3128; x_wconf 50' lang='grc' dir='ltr'><strong>θυγατέρας</strong></span> <span class='ocrx_word' id='word_1_236' title='bbox 1490 3059 1655 3128; x_wconf 78' lang='grc' dir='ltr'><strong>ὑμῶν</strong></span> <span class='ocrx_word' id='word_1_237' title='bbox 1702 3064 1789 3127; x_wconf 85' lang='grc' dir='ltr'><strong>εἱς</strong></span> 
     </span>
    </p>
   </div>
   <div class='ocr_carea' id='block_1_34' title="bbox 1866 572 3441 647">
    <p class='ocr_par' dir='ltr' id='par_1_34' title="bbox 1866 572 3441 647">
     <span class='ocr_line' id='line_1_34' title="bbox 1866 572 3441 647; baseline 0.001 -16"><span class='ocrx_word' id='word_1_238' title='bbox 1866 579 2055 631; x_wconf 89' lang='lat' dir='ltr'><strong>darum</strong></span> <span class='ocrx_word' id='word_1_239' title='bbox 2087 578 2352 630; x_wconf 64' lang='lat' dir='ltr'><strong>haeresum</strong></span> <span class='ocrx_word' id='word_1_240' title='bbox 2382 572 2638 643; x_wconf 65' lang='lat' dir='ltr'><strong>praesides</strong></span> <span class='ocrx_word' id='word_1_241' title='bbox 2662 573 2951 643; x_wconf 89' lang='lat' dir='ltr'><strong>quadrabit</strong></span> <span class='ocrx_word' id='word_1_242' title='bbox 2984 615 2999 640; x_wconf 92' lang='lat'><strong>,</strong></span> <span class='ocrx_word' id='word_1_243' title='bbox 3042 576 3133 647; x_wconf 89' lang='lat' dir='ltr'><strong>qui</strong></span> <span class='ocrx_word' id='word_1_244' title='bbox 3182 576 3441 634; x_wconf 78' lang='lat' dir='ltr'><strong>Ecclesia:</strong></span> 
     </span>
    </p>
   </div>
   <div class='ocr_carea' id='block_1_35' title="bbox 1869 664 3441 739">
    <p class='ocr_par' dir='ltr' id='par_1_35' title="bbox 1869 664 3441 739">
     <span class='ocr_line' id='line_1_35' title="bbox 1869 664 3441 739; baseline 0.001 -15"><span class='ocrx_word' id='word_1_245' title='bbox 1869 668 2013 725; x_wconf 85' lang='lat' dir='ltr'><strong>Iilios</strong></span> <span class='ocrx_word' id='word_1_246' title='bbox 2045 676 2250 722; x_wconf 89' lang='lat' dir='ltr'><strong>tantum</strong></span> <span class='ocrx_word' id='word_1_247' title='bbox 2287 680 2389 720; x_wconf 90' lang='lat' dir='ltr'><strong>non</strong></span> <span class='ocrx_word' id='word_1_248' title='bbox 2422 666 2756 735; x_wconf 83' lang='lat' dir='ltr'><strong>abripientes</strong></span> <span class='ocrx_word' id='word_1_249' title='bbox 2782 705 2797 730; x_wconf 89' lang='lat'><strong>,</strong></span> <span class='ocrx_word' id='word_1_250' title='bbox 2836 664 3038 721; x_wconf 63' lang='lat' dir='ltr'><strong>Graeca:</strong></span> <span class='ocrx_word' id='word_1_251' title='bbox 3082 667 3441 739; x_wconf 71' lang='lat' dir='ltr'><strong>philosophim</strong></span> 
     </span>
    </p>
   </div>
   <div class='ocr_carea' id='block_1_36' title="bbox 1869 758 3443 828">
    <p class='ocr_par' dir='ltr' id='par_1_36' title="bbox 1869 758 3443 828">
     <span class='ocr_line' id='line_1_36' title="bbox 1869 758 3443 828; baseline 0.004 -17"><span class='ocrx_word' id='word_1_252' title='bbox 1869 760 2126 823; x_wconf 83' lang='lat' dir='ltr'><strong>vendunt,</strong></span> <span class='ocrx_word' id='word_1_253' title='bbox 2175 767 2231 812; x_wconf 91' lang='lat' dir='ltr'><strong>ut</strong></span> <span class='ocrx_word' id='word_1_254' title='bbox 2267 758 2539 827; x_wconf 89' lang='lat' dir='ltr'><strong>impeditis</strong></span> <span class='ocrx_word' id='word_1_255' title='bbox 2576 758 2946 825; x_wconf 86' lang='lat' dir='ltr'><strong>intelligentiis</strong></span> <span class='ocrx_word' id='word_1_256' title='bbox 2975 759 3188 828; x_wconf 76' lang='lat' dir='ltr'><strong>repleti,</strong></span> <span class='ocrx_word' id='word_1_257' title='bbox 3222 763 3443 820; x_wconf 91' lang='lat' dir='ltr'><strong>molesti</strong></span> 
     </span>
    </p>
   </div>
   <div class='ocr_carea' id='block_1_37' title="bbox 1870 838 3448 923">
    <p class='ocr_par' dir='ltr' id='par_1_37' title="bbox 1870 838 3448 923">
     <span class='ocr_line' id='line_1_37' title="bbox 1870 838 3448 923; baseline 0.001 -16"><span class='ocrx_word' id='word_1_258' title='bbox 1870 838 2255 923; x_wconf 68' lang='lat' dir='ltr'><strong>disputatores,</strong></span> <span class='ocrx_word' id='word_1_259' title='bbox 2282 851 2367 906; x_wconf 91' lang='lat' dir='ltr'><strong>vel</strong></span> <span class='ocrx_word' id='word_1_260' title='bbox 2390 852 2568 921; x_wconf 89' lang='lat' dir='ltr'><strong>potius</strong></span> <span class='ocrx_word' id='word_1_261' title='bbox 2596 850 2857 906; x_wconf 88' lang='lat' dir='ltr'><strong>increduli</strong></span> <span class='ocrx_word' id='word_1_262' title='bbox 2884 857 2937 906; x_wconf 88' lang='lat' dir='ltr'><strong>et</strong></span> <span class='ocrx_word' id='word_1_263' title='bbox 2965 854 3286 920; x_wconf 85' lang='lat' dir='ltr'><strong>pestilentes</strong></span> <span class='ocrx_word' id='word_1_264' title='bbox 3315 870 3448 910; x_wconf 82' lang='lat' dir='ltr'><strong>eva-</strong></span> 
     </span>
    </p>
   </div>
   <div class='ocr_carea' id='block_1_38' title="bbox 1872 945 3445 1016">
    <p class='ocr_par' dir='ltr' id='par_1_38' title="bbox 1872 945 3445 1016">
     <span class='ocr_line' id='line_1_38' title="bbox 1872 945 3445 1016; baseline 0.003 -17"><span class='ocrx_word' id='word_1_265' title='bbox 1872 945 2019 1010; x_wconf 85' lang='lat' dir='ltr'><strong>dant,</strong></span> <span class='ocrx_word' id='word_1_266' title='bbox 2058 955 2201 1000; x_wconf 90' lang='lat' dir='ltr'><strong>recta</strong></span> <span class='ocrx_word' id='word_1_267' title='bbox 2233 952 2629 1016; x_wconf 85' lang='lat' dir='ltr'><strong>pervertentes,</strong></span> <span class='ocrx_word' id='word_1_268' title='bbox 2660 959 2784 1000; x_wconf 89' lang='lat' dir='ltr'><strong>cum</strong></span> <span class='ocrx_word' id='word_1_269' title='bbox 2816 946 3110 1000; x_wconf 89' lang='lat' dir='ltr'><strong>secundum</strong></span> <span class='ocrx_word' id='word_1_270' title='bbox 3143 948 3445 1016; x_wconf 88' lang='lat' dir='ltr'><strong>simplicem</strong></span> 
     </span>
    </p>
   </div>
   <div class='ocr_carea' id='block_1_39' title="bbox 1873 1038 3449 1109">
    <p class='ocr_par' dir='ltr' id='par_1_39' title="bbox 1873 1038 3449 1109">
     <span class='ocr_line' id='line_1_39' title="bbox 1873 1038 3449 1109; baseline 0.002 -17"><span class='ocrx_word' id='word_1_271' title='bbox 1873 1038 2200 1093; x_wconf 85' lang='lat' dir='ltr'><strong>locutionem</strong></span> <span class='ocrx_word' id='word_1_272' title='bbox 2260 1040 2469 1109; x_wconf 73' lang='lat' dir='ltr'><strong>vivere,</strong></span> <span class='ocrx_word' id='word_1_273' title='bbox 2526 1049 2581 1094; x_wconf 93' lang='lat' dir='ltr'><strong>et</strong></span> <span class='ocrx_word' id='word_1_274' title='bbox 2635 1053 2946 1094; x_wconf 86' lang='lat' dir='ltr'><strong>sermonem</strong></span> <span class='ocrx_word' id='word_1_275' title='bbox 3002 1040 3249 1095; x_wconf 80' lang='lat' dir='ltr'><strong>veritatis</strong></span> <span class='ocrx_word' id='word_1_276' title='bbox 3300 1042 3449 1095; x_wconf 89' lang='lat' dir='ltr'><strong>nulla</strong></span> 
     </span>
    </p>
   </div>
   <div class='ocr_carea' id='block_1_40' title="bbox 1875 1128 3451 1199">
    <p class='ocr_par' dir='ltr' id='par_1_40' title="bbox 1875 1128 3451 1199">
     <span class='ocr_line' id='line_1_40' title="bbox 1875 1128 3451 1199; baseline 0.002 -16"><span class='ocrx_word' id='word_1_277' title='bbox 1875 1128 2063 1185; x_wconf 85' lang='lat' dir='ltr'><strong>fraude</strong></span> <span class='ocrx_word' id='word_1_278' title='bbox 2120 1137 2434 1199; x_wconf 88' lang='lat' dir='ltr'><strong>corruptum</strong></span> <span class='ocrx_word' id='word_1_279' title='bbox 2491 1129 2738 1184; x_wconf 85' lang='lat' dir='ltr'><strong>meditari</strong></span> <span class='ocrx_word' id='word_1_280' title='bbox 2801 1138 3069 1199; x_wconf 84' lang='lat' dir='ltr'><strong>oporteat.</strong></span> <span class='ocrx_word' id='word_1_281' title='bbox 3137 1130 3179 1184; x_wconf 86' lang='lat' dir='ltr'><strong>E</strong></span> <span class='ocrx_word' id='word_1_282' title='bbox 3253 1131 3451 1186; x_wconf 88' lang='lat' dir='ltr'><strong>Iinibus</strong></span> 
     </span>
    </p>
   </div>
   <div class='ocr_carea' id='block_1_41' title="bbox 1876 1221 3450 1292">
    <p class='ocr_par' dir='ltr' id='par_1_41' title="bbox 1876 1221 3450 1292">
     <span class='ocr_line' id='line_1_41' title="bbox 1876 1221 3450 1292; baseline 0.006 -21"><span class='ocrx_word' id='word_1_283' title='bbox 1876 1221 2042 1291; x_wconf 78' lang='lat' dir='ltr'><strong>igitur</strong></span> <span class='ocrx_word' id='word_1_284' title='bbox 2073 1230 2131 1274; x_wconf 93' lang='lat' dir='ltr'><strong>ut</strong></span> <span class='ocrx_word' id='word_1_285' title='bbox 2155 1222 2443 1289; x_wconf 85' lang='lat' dir='ltr'><strong>ejiciantnr</strong></span> <span class='ocrx_word' id='word_1_286' title='bbox 2469 1222 2536 1277; x_wconf 90' lang='lat' dir='ltr'><strong>ab</strong></span> <span class='ocrx_word' id='word_1_287' title='bbox 2564 1222 2695 1291; x_wconf 91' lang='lat' dir='ltr'><strong>ipsis</strong></span> <span class='ocrx_word' id='word_1_288' title='bbox 2736 1223 2985 1292; x_wconf 88' lang='lat' dir='ltr'><strong>decepti,</strong></span> <span class='ocrx_word' id='word_1_289' title='bbox 3025 1224 3076 1277; x_wconf 91' lang='lat' dir='ltr'><strong>in</strong></span> <span class='ocrx_word' id='word_1_290' title='bbox 3110 1238 3274 1279; x_wconf 89' lang='lat' dir='ltr'><strong>causa</strong></span> <span class='ocrx_word' id='word_1_291' title='bbox 3300 1235 3450 1281; x_wconf 81' lang='lat' dir='ltr'><strong>sunt.</strong></span> 
     </span>
    </p>
   </div>
   <div class='ocr_carea' id='block_1_42' title="bbox 1876 1311 3450 1385">
    <p class='ocr_par' dir='ltr' id='par_1_42' title="bbox 1876 1311 3450 1385">
     <span class='ocr_line' id='line_1_42' title="bbox 1876 1311 3450 1385; baseline 0.005 -19"><span class='ocrx_word' id='word_1_292' title='bbox 1876 1311 2037 1382; x_wconf 77' lang='lat'><strong>237</strong></span> <span class='ocrx_word' id='word_1_293' title='bbox 2078 1312 2228 1367; x_wconf 87' lang='lat' dir='ltr'><strong>Finis</strong></span> <span class='ocrx_word' id='word_1_294' title='bbox 2259 1327 2408 1379; x_wconf 89' lang='lat' dir='ltr'><strong>vero,</strong></span> <span class='ocrx_word' id='word_1_295' title='bbox 2448 1314 2588 1367; x_wconf 88' lang='lat' dir='ltr'><strong>sicut</strong></span> <span class='ocrx_word' id='word_1_296' title='bbox 2617 1324 2671 1369; x_wconf 93' lang='lat' dir='ltr'><strong>et</strong></span> <span class='ocrx_word' id='word_1_297' title='bbox 2702 1315 2851 1385; x_wconf 85' lang='lat' dir='ltr'><strong>regio</strong></span> <span class='ocrx_word' id='word_1_298' title='bbox 2884 1316 3118 1370; x_wconf 90' lang='lat' dir='ltr'><strong>tiliorum</strong></span> <span class='ocrx_word' id='word_1_299' title='bbox 3150 1314 3409 1374; x_wconf 68' lang='lat' dir='ltr'><strong>Ecclesia!</strong></span> <span class='ocrx_word' id='word_1_300' title='bbox 3434 1359 3450 1382; x_wconf 90' lang='lat'><strong>,</strong></span> 
     </span>
    </p>
   </div>
   <div class='ocr_carea' id='block_1_43' title="bbox 1876 1403 3452 1478">
    <p class='ocr_par' dir='ltr' id='par_1_43' title="bbox 1876 1403 3452 1478">
     <span class='ocr_line' id='line_1_43' title="bbox 1876 1403 3452 1478; baseline 0.002 -20"><span class='ocrx_word' id='word_1_301' title='bbox 1876 1403 2112 1473; x_wconf 90' lang='lat' dir='ltr'><strong>cognitio</strong></span> <span class='ocrx_word' id='word_1_302' title='bbox 2146 1406 2392 1460; x_wconf 83' lang='lat' dir='ltr'><strong>veritatis</strong></span> <span class='ocrx_word' id='word_1_303' title='bbox 2440 1415 2545 1472; x_wconf 91' lang='lat' dir='ltr'><strong>est,</strong></span> <span class='ocrx_word' id='word_1_304' title='bbox 2593 1413 2648 1459; x_wconf 88' lang='lat' dir='ltr'><strong>et</strong></span> <span class='ocrx_word' id='word_1_305' title='bbox 2677 1406 2823 1475; x_wconf 85' lang='lat' dir='ltr'><strong>quod</strong></span> <span class='ocrx_word' id='word_1_306' title='bbox 2870 1408 2935 1460; x_wconf 85' lang='lat' dir='ltr'><strong>ad</strong></span> <span class='ocrx_word' id='word_1_307' title='bbox 2987 1421 3147 1461; x_wconf 89' lang='lat' dir='ltr'><strong>omne</strong></span> <span class='ocrx_word' id='word_1_308' title='bbox 3188 1408 3452 1478; x_wconf 81' lang='lat' dir='ltr'><strong>quidquid</strong></span> 
     </span>
    </p>
   </div>
   <div class='ocr_carea' id='block_1_44' title="bbox 1877 1498 3453 1571">
    <p class='ocr_par' dir='ltr' id='par_1_44' title="bbox 1877 1498 3453 1571">
     <span class='ocr_line' id='line_1_44' title="bbox 1877 1498 3453 1571; baseline 0.004 -21"><span class='ocrx_word' id='word_1_309' title='bbox 1877 1505 2128 1552; x_wconf 83' lang='lat' dir='ltr'><strong>accurate</strong></span> <span class='ocrx_word' id='word_1_310' title='bbox 2184 1499 2249 1551; x_wconf 86' lang='lat' dir='ltr'><strong>ad</strong></span> <span class='ocrx_word' id='word_1_311' title='bbox 2306 1498 2687 1553; x_wconf 89' lang='lat' dir='ltr'><strong>rectitudinem</strong></span> <span class='ocrx_word' id='word_1_312' title='bbox 2726 1500 3063 1568; x_wconf 76' lang='lat' dir='ltr'><strong>exploratum</strong></span> <span class='ocrx_word' id='word_1_313' title='bbox 3104 1510 3221 1565; x_wconf 88' lang='lat' dir='ltr'><strong>est,</strong></span> <span class='ocrx_word' id='word_1_314' title='bbox 3256 1502 3453 1571; x_wconf 80' lang='lat' dir='ltr'><strong>vergit.</strong></span> 
     </span>
    </p>
   </div>
   <div class='ocr_carea' id='block_1_45' title="bbox 1877 1587 3453 1663">
    <p class='ocr_par' dir='ltr' id='par_1_45' title="bbox 1877 1587 3453 1663">
     <span class='ocr_line' id='line_1_45' title="bbox 1877 1587 3453 1663; baseline 0.003 -22"><span class='ocrx_word' id='word_1_315' title='bbox 1877 1587 1957 1641; x_wconf 83' lang='lat' dir='ltr'><strong>Ac</strong></span> <span class='ocrx_word' id='word_1_316' title='bbox 1986 1589 2179 1642; x_wconf 92' lang='lat' dir='ltr'><strong>merito</strong></span> <span class='ocrx_word' id='word_1_317' title='bbox 2227 1603 2380 1655; x_wconf 87' lang='lat' dir='ltr'><strong>sane,</strong></span> <span class='ocrx_word' id='word_1_318' title='bbox 2425 1598 2481 1643; x_wconf 89' lang='lat' dir='ltr'><strong>et</strong></span> <span class='ocrx_word' id='word_1_319' title='bbox 2505 1605 2635 1645; x_wconf 89' lang='lat' dir='ltr'><strong>vere</strong></span> <span class='ocrx_word' id='word_1_320' title='bbox 2673 1603 2803 1643; x_wconf 91' lang='lat' dir='ltr'><strong>vasa</strong></span> <span class='ocrx_word' id='word_1_321' title='bbox 2837 1606 3021 1655; x_wconf 88' lang='lat' dir='ltr'><strong>aurea,</strong></span> <span class='ocrx_word' id='word_1_322' title='bbox 3068 1601 3122 1646; x_wconf 85' lang='lat' dir='ltr'><strong>et</strong></span> <span class='ocrx_word' id='word_1_323' title='bbox 3170 1603 3453 1663; x_wconf 88' lang='lat' dir='ltr'><strong>argentea,</strong></span> 
     </span>
    </p>
   </div>
   <div class='ocr_carea' id='block_1_46' title="bbox 1879 1678 3458 1751">
    <p class='ocr_par' dir='ltr' id='par_1_46' title="bbox 1879 1678 3458 1751">
     <span class='ocr_line' id='line_1_46' title="bbox 1879 1678 3458 1751; baseline 0.002 -19"><span class='ocrx_word' id='word_1_324' title='bbox 1879 1686 1931 1732; x_wconf 90' lang='lat' dir='ltr'><strong>et</strong></span> <span class='ocrx_word' id='word_1_325' title='bbox 1966 1678 2136 1733; x_wconf 90' lang='lat' dir='ltr'><strong>electa</strong></span> <span class='ocrx_word' id='word_1_326' title='bbox 2168 1679 2258 1733; x_wconf 91' lang='lat' dir='ltr'><strong>Dei</strong></span> <span class='ocrx_word' id='word_1_327' title='bbox 2288 1680 2468 1734; x_wconf 89' lang='lat' dir='ltr'><strong>vocari</strong></span> <span class='ocrx_word' id='word_1_328' title='bbox 2492 1689 2722 1750; x_wconf 87' lang='lat' dir='ltr'><strong>possunt</strong></span> <span class='ocrx_word' id='word_1_329' title='bbox 2749 1679 2854 1733; x_wconf 87' lang='lat' dir='ltr'><strong>Ilde</strong></span> <span class='ocrx_word' id='word_1_330' title='bbox 2885 1681 3156 1745; x_wconf 85' lang='lat' dir='ltr'><strong>exornati,</strong></span> <span class='ocrx_word' id='word_1_331' title='bbox 3204 1689 3258 1736; x_wconf 91' lang='lat' dir='ltr'><strong>et</strong></span> <span class='ocrx_word' id='word_1_332' title='bbox 3328 1697 3458 1751; x_wconf 88' lang='lat' dir='ltr'><strong>ope-</strong></span> 
     </span>
    </p>
   </div>
   <div class='ocr_carea' id='block_1_47' title="bbox 1880 1772 3455 1842">
    <p class='ocr_par' dir='ltr' id='par_1_47' title="bbox 1880 1772 3455 1842">
     <span class='ocr_line' id='line_1_47' title="bbox 1880 1772 3455 1842; baseline 0.002 -18"><span class='ocrx_word' id='word_1_333' title='bbox 1880 1786 2001 1825; x_wconf 90' lang='lat' dir='ltr'><strong>rum</strong></span> <span class='ocrx_word' id='word_1_334' title='bbox 2035 1772 2203 1838; x_wconf 82' lang='lat' dir='ltr'><strong>gloria</strong></span> <span class='ocrx_word' id='word_1_335' title='bbox 2240 1772 2475 1827; x_wconf 87' lang='lat' dir='ltr'><strong>inaurati</strong></span> <span class='ocrx_word' id='word_1_336' title='bbox 2522 1787 2587 1827; x_wconf 90' lang='lat' dir='ltr'><strong>ac</strong></span> <span class='ocrx_word' id='word_1_337' title='bbox 2616 1772 2836 1842; x_wconf 88' lang='lat' dir='ltr'><strong>pietatis</strong></span> <span class='ocrx_word' id='word_1_338' title='bbox 2886 1772 3174 1840; x_wconf 85' lang='lat' dir='ltr'><strong>splendore</strong></span> <span class='ocrx_word' id='word_1_339' title='bbox 3218 1776 3455 1829; x_wconf 89' lang='lat' dir='ltr'><strong>corusci.</strong></span> 
     </span>
    </p>
   </div>
   <div class='ocr_carea' id='block_1_48' title="bbox 1883 1862 3460 1934">
    <p class='ocr_par' dir='ltr' id='par_1_48' title="bbox 1883 1862 3460 1934">
     <span class='ocr_line' id='line_1_48' title="bbox 1883 1862 3460 1934; baseline 0.001 -17"><span class='ocrx_word' id='word_1_340' title='bbox 1883 1862 2042 1929; x_wconf 84' lang='lat' dir='ltr'><strong>Quod</strong></span> <span class='ocrx_word' id='word_1_341' title='bbox 2070 1864 2115 1918; x_wconf 93' lang='lat' dir='ltr'><strong>si</strong></span> <span class='ocrx_word' id='word_1_342' title='bbox 2159 1865 2447 1932; x_wconf 78' lang='lat' dir='ltr'><strong>contigerit</strong></span> <span class='ocrx_word' id='word_1_343' title='bbox 2477 1865 2782 1934; x_wconf 87' lang='lat' dir='ltr'><strong>quempiam</strong></span> <span class='ocrx_word' id='word_1_344' title='bbox 2823 1865 3017 1918; x_wconf 91' lang='lat' dir='ltr'><strong>horum</strong></span> <span class='ocrx_word' id='word_1_345' title='bbox 3048 1864 3122 1918; x_wconf 89' lang='lat' dir='ltr'><strong>ita</strong></span> <span class='ocrx_word' id='word_1_346' title='bbox 3152 1863 3357 1918; x_wconf 87' lang='lat' dir='ltr'><strong>clarum</strong></span> <span class='ocrx_word' id='word_1_347' title='bbox 3395 1880 3460 1919; x_wconf 91' lang='lat' dir='ltr'><strong>ac</strong></span> 
     </span>
    </p>
   </div>
   <div class='ocr_carea' id='block_1_49' title="bbox 1882 1953 3458 2024">
    <p class='ocr_par' dir='ltr' id='par_1_49' title="bbox 1882 1953 3458 2024">
     <span class='ocr_line' id='line_1_49' title="bbox 1882 1953 3458 2024; baseline 0.001 -15"><span class='ocrx_word' id='word_1_348' title='bbox 1882 1954 2113 2010; x_wconf 87' lang='lat' dir='ltr'><strong>nitidum</strong></span> <span class='ocrx_word' id='word_1_349' title='bbox 2144 1953 2367 2009; x_wconf 66' lang='lat' dir='ltr'><strong>fallaciae</strong></span> <span class='ocrx_word' id='word_1_350' title='bbox 2405 1953 2613 2024; x_wconf 87' lang='lat' dir='ltr'><strong>laqueis</strong></span> <span class='ocrx_word' id='word_1_351' title='bbox 2636 1954 2863 2021; x_wconf 90' lang='lat' dir='ltr'><strong>irretiri,</strong></span> <span class='ocrx_word' id='word_1_352' title='bbox 2906 1957 3134 2011; x_wconf 89' lang='lat' dir='ltr'><strong>audient</strong></span> <span class='ocrx_word' id='word_1_353' title='bbox 3164 1957 3325 2024; x_wconf 86' lang='lat' dir='ltr'><strong>plane</strong></span> <span class='ocrx_word' id='word_1_354' title='bbox 3357 1957 3458 2011; x_wconf 67' lang='grc' dir='ltr'><strong>ται.</strong></span> 
     </span>
    </p>
   </div>
   <div class='ocr_carea' id='block_1_50' title="bbox 1883 2046 3535 2119">
    <p class='ocr_par' dir='ltr' id='par_1_50' title="bbox 1883 2046 3535 2119">
     <span class='ocr_line' id='line_1_50' title="bbox 1883 2046 3535 2119; baseline 0.001 -20"><span class='ocrx_word' id='word_1_355' title='bbox 1883 2046 2145 2101; x_wconf 86' lang='lat' dir='ltr'><strong>laciarum</strong></span> <span class='ocrx_word' id='word_1_356' title='bbox 2172 2046 2481 2101; x_wconf 89' lang='lat' dir='ltr'><strong>inventores</strong></span> <span class='ocrx_word' id='word_1_357' title='bbox 2512 2062 2526 2098; x_wconf 93' lang='lat'><strong>:</strong></span> <span class='ocrx_word' id='word_1_358' title='bbox 2567 2064 2587 2098; x_wconf 85' lang='grc' dir='ltr'><strong>ι</strong></span> <span class='ocrx_word' id='word_1_359' title='bbox 2619 2046 2917 2114; x_wconf 81' lang='lat' dir='ltr'><strong>Argentum</strong></span> <span class='ocrx_word' id='word_1_360' title='bbox 2944 2062 3123 2101; x_wconf 89' lang='lat' dir='ltr'><strong>meum</strong></span> <span class='ocrx_word' id='word_1_361' title='bbox 3160 2055 3215 2101; x_wconf 90' lang='lat' dir='ltr'><strong>et</strong></span> <span class='ocrx_word' id='word_1_362' title='bbox 3264 2061 3457 2101; x_wconf 86' lang='lat' dir='ltr'><strong>aurum</strong></span> <span class='ocrx_word' id='word_1_363' title='bbox 3528 2112 3535 2119; x_wconf 34' lang='grc' dir='ltr'><strong><em>ο</em></strong></span> 
     </span>
    </p>
   </div>
   <div class='ocr_carea' id='block_1_51' title="bbox 1884 2137 3459 2201">
    <p class='ocr_par' dir='ltr' id='par_1_51' title="bbox 1884 2137 3459 2201">
     <span class='ocr_line' id='line_1_51' title="bbox 1884 2137 3459 2201; baseline 0 -10"><span class='ocrx_word' id='word_1_364' title='bbox 1884 2153 2062 2192; x_wconf 88' lang='lat' dir='ltr'><strong>meum</strong></span> <span class='ocrx_word' id='word_1_365' title='bbox 2093 2138 2308 2201; x_wconf 89' lang='lat' dir='ltr'><strong>tulistis,</strong></span> <span class='ocrx_word' id='word_1_366' title='bbox 2360 2148 2412 2192; x_wconf 89' lang='lat' dir='ltr'><strong>et</strong></span> <span class='ocrx_word' id='word_1_367' title='bbox 2445 2137 2620 2193; x_wconf 83' lang='lat' dir='ltr'><strong>electa</strong></span> <span class='ocrx_word' id='word_1_368' title='bbox 2662 2153 2780 2193; x_wconf 89' lang='lat' dir='ltr'><strong>mea</strong></span> <span class='ocrx_word' id='word_1_369' title='bbox 2832 2138 3097 2193; x_wconf 89' lang='lat' dir='ltr'><strong>intulistis</strong></span> <span class='ocrx_word' id='word_1_370' title='bbox 3136 2139 3187 2192; x_wconf 91' lang='lat' dir='ltr'><strong>in</strong></span> <span class='ocrx_word' id='word_1_371' title='bbox 3234 2138 3459 2193; x_wconf 87' lang='lat' dir='ltr'><strong>delubra</strong></span> 
     </span>
    </p>
   </div>
   <div class='ocr_carea' id='block_1_52' title="bbox 1884 2226 3452 2298">
    <p class='ocr_par' dir='ltr' id='par_1_52' title="bbox 1884 2226 3452 2298">
     <span class='ocr_line' id='line_1_52' title="bbox 1884 2226 3452 2298; baseline 0.001 -19"><span class='ocrx_word' id='word_1_372' title='bbox 1884 2236 2087 2281; x_wconf 83' lang='lat' dir='ltr'><strong>vestra.</strong></span> <span class='ocrx_word' id='word_1_373' title='bbox 2132 2246 2151 2278; x_wconf 74' lang='grc' dir='ltr'><strong>ι</strong></span> <span class='ocrx_word' id='word_1_374' title='bbox 2191 2226 2407 2281; x_wconf 86' lang='lat' dir='ltr'><strong>Crimen</strong></span> <span class='ocrx_word' id='word_1_375' title='bbox 2444 2228 2584 2282; x_wconf 89' lang='lat' dir='ltr'><strong>istud</strong></span> <span class='ocrx_word' id='word_1_376' title='bbox 2613 2228 2874 2285; x_wconf 88' lang='lat' dir='ltr'><strong>horribile</strong></span> <span class='ocrx_word' id='word_1_377' title='bbox 2899 2239 3002 2294; x_wconf 90' lang='lat' dir='ltr'><strong>est,</strong></span> <span class='ocrx_word' id='word_1_378' title='bbox 3037 2238 3093 2285; x_wconf 92' lang='lat' dir='ltr'><strong>et</strong></span> <span class='ocrx_word' id='word_1_379' title='bbox 3126 2229 3452 2298; x_wconf 86' lang='lat' dir='ltr'><strong>supplicium</strong></span> 
     </span>
    </p>
   </div>
   <div class='ocr_carea' id='block_1_53' title="bbox 1886 2315 3463 2388">
    <p class='ocr_par' dir='ltr' id='par_1_53' title="bbox 1886 2315 3463 2388">
     <span class='ocr_line' id='line_1_53' title="bbox 1886 2315 3463 2388; baseline 0.003 -19"><span class='ocrx_word' id='word_1_380' title='bbox 1886 2315 2183 2371; x_wconf 79' lang='lat' dir='ltr'><strong>difﬁculter</strong></span> <span class='ocrx_word' id='word_1_381' title='bbox 2230 2315 2469 2387; x_wconf 77' lang='lat' dir='ltr'><strong>eﬂugiet.</strong></span> <span class='ocrx_word' id='word_1_382' title='bbox 2515 2317 2818 2374; x_wconf 89' lang='lat' dir='ltr'><strong>Peccantes</strong></span> <span class='ocrx_word' id='word_1_383' title='bbox 2876 2335 3109 2388; x_wconf 88' lang='lat' dir='ltr'><strong>namque</strong></span> <span class='ocrx_word' id='word_1_384' title='bbox 3158 2320 3215 2373; x_wconf 88' lang='lat' dir='ltr'><strong>in</strong></span> <span class='ocrx_word' id='word_1_385' title='bbox 3263 2318 3463 2373; x_wconf 79' lang='lat' dir='ltr'><strong>fratres</strong></span> 
     </span>
    </p>
   </div>
   <div class='ocr_carea' id='block_1_54' title="bbox 1888 2409 3453 2480">
    <p class='ocr_par' dir='ltr' id='par_1_54' title="bbox 1888 2409 3453 2480">
     <span class='ocr_line' id='line_1_54' title="bbox 1888 2409 3453 2480; baseline 0.003 -20"><span class='ocrx_word' id='word_1_386' title='bbox 1888 2417 2102 2463; x_wconf 73' lang='lat' dir='ltr'><strong>nostros</strong></span> <span class='ocrx_word' id='word_1_387' title='bbox 2133 2449 2150 2475; x_wconf 91' lang='lat'><strong>,</strong></span> <span class='ocrx_word' id='word_1_388' title='bbox 2181 2424 2280 2478; x_wconf 92' lang='lat' dir='ltr'><strong>pro</strong></span> <span class='ocrx_word' id='word_1_389' title='bbox 2321 2409 2516 2480; x_wconf 86' lang='lat' dir='ltr'><strong>quibus</strong></span> <span class='ocrx_word' id='word_1_390' title='bbox 2571 2412 2826 2467; x_wconf 84' lang='lat' dir='ltr'><strong>Christus</strong></span> <span class='ocrx_word' id='word_1_391' title='bbox 2871 2422 3119 2467; x_wconf 89' lang='lat' dir='ltr'><strong>mortuus</strong></span> <span class='ocrx_word' id='word_1_392' title='bbox 3162 2423 3247 2467; x_wconf 85' lang='lat' dir='ltr'><strong>est</strong></span> <span class='ocrx_word' id='word_1_393' title='bbox 3282 2413 3350 2479; x_wconf 80' lang='lat'><strong>“,</strong></span> <span class='ocrx_word' id='word_1_394' title='bbox 3399 2412 3453 2465; x_wconf 89' lang='lat' dir='ltr'><strong>iu</strong></span> 
     </span>
    </p>
   </div>
   <div class='ocr_carea' id='block_1_55' title="bbox 1886 2497 3458 2571">
    <p class='ocr_par' dir='ltr' id='par_1_55' title="bbox 1886 2497 3458 2571">
     <span class='ocr_line' id='line_1_55' title="bbox 1886 2497 3458 2571; baseline 0.003 -19"><span class='ocrx_word' id='word_1_395' title='bbox 1886 2497 2163 2553; x_wconf 84' lang='lat' dir='ltr'><strong>Christum</strong></span> <span class='ocrx_word' id='word_1_396' title='bbox 2208 2499 2384 2569; x_wconf 87' lang='lat' dir='ltr'><strong>ipsum</strong></span> <span class='ocrx_word' id='word_1_397' title='bbox 2441 2511 2569 2556; x_wconf 91' lang='lat' dir='ltr'><strong>sunt</strong></span> <span class='ocrx_word' id='word_1_398' title='bbox 2612 2501 2863 2571; x_wconf 72' lang='lat' dir='ltr'><strong>iniuriosi</strong></span> <span class='ocrx_word' id='word_1_399' title='bbox 2894 2543 2911 2569; x_wconf 91' lang='lat'><strong>,</strong></span> <span class='ocrx_word' id='word_1_400' title='bbox 2969 2503 3056 2559; x_wconf 93' lang='lat' dir='ltr'><strong>cui</strong></span> <span class='ocrx_word' id='word_1_401' title='bbox 3100 2505 3361 2568; x_wconf 88' lang='lat' dir='ltr'><strong>omnino,</strong></span> <span class='ocrx_word' id='word_1_402' title='bbox 3405 2512 3458 2557; x_wconf 69' lang='lat' dir='ltr'><strong>et</strong></span> 
     </span>
    </p>
   </div>
   <div class='ocr_carea' id='block_1_56' title="bbox 1887 2592 3463 2665">
    <p class='ocr_par' dir='ltr' id='par_1_56' title="bbox 1887 2592 3463 2665">
     <span class='ocr_line' id='line_1_56' title="bbox 1887 2592 3463 2665; baseline 0.001 -20"><span class='ocrx_word' id='word_1_403' title='bbox 1887 2592 2129 2646; x_wconf 89' lang='lat' dir='ltr'><strong>omnium</strong></span> <span class='ocrx_word' id='word_1_404' title='bbox 2173 2607 2292 2661; x_wconf 83' lang='lat' dir='ltr'><strong>quae</strong></span> <span class='ocrx_word' id='word_1_405' title='bbox 2336 2592 2390 2648; x_wconf 90' lang='lat' dir='ltr'><strong>in</strong></span> <span class='ocrx_word' id='word_1_406' title='bbox 2430 2607 2553 2648; x_wconf 90' lang='lat' dir='ltr'><strong>eum</strong></span> <span class='ocrx_word' id='word_1_407' title='bbox 2598 2595 2972 2662; x_wconf 86' lang='lat' dir='ltr'><strong>peccaverint,</strong></span> <span class='ocrx_word' id='word_1_408' title='bbox 3016 2610 3208 2665; x_wconf 66' lang='lat' dir='ltr'><strong>pinnas</strong></span> <span class='ocrx_word' id='word_1_409' title='bbox 3256 2593 3463 2664; x_wconf 82' lang='lat' dir='ltr'><strong>persol-</strong></span> 
     </span>
    </p>
   </div>
   <div class='ocr_carea' id='block_1_57' title="bbox 1889 2691 2039 2737">
    <p class='ocr_par' dir='ltr' id='par_1_57' title="bbox 1889 2691 2039 2737">
     <span class='ocr_line' id='line_1_57' title="bbox 1889 2691 2039 2737; baseline -0.007 0"><span class='ocrx_word' id='word_1_410' title='bbox 1889 2691 2039 2737; x_wconf 91' lang='lat' dir='ltr'><strong>vent.</strong></span> 
     </span>
    </p>
   </div>
   <div class='ocr_carea' id='block_1_58' title="bbox 1966 2773 3467 2845">
    <p class='ocr_par' dir='ltr' id='par_1_58' title="bbox 1966 2773 3467 2845">
     <span class='ocr_line' id='line_1_58' title="bbox 1966 2773 3467 2845; baseline 0.001 -17"><span class='ocrx_word' id='word_1_411' title='bbox 1966 2773 2128 2828; x_wconf 74' lang='lat' dir='ltr'><strong>Vens.</strong></span> <span class='ocrx_word' id='word_1_412' title='bbox 2161 2774 2214 2838; x_wconf 91' lang='lat'><strong>7,</strong></span> <span class='ocrx_word' id='word_1_413' title='bbox 2255 2774 2307 2828; x_wconf 88' lang='lat'><strong>8.</strong></span> <span class='ocrx_word' id='word_1_414' title='bbox 2344 2773 2478 2829; x_wconf 79' lang='lat' dir='ltr'><strong>Ecce</strong></span> <span class='ocrx_word' id='word_1_415' title='bbox 2503 2792 2597 2845; x_wconf 88' lang='lat' dir='ltr'><strong>ego</strong></span> <span class='ocrx_word' id='word_1_416' title='bbox 2618 2776 2813 2829; x_wconf 74' lang='lat' dir='ltr'><strong>suscita</strong></span> <span class='ocrx_word' id='word_1_417' title='bbox 2836 2792 2922 2830; x_wconf 84' lang='lat' dir='ltr'><strong>eos</strong></span> <span class='ocrx_word' id='word_1_418' title='bbox 2948 2775 3172 2838; x_wconf 83' lang='lat' dir='ltr'><strong>deloco,</strong></span> <span class='ocrx_word' id='word_1_419' title='bbox 3213 2775 3302 2829; x_wconf 80' lang='lat' dir='ltr'><strong>ubi</strong></span> <span class='ocrx_word' id='word_1_420' title='bbox 3340 2790 3467 2830; x_wconf 77' lang='lat' dir='ltr'><strong>ven-</strong></span> 
     </span>
    </p>
   </div>
   <div class='ocr_carea' id='block_1_59' title="bbox 1892 2866 3463 2932">
    <p class='ocr_par' dir='ltr' id='par_1_59' title="bbox 1892 2866 3463 2932">
     <span class='ocr_line' id='line_1_59' title="bbox 1892 2866 3463 2932; baseline 0.003 -11"><span class='ocrx_word' id='word_1_421' title='bbox 1892 2866 2103 2921; x_wconf 68' lang='lat' dir='ltr'><strong>didisti:</strong></span> <span class='ocrx_word' id='word_1_422' title='bbox 2124 2884 2210 2921; x_wconf 78' lang='lat' dir='ltr'><strong>eos</strong></span> <span class='ocrx_word' id='word_1_423' title='bbox 2235 2867 2388 2932; x_wconf 80' lang='lat' dir='ltr'><strong>illic;</strong></span> <span class='ocrx_word' id='word_1_424' title='bbox 2420 2880 2465 2922; x_wconf 88' lang='lat' dir='ltr'><strong>et</strong></span> <span class='ocrx_word' id='word_1_425' title='bbox 2495 2869 2709 2923; x_wconf 83' lang='lat' dir='ltr'><strong>reddam</strong></span> <span class='ocrx_word' id='word_1_426' title='bbox 2731 2869 3122 2924; x_wconf 82' lang='lat' dir='ltr'><strong>retributionem</strong></span> <span class='ocrx_word' id='word_1_427' title='bbox 3149 2883 3372 2926; x_wconf 79' lang='lat' dir='ltr'><strong>vestram</strong></span> <span class='ocrx_word' id='word_1_428' title='bbox 3412 2870 3463 2926; x_wconf 68' lang='grc' dir='ltr'><strong>ἑνί</strong></span> 
     </span>
    </p>
   </div>
   <div class='ocr_carea' id='block_1_60' title="bbox 1894 2959 3469 3032">
    <p class='ocr_par' dir='ltr' id='par_1_60' title="bbox 1894 2959 3469 3032">
     <span class='ocr_line' id='line_1_60' title="bbox 1894 2959 3469 3032; baseline 0.004 -20"><span class='ocrx_word' id='word_1_429' title='bbox 1894 2961 2071 3026; x_wconf 76' lang='lat' dir='ltr'><strong>capita</strong></span> <span class='ocrx_word' id='word_1_430' title='bbox 2097 2968 2289 3013; x_wconf 71' lang='lat' dir='ltr'><strong>vestra.</strong></span> <span class='ocrx_word' id='word_1_431' title='bbox 2336 2959 2405 3013; x_wconf 85' lang='lat' dir='ltr'><strong>Et</strong></span> <span class='ocrx_word' id='word_1_432' title='bbox 2445 2962 2670 3015; x_wconf 82' lang='lat' dir='ltr'><strong>vendam</strong></span> <span class='ocrx_word' id='word_1_433' title='bbox 2719 2961 2858 3029; x_wconf 82' lang='lat' dir='ltr'><strong>ﬁlios</strong></span> <span class='ocrx_word' id='word_1_434' title='bbox 2888 2974 3082 3017; x_wconf 78' lang='lat' dir='ltr'><strong>vestros</strong></span> <span class='ocrx_word' id='word_1_435' title='bbox 3123 2972 3172 3016; x_wconf 88' lang='lat' dir='ltr'><strong>et</strong></span> <span class='ocrx_word' id='word_1_436' title='bbox 3214 2963 3357 3032; x_wconf 76' lang='lat' dir='ltr'><strong>ﬁlias</strong></span> <span class='ocrx_word' id='word_1_437' title='bbox 3392 2980 3469 3018; x_wconf 79' lang='lat' dir='ltr'><strong>oe-</strong></span> 
     </span>
    </p>
   </div>
   <div class='ocr_carea' id='block_1_61' title="bbox 1894 3052 3472 3122">
    <p class='ocr_par' dir='ltr' id='par_1_61' title="bbox 1894 3052 3472 3122">
     <span class='ocr_line' id='line_1_61' title="bbox 1894 3052 3472 3122; baseline 0.003 -17"><span class='ocrx_word' id='word_1_438' title='bbox 1894 3061 2033 3105; x_wconf 71' lang='lat' dir='ltr'><strong>stras</strong></span> <span class='ocrx_word' id='word_1_439' title='bbox 2060 3052 2115 3105; x_wconf 81' lang='lat' dir='ltr'><strong>in</strong></span> <span class='ocrx_word' id='word_1_440' title='bbox 2148 3069 2334 3107; x_wconf 80' lang='lat' dir='ltr'><strong>manus</strong></span> <span class='ocrx_word' id='word_1_441' title='bbox 2359 3052 2595 3122; x_wconf 83' lang='lat' dir='ltr'><strong>ﬁliorum</strong></span> <span class='ocrx_word' id='word_1_442' title='bbox 2621 3054 2788 3119; x_wconf 83' lang='lat' dir='ltr'><strong>Juda,</strong></span> <span class='ocrx_word' id='word_1_443' title='bbox 2807 3065 2855 3108; x_wconf 82' lang='lat' dir='ltr'><strong>et</strong></span> <span class='ocrx_word' id='word_1_444' title='bbox 2886 3055 3255 3109; x_wconf 77' lang='lat' dir='ltr'><strong>venundabunl</strong></span> <span class='ocrx_word' id='word_1_445' title='bbox 3291 3072 3378 3109; x_wconf 79' lang='lat' dir='ltr'><strong>eos</strong></span> <span class='ocrx_word' id='word_1_446' title='bbox 3413 3057 3472 3111; x_wconf 66' lang='lat' dir='ltr'><strong>in</strong></span> 
     </span>
    </p>
   </div>
   <div class='ocr_carea' id='block_1_62' title="bbox 206 3144 1788 3241">
    <p class='ocr_par' dir='ltr' id='par_1_62' title="bbox 206 3146 1788 3219">
     <span class='ocr_line' id='line_1_62' title="bbox 206 3146 1788 3219; baseline 0.004 -20"><span class='ocrx_word' id='word_1_447' title='bbox 206 3147 407 3215; x_wconf 75' lang='grc' dir='ltr'><strong>χεῖρας</strong></span> <span class='ocrx_word' id='word_1_448' title='bbox 452 3146 597 3201; x_wconf 70' lang='grc' dir='ltr'><strong>υἱῶν</strong></span> <span class='ocrx_word' id='word_1_449' title='bbox 636 3148 841 3212; x_wconf 80' lang='grc' dir='ltr'><strong>Ἰούδα,</strong></span> <span class='ocrx_word' id='word_1_450' title='bbox 873 3148 971 3203; x_wconf 75' lang='grc' dir='ltr'><strong>καὶ</strong></span> <span class='ocrx_word' id='word_1_451' title='bbox 1014 3150 1428 3205; x_wconf 78' lang='grc' dir='ltr'><strong>ἁποδώσονται</strong></span> <span class='ocrx_word' id='word_1_452' title='bbox 1455 3152 1676 3219; x_wconf 81' lang='grc' dir='ltr'><strong>αὐτοὺς</strong></span> <span class='ocrx_word' id='word_1_453' title='bbox 1704 3155 1788 3217; x_wconf 86' lang='grc' dir='ltr'><strong>εἱς</strong></span> 
     </span>
    </p>
   </div>
   <div class='ocr_carea' id='block_1_63' title="bbox 1893 3144 3469 3241">
    <p class='ocr_par' dir='ltr' id='par_1_63' title="bbox 1896 3144 3469 3217">
     <span class='ocr_line' id='line_1_63' title="bbox 1896 3144 3469 3217; baseline 0.004 -21"><span class='ocrx_word' id='word_1_454' title='bbox 1896 3144 2270 3212; x_wconf 80' lang='lat' dir='ltr'><strong>captivitatem,</strong></span> <span class='ocrx_word' id='word_1_455' title='bbox 2302 3145 2357 3198; x_wconf 80' lang='lat' dir='ltr'><strong>in</strong></span> <span class='ocrx_word' id='word_1_456' title='bbox 2387 3154 2586 3214; x_wconf 82' lang='lat' dir='ltr'><strong>gentem</strong></span> <span class='ocrx_word' id='word_1_457' title='bbox 2608 3161 2722 3215; x_wconf 74' lang='lat' dir='ltr'><strong>qua:</strong></span> <span class='ocrx_word' id='word_1_458' title='bbox 2758 3146 2962 3214; x_wconf 82' lang='lat' dir='ltr'><strong>procul,</strong></span> <span class='ocrx_word' id='word_1_459' title='bbox 2995 3148 3243 3217; x_wconf 83' lang='lat' dir='ltr'><strong>quoniam</strong></span> <span class='ocrx_word' id='word_1_460' title='bbox 3282 3146 3469 3201; x_wconf 74' lang='lat' dir='ltr'><strong>Domi-</strong></span> 
     </span>
    </p>
   </div>
   <div class='ocr_carea' id='block_1_64' title="bbox 207 3239 1794 3314">
    <p class='ocr_par' dir='ltr' id='par_1_64' title="bbox 207 3239 1794 3314">
     <span class='ocr_line' id='line_1_64' title="bbox 207 3239 1794 3314; baseline 0.008 -24"><span class='ocrx_word' id='word_1_461' title='bbox 207 3239 627 3307; x_wconf 76' lang='grc' dir='ltr'><strong>αίχμαλωσίαν</strong></span> <span class='ocrx_word' id='word_1_462' title='bbox 659 3242 748 3305; x_wconf 82' lang='grc' dir='ltr'><strong>εὶς</strong></span> <span class='ocrx_word' id='word_1_463' title='bbox 778 3241 954 3309; x_wconf 78' lang='grc' dir='ltr'><strong>ἔθνος</strong></span> <span class='ocrx_word' id='word_1_464' title='bbox 990 3242 1228 3312; x_wconf 73' lang='grc' dir='ltr'><strong>μακρὰν</strong></span> <span class='ocrx_word' id='word_1_465' title='bbox 1264 3244 1513 3314; x_wconf 77' lang='grc' dir='ltr'><strong>ἀπέχον,</strong></span> <span class='ocrx_word' id='word_1_466' title='bbox 1559 3244 1645 3299; x_wconf 83' lang='grc' dir='ltr'><strong>ὅτι</strong></span> <span class='ocrx_word' id='word_1_467' title='bbox 1680 3248 1794 3301; x_wconf 83' lang='grc' dir='ltr'><strong>Κύ-</strong></span> 
     </span>
    </p>
   </div>
   <div class='ocr_carea' id='block_1_65' title="bbox 204 3329 692 3398">
    <p class='ocr_par' dir='ltr' id='par_1_65' title="bbox 204 3329 692 3398">
     <span class='ocr_line' id='line_1_65' title="bbox 204 3329 692 3398; baseline 0.006 -17"><span class='ocrx_word' id='word_1_468' title='bbox 204 3346 332 3398; x_wconf 85' lang='grc' dir='ltr'><strong>ριος</strong></span> <span class='ocrx_word' id='word_1_469' title='bbox 355 3329 692 3398; x_wconf 69' lang='grc' dir='ltr'><strong>ἐλάλησεν.</strong></span> 
     </span>
    </p>
   </div>
   <div class='ocr_carea' id='block_1_66' title="bbox 277 3418 1792 3500">
    <p class='ocr_par' dir='ltr' id='par_1_66' title="bbox 277 3418 1792 3500">
     <span class='ocr_line' id='line_1_66' title="bbox 277 3418 1792 3500; baseline 0.005 -24"><span class='ocrx_word' id='word_1_470' title='bbox 277 3424 369 3478; x_wconf 76' lang='grc' dir='ltr'><strong>Μ’.</strong></span> <span class='ocrx_word' id='word_1_471' title='bbox 395 3424 694 3494; x_wconf 81' lang='grc' dir='ltr'><strong>Ἀπρακτα</strong></span> <span class='ocrx_word' id='word_1_472' title='bbox 729 3424 826 3494; x_wconf 72' lang='grc' dir='ltr'><strong>μὲν</strong></span> <span class='ocrx_word' id='word_1_473' title='bbox 851 3424 918 3478; x_wconf 70' lang='grc' dir='ltr'><strong>τά</strong></span> <span class='ocrx_word' id='word_1_474' title='bbox 941 3425 1154 3496; x_wconf 69' lang='grc' dir='ltr'><strong>Τυρίωσ</strong></span> <span class='ocrx_word' id='word_1_475' title='bbox 1170 3418 1619 3500; x_wconf 68' lang='grc' dir='ltr'><strong>ἔσεσθαιμηχανή</strong></span> <span class='ocrx_word' id='word_1_476' title='bbox 1629 3447 1792 3496; x_wconf 86' lang='grc' dir='ltr'><strong>ματα,</strong></span> 
     </span>
    </p>
   </div>
   <div class='ocr_carea' id='block_1_67' title="bbox 212 3514 1795 3589">
    <p class='ocr_par' dir='ltr' id='par_1_67' title="bbox 212 3514 1795 3589">
     <span class='ocr_line' id='line_1_67' title="bbox 212 3514 1795 3589; baseline 0.004 -22"><span class='ocrx_word' id='word_1_477' title='bbox 212 3516 304 3568; x_wconf 76' lang='grc' dir='ltr'><strong>καὶ</strong></span> <span class='ocrx_word' id='word_1_478' title='bbox 343 3514 412 3568; x_wconf 89' lang='grc' dir='ltr'><strong>τά</strong></span> <span class='ocrx_word' id='word_1_479' title='bbox 458 3517 519 3568; x_wconf 83' lang='grc' dir='ltr'><strong>ὲκ</strong></span> <span class='ocrx_word' id='word_1_480' title='bbox 569 3515 668 3585; x_wconf 77' lang='grc' dir='ltr'><strong>τῆς</strong></span> <span class='ocrx_word' id='word_1_481' title='bbox 712 3515 1042 3588; x_wconf 84' lang='grc' dir='ltr'><strong>δυστροπίας</strong></span> <span class='ocrx_word' id='word_1_482' title='bbox 1098 3518 1377 3589; x_wconf 80' lang='grc' dir='ltr'><strong>εὐρὲματα</strong></span> <span class='ocrx_word' id='word_1_483' title='bbox 1421 3521 1560 3574; x_wconf 89' lang='grc' dir='ltr'><strong>κατά</strong></span> <span class='ocrx_word' id='word_1_484' title='bbox 1602 3522 1709 3574; x_wconf 83' lang='grc' dir='ltr'><strong>τῶν</strong></span> <span class='ocrx_word' id='word_1_485' title='bbox 1738 3522 1795 3588; x_wconf 80' lang='grc' dir='ltr'>ἐξ</span> 
     </span>
    </p>
   </div>
   <div class='ocr_carea' id='block_1_68' title="bbox 226 3604 1797 3682">
    <p class='ocr_par' dir='ltr' id='par_1_68' title="bbox 226 3604 1797 3682">
     <span class='ocr_line' id='line_1_68' title="bbox 226 3604 1797 3682; baseline 0.006 -26"><span class='ocrx_word' id='word_1_486' title='bbox 226 3604 485 3676; x_wconf 73' lang='grc' dir='ltr'><strong>Ἰσραὴλ,</strong></span> <span class='ocrx_word' id='word_1_487' title='bbox 546 3606 917 3677; x_wconf 83' lang='grc' dir='ltr'><strong>ὲναργέστατά</strong></span> <span class='ocrx_word' id='word_1_488' title='bbox 956 3624 1141 3678; x_wconf 89' lang='grc' dir='ltr'><strong>φησιν,</strong></span> <span class='ocrx_word' id='word_1_489' title='bbox 1202 3609 1261 3673; x_wconf 75' lang='grc' dir='ltr'><strong>ἐξ</strong></span> <span class='ocrx_word' id='word_1_490' title='bbox 1322 3611 1678 3682; x_wconf 80' lang='grc' dir='ltr'><strong>ἀντιστρόφου</strong></span> <span class='ocrx_word' id='word_1_491' title='bbox 1740 3612 1797 3665; x_wconf 77' lang='grc' dir='ltr'><strong>δὲ</strong></span> 
     </span>
    </p>
   </div>
   <div class='ocr_carea' id='block_1_69' title="bbox 217 3694 1798 3771">
    <p class='ocr_par' dir='ltr' id='par_1_69' title="bbox 217 3694 1798 3771">
     <span class='ocr_line' id='line_1_69' title="bbox 217 3694 1798 3771; baseline 0.004 -22"><span class='ocrx_word' id='word_1_492' title='bbox 217 3694 404 3767; x_wconf 78' lang='grc' dir='ltr'><strong>ὥσπερ</strong></span> <span class='ocrx_word' id='word_1_493' title='bbox 454 3695 705 3762; x_wconf 83' lang='grc' dir='ltr'><strong>γενέσθαι</strong></span> <span class='ocrx_word' id='word_1_494' title='bbox 739 3699 851 3761; x_wconf 87' lang='grc' dir='ltr'><strong>τοῖς</strong></span> <span class='ocrx_word' id='word_1_495' title='bbox 878 3699 1164 3771; x_wconf 76' lang='grc' dir='ltr'><strong>ἠδικηκόσι</strong></span> <span class='ocrx_word' id='word_1_496' title='bbox 1200 3699 1297 3770; x_wconf 85' lang='grc' dir='ltr'><strong>τὴν</strong></span> <span class='ocrx_word' id='word_1_497' title='bbox 1348 3701 1654 3771; x_wconf 78' lang='grc' dir='ltr'><strong>συμφορὰν,</strong></span> <span class='ocrx_word' id='word_1_498' title='bbox 1705 3703 1798 3755; x_wconf 79' lang='grc' dir='ltr'><strong>καὶ</strong></span> 
     </span>
    </p>
   </div>
   <div class='ocr_carea' id='block_1_70' title="bbox 217 3784 1798 3861">
    <p class='ocr_par' dir='ltr' id='par_1_70' title="bbox 217 3784 1798 3861">
     <span class='ocr_line' id='line_1_70' title="bbox 217 3784 1798 3861; baseline 0.004 -24"><span class='ocrx_word' id='word_1_499' title='bbox 217 3784 325 3846; x_wconf 68' lang='grc' dir='ltr'><strong>τοῖς</strong></span> <span class='ocrx_word' id='word_1_500' title='bbox 350 3784 491 3847; x_wconf 82' lang='grc' dir='ltr'><strong>ίσοις</strong></span> <span class='ocrx_word' id='word_1_501' title='bbox 518 3784 779 3838; x_wconf 79' lang='grc' dir='ltr'><strong>ἐναλῶναι</strong></span> <span class='ocrx_word' id='word_1_502' title='bbox 807 3789 1014 3851; x_wconf 85' lang='grc' dir='ltr'><strong>κακοῖς,</strong></span> <span class='ocrx_word' id='word_1_503' title='bbox 1059 3790 1339 3859; x_wconf 82' lang='grc' dir='ltr'>μονονουχὶ</span> <span class='ocrx_word' id='word_1_504' title='bbox 1368 3790 1671 3861; x_wconf 77' lang='grc' dir='ltr'><strong>πιπτούσης</strong></span> <span class='ocrx_word' id='word_1_505' title='bbox 1718 3793 1798 3855; x_wconf 82' lang='grc' dir='ltr'><strong>εἰς</strong></span> 
     </span>
    </p>
   </div>
   <div class='ocr_carea' id='block_1_71' title="bbox 221 3874 1799 3951">
    <p class='ocr_par' dir='ltr' id='par_1_71' title="bbox 221 3874 1799 3951">
     <span class='ocr_line' id='line_1_71' title="bbox 221 3874 1799 3951; baseline 0.004 -22"><span class='ocrx_word' id='word_1_506' title='bbox 221 3874 461 3944; x_wconf 69' lang='grc' dir='ltr'><strong>κεφαλὰς</strong></span> <span class='ocrx_word' id='word_1_507' title='bbox 492 3875 600 3929; x_wconf 84' lang='grc' dir='ltr'><strong>τῶν</strong></span> <span class='ocrx_word' id='word_1_508' title='bbox 626 3876 816 3929; x_wconf 85' lang='grc' dir='ltr'><strong>ἀνόσια</strong></span> <span class='ocrx_word' id='word_1_509' title='bbox 844 3877 1388 3949; x_wconf 87' lang='grc' dir='ltr'><strong>πεπλημμεληκότων</strong></span> <span class='ocrx_word' id='word_1_510' title='bbox 1418 3884 1514 3951; x_wconf 82' lang='grc' dir='ltr'><strong>τῆς</strong></span> <span class='ocrx_word' id='word_1_511' title='bbox 1551 3880 1799 3935; x_wconf 86' lang='grc' dir='ltr'><strong>ίσοστάθ-</strong></span> 
     </span>
    </p>
   </div>
   <div class='ocr_carea' id='block_1_72' title="bbox 225 3966 1801 4041">
    <p class='ocr_par' dir='ltr' id='par_1_72' title="bbox 225 3966 1801 4041">
     <span class='ocr_line' id='line_1_72' title="bbox 225 3966 1801 4041; baseline 0.005 -23"><span class='ocrx_word' id='word_1_512' title='bbox 225 3980 322 4036; x_wconf 81' lang='grc' dir='ltr'><strong>μου</strong></span> <span class='ocrx_word' id='word_1_513' title='bbox 361 3966 545 4037; x_wconf 85' lang='grc' dir='ltr'><strong>δίκης.</strong></span> <span class='ocrx_word' id='word_1_514' title='bbox 592 3968 804 4039; x_wconf 80' lang='grc' dir='ltr'><strong>Ὥσπερ</strong></span> <span class='ocrx_word' id='word_1_515' title='bbox 852 3967 960 4040; x_wconf 84' lang='grc' dir='ltr'><strong>γὰρ</strong></span> <span class='ocrx_word' id='word_1_516' title='bbox 1006 3969 1159 4027; x_wconf 75' lang='grc' dir='ltr'><strong>αὐτοὶ</strong></span> <span class='ocrx_word' id='word_1_517' title='bbox 1208 3970 1268 4023; x_wconf 84' lang='grc' dir='ltr'><strong>τὸ</strong></span> <span class='ocrx_word' id='word_1_518' title='bbox 1325 3970 1383 4036; x_wconf 79' lang='grc' dir='ltr'><strong>ἐξ</strong></span> <span class='ocrx_word' id='word_1_519' title='bbox 1429 3973 1595 4025; x_wconf 76' lang='grc' dir='ltr'><strong>’ἰούδα</strong></span> <span class='ocrx_word' id='word_1_520' title='bbox 1645 3974 1801 4041; x_wconf 85' lang='grc' dir='ltr'><strong>γένος</strong></span> 
     </span>
    </p>
   </div>
   <div class='ocr_carea' id='block_1_73' title="bbox 225 4053 1799 4133">
    <p class='ocr_par' dir='ltr' id='par_1_73' title="bbox 225 4053 1799 4133">
     <span class='ocr_line' id='line_1_73' title="bbox 225 4053 1799 4133; baseline 0.003 -22"><span class='ocrx_word' id='word_1_521' title='bbox 225 4053 383 4125; x_wconf 83' lang='grc' dir='ltr'><strong>εἶλον,</strong></span> <span class='ocrx_word' id='word_1_522' title='bbox 414 4056 540 4112; x_wconf 77' lang='grc' dir='ltr'><strong>εἶτα</strong></span> <span class='ocrx_word' id='word_1_523' title='bbox 573 4062 687 4123; x_wconf 88' lang='grc' dir='ltr'><strong>τοῖς</strong></span> <span class='ocrx_word' id='word_1_524' title='bbox 720 4059 1171 4130; x_wconf 84' lang='grc' dir='ltr'><strong>ἀνδραποδισταῖς</strong></span> <span class='ocrx_word' id='word_1_525' title='bbox 1191 4062 1504 4126; x_wconf 86' lang='grc' dir='ltr'><strong>δεδώκασιν,</strong></span> <span class='ocrx_word' id='word_1_526' title='bbox 1531 4064 1799 4133; x_wconf 86' lang='grc' dir='ltr'><strong>ἀποκομί-</strong></span> 
     </span>
    </p>
   </div>
   <div class='ocr_carea' id='block_1_74' title="bbox 226 4151 1803 4225">
    <p class='ocr_par' dir='ltr' id='par_1_74' title="bbox 226 4151 1803 4225">
     <span class='ocr_line' id='line_1_74' title="bbox 226 4151 1803 4225; baseline 0.003 -22"><span class='ocrx_word' id='word_1_527' title='bbox 226 4151 332 4214; x_wconf 79' lang='grc' dir='ltr'><strong>ζειν</strong></span> <span class='ocrx_word' id='word_1_528' title='bbox 375 4152 624 4214; x_wconf 80' lang='grc' dir='ltr'><strong>εἰπόντες</strong></span> <span class='ocrx_word' id='word_1_529' title='bbox 677 4153 757 4215; x_wconf 85' lang='grc' dir='ltr'><strong>είς</strong></span> <span class='ocrx_word' id='word_1_530' title='bbox 810 4151 962 4215; x_wconf 76' lang='grc' dir='ltr'><strong>ἔθνος</strong></span> <span class='ocrx_word' id='word_1_531' title='bbox 1013 4154 1250 4225; x_wconf 83' lang='grc' dir='ltr'><strong>μακρὰν,</strong></span> <span class='ocrx_word' id='word_1_532' title='bbox 1307 4155 1449 4209; x_wconf 73' lang='grc' dir='ltr'><strong>οὕτω</strong></span> <span class='ocrx_word' id='word_1_533' title='bbox 1492 4155 1561 4208; x_wconf 79' lang='grc' dir='ltr'><strong>τὰ</strong></span> <span class='ocrx_word' id='word_1_534' title='bbox 1624 4154 1803 4209; x_wconf 77' lang='grc' dir='ltr'><strong>αὐτῶν</strong></span> 
     </span>
    </p>
   </div>
   <div class='ocr_carea' id='block_1_75' title="bbox 226 4241 1800 4318">
    <p class='ocr_par' dir='ltr' id='par_1_75' title="bbox 226 4241 1800 4318">
     <span class='ocr_line' id='line_1_75' title="bbox 226 4241 1800 4318; baseline 0.003 -23"><span class='ocrx_word' id='word_1_535' title='bbox 226 4241 819 4313; x_wconf 80' lang='grc' dir='ltr'><strong>ἀπεμπολησθήσεσθαι</strong></span> <span class='ocrx_word' id='word_1_536' title='bbox 866 4243 1035 4297; x_wconf 86' lang='grc' dir='ltr'><strong>τέκνα</strong></span> <span class='ocrx_word' id='word_1_537' title='bbox 1073 4246 1226 4313; x_wconf 79' lang='grc' dir='ltr'><strong>φησὶ,</strong></span> <span class='ocrx_word' id='word_1_538' title='bbox 1268 4246 1357 4299; x_wconf 75' lang='grc' dir='ltr'><strong>διὰ</strong></span> <span class='ocrx_word' id='word_1_539' title='bbox 1399 4248 1579 4318; x_wconf 73' lang='grc' dir='ltr'><strong>χειρὸς</strong></span> <span class='ocrx_word' id='word_1_540' title='bbox 1614 4247 1800 4301; x_wconf 84' lang='grc' dir='ltr'><strong>Ἰούδα.</strong></span> 
     </span>
    </p>
   </div>
   <div class='ocr_carea' id='block_1_76' title="bbox 230 4332 1805 4409">
    <p class='ocr_par' dir='ltr' id='par_1_76' title="bbox 230 4332 1805 4409">
     <span class='ocr_line' id='line_1_76' title="bbox 230 4332 1805 4409; baseline 0.004 -25"><span class='ocrx_word' id='word_1_541' title='bbox 230 4332 331 4385; x_wconf 75' lang='grc' dir='ltr'><strong>Καὶ</strong></span> <span class='ocrx_word' id='word_1_542' title='bbox 369 4336 456 4387; x_wconf 79' lang='grc' dir='ltr'><strong>ὅτι</strong></span> <span class='ocrx_word' id='word_1_543' title='bbox 510 4334 728 4397; x_wconf 86' lang='grc' dir='ltr'><strong>πάντως</strong></span> <span class='ocrx_word' id='word_1_544' title='bbox 778 4334 955 4388; x_wconf 86' lang='grc' dir='ltr'><strong>τοιάδε</strong></span> <span class='ocrx_word' id='word_1_545' title='bbox 1008 4337 1368 4408; x_wconf 84' lang='grc' dir='ltr'><strong>συμϐήσεται,</strong></span> <span class='ocrx_word' id='word_1_546' title='bbox 1432 4338 1805 4409; x_wconf 80' lang='grc' dir='ltr'><strong>προσεμπεδοῖ</strong></span> 
     </span>
    </p>
   </div>
   <div class='ocr_carea' id='block_1_77' title="bbox 231 4422 1804 4499">
    <p class='ocr_par' dir='ltr' id='par_1_77' title="bbox 231 4422 1804 4499">
     <span class='ocr_line' id='line_1_77' title="bbox 231 4422 1804 4499; baseline 0.003 -24"><span class='ocrx_word' id='word_1_547' title='bbox 231 4422 416 4493; x_wconf 75' lang='grc' dir='ltr'><strong>λέγων,</strong></span> <span class='ocrx_word' id='word_1_548' title='bbox 500 4443 517 4475; x_wconf 86' lang='grc' dir='ltr'><strong>ι</strong></span> <span class='ocrx_word' id='word_1_549' title='bbox 553 4425 672 4478; x_wconf 80' lang='grc' dir='ltr'><strong>Ὀτι</strong></span> <span class='ocrx_word' id='word_1_550' title='bbox 738 4424 943 4496; x_wconf 80' lang='grc' dir='ltr'><strong>Κύριος</strong></span> <span class='ocrx_word' id='word_1_551' title='bbox 995 4425 1275 4497; x_wconf 79' lang='grc' dir='ltr'><strong>ἐλάλησεν.</strong></span> <span class='ocrx_word' id='word_1_552' title='bbox 1308 4447 1327 4479; x_wconf 72' lang='grc' dir='ltr'><strong>ι</strong></span> <span class='ocrx_word' id='word_1_553' title='bbox 1401 4428 1686 4499; x_wconf 85' lang='grc' dir='ltr'><strong>Ἀνήνυτον</strong></span> <span class='ocrx_word' id='word_1_554' title='bbox 1746 4428 1804 4481; x_wconf 84' lang='grc' dir='ltr'><strong>δὲ</strong></span> 
     </span>
    </p>
   </div>
   <div class='ocr_carea' id='block_1_78' title="bbox 1897 3236 2338 3292">
    <p class='ocr_par' dir='ltr' id='par_1_78' title="bbox 1897 3236 2338 3292">
     <span class='ocr_line' id='line_1_78' title="bbox 1897 3236 2338 3292; baseline 0.005 -3"><span class='ocrx_word' id='word_1_555' title='bbox 1897 3236 2218 3292; x_wconf 63' lang='lat' dir='ltr'><strong>praelocutus</strong></span> <span class='ocrx_word' id='word_1_556' title='bbox 2239 3249 2338 3292; x_wconf 82' lang='lat' dir='ltr'><strong>est.</strong></span> 
     </span>
    </p>
   </div>
   <div class='ocr_carea' id='block_1_79' title="bbox 1968 3416 3472 3490">
    <p class='ocr_par' dir='ltr' id='par_1_79' title="bbox 1968 3416 3472 3490">
     <span class='ocr_line' id='line_1_79' title="bbox 1968 3416 3472 3490; baseline 0.003 -18"><span class='ocrx_word' id='word_1_557' title='bbox 1968 3417 2079 3472; x_wconf 80' lang='lat' dir='ltr'><strong>XL.</strong></span> <span class='ocrx_word' id='word_1_558' title='bbox 2114 3417 2375 3490; x_wconf 85' lang='lat' dir='ltr'><strong>Tyrorum</strong></span> <span class='ocrx_word' id='word_1_559' title='bbox 2405 3416 2832 3472; x_wconf 85' lang='lat' dir='ltr'><strong>machinationes</strong></span> <span class='ocrx_word' id='word_1_560' title='bbox 2856 3425 2908 3471; x_wconf 91' lang='lat' dir='ltr'><strong>et</strong></span> <span class='ocrx_word' id='word_1_561' title='bbox 2953 3432 3209 3487; x_wconf 87' lang='lat' dir='ltr'><strong>perversa</strong></span> <span class='ocrx_word' id='word_1_562' title='bbox 3251 3419 3472 3477; x_wconf 77' lang='lat' dir='ltr'><strong>inventa</strong></span> 
     </span>
    </p>
   </div>
   <div class='ocr_carea' id='block_1_80' title="bbox 1896 3507 3466 3577">
    <p class='ocr_par' dir='ltr' id='par_1_80' title="bbox 1896 3507 3466 3577">
     <span class='ocr_line' id='line_1_80' title="bbox 1896 3507 3466 3577; baseline -0.001 -12"><span class='ocrx_word' id='word_1_563' title='bbox 1896 3523 2085 3565; x_wconf 86' lang='lat' dir='ltr'><strong>contra</strong></span> <span class='ocrx_word' id='word_1_564' title='bbox 2123 3509 2287 3563; x_wconf 82' lang='lat' dir='ltr'><strong>Israel</strong></span> <span class='ocrx_word' id='word_1_565' title='bbox 2319 3509 2496 3562; x_wconf 86' lang='lat' dir='ltr'><strong>inania</strong></span> <span class='ocrx_word' id='word_1_566' title='bbox 2546 3507 2682 3575; x_wconf 90' lang='lat' dir='ltr'><strong>fore,</strong></span> <span class='ocrx_word' id='word_1_567' title='bbox 2730 3522 2988 3577; x_wconf 88' lang='lat' dir='ltr'><strong>perquam</strong></span> <span class='ocrx_word' id='word_1_568' title='bbox 3028 3508 3266 3566; x_wconf 89' lang='lat' dir='ltr'><strong>dilucide</strong></span> <span class='ocrx_word' id='word_1_569' title='bbox 3311 3509 3466 3564; x_wconf 80' lang='lat' dir='ltr'><strong>affir-</strong></span> 
     </span>
    </p>
   </div>
   <div class='ocr_carea' id='block_1_81' title="bbox 1898 3590 3473 3669">
    <p class='ocr_par' dir='ltr' id='par_1_81' title="bbox 1898 3590 3473 3669">
     <span class='ocr_line' id='line_1_81' title="bbox 1898 3590 3473 3669; baseline 0.001 -14"><span class='ocrx_word' id='word_1_570' title='bbox 1898 3610 2029 3666; x_wconf 89' lang='lat' dir='ltr'><strong>mat,</strong></span> <span class='ocrx_word' id='word_1_571' title='bbox 2064 3600 2212 3654; x_wconf 92' lang='lat' dir='ltr'><strong>etiis</strong></span> <span class='ocrx_word' id='word_1_572' title='bbox 2251 3600 2341 3669; x_wconf 89' lang='lat' dir='ltr'><strong>qui</strong></span> <span class='ocrx_word' id='word_1_573' title='bbox 2391 3598 2664 3662; x_wconf 65' lang='lat' dir='ltr'><strong>lieserunt,</strong></span> <span class='ocrx_word' id='word_1_574' title='bbox 2700 3599 2853 3666; x_wconf 85' lang='lat' dir='ltr'><strong>quasi</strong></span> <span class='ocrx_word' id='word_1_575' title='bbox 2881 3613 2946 3653; x_wconf 85' lang='lat' dir='ltr'><strong>ex</strong></span> <span class='ocrx_word' id='word_1_576' title='bbox 2979 3590 3210 3655; x_wconf 79' lang='lat' dir='ltr'><strong>adverso</strong></span> <span class='ocrx_word' id='word_1_577' title='bbox 3249 3599 3473 3657; x_wconf 81' lang='lat' dir='ltr'><strong>calami-</strong></span> 
     </span>
    </p>
   </div>
   <div class='ocr_carea' id='block_1_82' title="bbox 1900 3690 3472 3760">
    <p class='ocr_par' dir='ltr' id='par_1_82' title="bbox 1900 3690 3472 3760">
     <span class='ocr_line' id='line_1_82' title="bbox 1900 3690 3472 3760; baseline 0.003 -15"><span class='ocrx_word' id='word_1_578' title='bbox 1900 3702 2063 3747; x_wconf 91' lang='lat' dir='ltr'><strong>tatem</strong></span> <span class='ocrx_word' id='word_1_579' title='bbox 2093 3691 2477 3746; x_wconf 86' lang='lat' dir='ltr'><strong>remetiendam</strong></span> <span class='ocrx_word' id='word_1_580' title='bbox 2506 3729 2520 3753; x_wconf 93' lang='lat'><strong>,</strong></span> <span class='ocrx_word' id='word_1_581' title='bbox 2559 3690 2889 3759; x_wconf 87' lang='lat' dir='ltr'><strong>paribusque</strong></span> <span class='ocrx_word' id='word_1_582' title='bbox 2928 3691 3083 3747; x_wconf 89' lang='lat' dir='ltr'><strong>malis</strong></span> <span class='ocrx_word' id='word_1_583' title='bbox 3116 3692 3283 3760; x_wconf 92' lang='lat' dir='ltr'><strong>probe</strong></span> <span class='ocrx_word' id='word_1_584' title='bbox 3316 3692 3472 3749; x_wconf 84' lang='lat' dir='ltr'><strong>invo-</strong></span> 
     </span>
    </p>
   </div>
   <div class='ocr_carea' id='block_1_83' title="bbox 1901 3782 3472 3850">
    <p class='ocr_par' dir='ltr' id='par_1_83' title="bbox 1901 3782 3472 3850">
     <span class='ocr_line' id='line_1_83' title="bbox 1901 3782 3472 3850; baseline 0.003 -13"><span class='ocrx_word' id='word_1_585' title='bbox 1901 3784 2069 3838; x_wconf 88' lang='lat' dir='ltr'><strong>lutum</strong></span> <span class='ocrx_word' id='word_1_586' title='bbox 2127 3784 2228 3845; x_wconf 92' lang='lat' dir='ltr'><strong>iri,</strong></span> <span class='ocrx_word' id='word_1_587' title='bbox 2284 3793 2487 3836; x_wconf 85' lang='lat' dir='ltr'><strong>tantum</strong></span> <span class='ocrx_word' id='word_1_588' title='bbox 2531 3798 2634 3836; x_wconf 87' lang='lat' dir='ltr'><strong>non</strong></span> <span class='ocrx_word' id='word_1_589' title='bbox 2686 3782 2848 3837; x_wconf 86' lang='lat' dir='ltr'><strong>simili</strong></span> <span class='ocrx_word' id='word_1_590' title='bbox 2880 3796 3041 3850; x_wconf 77' lang='lat' dir='ltr'><strong>poena</strong></span> <span class='ocrx_word' id='word_1_591' title='bbox 3100 3786 3374 3841; x_wconf 84' lang='lat' dir='ltr'><strong>recidenle</strong></span> <span class='ocrx_word' id='word_1_592' title='bbox 3420 3788 3472 3841; x_wconf 91' lang='lat' dir='ltr'><strong>iu</strong></span> 
     </span>
    </p>
   </div>
   <div class='ocr_carea' id='block_1_84' title="bbox 1901 3874 3475 3945">
    <p class='ocr_par' dir='ltr' id='par_1_84' title="bbox 1901 3874 3475 3945">
     <span class='ocr_line' id='line_1_84' title="bbox 1901 3874 3475 3945; baseline 0.004 -16"><span class='ocrx_word' id='word_1_593' title='bbox 1901 3875 2079 3945; x_wconf 82' lang='lat' dir='ltr'><strong>capita</strong></span> <span class='ocrx_word' id='word_1_594' title='bbox 2112 3888 2338 3938; x_wconf 88' lang='lat' dir='ltr'><strong>eorum,</strong></span> <span class='ocrx_word' id='word_1_595' title='bbox 2392 3874 2481 3943; x_wconf 89' lang='lat' dir='ltr'><strong>qui</strong></span> <span class='ocrx_word' id='word_1_596' title='bbox 2557 3874 2719 3943; x_wconf 91' lang='lat' dir='ltr'><strong>impie</strong></span> <span class='ocrx_word' id='word_1_597' title='bbox 2766 3874 3131 3944; x_wconf 88' lang='lat' dir='ltr'><strong>deliquerunt.</strong></span> <span class='ocrx_word' id='word_1_598' title='bbox 3196 3877 3475 3944; x_wconf 86' lang='lat' dir='ltr'><strong>Quomodo</strong></span> 
     </span>
    </p>
   </div>
   <div class='ocr_carea' id='block_1_85' title="bbox 1904 3964 3478 4037">
    <p class='ocr_par' dir='ltr' id='par_1_85' title="bbox 1904 3964 3478 4037">
     <span class='ocr_line' id='line_1_85' title="bbox 1904 3964 3478 4037; baseline 0.005 -19"><span class='ocrx_word' id='word_1_599' title='bbox 1904 3981 2138 4035; x_wconf 87' lang='lat' dir='ltr'><strong>namque</strong></span> <span class='ocrx_word' id='word_1_600' title='bbox 2168 3966 2270 4037; x_wconf 91' lang='lat' dir='ltr'><strong>ipsi</strong></span> <span class='ocrx_word' id='word_1_601' title='bbox 2304 3981 2473 4036; x_wconf 83' lang='lat' dir='ltr'><strong>genus</strong></span> <span class='ocrx_word' id='word_1_602' title='bbox 2503 3964 2642 4019; x_wconf 73' lang='lat' dir='ltr'><strong>Jutla</strong></span> <span class='ocrx_word' id='word_1_603' title='bbox 2673 3966 2954 4035; x_wconf 87' lang='lat' dir='ltr'><strong>captivum</strong></span> <span class='ocrx_word' id='word_1_604' title='bbox 2982 3966 3253 4035; x_wconf 89' lang='lat' dir='ltr'><strong>fecerunt,</strong></span> <span class='ocrx_word' id='word_1_605' title='bbox 3280 3970 3478 4026; x_wconf 85' lang='lat' dir='ltr'><strong>deinde</strong></span> 
     </span>
    </p>
   </div>
   <div class='ocr_carea' id='block_1_86' title="bbox 1903 4058 3478 4131">
    <p class='ocr_par' dir='ltr' id='par_1_86' title="bbox 1903 4058 3478 4131">
     <span class='ocr_line' id='line_1_86' title="bbox 1903 4058 3478 4131; baseline 0.006 -23"><span class='ocrx_word' id='word_1_606' title='bbox 1903 4073 2000 4128; x_wconf 83' lang='lat' dir='ltr'><strong>pro</strong></span> <span class='ocrx_word' id='word_1_607' title='bbox 2037 4058 2324 4127; x_wconf 88' lang='lat' dir='ltr'><strong>mancipiis</strong></span> <span class='ocrx_word' id='word_1_608' title='bbox 2363 4058 2660 4125; x_wconf 78' lang='lat' dir='ltr'><strong>venditum,</strong></span> <span class='ocrx_word' id='word_1_609' title='bbox 2695 4059 2762 4111; x_wconf 90' lang='lat' dir='ltr'><strong>ad</strong></span> <span class='ocrx_word' id='word_1_610' title='bbox 2805 4068 3043 4115; x_wconf 89' lang='lat' dir='ltr'><strong>remotas</strong></span> <span class='ocrx_word' id='word_1_611' title='bbox 3079 4071 3271 4131; x_wconf 87' lang='lat' dir='ltr'><strong>gentes</strong></span> <span class='ocrx_word' id='word_1_612' title='bbox 3309 4062 3478 4118; x_wconf 82' lang='lat' dir='ltr'><strong>abdu-</strong></span> 
     </span>
    </p>
   </div>
   <div class='ocr_carea' id='block_1_87' title="bbox 1903 4150 3479 4221">
    <p class='ocr_par' dir='ltr' id='par_1_87' title="bbox 1903 4150 3479 4221">
     <span class='ocr_line' id='line_1_87' title="bbox 1903 4150 3479 4221; baseline 0.004 -18"><span class='ocrx_word' id='word_1_613' title='bbox 1903 4150 2131 4203; x_wconf 87' lang='lat' dir='ltr'><strong>cendum</strong></span> <span class='ocrx_word' id='word_1_614' title='bbox 2162 4150 2469 4203; x_wconf 80' lang='lat' dir='ltr'><strong>dederunt:</strong></span> <span class='ocrx_word' id='word_1_615' title='bbox 2509 4151 2588 4204; x_wconf 90' lang='lat' dir='ltr'><strong>sic</strong></span> <span class='ocrx_word' id='word_1_616' title='bbox 2648 4164 2835 4204; x_wconf 91' lang='lat' dir='ltr'><strong>eorum</strong></span> <span class='ocrx_word' id='word_1_617' title='bbox 2882 4150 3089 4207; x_wconf 88' lang='lat' dir='ltr'><strong>liberos</strong></span> <span class='ocrx_word' id='word_1_618' title='bbox 3135 4167 3233 4221; x_wconf 91' lang='lat' dir='ltr'><strong>per</strong></span> <span class='ocrx_word' id='word_1_619' title='bbox 3287 4170 3479 4210; x_wconf 82' lang='lat' dir='ltr'><strong>manus</strong></span> 
     </span>
    </p>
   </div>
   <div class='ocr_carea' id='block_1_88' title="bbox 1904 4239 3476 4314">
    <p class='ocr_par' dir='ltr' id='par_1_88' title="bbox 1904 4239 3476 4314">
     <span class='ocr_line' id='line_1_88' title="bbox 1904 4239 3476 4314; baseline 0.001 -18"><span class='ocrx_word' id='word_1_620' title='bbox 1904 4239 2043 4296; x_wconf 82' lang='lat' dir='ltr'><strong>Juda</strong></span> <span class='ocrx_word' id='word_1_621' title='bbox 2077 4240 2297 4296; x_wconf 85' lang='lat' dir='ltr'><strong>venales</strong></span> <span class='ocrx_word' id='word_1_622' title='bbox 2340 4240 2551 4295; x_wconf 86' lang='lat' dir='ltr'><strong>futuros</strong></span> <span class='ocrx_word' id='word_1_623' title='bbox 2590 4250 2841 4307; x_wconf 90' lang='lat' dir='ltr'><strong>testatur,</strong></span> <span class='ocrx_word' id='word_1_624' title='bbox 2886 4249 2940 4295; x_wconf 86' lang='lat' dir='ltr'><strong>et</strong></span> <span class='ocrx_word' id='word_1_625' title='bbox 2969 4242 3034 4296; x_wconf 91' lang='lat' dir='ltr'><strong>ad</strong></span> <span class='ocrx_word' id='word_1_626' title='bbox 3073 4259 3304 4314; x_wconf 88' lang='lat' dir='ltr'><strong>unguem</strong></span> <span class='ocrx_word' id='word_1_627' title='bbox 3337 4246 3476 4300; x_wconf 87' lang='lat' dir='ltr'><strong>idem</strong></span> 
     </span>
    </p>
   </div>
   <div class='ocr_carea' id='block_1_89' title="bbox 1907 4332 3478 4403">
    <p class='ocr_par' dir='ltr' id='par_1_89' title="bbox 1907 4332 3478 4403">
     <span class='ocr_line' id='line_1_89' title="bbox 1907 4332 3478 4403; baseline 0.003 -18"><span class='ocrx_word' id='word_1_628' title='bbox 1907 4348 2162 4403; x_wconf 85' lang='lat' dir='ltr'><strong>passuros</strong></span> <span class='ocrx_word' id='word_1_629' title='bbox 2187 4332 2509 4397; x_wconf 81' lang='lat' dir='ltr'><strong>testificaus,</strong></span> <span class='ocrx_word' id='word_1_630' title='bbox 2558 4332 2655 4398; x_wconf 90' lang='lat' dir='ltr'><strong>ait,</strong></span> <span class='ocrx_word' id='word_1_631' title='bbox 2710 4351 2730 4385; x_wconf 81' lang='grc' dir='ltr'><strong>ι</strong></span> <span class='ocrx_word' id='word_1_632' title='bbox 2768 4333 2904 4400; x_wconf 84' lang='lat' dir='ltr'><strong>Quia</strong></span> <span class='ocrx_word' id='word_1_633' title='bbox 2960 4334 3222 4391; x_wconf 86' lang='lat' dir='ltr'><strong>Dominus</strong></span> <span class='ocrx_word' id='word_1_634' title='bbox 3268 4336 3478 4391; x_wconf 89' lang='lat' dir='ltr'><strong>locutus</strong></span> 
     </span>
    </p>
   </div>
   <div class='ocr_carea' id='block_1_90' title="bbox 1906 4424 3479 4496">
    <p class='ocr_par' dir='ltr' id='par_1_90' title="bbox 1906 4424 3479 4496">
     <span class='ocr_line' id='line_1_90' title="bbox 1906 4424 3479 4496; baseline 0.001 -17"><span class='ocrx_word' id='word_1_635' title='bbox 1906 4435 2009 4480; x_wconf 90' lang='lat' dir='ltr'><strong>est.</strong></span> <span class='ocrx_word' id='word_1_636' title='bbox 2049 4445 2067 4476; x_wconf 86' lang='grc'><strong><em>‹</em></strong></span> <span class='ocrx_word' id='word_1_637' title='bbox 2106 4424 2248 4478; x_wconf 85' lang='lat' dir='ltr'><strong>Nihil</strong></span> <span class='ocrx_word' id='word_1_638' title='bbox 2281 4435 2463 4479; x_wconf 87' lang='lat' dir='ltr'><strong>autem</strong></span> <span class='ocrx_word' id='word_1_639' title='bbox 2492 4427 2733 4479; x_wconf 78' lang='lat' dir='ltr'><strong>einnium</strong></span> <span class='ocrx_word' id='word_1_640' title='bbox 2780 4440 2902 4494; x_wconf 74' lang='lat' dir='ltr'><strong>qua:</strong></span> <span class='ocrx_word' id='word_1_641' title='bbox 2946 4425 3090 4480; x_wconf 89' lang='lat' dir='ltr'><strong>Deus</strong></span> <span class='ocrx_word' id='word_1_642' title='bbox 3118 4426 3380 4496; x_wconf 88' lang='lat' dir='ltr'><strong>loquitur,</strong></span> <span class='ocrx_word' id='word_1_643' title='bbox 3413 4430 3479 4481; x_wconf 74' lang='lat' dir='ltr'><strong>a1</strong></span> 
     </span>
    </p>
   </div>
   <div class='ocr_carea' id='block_1_91' title="bbox 234 4514 1788 4588">
    <p class='ocr_par' dir='ltr' id='par_1_91' title="bbox 234 4514 1788 4588">
     <span class='ocr_line' id='line_1_91' title="bbox 234 4514 1788 4588; baseline -0.001 -19"><span class='ocrx_word' id='word_1_644' title='bbox 234 4517 444 4580; x_wconf 82' lang='grc' dir='ltr'><strong>πάντως</strong></span> <span class='ocrx_word' id='word_1_645' title='bbox 474 4516 626 4569; x_wconf 79' lang='grc' dir='ltr'><strong>οὐδὲν</strong></span> <span class='ocrx_word' id='word_1_646' title='bbox 655 4516 683 4568; x_wconf 85' lang='grc' dir='ltr'><strong>ὃ</strong></span> <span class='ocrx_word' id='word_1_647' title='bbox 718 4514 1013 4584; x_wconf 80' lang='grc' dir='ltr'><strong>φθέγγεται</strong></span> <span class='ocrx_word' id='word_1_648' title='bbox 1046 4516 1195 4580; x_wconf 86' lang='grc' dir='ltr'><strong>Θεὸς.</strong></span> <span class='ocrx_word' id='word_1_649' title='bbox 1228 4518 1337 4571; x_wconf 77' lang='grc' dir='ltr'><strong>Καὶ</strong></span> <span class='ocrx_word' id='word_1_650' title='bbox 1364 4517 1493 4586; x_wconf 75' lang='grc' dir='ltr'><strong>γοῦν</strong></span> <span class='ocrx_word' id='word_1_651' title='bbox 1538 4517 1639 4587; x_wconf 74' lang='grc' dir='ltr'><strong>ἔφη</strong></span> <span class='ocrx_word' id='word_1_652' title='bbox 1674 4518 1788 4588; x_wconf 75' lang='grc' dir='ltr'><strong>Χριι</strong></span> 
     </span>
    </p>
   </div>
   <div class='ocr_carea' id='block_1_92' title="bbox 1893 4514 3478 4588">
    <p class='ocr_par' dir='ltr' id='par_1_92' title="bbox 1910 4515 3478 4586">
     <span class='ocr_line' id='line_1_92' title="bbox 1910 4515 3478 4586; baseline 0.001 -16"><span class='ocrx_word' id='word_1_653' title='bbox 1910 4532 2024 4570; x_wconf 90' lang='lat' dir='ltr'><strong>rem</strong></span> <span class='ocrx_word' id='word_1_654' title='bbox 2055 4532 2158 4570; x_wconf 92' lang='lat' dir='ltr'><strong>non</strong></span> <span class='ocrx_word' id='word_1_655' title='bbox 2192 4515 2489 4571; x_wconf 86' lang='lat' dir='ltr'><strong>confertur.</strong></span> <span class='ocrx_word' id='word_1_656' title='bbox 2515 4515 2701 4584; x_wconf 80' lang='lat' dir='ltr'><strong>Itaque</strong></span> <span class='ocrx_word' id='word_1_657' title='bbox 2728 4516 2977 4571; x_wconf 58' lang='lat' dir='ltr'><strong>Christus</strong></span> <span class='ocrx_word' id='word_1_658' title='bbox 3009 4518 3219 4586; x_wconf 85' lang='lat' dir='ltr'><strong>inquit:</strong></span> <span class='ocrx_word' id='word_1_659' title='bbox 3247 4538 3263 4571; x_wconf 81' lang='grc' dir='ltr'><strong>ι</strong></span> <span class='ocrx_word' id='word_1_660' title='bbox 3304 4519 3478 4573; x_wconf 84' lang='lat' dir='ltr'><strong>Verba</strong></span> 
     </span>
    </p>
   </div>
   <div class='ocr_carea' id='block_1_93' title="bbox 237 4606 1810 4681">
    <p class='ocr_par' dir='ltr' id='par_1_93' title="bbox 237 4606 1810 4681">
     <span class='ocr_line' id='line_1_93' title="bbox 237 4606 1810 4681; baseline 0.001 -23"><span class='ocrx_word' id='word_1_661' title='bbox 237 4606 371 4670; x_wconf 71' lang='lat' dir='ltr'><strong>(nd;-</strong></span> <span class='ocrx_word' id='word_1_662' title='bbox 408 4626 425 4657; x_wconf 83' lang='grc' dir='ltr'><strong>ι</strong></span> <span class='ocrx_word' id='word_1_663' title='bbox 459 4608 523 4659; x_wconf 85' lang='grc' dir='ltr'>Οἱ</span> <span class='ocrx_word' id='word_1_664' title='bbox 563 4607 709 4676; x_wconf 82' lang='grc' dir='ltr'><strong>λόγοι</strong></span> <span class='ocrx_word' id='word_1_665' title='bbox 748 4623 850 4677; x_wconf 91' lang='grc' dir='ltr'><strong>μου</strong></span> <span class='ocrx_word' id='word_1_666' title='bbox 881 4608 943 4660; x_wconf 87' lang='grc' dir='ltr'>οὑ</span> <span class='ocrx_word' id='word_1_667' title='bbox 974 4607 1048 4679; x_wconf 81' lang='grc' dir='ltr'><strong>μή</strong></span> <span class='ocrx_word' id='word_1_668' title='bbox 1080 4608 1411 4681; x_wconf 82' lang='grc' dir='ltr'><strong>παρέλθωσι.</strong></span> <span class='ocrx_word' id='word_1_669' title='bbox 1443 4629 1461 4661; x_wconf 75' lang='grc' dir='ltr'><strong>ι</strong></span> <span class='ocrx_word' id='word_1_670' title='bbox 1508 4609 1618 4663; x_wconf 78' lang='grc' dir='ltr'><strong>Καὶ</strong></span> <span class='ocrx_word' id='word_1_671' title='bbox 1655 4607 1810 4662; x_wconf 73' lang='grc' dir='ltr'><strong>ταυτὶ</strong></span> 
     </span>
    </p>
   </div>
   <div class='ocr_carea' id='block_1_94' title="bbox 241 4698 663 4768">
    <p class='ocr_par' dir='ltr' id='par_1_94' title="bbox 241 4698 663 4768">
     <span class='ocr_line' id='line_1_94' title="bbox 241 4698 663 4768; baseline 0 -17"><span class='ocrx_word' id='word_1_672' title='bbox 241 4698 331 4768; x_wconf 86' lang='grc' dir='ltr'><strong>μὲν</strong></span> <span class='ocrx_word' id='word_1_673' title='bbox 355 4698 663 4768; x_wconf 84' lang='grc' dir='ltr'><strong>ίστορικῶς.</strong></span> 
     </span>
    </p>
   </div>
   <div class='ocr_carea' id='block_1_95' title="bbox 304 4788 1809 4861">
    <p class='ocr_par' dir='ltr' id='par_1_95' title="bbox 304 4788 1809 4861">
     <span class='ocr_line' id='line_1_95' title="bbox 304 4788 1809 4861; baseline 0 -19"><span class='ocrx_word' id='word_1_674' title='bbox 304 4790 365 4842; x_wconf 80' lang='grc' dir='ltr'>Εἰ</span> <span class='ocrx_word' id='word_1_675' title='bbox 390 4790 450 4843; x_wconf 81' lang='grc' dir='ltr'><strong>δὲ</strong></span> <span class='ocrx_word' id='word_1_676' title='bbox 473 4790 536 4861; x_wconf 84' lang='grc' dir='ltr'><strong>δή</strong></span> <span class='ocrx_word' id='word_1_677' title='bbox 558 4807 642 4853; x_wconf 89' lang='grc' dir='ltr'><strong>τις</strong></span> <span class='ocrx_word' id='word_1_678' title='bbox 661 4790 833 4843; x_wconf 74' lang='grc' dir='ltr'><strong>ἕλοιτο</strong></span> <span class='ocrx_word' id='word_1_679' title='bbox 870 4788 1183 4860; x_wconf 86' lang='grc' dir='ltr'><strong>περιαθρεῖν</strong></span> <span class='ocrx_word' id='word_1_680' title='bbox 1226 4789 1293 4843; x_wconf 82' lang='grc' dir='ltr'><strong>τὰ</strong></span> <span class='ocrx_word' id='word_1_681' title='bbox 1323 4789 1686 4860; x_wconf 83' lang='grc' dir='ltr'><strong>πνευματικὰ,</strong></span> <span class='ocrx_word' id='word_1_682' title='bbox 1714 4789 1809 4844; x_wconf 54' lang='grc' dir='ltr'><strong>καὶ⁸</strong></span> 
     </span>
    </p>
   </div>
   <div class='ocr_carea' id='block_1_96' title="bbox 241 4876 1810 4952">
    <p class='ocr_par' dir='ltr' id='par_1_96' title="bbox 241 4876 1810 4952">
     <span class='ocr_line' id='line_1_96' title="bbox 241 4876 1810 4952; baseline 0.001 -20"><span class='ocrx_word' id='word_1_683' title='bbox 241 4876 339 4933; x_wconf 80' lang='grc' dir='ltr'><strong>τῶν</strong></span> <span class='ocrx_word' id='word_1_684' title='bbox 368 4879 774 4952; x_wconf 81' lang='grc' dir='ltr'><strong>κεκρυμμένων</strong></span> <span class='ocrx_word' id='word_1_685' title='bbox 812 4879 1264 4951; x_wconf 82' lang='grc' dir='ltr'><strong>ἀναπίμπλασθαι</strong></span> <span class='ocrx_word' id='word_1_686' title='bbox 1294 4879 1602 4950; x_wconf 85' lang='grc' dir='ltr'><strong>νοημάτων,</strong></span> <span class='ocrx_word' id='word_1_687' title='bbox 1634 4880 1810 4951; x_wconf 77' lang='grc' dir='ltr'><strong>ἐννοή-</strong></span> 
     </span>
    </p>
   </div>
   <div class='ocr_carea' id='block_1_97' title="bbox 244 4970 1807 5044">
    <p class='ocr_par' dir='ltr' id='par_1_97' title="bbox 244 4970 1807 5044">
     <span class='ocr_line' id='line_1_97' title="bbox 244 4970 1807 5044; baseline 0.003 -23"><span class='ocrx_word' id='word_1_688' title='bbox 244 4985 319 5022; x_wconf 83' lang='grc' dir='ltr'><strong>σει</strong></span> <span class='ocrx_word' id='word_1_689' title='bbox 351 4972 532 5035; x_wconf 81' lang='grc' dir='ltr'><strong>πάλιν,</strong></span> <span class='ocrx_word' id='word_1_690' title='bbox 557 4972 638 5024; x_wconf 77' lang='grc' dir='ltr'><strong>ὅτι</strong></span> <span class='ocrx_word' id='word_1_691' title='bbox 671 4970 768 5025; x_wconf 73' lang='grc' dir='ltr'><strong>καὶ</strong></span> <span class='ocrx_word' id='word_1_692' title='bbox 793 4971 1060 5041; x_wconf 85' lang='grc' dir='ltr'><strong>Ἑλλήνων</strong></span> <span class='ocrx_word' id='word_1_693' title='bbox 1086 4970 1271 5034; x_wconf 88' lang='grc' dir='ltr'><strong>παῖδες</strong></span> <span class='ocrx_word' id='word_1_694' title='bbox 1296 4972 1345 5025; x_wconf 91' lang='grc' dir='ltr'>οί</span> <span class='ocrx_word' id='word_1_695' title='bbox 1378 4974 1497 5034; x_wconf 88' lang='grc' dir='ltr'><strong>ταῖς</strong></span> <span class='ocrx_word' id='word_1_696' title='bbox 1526 4972 1807 5044; x_wconf 83' lang='grc' dir='ltr'><strong>δοκησισο-</strong></span> 
     </span>
    </p>
   </div>
   <div class='ocr_carea' id='block_1_98' title="bbox 245 5062 1807 5138">
    <p class='ocr_par' dir='ltr' id='par_1_98' title="bbox 245 5062 1807 5138">
     <span class='ocr_line' id='line_1_98' title="bbox 245 5062 1807 5138; baseline 0.005 -25"><span class='ocrx_word' id='word_1_697' title='bbox 245 5062 388 5128; x_wconf 80' lang='grc' dir='ltr'><strong>φίαις</strong></span> <span class='ocrx_word' id='word_1_698' title='bbox 431 5063 876 5136; x_wconf 82' lang='grc' dir='ltr'><strong>ὲξωφρυωμένοι,</strong></span> <span class='ocrx_word' id='word_1_699' title='bbox 928 5068 1022 5121; x_wconf 78' lang='grc' dir='ltr'><strong>καὶ</strong></span> <span class='ocrx_word' id='word_1_700' title='bbox 1063 5065 1169 5137; x_wconf 84' lang='grc' dir='ltr'><strong>μὴν</strong></span> <span class='ocrx_word' id='word_1_701' title='bbox 1201 5065 1293 5120; x_wconf 85' lang='grc' dir='ltr'><strong>καὶ</strong></span> <span class='ocrx_word' id='word_1_702' title='bbox 1334 5069 1597 5138; x_wconf 76' lang='grc' dir='ltr'><strong>αίρετικοὶ</strong></span> <span class='ocrx_word' id='word_1_703' title='bbox 1642 5068 1807 5123; x_wconf 85' lang='grc' dir='ltr'><strong>πολυ-</strong></span> 
     </span>
    </p>
   </div>
   <div class='ocr_carea' id='block_1_99' title="bbox 247 5150 1808 5229">
    <p class='ocr_par' dir='ltr' id='par_1_99' title="bbox 247 5150 1808 5229">
     <span class='ocr_line' id='line_1_99' title="bbox 247 5150 1808 5229; baseline 0.008 -28"><span class='ocrx_word' id='word_1_704' title='bbox 247 5150 459 5217; x_wconf 79' lang='grc' dir='ltr'><strong>πλόκοις</strong></span> <span class='ocrx_word' id='word_1_705' title='bbox 493 5156 713 5225; x_wconf 89' lang='grc' dir='ltr'><strong>ἀπάτης</strong></span> <span class='ocrx_word' id='word_1_706' title='bbox 742 5156 1015 5229; x_wconf 83' lang='grc' dir='ltr'><strong>εὑρήμασι</strong></span> <span class='ocrx_word' id='word_1_707' title='bbox 1039 5158 1099 5210; x_wconf 87' lang='grc' dir='ltr'><strong>τὸ</strong></span> <span class='ocrx_word' id='word_1_708' title='bbox 1126 5158 1302 5211; x_wconf 88' lang='grc' dir='ltr'><strong>δοκεῖν</strong></span> <span class='ocrx_word' id='word_1_709' title='bbox 1338 5159 1391 5210; x_wconf 88' lang='grc' dir='ltr'><strong>τί</strong></span> <span class='ocrx_word' id='word_1_710' title='bbox 1416 5176 1597 5227; x_wconf 87' lang='grc' dir='ltr'><strong>σφισιν</strong></span> <span class='ocrx_word' id='word_1_711' title='bbox 1626 5160 1808 5224; x_wconf 79' lang='grc' dir='ltr'><strong>αὐτοῖς</strong></span> 
     </span>
    </p>
   </div>
   <div class='ocr_carea' id='block_1_100' title="bbox 246 5244 1813 5323">
    <p class='ocr_par' dir='ltr' id='par_1_100' title="bbox 246 5244 1813 5323">
     <span class='ocr_line' id='line_1_100' title="bbox 246 5244 1813 5323; baseline 0.008 -27"><span class='ocrx_word' id='word_1_712' title='bbox 246 5244 624 5315; x_wconf 83' lang='grc' dir='ltr'><strong>ἀπονέμοντες,</strong></span> <span class='ocrx_word' id='word_1_713' title='bbox 646 5248 980 5318; x_wconf 81' lang='grc' dir='ltr'><strong>ἀποφέρουσι</strong></span> <span class='ocrx_word' id='word_1_714' title='bbox 1004 5251 1112 5303; x_wconf 88' lang='grc' dir='ltr'><strong>τῶν</strong></span> <span class='ocrx_word' id='word_1_715' title='bbox 1140 5250 1521 5322; x_wconf 83' lang='grc' dir='ltr'><strong>ἁπλουστέρων</strong></span> <span class='ocrx_word' id='word_1_716' title='bbox 1547 5252 1697 5318; x_wconf 82' lang='grc' dir='ltr'><strong>τινὰς</strong></span> <span class='ocrx_word' id='word_1_717' title='bbox 1714 5254 1813 5323; x_wconf 81' lang='grc' dir='ltr'><strong>τῆς</strong></span> 
     </span>
    </p>
   </div>
   <div class='ocr_carea' id='block_1_101' title="bbox 246 5334 1814 5417">
    <p class='ocr_par' dir='ltr' id='par_1_101' title="bbox 246 5334 1814 5417">
     <span class='ocr_line' id='line_1_101' title="bbox 246 5334 1814 5417; baseline 0.008 -31"><span class='ocrx_word' id='word_1_718' title='bbox 246 5334 406 5406; x_wconf 80' lang='grc' dir='ltr'><strong>όοθῆς</strong></span> <span class='ocrx_word' id='word_1_719' title='bbox 437 5355 497 5391; x_wconf 84' lang='grc' dir='ltr'><strong>τε</strong></span> <span class='ocrx_word' id='word_1_720' title='bbox 527 5340 622 5392; x_wconf 79' lang='grc' dir='ltr'><strong>καὶ</strong></span> <span class='ocrx_word' id='word_1_721' title='bbox 655 5341 957 5411; x_wconf 87' lang='grc' dir='ltr'><strong>ἀμωμήτου</strong></span> <span class='ocrx_word' id='word_1_722' title='bbox 988 5342 1245 5407; x_wconf 89' lang='grc' dir='ltr'><strong>πίστεως,</strong></span> <span class='ocrx_word' id='word_1_723' title='bbox 1275 5339 1343 5415; x_wconf 80' lang='grc' dir='ltr'><strong>ἧς</strong></span> <span class='ocrx_word' id='word_1_724' title='bbox 1373 5344 1438 5397; x_wconf 86' lang='grc' dir='ltr'><strong>ἀν</strong></span> <span class='ocrx_word' id='word_1_725' title='bbox 1465 5343 1633 5414; x_wconf 79' lang='grc' dir='ltr'><strong>ἔχοιεν</strong></span> <span class='ocrx_word' id='word_1_726' title='bbox 1662 5345 1814 5417; x_wconf 86' lang='grc' dir='ltr'><strong>παρά</strong></span> 
     </span>
    </p>
   </div>
   <div class='ocr_carea' id='block_1_102' title="bbox 250 5424 1817 5505">
    <p class='ocr_par' dir='ltr' id='par_1_102' title="bbox 250 5424 1817 5505">
     <span class='ocr_line' id='line_1_102' title="bbox 250 5424 1817 5505; baseline 0.008 -29"><span class='ocrx_word' id='word_1_727' title='bbox 250 5424 398 5493; x_wconf 79' lang='grc' dir='ltr'><strong>Θεοῦ,</strong></span> <span class='ocrx_word' id='word_1_728' title='bbox 429 5428 526 5481; x_wconf 57' lang='grc' dir='ltr'><strong>καὶ⁸</strong></span> <span class='ocrx_word' id='word_1_729' title='bbox 556 5431 671 5492; x_wconf 88' lang='grc' dir='ltr'><strong>τοῖς</strong></span> <span class='ocrx_word' id='word_1_730' title='bbox 712 5429 925 5499; x_wconf 88' lang='grc' dir='ltr'><strong>βρόχοις</strong></span> <span class='ocrx_word' id='word_1_731' title='bbox 946 5431 1046 5501; x_wconf 85' lang='grc' dir='ltr'><strong>τῆς</strong></span> <span class='ocrx_word' id='word_1_732' title='bbox 1076 5432 1292 5501; x_wconf 83' lang='grc' dir='ltr'><strong>ἀπάτης</strong></span> <span class='ocrx_word' id='word_1_733' title='bbox 1329 5432 1596 5497; x_wconf 74' lang='grc' dir='ltr'><strong>ἐνδέοντες</strong></span> <span class='ocrx_word' id='word_1_734' title='bbox 1630 5451 1817 5505; x_wconf 89' lang='grc' dir='ltr'><strong>μονον-</strong></span> 
     </span>
    </p>
   </div>
   <div class='ocr_carea' id='block_1_103' title="bbox 250 5518 1817 5594">
    <p class='ocr_par' dir='ltr' id='par_1_103' title="bbox 250 5518 1817 5594">
     <span class='ocr_line' id='line_1_103' title="bbox 250 5518 1817 5594; baseline 0.004 -24"><span class='ocrx_word' id='word_1_735' title='bbox 250 5518 392 5588; x_wconf 74' lang='grc' dir='ltr'><strong>ουχὶ,</strong></span> <span class='ocrx_word' id='word_1_736' title='bbox 421 5520 516 5573; x_wconf 79' lang='grc' dir='ltr'><strong>καὶ</strong></span> <span class='ocrx_word' id='word_1_737' title='bbox 559 5522 618 5574; x_wconf 82' lang='grc' dir='ltr'><strong>ὲν</strong></span> <span class='ocrx_word' id='word_1_738' title='bbox 647 5519 990 5591; x_wconf 89' lang='grc' dir='ltr'><strong>δορυκτήτων</strong></span> <span class='ocrx_word' id='word_1_739' title='bbox 1035 5522 1200 5594; x_wconf 77' lang='grc' dir='ltr'><strong>μοίρᾳ</strong></span> <span class='ocrx_word' id='word_1_740' title='bbox 1232 5523 1502 5588; x_wconf 85' lang='grc' dir='ltr'><strong>λαϐόντες,</strong></span> <span class='ocrx_word' id='word_1_741' title='bbox 1549 5526 1817 5594; x_wconf 82' lang='grc' dir='ltr'><strong>ἀποκομί-</strong></span> 
     </span>
    </p>
   </div>
   <div class='ocr_carea' id='block_1_104' title="bbox 253 5603 1816 5688">
    <p class='ocr_par' dir='ltr' id='par_1_104' title="bbox 253 5603 1816 5688">
     <span class='ocr_line' id='line_1_104' title="bbox 253 5603 1816 5688; baseline 0.008 -28"><span class='ocrx_word' id='word_1_742' title='bbox 253 5603 394 5669; x_wconf 69' lang='lat' dir='ltr'><strong>Cous:</strong></span> <span class='ocrx_word' id='word_1_743' title='bbox 424 5610 533 5665; x_wconf 85' lang='grc' dir='ltr'><strong>τῶν</strong></span> <span class='ocrx_word' id='word_1_744' title='bbox 561 5612 660 5681; x_wconf 84' lang='grc' dir='ltr'><strong>τῆς</strong></span> <span class='ocrx_word' id='word_1_745' title='bbox 688 5611 945 5682; x_wconf 84' lang='grc' dir='ltr'><strong>ἀληθείας</strong></span> <span class='ocrx_word' id='word_1_746' title='bbox 967 5613 1108 5683; x_wconf 79' lang='grc' dir='ltr'>ὅρων</span> <span class='ocrx_word' id='word_1_747' title='bbox 1140 5615 1215 5678; x_wconf 83' lang='grc' dir='ltr'><strong>ὡς</strong></span> <span class='ocrx_word' id='word_1_748' title='bbox 1245 5616 1519 5671; x_wconf 88' lang='grc' dir='ltr'><strong>ἀποτάτω.</strong></span> <span class='ocrx_word' id='word_1_749' title='bbox 1564 5617 1700 5671; x_wconf 83' lang='grc' dir='ltr'><strong>Ἀλλ’</strong></span> <span class='ocrx_word' id='word_1_750' title='bbox 1725 5619 1816 5688; x_wconf 73' lang='grc' dir='ltr'><strong>ὅγε</strong></span> 
     </span>
    </p>
   </div>
   <div class='ocr_carea' id='block_1_105' title="bbox 345 5784 1484 5855">
    <p class='ocr_par' dir='ltr' id='par_1_105' title="bbox 345 5784 1484 5855">
     <span class='ocr_line' id='line_1_105' title="bbox 345 5784 1484 5855; baseline 0.012 -18"><span class='ocrx_word' id='word_1_751' title='bbox 345 5786 365 5816; x_wconf 83' lang='grc'>⁸</span> <span class='ocrx_word' id='word_1_752' title='bbox 396 5784 559 5843; x_wconf 87' lang='lat' dir='ltr'><strong>ICor.</strong></span> <span class='ocrx_word' id='word_1_753' title='bbox 589 5804 705 5852; x_wconf 85' lang='lat' dir='ltr'><strong>vm,</strong></span> <span class='ocrx_word' id='word_1_754' title='bbox 740 5789 827 5842; x_wconf 86' lang='lat' dir='ltr'><strong>II.</strong></span> <span class='ocrx_word' id='word_1_755' title='bbox 901 5790 945 5825; x_wconf 78' lang='grc'><strong>⁸⁷</strong></span> <span class='ocrx_word' id='word_1_756' title='bbox 974 5788 1163 5843; x_wconf 77' lang='lat' dir='ltr'><strong>Matth.</strong></span> <span class='ocrx_word' id='word_1_757' title='bbox 1210 5806 1359 5855; x_wconf 74' lang='lat' dir='ltr'><strong>xxiv,</strong></span> <span class='ocrx_word' id='word_1_758' title='bbox 1392 5793 1484 5850; x_wconf 78' lang='lat'><strong>‘23.</strong></span> 
     </span>
    </p>
   </div>
   <div class='ocr_carea' id='block_1_106' title="bbox 560 5884 1244 5946">
    <p class='ocr_par' dir='ltr' id='par_1_106' title="bbox 560 5884 1244 5946">
     <span class='ocr_line' id='line_1_106' title="bbox 560 5884 1244 5946; baseline 0.003 -3"><span class='ocrx_word' id='word_1_759' title='bbox 560 5884 830 5944; x_wconf 73' lang='grc' dir='ltr'><strong>ΡΑτιιοι..</strong></span> <span class='ocrx_word' id='word_1_760' title='bbox 876 5885 992 5944; x_wconf 78' lang='lat' dir='ltr'><strong>Gn.</strong></span> <span class='ocrx_word' id='word_1_761' title='bbox 1043 5886 1244 5946; x_wconf 73' lang='lat' dir='ltr'><strong>LXXI.</strong></span> 
     </span>
    </p>
   </div>
   <div class='ocr_carea' id='block_1_107' title="bbox 1914 4609 3476 4680">
    <p class='ocr_par' dir='ltr' id='par_1_107' title="bbox 1914 4609 3476 4680">
     <span class='ocr_line' id='line_1_107' title="bbox 1914 4609 3476 4680; baseline 0.001 -17"><span class='ocrx_word' id='word_1_762' title='bbox 1914 4624 2033 4664; x_wconf 77' lang='lat' dir='ltr'><strong>mea</strong></span> <span class='ocrx_word' id='word_1_763' title='bbox 2079 4625 2183 4664; x_wconf 91' lang='lat' dir='ltr'><strong>non</strong></span> <span class='ocrx_word' id='word_1_764' title='bbox 2241 4609 2540 4664; x_wconf 90' lang='lat' dir='ltr'><strong>interibunt</strong></span> <span class='ocrx_word' id='word_1_765' title='bbox 2584 4609 2649 4663; x_wconf 68' lang='grc' dir='ltr'><strong>θ’.</strong></span> <span class='ocrx_word' id='word_1_766' title='bbox 2709 4628 2728 4661; x_wconf 75' lang='grc' dir='ltr'><strong>ι</strong></span> <span class='ocrx_word' id='word_1_767' title='bbox 2794 4610 2858 4664; x_wconf 86' lang='grc' dir='ltr'><strong>Ει</strong></span> <span class='ocrx_word' id='word_1_768' title='bbox 2886 4612 2999 4665; x_wconf 68' lang='lat' dir='ltr'><strong>haec</strong></span> <span class='ocrx_word' id='word_1_769' title='bbox 3047 4611 3265 4680; x_wconf 77' lang='lat' dir='ltr'><strong>quidem</strong></span> <span class='ocrx_word' id='word_1_770' title='bbox 3305 4612 3476 4666; x_wconf 64' lang='lat' dir='ltr'><strong>histoo</strong></span> 
     </span>
    </p>
   </div>
   <div class='ocr_carea' id='block_1_108' title="bbox 1912 4700 2047 4757">
    <p class='ocr_par' dir='ltr' id='par_1_108' title="bbox 1912 4700 2047 4757">
     <span class='ocr_line' id='line_1_108' title="bbox 1912 4700 2047 4757; baseline 0.015 -2"><span class='ocrx_word' id='word_1_771' title='bbox 1912 4700 2047 4757; x_wconf 90' lang='lat' dir='ltr'><strong>rice.</strong></span> 
     </span>
    </p>
   </div>
   <div class='ocr_carea' id='block_1_109' title="bbox 1984 4790 3480 4861">
    <p class='ocr_par' dir='ltr' id='par_1_109' title="bbox 1984 4790 3480 4861">
     <span class='ocr_line' id='line_1_109' title="bbox 1984 4790 3480 4861; baseline 0.001 -16"><span class='ocrx_word' id='word_1_772' title='bbox 1984 4790 2137 4859; x_wconf 89' lang='lat' dir='ltr'><strong>Quod</strong></span> <span class='ocrx_word' id='word_1_773' title='bbox 2154 4792 2196 4845; x_wconf 92' lang='lat' dir='ltr'><strong>si</strong></span> <span class='ocrx_word' id='word_1_774' title='bbox 2212 4791 2295 4845; x_wconf 91' lang='lat' dir='ltr'><strong>cui</strong></span> <span class='ocrx_word' id='word_1_775' title='bbox 2316 4791 2487 4861; x_wconf 91' lang='lat' dir='ltr'><strong>placet</strong></span> <span class='ocrx_word' id='word_1_776' title='bbox 2505 4791 2852 4849; x_wconf 89' lang='lat' dir='ltr'><strong>considerare</strong></span> <span class='ocrx_word' id='word_1_777' title='bbox 2867 4791 3190 4861; x_wconf 79' lang='lat' dir='ltr'><strong>spiritualia,</strong></span> <span class='ocrx_word' id='word_1_778' title='bbox 3210 4802 3264 4847; x_wconf 91' lang='lat' dir='ltr'><strong>et</strong></span> <span class='ocrx_word' id='word_1_779' title='bbox 3283 4792 3480 4848; x_wconf 73' lang='lat' dir='ltr'><strong>abditi!</strong></span> 
     </span>
    </p>
   </div>
   <div class='ocr_carea' id='block_1_110' title="bbox 1912 4878 3480 4953">
    <p class='ocr_par' dir='ltr' id='par_1_110' title="bbox 1912 4878 3480 4953">
     <span class='ocr_line' id='line_1_110' title="bbox 1912 4878 3480 4953; baseline 0.002 -16"><span class='ocrx_word' id='word_1_780' title='bbox 1912 4882 2284 4951; x_wconf 76' lang='lat' dir='ltr'><strong>intelligentiis</strong></span> <span class='ocrx_word' id='word_1_781' title='bbox 2330 4898 2390 4937; x_wconf 92' lang='lat' dir='ltr'><strong>se</strong></span> <span class='ocrx_word' id='word_1_782' title='bbox 2446 4882 2685 4953; x_wconf 75' lang='lat' dir='ltr'><strong>explere,</strong></span> <span class='ocrx_word' id='word_1_783' title='bbox 2732 4883 2996 4953; x_wconf 83' lang='lat' dir='ltr'><strong>cogitabit</strong></span> <span class='ocrx_word' id='word_1_784' title='bbox 3037 4885 3201 4938; x_wconf 88' lang='lat' dir='ltr'><strong>etiam</strong></span> <span class='ocrx_word' id='word_1_785' title='bbox 3236 4878 3480 4950; x_wconf 53' lang='lat' dir='ltr'><strong>Graecos,</strong></span> 
     </span>
    </p>
   </div>
   <div class='ocr_carea' id='block_1_111' title="bbox 1915 4973 3479 5046">
    <p class='ocr_par' dir='ltr' id='par_1_111' title="bbox 1915 4973 3479 5046">
     <span class='ocr_line' id='line_1_111' title="bbox 1915 4973 3479 5046; baseline 0.001 -17"><span class='ocrx_word' id='word_1_786' title='bbox 1915 4973 2051 5029; x_wconf 87' lang='lat' dir='ltr'><strong>falsa</strong></span> <span class='ocrx_word' id='word_1_787' title='bbox 2088 4974 2341 5046; x_wconf 79' lang='lat' dir='ltr'><strong>Opinione</strong></span> <span class='ocrx_word' id='word_1_788' title='bbox 2374 4976 2653 5045; x_wconf 84' lang='lat' dir='ltr'><strong>sapientiae</strong></span> <span class='ocrx_word' id='word_1_789' title='bbox 2693 4975 3038 5045; x_wconf 83' lang='lat' dir='ltr'><strong>supercilium</strong></span> <span class='ocrx_word' id='word_1_790' title='bbox 3076 4975 3327 5031; x_wconf 88' lang='lat' dir='ltr'><strong>tollentes</strong></span> <span class='ocrx_word' id='word_1_791' title='bbox 3350 5014 3367 5039; x_wconf 88' lang='lat'><strong>,</strong></span> <span class='ocrx_word' id='word_1_792' title='bbox 3416 4992 3479 5031; x_wconf 89' lang='lat' dir='ltr'><strong>ac</strong></span> 
     </span>
    </p>
   </div>
   <div class='ocr_carea' id='block_1_112' title="bbox 1914 5066 3485 5136">
    <p class='ocr_par' dir='ltr' id='par_1_112' title="bbox 1914 5066 3485 5136">
     <span class='ocr_line' id='line_1_112' title="bbox 1914 5066 3485 5136; baseline 0.001 -17"><span class='ocrx_word' id='word_1_793' title='bbox 1914 5077 2179 5136; x_wconf 69' lang='lat' dir='ltr'><strong>praeterea</strong></span> <span class='ocrx_word' id='word_1_794' title='bbox 2234 5067 2553 5132; x_wconf 68' lang='lat' dir='ltr'><strong>haereticos,</strong></span> <span class='ocrx_word' id='word_1_795' title='bbox 2609 5068 2678 5123; x_wconf 91' lang='lat' dir='ltr'><strong>ob</strong></span> <span class='ocrx_word' id='word_1_796' title='bbox 2722 5066 2964 5124; x_wconf 87' lang='lat' dir='ltr'><strong>involuta</strong></span> <span class='ocrx_word' id='word_1_797' title='bbox 3022 5066 3355 5123; x_wconf 87' lang='lat' dir='ltr'><strong>fallaciarum</strong></span> <span class='ocrx_word' id='word_1_798' title='bbox 3397 5069 3485 5123; x_wconf 81' lang='lat' dir='ltr'><strong>in-</strong></span> 
     </span>
    </p>
   </div>
   <div class='ocr_carea' id='block_1_113' title="bbox 1916 5159 3483 5228">
    <p class='ocr_par' dir='ltr' id='par_1_113' title="bbox 1916 5159 3483 5228">
     <span class='ocr_line' id='line_1_113' title="bbox 1916 5159 3483 5228; baseline 0.001 -16"><span class='ocrx_word' id='word_1_799' title='bbox 1916 5169 2076 5213; x_wconf 88' lang='lat' dir='ltr'><strong>venta</strong></span> <span class='ocrx_word' id='word_1_800' title='bbox 2130 5160 2502 5214; x_wconf 82' lang='lat' dir='ltr'><strong>existimantes</strong></span> <span class='ocrx_word' id='word_1_801' title='bbox 2554 5174 2613 5214; x_wconf 90' lang='lat' dir='ltr'><strong>se</strong></span> <span class='ocrx_word' id='word_1_802' title='bbox 2653 5175 2776 5215; x_wconf 87' lang='lat' dir='ltr'><strong>esse</strong></span> <span class='ocrx_word' id='word_1_803' title='bbox 2826 5159 3051 5228; x_wconf 88' lang='lat' dir='ltr'><strong>aliquid,</strong></span> <span class='ocrx_word' id='word_1_804' title='bbox 3094 5159 3483 5228; x_wconf 88' lang='lat' dir='ltr'><strong>simpliciorum</strong></span> 
     </span>
    </p>
   </div>
   <div class='ocr_carea' id='block_1_114' title="bbox 1918 5250 3487 5321">
    <p class='ocr_par' dir='ltr' id='par_1_114' title="bbox 1918 5250 3487 5321">
     <span class='ocr_line' id='line_1_114' title="bbox 1918 5250 3487 5321; baseline 0.001 -18"><span class='ocrx_word' id='word_1_805' title='bbox 1918 5251 2180 5320; x_wconf 84' lang='lat' dir='ltr'><strong>quosdam</strong></span> <span class='ocrx_word' id='word_1_806' title='bbox 2241 5268 2270 5304; x_wconf 87' lang='lat' dir='ltr'><strong>a</strong></span> <span class='ocrx_word' id='word_1_807' title='bbox 2310 5260 2458 5306; x_wconf 80' lang='lat' dir='ltr'><strong>recta</strong></span> <span class='ocrx_word' id='word_1_808' title='bbox 2488 5259 2543 5307; x_wconf 87' lang='lat' dir='ltr'><strong>et</strong></span> <span class='ocrx_word' id='word_1_809' title='bbox 2593 5251 2864 5321; x_wconf 83' lang='lat' dir='ltr'><strong>inculpata</strong></span> <span class='ocrx_word' id='word_1_810' title='bbox 2914 5251 3038 5315; x_wconf 91' lang='lat' dir='ltr'><strong>Iide,</strong></span> <span class='ocrx_word' id='word_1_811' title='bbox 3090 5264 3252 5321; x_wconf 87' lang='lat' dir='ltr'><strong>quam</strong></span> <span class='ocrx_word' id='word_1_812' title='bbox 3308 5265 3336 5303; x_wconf 86' lang='lat' dir='ltr'><strong>a</strong></span> <span class='ocrx_word' id='word_1_813' title='bbox 3378 5250 3487 5304; x_wconf 89' lang='lat' dir='ltr'><strong>Deo</strong></span> 
     </span>
    </p>
   </div>
   <div class='ocr_carea' id='block_1_115' title="bbox 1920 5342 3527 5414">
    <p class='ocr_par' dir='ltr' id='par_1_115' title="bbox 1920 5342 3527 5414">
     <span class='ocr_line' id='line_1_115' title="bbox 1920 5342 3527 5414; baseline -0.001 -17"><span class='ocrx_word' id='word_1_814' title='bbox 1920 5343 2125 5399; x_wconf 86' lang='lat' dir='ltr'><strong>habere</strong></span> <span class='ocrx_word' id='word_1_815' title='bbox 2182 5345 2412 5414; x_wconf 85' lang='lat' dir='ltr'><strong>possint,</strong></span> <span class='ocrx_word' id='word_1_816' title='bbox 2468 5352 2754 5409; x_wconf 84' lang='lat' dir='ltr'><strong>avertere,</strong></span> <span class='ocrx_word' id='word_1_817' title='bbox 2811 5352 2865 5398; x_wconf 91' lang='lat' dir='ltr'><strong>et</strong></span> <span class='ocrx_word' id='word_1_818' title='bbox 2907 5343 3227 5413; x_wconf 71' lang='lat' dir='ltr'><strong>impostura:</strong></span> <span class='ocrx_word' id='word_1_819' title='bbox 3281 5342 3527 5411; x_wconf 18' lang='lat' dir='ltr'><strong>laqueis.</strong></span> 
     </span>
    </p>
   </div>
   <div class='ocr_carea' id='block_1_116' title="bbox 1920 5434 3488 5507">
    <p class='ocr_par' dir='ltr' id='par_1_116' title="bbox 1920 5434 3488 5507">
     <span class='ocr_line' id='line_1_116' title="bbox 1920 5434 3488 5507; baseline 0 -19"><span class='ocrx_word' id='word_1_820' title='bbox 1920 5434 2183 5503; x_wconf 87' lang='lat' dir='ltr'><strong>irretitos,</strong></span> <span class='ocrx_word' id='word_1_821' title='bbox 2219 5437 2603 5507; x_wconf 85' lang='lat' dir='ltr'><strong>propemodum</strong></span> <span class='ocrx_word' id='word_1_822' title='bbox 2637 5451 2919 5493; x_wconf 86' lang='lat' dir='ltr'><strong>servorum</strong></span> <span class='ocrx_word' id='word_1_823' title='bbox 2963 5436 3129 5507; x_wconf 65' lang='lat'><strong>238</strong></span> <span class='ocrx_word' id='word_1_824' title='bbox 3176 5436 3316 5497; x_wconf 87' lang='lat' dir='ltr'><strong>loco,</strong></span> <span class='ocrx_word' id='word_1_825' title='bbox 3350 5447 3488 5503; x_wconf 92' lang='lat' dir='ltr'><strong>quos</strong></span> 
     </span>
    </p>
   </div>
   <div class='ocr_carea' id='block_1_117' title="bbox 1921 5514 3487 5598">
    <p class='ocr_par' dir='ltr' id='par_1_117' title="bbox 1921 5514 3487 5598">
     <span class='ocr_line' id='line_1_117' title="bbox 1921 5514 3487 5598; baseline 0.001 -18"><span class='ocrx_word' id='word_1_826' title='bbox 1921 5528 2089 5583; x_wconf 85' lang='lat' dir='ltr'><strong>armis</strong></span> <span class='ocrx_word' id='word_1_827' title='bbox 2132 5531 2396 5598; x_wconf 86' lang='lat' dir='ltr'><strong>ceperint,</strong></span> <span class='ocrx_word' id='word_1_828' title='bbox 2438 5545 2469 5585; x_wconf 91' lang='lat' dir='ltr'><strong>a</strong></span> <span class='ocrx_word' id='word_1_829' title='bbox 2508 5514 2703 5586; x_wconf 81' lang='lat' dir='ltr'><strong>finibus</strong></span> <span class='ocrx_word' id='word_1_830' title='bbox 2747 5528 2997 5584; x_wconf 89' lang='lat' dir='ltr'><strong>veritatis</strong></span> <span class='ocrx_word' id='word_1_831' title='bbox 3041 5529 3289 5598; x_wconf 87' lang='lat' dir='ltr'><strong>abripere</strong></span> <span class='ocrx_word' id='word_1_832' title='bbox 3325 5539 3487 5595; x_wconf 87' lang='lat' dir='ltr'><strong>quam</strong></span> 
     </span>
    </p>
   </div>
   <div class='ocr_carea' id='block_1_118' title="bbox 1922 5614 3490 5697">
    <p class='ocr_par' dir='ltr' id='par_1_118' title="bbox 1922 5614 3490 5697">
     <span class='ocr_line' id='line_1_118' title="bbox 1922 5614 3490 5697; baseline -0.003 -24"><span class='ocrx_word' id='word_1_833' title='bbox 1922 5618 2254 5689; x_wconf 83' lang='lat' dir='ltr'><strong>longissime.</strong></span> <span class='ocrx_word' id='word_1_834' title='bbox 2287 5620 2552 5677; x_wconf 67' lang='lat' dir='ltr'><strong>Caeterum</strong></span> <span class='ocrx_word' id='word_1_835' title='bbox 2584 5621 2960 5697; x_wconf 88' lang='lat' dir='ltr'><strong>universorum</strong></span> <span class='ocrx_word' id='word_1_836' title='bbox 2984 5619 3127 5675; x_wconf 91' lang='lat' dir='ltr'><strong>Deus</strong></span> <span class='ocrx_word' id='word_1_837' title='bbox 3161 5630 3348 5673; x_wconf 87' lang='lat' dir='ltr'><strong>eorum</strong></span> <span class='ocrx_word' id='word_1_838' title='bbox 3387 5614 3490 5669; x_wconf 89' lang='lat' dir='ltr'><strong>im-</strong></span> 
     </span>
    </p>
   </div>
   <div class='ocr_carea' id='block_1_119' title="bbox 3075 5890 3142 5952">
    <p class='ocr_par' dir='ltr' id='par_1_119' title="bbox 3075 5890 3142 5952">
     <span class='ocr_line' id='line_1_119' title="bbox 3075 5890 3142 5952; baseline -0.015 0"><span class='ocrx_word' id='word_1_839' title='bbox 3075 5890 3142 5952; x_wconf 89' lang='lat' dir='ltr'><strong>I3</strong></span> 
     </span>
    </p>
   </div>
  </div>
