4068 6606
248 462 354 521 397

1126 456 1677 515 COMMENTARIUS
1716 453 1781 508 1N
1823 453 2083 508 JOELEM
2124 453 2563 509 PROPIIETAM.

3374 457 3481 514 398

248 570 513 643 μαχητὴς,
558 568 823 633 τουτέστι,
872 570 969 622 καὶ
1021 568 1182 633 εἴτις
1220 570 1327 623 τῶν
1378 570 1664 639 ἀοργήτων
1703 567 1804 635 ειη1

1916 579 2033 633 gnte
2060 580 2117 618 se
2147 567 2366 627 credat,
2402 569 2504 620 hoc
2526 574 2646 631 est,
2718 567 2817 620 etsi
2869 567 3132 638 quispiam
3177 568 3337 626 irasci
3380 588 3480 628 ne-

244 662 385 713 ῑστω
416 658 509 712 καὶ
540 652 693 721 οὗτος
725 660 994 730 μαχητής.
1027 659 1252 729 Ὅμοιον
1284 660 1359 720 ὡς
1384 661 1431 711 εί
1462 659 1628 727 λέγει,
1656 658 1809 711 οὐδε-

242 749 328 813 νὸς
352 749 416 802 τὸ
440 748 659 818 σύμπαν
699 748 1181 820 ὑπολελειμμένον
1217 751 1340 804 Κᾶν
1368 752 1415 803 εί
1447 750 1682 820 γηπόνος
1727 766 1811 812 τις

240 843 346 911 εἴη,
398 842 499 896 κᾶν
544 845 593 896 εί
633 842 803 905 δειλός
860 858 919 894 τε
960 841 1053 895 καὶ
1094 842 1354 913 ἄνανδρος
1406 836 1594 911 (οὗτος
1632 840 1741 909 γὰρ
1782 841 1811 893 ό

238 933 573 1003 ἀδύνατος),
592 934 693 986 κᾶν
719 934 768 986 εἰ
789 935 980 1003 πρᾷος,
1006 932 1102 985 καὶ
1132 932 1549 1002 άφιλοπόλεμος,
1565 930 1811 1003 παραθη-

241 1025 417 1093 γέσθω
444 1027 582 1095 πρὸς
613 1024 813 1096 μάχην.
842 1026 1261 1095 Παραιτήσομαι
1291 1025 1401 1094 γὰρ
1426 1023 1633 1077 οὐδένα.
1685 1025 1813 1075 Δια-

240 1116 411 1184 κρινῶ
442 1116 499 1169 δὲ
546 1117 793 1181 ἅπαντας
822 1118 880 1171 ὲν
911 1120 977 1188 τῇ
1016 1117 1222 1171 κοιλάδι
1259 1116 1353 1170 τοῦ
1400 1115 1687 1185 Ἰωσαφάτ.
1738 1115 1812 1168 Τὸ

237 1206 567 1278 δὲΔιακρινῶ
594 1209 867 1280 σημαίνει,
893 1210 973 1263 ὅτι
999 1210 1204 1281 Κριτὴς
1229 1210 1422 1278 ἔσομαι
1443 1209 1811 1274 δυνατὸς,ποι-

239 1299 351 1360 ναῖς
411 1314 473 1352 τε
515 1299 610 1352 καὶ¹
651 1300 831 1363 δίκαις
874 1301 1040 1363 ἐνιεὶς
1089 1302 1216 1362 τοὺς
1260 1300 1668 1370 διαρπάσαντας
1713 1299 1809 1370 μὲν

239 1391 337 1459 γῆν
382 1388 480 1460 τὴν
509 1390 669 1462 ἐμὴν,
724 1391 914 1463 κλήρῳ
945 1391 1002 1445 δὲ
1034 1392 1389 1462 διαλαχόντας
1424 1391 1518 1444 τὸν
1572 1389 1807 1461 Ἰσραὴλ,

239 1480 327 1532 καὶ
383 1480 609 1552 πόρναις
662 1482 761 1552 μὲν
820 1483 1115 1546 δεδωκότας
1166 1466 1241 1536 ’τά
1292 1482 1574 1554 παιδάρια,
1641 1499 1810 1537 κατα-

238 1572 587 1643 πεπρακότας
647 1574 703 1628 δὲ
734 1572 803 1627 τά
848 1574 1095 1645 κοράσια,
1140 1574 1234 1628 καὶ
1267 1573 1343 1638 ὡς
1383 1568 1525 1629 οἶνον
1554 1577 1811 1629 ὲκπεπωο

237 1664 419 1730 κότας.

316 1757 681 1829 Ἐπιφωνήσει
709 1757 753 1811 δ’
790 1758 857 1812 ἂν
893 1758 961 1812 τά
996 1758 1175 1812 τοιάδε
1205 1758 1366 1811 πάλιν
1394 1760 1508 1822 τοῖς
1539 1761 1636 1829 τῆς
1682 1760 1807 1813 Ἑκ-

1914 654 2070 718 sciat,
2113 655 2459 709 nihilominus
2500 657 2638 711 idem
2670 671 2818 710 arma
2850 659 3125 727 corripiat.
3157 660 3387 719 Perinde
3420 679 3483 719 ac

1913 744 1958 797 si
1981 745 2143 811 dicat,
2170 744 2319 799 nullo
2343 760 2564 813 prorsus
2601 747 2791 802 relicto
2825 764 2840 801 :
2873 748 2998 803 Sive
3031 766 3167 820 opus
3215 756 3480 809 rusticum

1914 833 2076 888 faciat
2105 838 2247 902 quis,
2309 837 2422 891 sive
2463 836 2682 892 timidus
2718 846 2770 890 et
2821 837 3052 894 imbellis
3087 842 3157 911 (is
3202 845 3345 897 enim
3401 856 3486 899 est

1915 925 2218 996 ἀδύνατος),
2243 927 2357 983 sive
2383 922 2648 983 mansueti
2678 930 2875 998 ingenii
2900 939 2954 982 et
2982 947 3009 983 a
3040 932 3229 986 bellico
3255 938 3480 1004 strepitu

1913 1016 2142 1085 alienus,
2185 1020 2249 1073 ad
2285 1036 2518 1090 pugnam
2545 1029 2718 1075 semel
2757 1032 2985 1077 exacuat
3018 1061 3033 1086 ,
3081 1024 3283 1078 nullum
3320 1043 3482 1080 recu—

1911 1104 2063 1160 sabo.
2095 1105 2355 1162 Judicabo
2382 1125 2571 1164 omnes
2601 1111 2655 1164 in
2676 1112 2813 1166 valle
2838 1111 3097 1182 Josaphat
3128 1132 3140 1167 :
3172 1117 3313 1184 quod
3352 1133 3479 1171 ver-

1912 1195 2040 1250 bum
2071 1198 2356 1267 signiﬁcat,
2393 1199 2555 1268 inde:
2588 1216 2681 1258 ero
2708 1213 2930 1273 potens,
2988 1207 3167 1274 poenis
3198 1216 3253 1260 et
3280 1208 3486 1278 suppli-

1912 1286 2012 1341 ciis
2045 1303 2373 1358 prosequens
2395 1332 2409 1357 ,
2446 1293 2534 1361 qui
2576 1292 2875 1348 diviserunt
2909 1304 3111 1350 terram
3161 1313 3334 1352 meam
3360 1338 3375 1362 ,
3431 1309 3486 1354 et

1913 1387 2057 1433 sorte
2098 1380 2491 1437 distribuerunt
2524 1384 2724 1449 israel,
2787 1387 3232 1457 tradideruntque
3279 1406 3476 1459 pueros

1914 1471 2305 1537 meretricibus,
2348 1483 2401 1528 et
2432 1474 2635 1544 puellas
2662 1477 3040 1544 vendiderunt,
3090 1489 3250 1547 atque
3302 1491 3359 1534 ut
3402 1483 3481 1536 vi.

1911 1574 2038 1614 num
2070 1561 2340 1619 biberunt.

1982 1739 2132 1796 Talia
2168 1759 2378 1799 rursum
2412 1745 2664 1802 Ecclesiae
2701 1748 2947 1804 hostibus
2996 1751 3255 1806 Dominus
3301 1755 3480 1809 accla-

236 1847 463 1917 κλησίας
509 1849 722 1919 ἐχθροῖς
762 1852 791 1903 ό
824 1848 1048 1920 Κύριος,
1100 1848 1148 1901 οἳ
1182 1847 1288 1902 κᾶν
1334 1849 1676 1919 παμπληθεὶ,
1711 1850 1804 1903 καὶ

1912 1834 2143 1887 ιηιινετίι
2179 1849 2193 1885 :
2235 1835 2324 1905 qui
2375 1851 2682 1906 quanquam
2722 1840 2852 1893 totis
2884 1843 3056 1910 copiis
3099 1850 3153 1897 et
3197 1847 3343 1899 omni
3390 1862 3482 1901 ro-

235 1938 326 2009 ὅλῃ
353 1938 583 2010 δυνάμει
618 1940 886 2011 χρώμενοι
911 1939 1018 1992 τῶν
1050 1939 1217 2009 ἁγίων
1242 1940 1796 2011 καταστρατεύονται,

1906 1922 2033 1977 bore
2061 1933 2279 1980 sanctos
2318 1929 2700 1997 oppugnarint,
2734 1933 2926 1985 cadent
2969 1933 3209 2001 profecto
3254 1951 3467 2002 omnes,

234 2029 525 2083 πεσοῦνται
548 2030 612 2101 δὴ
641 2030 837 2093 πάντες
860 2029 1023 2085 αὐτοῦ
1053 2030 1501 2100 προασπίζοντος,
1522 2030 1807 2094 κάκείνους

234 2120 332 2192 μὲν
367 2122 859 2194 καταστρέφοντος,
906 2120 1337 2191 άνατειχίζοντος
1376 2121 1431 2174 δὲ
1469 2122 1597 2185 τοὺς
1645 2122 1809 2185 ἰδίους

236 2210 617 2283 προσκυνητάς
641 2211 845 2276 πίστει,
872 2211 968 2263 καὶ
998 2210 1193 2277 ἐλπίδι,
1219 2213 1313 2265 καὶ
1348 2211 1559 2285 ἀγάπῃ,
1593 2213 1688 2266 καὶ
1710 2213 1807 2285 τῆς

234 2301 365 2366 ιδίας
390 2304 732 2374 ἡμερότητος
759 2301 1003 2371 ἀγαθοῖς.

309 2393 811 2457 Ἐξαποστειλατε
835 2392 1121 2462 δρέπανα,
1146 2393 1234 2448 ὅτι
1260 2397 1640 2463 παρέστηκεν
1668 2412 1807 2463 τρυ-

233 2483 430 2552 γητὸς,
482 2486 927 2556 εἰσπορεύεσθε,
980 2487 1251 2550 πατεῐτε,
1297 2478 1446 2542 διότι
1488 2488 1727 2556 πλήρης
1769 2487 1806 2555 ἡ

231 2576 450 2641 ληνός
490 2576 833 2645 ὐπερχεῖται
864 2577 938 2631 τὰ
970 2576 1295 2647 ὐπολήνια,
1334 2578 1425 2631 ὅτι
1458 2578 1806 2646 ἐπληθύνθη

231 2663 300 2717 τὰ
337 2667 495 2720 κακὰ
523 2667 742 2722 αὐτῶν.
768 2664 944 2737 Ἦχοι
965 2668 1361 2737 ἠκούσθησαν
1380 2670 1449 2723 ἐν
1476 2669 1553 2738 τῇ
1576 2670 1807 2724 κοιλάδι

233 2756 337 2823 τῆς
364 2758 563 2827 δίκης,
596 2759 684 2813 ὅτι
710 2759 890 2830 ἐγγὺς
928 2762 968 2829 ἡ
994 2760 1184 2830 ἡμέρα
1221 2762 1441 2829 Κυρίου
1474 2761 1545 2814 ἐν
1578 2762 1651 2830 τῇ
1683 2780 1807 2816 κοι-

231 2848 364 2902 λάδι
395 2848 509 2918 τῆς
528 2850 723 2918 δίκης.
766 2851 819 2903 Ὀ
854 2850 1027 2919 ἥλιος
1053 2851 1152 2904 καὶ
1180 2852 1217 2919 η
1246 2852 1480 2920 σελήνη
1503 2854 1807 2907 συσκοτά-

233 2956 475 3004 σουσιν,
520 2942 617 2995 καὶ
657 2942 731 2995 τὰ
770 2941 964 3010 ἄστρα
1005 2941 1306 2996 δύσουσιν
1348 2943 1414 2997 τὸ
1451 2943 1670 3014 φέγγος
1701 2948 1808 2999 αὺ-

234 3031 362 3086 τῶν.
399 3033 456 3085 Ὀ
487 3033 556 3087 δὲ
593 3035 807 3104 Κύριος
824 3035 893 3088 ἐκ
920 3033 1073 3089 Σιὼν
1092 3035 1575 3104 ἀνακεκράξεται,
1620 3038 1717 3092 καὶ
1739 3040 1808 3104 ἐξ

246 3124 628 3195 Ἰερουσαλὴμ
657 3126 837 3180 δώσει
872 3126 1083 3196 φωνὴν
1126 3127 1331 3191 αὑτοῦ,
1365 3128 1462 3183 καὶ
1489 3130 1810 3197 caldariae-

236 3233 322 3270 ται
350 3220 383 3271 ό
404 3217 684 3284 οὐρανὸς,
717 3217 814 3271 καί
841 3220 880 3287 ἠ
902 3218 1001 3288 γῆ.

300 3308 436 3362 MB’.
475 3309 554 3361 Τὰ
586 3309 684 3377 μὲν
728 3310 999 3379 πρόσοικα
1028 3309 1136 3364 τῶν
1184 3309 1353 3364 ἐθνῶν
1393 3313 1493 3382 τῆς
1544 3311 1805 3376 Ἰουδαίας

234 3399 332 3469 γῆς
358 3398 606 3467 Ἀραδάς
644 3418 706 3452 τε
753 3402 895 3471 φημὶ
937 3401 1031 3455 καὶ
1082 3402 1336 3473 Τυρίους,
1365 3400 1673 3468 Γετθαίους,
1712 3404 1805 3458 κα)⁸

231 3489 555 3559 Φιλιστιεὶμ,
587 3490 901 3557 Μωαϐίτας,
937 3491 1033 3545 καὶ
1072 3492 1424 3563 Ἰδουμαίους,
1444 3492 1801 3563 Ἀμμανίτας,

233 3582 324 3635 καὶ
358 3582 752 3652 Γεργεσαίους,
783 3583 947 3636 οίονεὶ
978 3582 1237 3652 σάλπιγγι
1273 3585 1643 3654 κεχρημένους
1683 3603 1800 3639 συν-

232 3672 475 3744 αγείρειν
517 3674 799 3727 ἐκέλευσεν
838 3675 917 3737 είς
958 3674 1056 3743 τὴν
1105 3674 1325 3728 κοιλάδα
1365 3675 1458 3728 τοῦ
1516 3677 1800 3746 Ἰωσαφάτ,

232 3762 302 3824 ὡς
324 3762 527 3816 αὐτίκα
549 3763 611 3833 δὴ
646 3764 790 3831 μάλα
814 3764 1253 3834 τεθνηξομένους,
1289 3766 1382 3818 καὶ
1415 3765 1618 3837 πικρὰς
1645 3768 1806 3837 ὑφέξ-

231 3867 383 3914 οντας
414 3851 498 3920 τῷ
526 3852 761 3923 κρίνοντι
796 3852 971 3915 δίκας.
1007 3853 1323 3924 Παραθήγει
1353 3855 1409 3907 δὲ
1444 3859 1559 3908 νυνὶ
1587 3858 1712 3920 τοὺς
1744 3858 1805 3922 ἐξ

245 3939 458 4014 Ἰσραὴλ
489 3944 567 4004 είς
589 3944 796 4013 ἄμαχόν
824 3960 945 3996 τινα
969 3943 1296 4013 προθυμίαν,
1343 3944 1438 3997 καὶ
1478 3945 1802 4016 δυσάντητον

233 4029 418 4102 ἀλκὴν,
451 4033 544 4084 καὶ
571 4031 635 4102 δὴ
679 4033 1171 4104 συναγηγερμένοις
1210 4033 1570 4105 ὲπιθρὼσκειν
1616 4035 1803 4107 ὥσπερ

233 4121 622 4189 διακελεύεται,
660 4125 771 4177 δεῖν
802 4126 858 4178 δὲ
899 4124 1138 4194 πολέμου
1163 4124 1380 4195 δείμασι
1422 4128 1802 4196 κατεπτοημέ-

234 4230 373 4279 νους,
404 4214 529 4268 οὗτε
562 4216 668 4287 μὴν
701 4217 780 4279 εἰς
813 4216 992 4287 μάχην
1043 4216 1220 4280 ἰόντας
1263 4217 1418 4281 ὅλως,
1470 4218 1801 4288 ἡγουμένους

231 4303 286 4357 δὲ
319 4307 520 4376 μᾶλλον
549 4308 609 4360 τὸ
642 4309 828 4379 χρῆμα
867 4307 1101 4380 τρυφὴν,
1152 4307 1247 4360 καὶ
1289 4307 1348 4359 ὲν
1395 4308 1632 4379 θυμηδίᾳ
1673 4309 1804 4363 αὐτὸ

232 4399 704 4469 καταγράφοντας,
752 4400 845 4453 καὶ
886 4400 1192 4471 γεγηθότας
1242 4402 1299 4453 ἐν
1334 4403 1434 4471 ῐσῳ
1465 4404 1576 4463 τοῖς
1610 4402 1708 4465 τὰς
1743 4402 1803 4466 ἐξ

232 4490 490 4558 ἀμπέλων
539 4491 843 4562 εὐκαρπίας
891 4492 1224 4560 συλλέγουσι.
1275 4491 1544 4564 Ταύτῃτοί
1599 4510 1798 4564 φησιν·

1910 2011 2030 2081 ipso
2052 2024 2364 2086 protegente
2405 2028 2461 2072 et
2484 2017 2605 2073 illos
2637 2020 2852 2088 quidem
2879 2033 3178 2090 evertente,
3215 2042 3339 2081 suos
3375 2045 3477 2083 au-

1911 2112 2016 2157 tem
2044 2105 2276 2162 cultores
2307 2107 2429 2175 title,
2455 2125 2569 2179 spe,
2603 2112 2867 2168 charitate
2896 2124 2951 2169 et.
2979 2114 3330 2186 benignitatis
3357 2135 3472 2174 sua:

1910 2197 2249 2262 muneribus,
2290 2215 2562 2255 murorum
2593 2203 2783 2269 instar,
2810 2206 3225 2265 corroborante.

1983 2369 2143 2424 Vsus.
2176 2372 2365 2427 {3-16.
2393 2373 2634 2429 Emittite
2661 2377 2843 2445 falces,
2884 2380 3131 2450 quoniam
3172 2382 3321 2436 adest
3361 2386 3474 2437 vin-

1909 2462 2362 2527 demia;introite
2394 2508 2409 2534 ,
2462 2470 2688 2532 calcate,
2741 2472 2866 2540 quia
2922 2473 3130 2539 plenum
3190 2473 3467 2538 torcular;

1911 2554 2204 2607 redundant
2246 2558 2558 2620 toreularia,
2606 2560 2729 2627 quia
2769 2561 3123 2627 multiplicata
3167 2574 3288 2617 sunt
3331 2567 3480 2619 mala

1908 2656 2107 2696 eorum.
2160 2642 2376 2700 Sonitus
2418 2648 2591 2701 atuliti
2632 2660 2753 2703 sunt
2797 2652 2852 2705 in
2886 2651 3020 2705 valle
3066 2653 3260 2721 judicii
3290 2694 3306 2721 ,
3353 2657 3478 2721 quia

1903 2731 2062 2799 juxta
2102 2745 2175 2787 est
2218 2736 2327 2790 dies
2383 2737 2596 2792 Domini
2633 2743 2686 2792 in
2722 2742 2853 2795 valle
2874 2742 3087 2811 judicii.
3143 2742 3236 2799 Sol
3272 2754 3317 2798 et
3353 2746 3479 2800 lum:

1910 2825 2409 2892 obtenebrabuntur,
2433 2839 2479 2883 et
2507 2832 2672 2886 stella:
2690 2833 2921 2887 occidere
2944 2834 3134 2903 facient
3152 2836 3478 2902 splendorem

1909 2930 2082 2970 suum.
2116 2916 2185 2970 Et
2215 2918 2466 2975 Dominus
2503 2922 2566 2975 tle
2592 2922 2721 2977 Sion
2759 2924 3007 2978 clamabit
3036 2966 3051 2991 ,
3108 2937 3154 2980 et
3187 2926 3480 2983 Jerusalem

1910 3004 2053 3057 dabit
2077 3021 2246 3061 vocem
2271 3024 2442 3076 suam,
2479 3021 2524 3065 et
2550 3013 2841 3068 movebitur
2880 3018 3064 3070 emtum
3102 3025 3151 3070 et
3179 3026 3339 3073 terra.

1984 3305 2142 3360 XLll.
2173 3306 2455 3364 Fiuitimos
2484 3310 2680 3365 Judteaa
2699 3312 2946 3381 populos,
2977 3314 3207 3380 Arabas,
3234 3317 3477 3388 inquam,

1911 3405 1965 3450 et
1994 3395 2205 3467 Tyrios,
2241 3397 2492 3455 Gethteos
2531 3410 2585 3455 et
2634 3403 2947 3470 Philistiim,
2994 3404 3253 3460 Moabitas
3289 3419 3345 3462 et
3366 3407 3481 3463 Liu-

1910 3491 2455 3552 maros,Ammonitas
2482 3502 2537 3546 et
2581 3493 2897 3564 Gergesmos
2938 3496 3087 3551 velut
3138 3499 3279 3552 tuba:
3321 3501 3477 3555 cian»

1911 3579 2132 3647 goribus
2182 3581 2234 3635 in
2264 3583 2454 3637 vallem
2505 3582 2766 3654 Josapbat
2816 3602 3147 3657 congregare
3174 3591 3336 3660 jussit
3363 3632 3381 3657 ,
3420 3602 3482 3647 ut

1910 3672 2304 3740 quamprimum
2360 3674 2650 3729 morituros
2713 3676 2875 3748 240
2929 3687 2983 3733 et
3044 3681 3269 3736 acerbas
3311 3683 3477 3751 judici

1909 3776 2098 3830 ptenas
2128 3765 2516 3833 persoluturos.
2551 3767 2703 3823 Nunc
2730 3770 3004 3825 lsraelitas
3030 3772 3095 3826 ad
3134 3773 3474 3831 alacritatem

1910 3852 2199 3919 quamdam
2258 3854 2728 3927 inexpugnabilem
2792 3858 3155 3930 invictamque
3203 3862 3477 3920 fortitudi-

1911 3957 2031 3995 nem
2060 3945 2379 4011 exsuscitat,
2426 3946 2667 4018 adeoque
2702 3948 2755 4003 in
2821 3961 3178 4021 congregatos
3221 3955 3431 4014 insilire
3459 4001 3476 4026 ,

1858 4112 1861 4121 Ι
1910 4036 2064 4101 quasi
2089 4036 2263 4104 jubet,
2295 4048 2346 4091 et
2372 4038 2470 4102 ait,
2500 4054 2591 4094 eos
2619 4056 2780 4109 quam
2803 4044 3037 4097 maxime
3082 4046 3349 4103 audentes
3404 4052 3479 4105 vi-

1910 4125 2021 4179 deri
2046 4134 2321 4194 oportere,
2352 4128 2641 4198 virilesque
2679 4144 2742 4185 ac
2786 4139 3073 4198 strenuos,
3135 4137 3299 4191 etiam
3353 4139 3477 4194 belli

1913 4219 2212 4273 terroribus
2272 4230 2670 4287 consternatos,
2696 4232 2750 4276 et
2779 4239 3013 4295 pugnam
3043 4242 3334 4285 conserere
3367 4231 3479 4286 for.

1908 4309 2219 4375 midantes;
2276 4311 2405 4379 quin
2436 4313 2615 4380 potius
2653 4314 2704 4367 id
2755 4315 2957 4370 habere
3013 4332 3113 4387 pro
3162 4322 3369 4378 deliciis
3425 4336 3481 4379 et

1909 4400 2107 4455 ducere
2136 4401 2397 4469 voluptati
2432 4443 2446 4467 ,
2494 4420 2592 4458 nec
2646 4407 2806 4460 aliter
2849 4408 3124 4476 gaudere,
3167 4428 3332 4480 quam
3385 4419 3475 4483 qui

1910 4491 2131 4545 uberem
2180 4494 2510 4547 vindemiam
2552 4495 2778 4551 faciunt.
2825 4498 3095 4568 Proinde,
3154 4522 3172 4555 ι
3207 4505 3472 4573 Emittite,

238 4598 256 4629 ι
276 4580 722 4645 Ἑξαποςτείλατε
751 4583 1010 4654 δρέπανα,
1036 4584 1116 4636 ὅτι
1145 4585 1455 4653 παρέστηκε
1477 4584 1745 4654 τρυγητὸς
1781 4604 1797 4634 ι

1912 4581 2103 4649 inquit,
2131 4583 2311 4649 falces,
2336 4587 2587 4653 quoniam
2619 4588 2769 4642 adest
2798 4590 3119 4646 vindemia.»
3142 4594 3479 4660 Ἐξαποστεί-

234 4672 311 4739 (τὸ
329 4673 799 4736 ἐξαποστείλατε
818 4674 1006 4740 τιθεὶς,
1038 4676 1158 4727 ἀντὶ
1184 4674 1300 4736 τοῦ,
1331 4675 1691 4745 ἐκπέμψατε),
1712 4679 1805 4729 καί

234 4763 529 4829 ὲκτείνατε,
563 4765 813 4837 καθάπερ
838 4767 1030 4836 ἀμέλει
1066 4767 1160 4819 καὶ
1189 4768 1237 4818 ot
1282 4768 1489 4837 τρυγᾷν
1531 4767 1803 4831 εἰωθότες.

234 4854 520 4911 Κείσονται
546 4857 655 4930 γάρ
687 4859 895 4929 ἕτοιμοι
923 4857 1059 4928 πρὸς
1087 4858 1389 4929 ἀναίρεσιν,
1418 4859 1702 4931 εὐτρεπεῖς
1728 4863 1807 4923 είς

232 4950 568 5018 κατατομήν,
627 4948 1049 5022 Ἀποκειρέσθω,
1097 4950 1283 5020 φησὶν,
1325 4950 1355 5002 ὁ
1398 4949 1676 5021 πολέμιος,
1729 4951 1805 5014 ὡς

232 5036 290 5102 ἐξ
310 5038 556 5108 ἀμπέλου
590 5038 801 5111 βότρυςο
848 5040 1124 5093 πατείσθω
1175 5039 1230 5092 δὲ
1270 5040 1459 5113 ὥσπερ
1502 5043 1560 5093 ὲν
1602 5042 1802 5112 ληνοῖς,

232 5127 472 5197 σωρηδὸν
515 5128 621 5180 ὑπὸ
661 5128 829 5189 πόδας
860 5127 1133 5197 κείμενος.
1173 5146 1192 5179 ι
1241 5128 1637 5201 Εἰσπορεύεσθε
1670 5133 1797 5202 γὰρ,

232 5218 384 5284 φησι,
438 5222 681 5282 πατεῖτε,
722 5218 856 5272 διότι
904 5219 1119 5291 πλήρης
1166 5221 1198 5289 ἡ
1248 5220 1473 5291 ληνὸς»
1534 5222 1799 5287 τουτέστι,

234 5310 662 5381 συγκεκόμισται
692 5311 828 5381 πρὸς
868 5310 1088 5381 ὄλεθρον
1135 5311 1243 5365 τῶν
1282 5312 1451 5364 ἐθνῶν
1490 5314 1521 5382 ἡ
1573 5314 1801 5383 πληθὺς,

231 5397 377 5452 οὐδὲν
402 5399 462 5451 τὺ
490 5400 695 5453 κωλῦον
711 5400 816 5453 ὑπὸ
845 5400 1011 5464 πόδας
1041 5395 1180 5455 εἶναι
1217 5402 1341 5463 τοὺς
1369 5400 1515 5465 σούς,
1550 5420 1569 5453 ι
1598 5403 1800 5475 ’Υπερ-

230 5490 405 5557 χεῖται
444 5489 512 5542 τά
540 5490 828 5562 ὑπολήνια.
856 5510 875 5543 ι
928 5493 1161 5561 Σημεῖον
1211 5492 1268 5545 δὲ
1320 5491 1408 5547 διὰ
1447 5491 1650 5546 τούτων
1688 5490 1801 5548 οἷον

230 5578 541 5649 άμφιλαφὲς
581 5582 691 5634 τῶν
721 5583 800 5646 είς
833 5583 1217 5654 καταπάτησιν
1255 5585 1795 5655 συγκεκομισμένων.

243 5665 329 5722 ’Βν
359 5671 465 5740 γάρ
496 5688 575 5724 τοι
607 5674 727 5734 ταῖς
752 5671 862 5725 τῶν
894 5670 1138 5743 βοτρύων
1162 5673 1465 5741 άφθονίαις,
1503 5676 1595 5727 zeal.
1630 5676 1800 5741 αὑτάς

227 5754 423 5823 δεῖνος
461 5760 720 5825 πολλάκις
760 5762 1047 5832 ὑπεραίρει
1089 5762 1186 5825 τὰς
1218 5762 1429 5833 ληνούς.
1478 5765 1551 5817 Τὸ
1595 5765 1799 5835 πλῆθος

231 5847 293 5920 δὴ
313 5845 408 5904 οὖν
423 5851 525 5906 τῶν
548 5852 651 5905 ὑπο
676 5851 837 5915 πόδας
865 5852 1126 5921 κειμένων
1148 5851 1314 5922 δηλοῖ,
1338 5852 1533 5921 λέγων,
1557 5871 1574 5905 ι
1599 5855 1796 5926 ’Υπερ-

1909 4670 2039 4725 λατε
2068 4674 2246 4743 posuit
2276 4689 2372 4743 pro
2414 4675 2756 4746 ἐκπέμψατε,
2804 4680 3035 4735 emittite
3076 4692 3131 4738 et
3176 4688 3471 4751 cxtendite,

1863 4763 1870 4770 “
1908 4763 2165 4817 nimirum
2222 4775 2277 4818 ut
2318 4766 2713 4822 vindemiantes
2746 4783 3163 4827 consueverunt.
3209 4775 3476 4834 Jacebunt

1906 4858 2049 4913 enim
2072 4861 2245 4929 parati
2279 4870 2336 4914 ut
2370 4862 2787 4931 interficiantur,
2814 4865 2988 4934 parati
3012 4876 3070 4921 ut
3098 4878 3468 4934 amputentur.

1905 4950 2289 5015 Absciudatur,
2314 4952 2530 5020 inquit,
2581 4954 2772 5019 hostis,
2828 4965 2953 5009 uta
3004 4956 3112 5010 vite
3166 4957 3376 5023 botrus,
3420 4970 3476 5013 ct

1906 5039 2133 5107 pedibus
2181 5040 2500 5109 subiectus,
2560 5041 2699 5095 sicut
2741 5041 2793 5094 in
2869 5042 3126 5096 torculari
3180 5044 3472 5097 acervatim

1905 5128 2272 5182 conculcetur.
2307 5130 2393 5183 Ait
2415 5130 2559 5183 enim
2586 5169 2601 5194 ,
2650 5127 2679 5181 ἰ
2726 5129 2971 5195 lntroite,
3003 5140 3057 5185 et
3087 5132 3313 5195 calcate,
3346 5132 3471 5200 quia

1905 5220 2120 5289 plenum
2143 5231 2223 5275 est
2259 5220 2516 5286 torcular,
2564 5239 2583 5272 ι
2615 5220 2716 5275 hoc
2754 5230 2875 5286 est,
2928 5231 3265 5290 comportata
3297 5233 3382 5275 est
3404 5223 3471 5279 ad

1904 5311 2329 5365 internecionem
2374 5312 2661 5367 iiittltitudo
2712 5313 3001 5381 gentium,
3059 5313 3192 5367 nihil
3241 5313 3420 5366 obstat
3452 5353 3469 5376 .

1904 5401 2198 5471 quominus
2244 5402 2606 5470 subjiciantur
2628 5401 2854 5470 pedibus
2907 5403 3033 5456 tuis.
3091 5420 3110 5453 ι
3144 5402 3471 5455 Redundant

1906 5492 2217 5547 torcularia.
2253 5512 2271 5544 ι
2333 5492 2561 5563 Signum
2618 5491 2918 5559 perfectum
2988 5492 3280 5547 calcandos
3347 5505 3471 5544 esse

1903 5594 2291 5654 comportatos.
2324 5584 2535 5639 Etenim
2585 5584 2638 5637 in
2671 5598 2898 5637 uvarum
2932 5583 3262 5636 abundantia
3304 5581 3467 5633 etiam

1904 5674 2017 5741 ipsa
2068 5673 2356 5727 toreularia
2404 5673 2589 5726 vinum
2622 5687 2765 5740 saepe
2806 5670 3036 5726 excedit.
3085 5668 3468 5739 Frequentlam

1902 5765 2069 5834 igitur
2119 5765 2219 5819 sub
2269 5764 2493 5834 pedibus
2542 5762 2841 5831 iacentium
2886 5764 2990 5817 hoc
3021 5761 3186 5815 verbo
3246 5759 3469 5814 demon-

1904 5866 2059 5927 strat,
2094 5876 2112 5909 ι
2156 5858 2481 5914 Redundant
2547 5853 2855 5911 toreularia.
2899 5873 2918 5908 ι
2951 5853 3207 5924 Sequitur
3241 5868 3254 5906 :
3300 5870 3317 5904 ι
3355 5850 3455 5907 So-
