  <div class='ocr_page' id='page_1' title='image "/cluster/home/n/w/nwhite01/storage/ocr_20150623/71/hvd.32044019207885/221.png"; bbox 0 0 4068 6546; ppageno 0'>
   <div class='ocr_carea' id='block_1_1' title="bbox 598 385 2204 471">
    <p class='ocr_par' dir='ltr' id='par_1_1' title="bbox 598 387 2204 471">
     <span class='ocr_line' id='line_1_1' title="bbox 598 387 2204 471; baseline -0.017 0"><span class='ocrx_word' id='word_1_1' title='bbox 598 414 703 471; x_wconf 73' lang='lat'><strong>399</strong></span> <span class='ocrx_word' id='word_1_2' title='bbox 1580 396 1649 450; x_wconf 62' lang='lat' dir='ltr'><strong>&#39;S.</strong></span> <span class='ocrx_word' id='word_1_3' title='bbox 1699 387 1972 450; x_wconf 72' lang='lat' dir='ltr'><strong>CYRILLI</strong></span> <span class='ocrx_word' id='word_1_4' title='bbox 2012 388 2204 445; x_wconf 68' lang='lat' dir='ltr'><strong>ALEX</strong></span> 
     </span>
    </p>
   </div>
   <div class='ocr_carea' id='block_1_2' title="bbox 2229 385 3835 471">
    <p class='ocr_par' dir='ltr' id='par_1_2' title="bbox 2229 385 3835 445">
     <span class='ocr_line' id='line_1_2' title="bbox 2229 385 3835 445; baseline 0 -2"><span class='ocrx_word' id='word_1_5' title='bbox 2229 386 2481 445; x_wconf 71' lang='lat' dir='ltr'><strong>tNBR-INI</strong></span> <span class='ocrx_word' id='word_1_6' title='bbox 2519 385 2837 444; x_wconf 75' lang='lat' dir='ltr'><strong>ARCHIEP.</strong></span> <span class='ocrx_word' id='word_1_7' title='bbox 3751 388 3835 445; x_wconf 69' lang='lat' dir='ltr'><strong>tuo</strong></span> 
     </span>
    </p>
   </div>
   <div class='ocr_carea' id='block_1_3' title="bbox 602 499 2208 584">
    <p class='ocr_par' dir='ltr' id='par_1_3' title="bbox 602 508 2208 584">
     <span class='ocr_line' id='line_1_3' title="bbox 602 508 2208 584; baseline -0.016 0"><span class='ocrx_word' id='word_1_8' title='bbox 602 532 748 584; x_wconf 86' lang='lat' dir='ltr'><strong>nitus</strong></span> <span class='ocrx_word' id='word_1_9' title='bbox 790 521 957 579; x_wconf 86' lang='lat' dir='ltr'><strong>auditi</strong></span> <span class='ocrx_word' id='word_1_10' title='bbox 985 526 1110 576; x_wconf 85' lang='lat' dir='ltr'><strong>sunt</strong></span> <span class='ocrx_word' id='word_1_11' title='bbox 1142 516 1198 573; x_wconf 88' lang='lat' dir='ltr'><strong>in</strong></span> <span class='ocrx_word' id='word_1_12' title='bbox 1222 513 1362 570; x_wconf 80' lang='lat' dir='ltr'><strong>valle</strong></span> <span class='ocrx_word' id='word_1_13' title='bbox 1388 512 1598 584; x_wconf 83' lang='lat' dir='ltr'><strong>judicii.</strong></span> <span class='ocrx_word' id='word_1_14' title='bbox 1646 531 1665 564; x_wconf 73' lang='grc' dir='ltr'><strong>ι</strong></span> <span class='ocrx_word' id='word_1_15' title='bbox 1702 510 1765 564; x_wconf 84' lang='grc' dir='ltr'>Ει</span> <span class='ocrx_word' id='word_1_16' title='bbox 1805 509 2064 579; x_wconf 82' lang='lat' dir='ltr'><strong>quidnam</strong></span> <span class='ocrx_word' id='word_1_17' title='bbox 2101 508 2175 561; x_wconf 83' lang='lat' dir='ltr'><strong>is-</strong></span> <span class='ocrx_word' id='word_1_18' title='bbox 2206 562 2208 568; x_wconf 16' lang='lat'><strong>4</strong></span> 
     </span>
    </p>
   </div>
   <div class='ocr_carea' id='block_1_4' title="bbox 2231 499 3837 584">
    <p class='ocr_par' dir='ltr' id='par_1_4' title="bbox 2231 499 3837 578">
     <span class='ocr_line' id='line_1_4' title="bbox 2231 499 3837 578; baseline -0.009 -16"><span class='ocrx_word' id='word_1_19' title='bbox 2231 515 2251 569; x_wconf 70' lang='grc' dir='ltr'><strong>ι</strong></span> <span class='ocrx_word' id='word_1_20' title='bbox 2281 510 2453 578; x_wconf 83' lang='grc' dir='ltr'>χεῖται</span> <span class='ocrx_word' id='word_1_21' title='bbox 2487 508 2555 561; x_wconf 84' lang='grc' dir='ltr'>τὰ</span> <span class='ocrx_word' id='word_1_22' title='bbox 2589 505 2869 575; x_wconf 81' lang='grc' dir='ltr'>ὑπολήνια.</span> <span class='ocrx_word' id='word_1_23' title='bbox 2900 524 2917 555; x_wconf 71' lang='grc' dir='ltr'><strong>ι</strong></span> <span class='ocrx_word' id='word_1_24' title='bbox 2975 523 2994 557; x_wconf 66' lang='grc' dir='ltr'><strong>ι</strong></span> <span class='ocrx_word' id='word_1_25' title='bbox 3017 500 3182 573; x_wconf 77' lang='grc' dir='ltr'>Ἶίχοι</span> <span class='ocrx_word' id='word_1_26' title='bbox 3222 499 3496 571; x_wconf 80' lang='grc' dir='ltr'>ἐξήχησαν</span> <span class='ocrx_word' id='word_1_27' title='bbox 3540 501 3601 553; x_wconf 90' lang='grc' dir='ltr'><strong>ἐν</strong></span> <span class='ocrx_word' id='word_1_28' title='bbox 3641 502 3703 572; x_wconf 70' lang='grc' dir='ltr'><strong>τῇ</strong></span> <span class='ocrx_word' id='word_1_29' title='bbox 3740 520 3837 557; x_wconf 69' lang='grc' dir='ltr'>κοι-</span> 
     </span>
    </p>
   </div>
   <div class='ocr_carea' id='block_1_5' title="bbox 602 592 2208 677">
    <p class='ocr_par' dir='ltr' id='par_1_5' title="bbox 602 604 2179 677">
     <span class='ocr_line' id='line_1_5' title="bbox 602 604 2179 677; baseline -0.016 -1"><span class='ocrx_word' id='word_1_30' title='bbox 602 619 699 677; x_wconf 91' lang='lat' dir='ltr'><strong>tud</strong></span> <span class='ocrx_word' id='word_1_31' title='bbox 726 613 852 673; x_wconf 83' lang='lat' dir='ltr'><strong>est?</strong></span> <span class='ocrx_word' id='word_1_32' title='bbox 879 610 1073 668; x_wconf 83' lang='lat' dir='ltr'><strong>Solem</strong></span> <span class='ocrx_word' id='word_1_33' title='bbox 1116 606 1287 664; x_wconf 86' lang='lat' dir='ltr'><strong>sancti</strong></span> <span class='ocrx_word' id='word_1_34' title='bbox 1318 604 1595 676; x_wconf 75' lang='lat' dir='ltr'><strong>propheta:</strong></span> <span class='ocrx_word' id='word_1_35' title='bbox 1626 609 1884 657; x_wconf 81' lang='lat' dir='ltr'><strong>eventura</strong></span> <span class='ocrx_word' id='word_1_36' title='bbox 1929 614 2179 668; x_wconf 82' lang='lat' dir='ltr'><strong>praenun-</strong></span> 
     </span>
    </p>
   </div>
   <div class='ocr_carea' id='block_1_6' title="bbox 2231 592 3837 677">
    <p class='ocr_par' dir='ltr' id='par_1_6' title="bbox 2283 592 3837 669">
     <span class='ocr_line' id='line_1_6' title="bbox 2283 592 3837 669; baseline -0.004 -16"><span class='ocrx_word' id='word_1_37' title='bbox 2283 600 2402 654; x_wconf 85' lang='grc' dir='ltr'>λάδι</span> <span class='ocrx_word' id='word_1_38' title='bbox 2431 601 2529 669; x_wconf 78' lang='grc' dir='ltr'>τῆς</span> <span class='ocrx_word' id='word_1_39' title='bbox 2556 599 2731 669; x_wconf 81' lang='grc' dir='ltr'><strong>δίκης.</strong></span> <span class='ocrx_word' id='word_1_40' title='bbox 2764 617 2782 648; x_wconf 71' lang='grc' dir='ltr'><strong>ι</strong></span> <span class='ocrx_word' id='word_1_41' title='bbox 2837 596 2947 650; x_wconf 75' lang='grc' dir='ltr'><strong>Καὶ</strong></span> <span class='ocrx_word' id='word_1_42' title='bbox 2976 595 3027 649; x_wconf 88' lang='grc' dir='ltr'><strong>τί</strong></span> <span class='ocrx_word' id='word_1_43' title='bbox 3049 594 3114 666; x_wconf 82' lang='grc' dir='ltr'>δὴ</span> <span class='ocrx_word' id='word_1_44' title='bbox 3138 593 3306 665; x_wconf 81' lang='grc' dir='ltr'>τοῦτό</span> <span class='ocrx_word' id='word_1_45' title='bbox 3332 595 3512 658; x_wconf 88' lang='grc' dir='ltr'>ἐστιν;</span> <span class='ocrx_word' id='word_1_46' title='bbox 3546 592 3709 657; x_wconf 83' lang='grc' dir='ltr'>Ἐθος</span> <span class='ocrx_word' id='word_1_47' title='bbox 3745 599 3837 658; x_wconf 82' lang='grc' dir='ltr'>τοῖς</span> 
     </span>
    </p>
   </div>
   <div class='ocr_carea' id='block_1_7' title="bbox 605 684 2211 772">
    <p class='ocr_par' dir='ltr' id='par_1_7' title="bbox 605 690 2182 772">
     <span class='ocr_line' id='line_1_7' title="bbox 605 690 2182 772; baseline -0.013 -7"><span class='ocrx_word' id='word_1_48' title='bbox 605 712 783 772; x_wconf 87' lang='lat' dir='ltr'><strong>tiare,</strong></span> <span class='ocrx_word' id='word_1_49' title='bbox 835 714 890 760; x_wconf 91' lang='lat' dir='ltr'><strong>et</strong></span> <span class='ocrx_word' id='word_1_50' title='bbox 942 716 1330 770; x_wconf 90' lang='lat' dir='ltr'><strong>nonnunquam</strong></span> <span class='ocrx_word' id='word_1_51' title='bbox 1392 711 1572 752; x_wconf 89' lang='lat' dir='ltr'><strong>rerum</strong></span> <span class='ocrx_word' id='word_1_52' title='bbox 1634 695 1871 764; x_wconf 86' lang='lat' dir='ltr'><strong>ipsarum</strong></span> <span class='ocrx_word' id='word_1_53' title='bbox 1923 690 2182 760; x_wconf 77' lang='lat' dir='ltr'><strong>imagines</strong></span> 
     </span>
    </p>
   </div>
   <div class='ocr_carea' id='block_1_8' title="bbox 2231 684 3837 772">
    <p class='ocr_par' dir='ltr' id='par_1_8' title="bbox 2282 684 3837 761">
     <span class='ocr_line' id='line_1_8' title="bbox 2282 684 3837 761; baseline -0.005 -14"><span class='ocrx_word' id='word_1_54' title='bbox 2282 692 2459 761; x_wconf 80' lang='grc' dir='ltr'><strong>ἁγίοις</strong></span> <span class='ocrx_word' id='word_1_55' title='bbox 2480 692 2788 760; x_wconf 78' lang='grc' dir='ltr'><strong>προφήταις</strong></span> <span class='ocrx_word' id='word_1_56' title='bbox 2813 687 2880 742; x_wconf 79' lang='grc' dir='ltr'><strong>τὰ</strong></span> <span class='ocrx_word' id='word_1_57' title='bbox 2902 688 3134 759; x_wconf 75' lang='grc' dir='ltr'><strong>ἐσόμενα</strong></span> <span class='ocrx_word' id='word_1_58' title='bbox 3164 684 3659 757; x_wconf 82' lang='grc' dir='ltr'>προαπαγγέλλειν,</span> <span class='ocrx_word' id='word_1_59' title='bbox 3688 686 3772 738; x_wconf 77' lang='grc' dir='ltr'>καὶ</span> <span class='ocrx_word' id='word_1_60' title='bbox 3792 688 3837 740; x_wconf 77' lang='grc' dir='ltr'><strong>ἐν</strong></span> 
     </span>
    </p>
   </div>
   <div class='ocr_carea' id='block_1_9' title="bbox 604 776 2210 864">
    <p class='ocr_par' dir='ltr' id='par_1_9' title="bbox 604 780 2179 864">
     <span class='ocr_line' id='line_1_9' title="bbox 604 780 2179 864; baseline -0.015 -8"><span class='ocrx_word' id='word_1_61' title='bbox 604 800 787 856; x_wconf 88' lang='lat' dir='ltr'><strong>animo</strong></span> <span class='ocrx_word' id='word_1_62' title='bbox 823 795 1135 864; x_wconf 87' lang='lat' dir='ltr'><strong>concipere,</strong></span> <span class='ocrx_word' id='word_1_63' title='bbox 1168 800 1229 846; x_wconf 83' lang='grc' dir='ltr'><strong>ιιι</strong></span> <span class='ocrx_word' id='word_1_64' title='bbox 1249 790 1363 858; x_wconf 86' lang='lat' dir='ltr'><strong>jam</strong></span> <span class='ocrx_word' id='word_1_65' title='bbox 1401 799 1513 845; x_wconf 89' lang='lat' dir='ltr'><strong>tum</strong></span> <span class='ocrx_word' id='word_1_66' title='bbox 1549 795 1604 841; x_wconf 90' lang='lat' dir='ltr'><strong>et</strong></span> <span class='ocrx_word' id='word_1_67' title='bbox 1630 786 1817 840; x_wconf 84' lang='lat' dir='ltr'><strong>videre</strong></span> <span class='ocrx_word' id='word_1_68' title='bbox 1848 782 1947 837; x_wconf 84' lang='lat' dir='ltr'><strong>sibi</strong></span> <span class='ocrx_word' id='word_1_69' title='bbox 1977 780 2179 847; x_wconf 80' lang='lat' dir='ltr'><strong>futura,</strong></span> 
     </span>
    </p>
   </div>
   <div class='ocr_carea' id='block_1_10' title="bbox 2231 776 3837 864">
    <p class='ocr_par' dir='ltr' id='par_1_10' title="bbox 2284 776 3837 849">
     <span class='ocr_line' id='line_1_10' title="bbox 2284 776 3837 849; baseline -0.005 -12"><span class='ocrx_word' id='word_1_70' title='bbox 2284 784 2475 847; x_wconf 77' lang='grc' dir='ltr'>αὑταῖς</span> <span class='ocrx_word' id='word_1_71' title='bbox 2509 781 2619 834; x_wconf 78' lang='grc' dir='ltr'>ἔσθ’</span> <span class='ocrx_word' id='word_1_72' title='bbox 2650 781 2738 833; x_wconf 85' lang='grc' dir='ltr'>ὅτε</span> <span class='ocrx_word' id='word_1_73' title='bbox 2771 778 3016 848; x_wconf 85' lang='grc' dir='ltr'>γίνεσθαι</span> <span class='ocrx_word' id='word_1_74' title='bbox 3060 781 3179 842; x_wconf 85' lang='grc' dir='ltr'>ταῖς</span> <span class='ocrx_word' id='word_1_75' title='bbox 3221 776 3332 830; x_wconf 80' lang='grc' dir='ltr'>τῶν</span> <span class='ocrx_word' id='word_1_76' title='bbox 3369 776 3622 849; x_wconf 82' lang='grc' dir='ltr'>πράξεων</span> <span class='ocrx_word' id='word_1_77' title='bbox 3661 794 3837 844; x_wconf 77' lang='grc' dir='ltr'>φαντα-</span> 
     </span>
    </p>
   </div>
   <div class='ocr_carea' id='block_1_11' title="bbox 604 865 2210 957">
    <p class='ocr_par' dir='ltr' id='par_1_11' title="bbox 604 870 2181 957">
     <span class='ocr_line' id='line_1_11' title="bbox 604 870 2181 957; baseline -0.016 -9"><span class='ocrx_word' id='word_1_78' title='bbox 604 902 659 949; x_wconf 89' lang='lat' dir='ltr'><strong>et</strong></span> <span class='ocrx_word' id='word_1_79' title='bbox 697 904 858 945; x_wconf 86' lang='lat' dir='ltr'><strong>voces</strong></span> <span class='ocrx_word' id='word_1_80' title='bbox 888 887 1037 957; x_wconf 89' lang='lat' dir='ltr'><strong>ipsas</strong></span> <span class='ocrx_word' id='word_1_81' title='bbox 1061 884 1251 938; x_wconf 88' lang='lat' dir='ltr'><strong>audire</strong></span> <span class='ocrx_word' id='word_1_82' title='bbox 1274 883 1582 936; x_wconf 83' lang='lat' dir='ltr'><strong>videantur.</strong></span> <span class='ocrx_word' id='word_1_83' title='bbox 1620 875 1687 930; x_wconf 85' lang='lat' dir='ltr'><strong>Et</strong></span> <span class='ocrx_word' id='word_1_84' title='bbox 1722 875 1847 946; x_wconf 88' lang='lat' dir='ltr'><strong>quia</strong></span> <span class='ocrx_word' id='word_1_85' title='bbox 1875 885 2066 927; x_wconf 90' lang='lat' dir='ltr'><strong>omnes</strong></span> <span class='ocrx_word' id='word_1_86' title='bbox 2112 870 2181 924; x_wconf 89' lang='lat' dir='ltr'><strong>ad</strong></span> 
     </span>
    </p>
   </div>
   <div class='ocr_carea' id='block_1_12' title="bbox 2232 865 3838 957">
    <p class='ocr_par' dir='ltr' id='par_1_12' title="bbox 2286 865 3838 941">
     <span class='ocr_line' id='line_1_12' title="bbox 2286 865 3838 941; baseline -0.005 -14"><span class='ocrx_word' id='word_1_87' title='bbox 2286 874 2452 937; x_wconf 84' lang='grc' dir='ltr'>σίαις,</span> <span class='ocrx_word' id='word_1_88' title='bbox 2482 872 2623 925; x_wconf 82' lang='grc' dir='ltr'>ὥστε</span> <span class='ocrx_word' id='word_1_89' title='bbox 2669 871 2763 924; x_wconf 70' lang='grc' dir='ltr'>καὶ</span> <span class='ocrx_word' id='word_1_90' title='bbox 2816 870 2948 941; x_wconf 84' lang='grc' dir='ltr'>δρᾷν</span> <span class='ocrx_word' id='word_1_91' title='bbox 2998 868 3101 940; x_wconf 72' lang='grc' dir='ltr'><strong>ήδη</strong></span> <span class='ocrx_word' id='word_1_92' title='bbox 3139 868 3317 921; x_wconf 83' lang='grc' dir='ltr'>δοκεῖν</span> <span class='ocrx_word' id='word_1_93' title='bbox 3362 867 3431 920; x_wconf 87' lang='grc' dir='ltr'>τὰ</span> <span class='ocrx_word' id='word_1_94' title='bbox 3480 865 3729 937; x_wconf 82' lang='grc' dir='ltr'>δρώμενα</span> <span class='ocrx_word' id='word_1_95' title='bbox 3763 869 3838 920; x_wconf 73' lang='grc' dir='ltr'><strong>καὶ</strong></span> 
     </span>
    </p>
   </div>
   <div class='ocr_carea' id='block_1_13' title="bbox 604 957 2210 1049">
    <p class='ocr_par' dir='ltr' id='par_1_13' title="bbox 604 961 2183 1049">
     <span class='ocr_line' id='line_1_13' title="bbox 604 961 2183 1049; baseline -0.014 -13"><span class='ocrx_word' id='word_1_96' title='bbox 604 998 769 1037; x_wconf 87' lang='lat' dir='ltr'><strong>unum</strong></span> <span class='ocrx_word' id='word_1_97' title='bbox 802 976 1114 1049; x_wconf 83' lang='lat' dir='ltr'><strong>perditurus</strong></span> <span class='ocrx_word' id='word_1_98' title='bbox 1153 983 1272 1029; x_wconf 90' lang='lat' dir='ltr'><strong>erat</strong></span> <span class='ocrx_word' id='word_1_99' title='bbox 1303 982 1624 1041; x_wconf 85' lang='lat' dir='ltr'><strong>progressus</strong></span> <span class='ocrx_word' id='word_1_100' title='bbox 1669 966 1735 1018; x_wconf 88' lang='lat' dir='ltr'><strong>ad</strong></span> <span class='ocrx_word' id='word_1_101' title='bbox 1778 961 2183 1017; x_wconf 85' lang='lat' dir='ltr'><strong>dimicationem</strong></span> 
     </span>
    </p>
   </div>
   <div class='ocr_carea' id='block_1_14' title="bbox 2232 957 3838 1049">
    <p class='ocr_par' dir='ltr' id='par_1_14' title="bbox 2284 957 3838 1039">
     <span class='ocr_line' id='line_1_14' title="bbox 2284 957 3838 1039; baseline -0.006 -18"><span class='ocrx_word' id='word_1_102' title='bbox 2284 964 2589 1039; x_wconf 74' lang='grc' dir='ltr'>ἀκροᾶσθαι</span> <span class='ocrx_word' id='word_1_103' title='bbox 2620 963 2836 1032; x_wconf 82' lang='grc' dir='ltr'>φωνῶν.</span> <span class='ocrx_word' id='word_1_104' title='bbox 2883 959 2993 1015; x_wconf 68' lang='grc' dir='ltr'><strong>Καὶ</strong></span> <span class='ocrx_word' id='word_1_105' title='bbox 3038 962 3123 1015; x_wconf 83' lang='grc' dir='ltr'>ὅτι</span> <span class='ocrx_word' id='word_1_106' title='bbox 3151 960 3361 1022; x_wconf 81' lang='grc' dir='ltr'><strong>πάντας</strong></span> <span class='ocrx_word' id='word_1_107' title='bbox 3400 957 3571 1029; x_wconf 75' lang='grc' dir='ltr'>ἄρδην</span> <span class='ocrx_word' id='word_1_108' title='bbox 3615 957 3838 1011; x_wconf 75' lang='grc' dir='ltr'>ἀπολέσει</span> 
     </span>
    </p>
   </div>
   <div class='ocr_carea' id='block_1_15' title="bbox 608 1048 2214 1133">
    <p class='ocr_par' dir='ltr' id='par_1_15' title="bbox 608 1048 2183 1133">
     <span class='ocr_line' id='line_1_15' title="bbox 608 1048 2183 1133; baseline -0.015 -6"><span class='ocrx_word' id='word_1_109' title='bbox 608 1048 1127 1130; x_wconf 80' lang='lat' dir='ltr'><strong>Nabuchodonosor,</strong></span> <span class='ocrx_word' id='word_1_110' title='bbox 1150 1066 1216 1118; x_wconf 91' lang='lat' dir='ltr'><strong>ad</strong></span> <span class='ocrx_word' id='word_1_111' title='bbox 1240 1063 1413 1133; x_wconf 90' lang='lat' dir='ltr'><strong>ipsum</strong></span> <span class='ocrx_word' id='word_1_112' title='bbox 1436 1058 1635 1115; x_wconf 66' lang='lat' dir='ltr'><strong>fontum</strong></span> <span class='ocrx_word' id='word_1_113' title='bbox 1659 1056 1782 1111; x_wconf 80' lang='lat' dir='ltr'><strong>belli</strong></span> <span class='ocrx_word' id='word_1_114' title='bbox 1812 1050 2183 1124; x_wconf 80' lang='lat' dir='ltr'><strong>spectaculum</strong></span> 
     </span>
    </p>
   </div>
   <div class='ocr_carea' id='block_1_16' title="bbox 2234 1048 3840 1133">
    <p class='ocr_par' dir='ltr' id='par_1_16' title="bbox 2286 1048 3840 1129">
     <span class='ocr_line' id='line_1_16' title="bbox 2286 1048 3840 1129; baseline -0.008 -15"><span class='ocrx_word' id='word_1_115' title='bbox 2286 1058 2645 1129; x_wconf 79' lang='grc' dir='ltr'><strong>κεκινημένος</strong></span> <span class='ocrx_word' id='word_1_116' title='bbox 2673 1058 2754 1119; x_wconf 83' lang='grc' dir='ltr'><strong>είς</strong></span> <span class='ocrx_word' id='word_1_117' title='bbox 2792 1053 2976 1125; x_wconf 80' lang='grc' dir='ltr'>μάχην</span> <span class='ocrx_word' id='word_1_118' title='bbox 3021 1054 3051 1106; x_wconf 86' lang='grc' dir='ltr'>ὁ</span> <span class='ocrx_word' id='word_1_119' title='bbox 3100 1048 3599 1124; x_wconf 73' lang='grc' dir='ltr'>Ναϐουχοδονόσορ,</span> <span class='ocrx_word' id='word_1_120' title='bbox 3650 1049 3738 1102; x_wconf 74' lang='grc' dir='ltr'>καὶ</span> <span class='ocrx_word' id='word_1_121' title='bbox 3776 1050 3840 1114; x_wconf 72' lang='grc' dir='ltr'><strong>τίς</strong></span> 
     </span>
    </p>
   </div>
   <div class='ocr_carea' id='block_1_17' title="bbox 611 1139 2217 1230">
    <p class='ocr_par' dir='ltr' id='par_1_17' title="bbox 611 1144 2184 1230">
     <span class='ocr_line' id='line_1_17' title="bbox 611 1144 2184 1230; baseline -0.015 -10"><span class='ocrx_word' id='word_1_122' title='bbox 611 1167 790 1221; x_wconf 86' lang='lat' dir='ltr'><strong>animo</strong></span> <span class='ocrx_word' id='word_1_123' title='bbox 836 1171 889 1218; x_wconf 90' lang='lat' dir='ltr'><strong>et</strong></span> <span class='ocrx_word' id='word_1_124' title='bbox 940 1159 1262 1230; x_wconf 69' lang='lat' dir='ltr'><strong>cogitatione</strong></span> <span class='ocrx_word' id='word_1_125' title='bbox 1311 1154 1570 1223; x_wconf 89' lang='lat' dir='ltr'><strong>abreptus</strong></span> <span class='ocrx_word' id='word_1_126' title='bbox 1649 1158 1734 1204; x_wconf 91' lang='lat' dir='ltr'><strong>est</strong></span> <span class='ocrx_word' id='word_1_127' title='bbox 1781 1144 2046 1202; x_wconf 81' lang='lat' dir='ltr'><strong>Jeremias</strong></span> <span class='ocrx_word' id='word_1_128' title='bbox 2078 1160 2093 1209; x_wconf 89' lang='lat'><strong>;</strong></span> <span class='ocrx_word' id='word_1_129' title='bbox 2126 1150 2184 1197; x_wconf 85' lang='lat' dir='ltr'><strong>et</strong></span> 
     </span>
    </p>
   </div>
   <div class='ocr_carea' id='block_1_18' title="bbox 2233 1139 3839 1230">
    <p class='ocr_par' dir='ltr' id='par_1_18' title="bbox 2287 1139 3839 1223">
     <span class='ocr_line' id='line_1_18' title="bbox 2287 1139 3839 1223; baseline -0.012 -16"><span class='ocrx_word' id='word_1_130' title='bbox 2287 1144 2470 1223; x_wconf 82' lang='grc' dir='ltr'>αὐτὴν</span> <span class='ocrx_word' id='word_1_131' title='bbox 2503 1148 2598 1203; x_wconf 85' lang='grc' dir='ltr'><strong>τοῦ</strong></span> <span class='ocrx_word' id='word_1_132' title='bbox 2656 1147 2897 1217; x_wconf 80' lang='grc' dir='ltr'>πολέμου</span> <span class='ocrx_word' id='word_1_133' title='bbox 2958 1144 3056 1216; x_wconf 78' lang='grc' dir='ltr'>τὴν</span> <span class='ocrx_word' id='word_1_134' title='bbox 3110 1143 3335 1214; x_wconf 80' lang='grc' dir='ltr'><strong>ἀπρεπῆ</strong></span> <span class='ocrx_word' id='word_1_135' title='bbox 3386 1141 3516 1195; x_wconf 88' lang='grc' dir='ltr'>θέαν</span> <span class='ocrx_word' id='word_1_136' title='bbox 3576 1139 3839 1212; x_wconf 78' lang='grc' dir='ltr'>εἱρπάζετο</span> 
     </span>
    </p>
   </div>
   <div class='ocr_carea' id='block_1_19' title="bbox 613 1232 2219 1320">
    <p class='ocr_par' dir='ltr' id='par_1_19' title="bbox 613 1236 2184 1320">
     <span class='ocr_line' id='line_1_19' title="bbox 613 1236 2184 1320; baseline -0.017 -7"><span class='ocrx_word' id='word_1_137' title='bbox 613 1267 821 1313; x_wconf 91' lang='lat' dir='ltr'><strong>tantum</strong></span> <span class='ocrx_word' id='word_1_138' title='bbox 852 1266 957 1308; x_wconf 90' lang='lat' dir='ltr'><strong>non</strong></span> <span class='ocrx_word' id='word_1_139' title='bbox 1000 1249 1132 1320; x_wconf 88' lang='lat' dir='ltr'><strong>ipsis</strong></span> <span class='ocrx_word' id='word_1_140' title='bbox 1185 1245 1354 1301; x_wconf 87' lang='lat' dir='ltr'><strong>oculis</strong></span> <span class='ocrx_word' id='word_1_141' title='bbox 1402 1238 1826 1298; x_wconf 87' lang='lat' dir='ltr'><strong>innumerabiles</strong></span> <span class='ocrx_word' id='word_1_142' title='bbox 1876 1236 2184 1291; x_wconf 90' lang='lat' dir='ltr'><strong>occisorum</strong></span> 
     </span>
    </p>
   </div>
   <div class='ocr_carea' id='block_1_20' title="bbox 2233 1232 3839 1320">
    <p class='ocr_par' dir='ltr' id='par_1_20' title="bbox 2291 1232 3839 1317">
     <span class='ocr_line' id='line_1_20' title="bbox 2291 1232 3839 1317; baseline -0.01 -18"><span class='ocrx_word' id='word_1_143' title='bbox 2291 1243 2573 1317; x_wconf 75' lang='grc' dir='ltr'>μονονουχὶ</span> <span class='ocrx_word' id='word_1_144' title='bbox 2603 1241 2696 1295; x_wconf 72' lang='grc' dir='ltr'>καὶ</span> <span class='ocrx_word' id='word_1_145' title='bbox 2715 1238 2924 1310; x_wconf 78' lang='grc' dir='ltr'>πληθὺν</span> <span class='ocrx_word' id='word_1_146' title='bbox 2947 1236 3256 1307; x_wconf 80' lang='grc' dir='ltr'><strong>ἀμέτρητον</strong></span> <span class='ocrx_word' id='word_1_147' title='bbox 3282 1232 3610 1304; x_wconf 82' lang='grc' dir='ltr'><strong>τεθεαμένος</strong></span> <span class='ocrx_word' id='word_1_148' title='bbox 3641 1233 3839 1302; x_wconf 71' lang='grc' dir='ltr'><strong>νεκρῶν⁹</strong></span> 
     </span>
    </p>
   </div>
   <div class='ocr_carea' id='block_1_21' title="bbox 612 1323 2218 1408">
    <p class='ocr_par' dir='ltr' id='par_1_21' title="bbox 612 1323 2183 1406">
     <span class='ocr_line' id='line_1_21' title="bbox 612 1323 2183 1406; baseline -0.015 -6"><span class='ocrx_word' id='word_1_149' title='bbox 612 1354 859 1400; x_wconf 84' lang='lat' dir='ltr'><strong>catervas</strong></span> <span class='ocrx_word' id='word_1_150' title='bbox 892 1335 1308 1406; x_wconf 76' lang='lat' dir='ltr'><strong>contemplatus,</strong></span> <span class='ocrx_word' id='word_1_151' title='bbox 1337 1332 1515 1386; x_wconf 84' lang='lat' dir='ltr'><strong>aiebat</strong></span> <span class='ocrx_word' id='word_1_152' title='bbox 1546 1347 1560 1383; x_wconf 87' lang='lat'>:</span> <span class='ocrx_word' id='word_1_153' title='bbox 1603 1346 1622 1379; x_wconf 74' lang='grc' dir='ltr'><strong>ί</strong></span> <span class='ocrx_word' id='word_1_154' title='bbox 1673 1327 1785 1382; x_wconf 79' lang='lat' dir='ltr'><strong>Heu</strong></span> <span class='ocrx_word' id='word_1_155' title='bbox 1830 1325 1959 1379; x_wconf 84' lang='lat' dir='ltr'><strong>mihi</strong></span> <span class='ocrx_word' id='word_1_156' title='bbox 1994 1364 2009 1389; x_wconf 88' lang='lat'><strong>,</strong></span> <span class='ocrx_word' id='word_1_157' title='bbox 2053 1323 2183 1393; x_wconf 82' lang='lat' dir='ltr'><strong>quia</strong></span> 
     </span>
    </p>
   </div>
   <div class='ocr_carea' id='block_1_22' title="bbox 2237 1323 3843 1408">
    <p class='ocr_par' dir='ltr' id='par_1_22' title="bbox 2289 1324 3843 1408">
     <span class='ocr_line' id='line_1_22' title="bbox 2289 1324 3843 1408; baseline -0.01 -17"><span class='ocrx_word' id='word_1_158' title='bbox 2289 1339 2547 1408; x_wconf 84' lang='grc' dir='ltr'>ἐφασκεν,</span> <span class='ocrx_word' id='word_1_159' title='bbox 2584 1354 2603 1384; x_wconf 73' lang='grc' dir='ltr'><strong>ι</strong></span> <span class='ocrx_word' id='word_1_160' title='bbox 2627 1332 2785 1403; x_wconf 81' lang='grc' dir='ltr'>Οἴμοι</span> <span class='ocrx_word' id='word_1_161' title='bbox 2810 1329 2942 1399; x_wconf 84' lang='grc' dir='ltr'>ἐγὼ,</span> <span class='ocrx_word' id='word_1_162' title='bbox 2981 1330 3066 1382; x_wconf 84' lang='grc' dir='ltr'>ὅτι</span> <span class='ocrx_word' id='word_1_163' title='bbox 3106 1326 3345 1381; x_wconf 79' lang='grc' dir='ltr'>ἐκλείπει</span> <span class='ocrx_word' id='word_1_164' title='bbox 3386 1329 3425 1397; x_wconf 76' lang='grc' dir='ltr'><strong>ἡ</strong></span> <span class='ocrx_word' id='word_1_165' title='bbox 3462 1324 3609 1395; x_wconf 79' lang='grc' dir='ltr'>ψυχή</span> <span class='ocrx_word' id='word_1_166' title='bbox 3648 1341 3740 1393; x_wconf 86' lang='grc' dir='ltr'><strong>μου</strong></span> <span class='ocrx_word' id='word_1_167' title='bbox 3771 1324 3843 1377; x_wconf 58' lang='grc' dir='ltr'><strong>ἐπί</strong></span> 
     </span>
    </p>
   </div>
   <div class='ocr_carea' id='block_1_23' title="bbox 614 1407 2220 1499">
    <p class='ocr_par' dir='ltr' id='par_1_23' title="bbox 614 1416 2188 1497">
     <span class='ocr_line' id='line_1_23' title="bbox 614 1416 2188 1497; baseline -0.015 -5"><span class='ocrx_word' id='word_1_168' title='bbox 614 1435 795 1492; x_wconf 87' lang='lat' dir='ltr'><strong>deticit</strong></span> <span class='ocrx_word' id='word_1_169' title='bbox 824 1433 1002 1487; x_wconf 88' lang='lat' dir='ltr'><strong>anima</strong></span> <span class='ocrx_word' id='word_1_170' title='bbox 1036 1443 1151 1483; x_wconf 88' lang='lat' dir='ltr'><strong>mea</strong></span> <span class='ocrx_word' id='word_1_171' title='bbox 1180 1436 1400 1497; x_wconf 82' lang='lat' dir='ltr'><strong>prepter</strong></span> <span class='ocrx_word' id='word_1_172' title='bbox 1442 1422 1757 1478; x_wconf 83' lang='lat' dir='ltr'><strong>interfectos</strong></span> <span class='ocrx_word' id='word_1_173' title='bbox 1808 1418 1907 1473; x_wconf 74' lang='lat' dir='ltr'><strong>&quot;l</strong></span> <span class='ocrx_word' id='word_1_174' title='bbox 1946 1437 1965 1472; x_wconf 73' lang='grc' dir='ltr'><strong>ο</strong></span> <span class='ocrx_word' id='word_1_175' title='bbox 1999 1416 2188 1473; x_wconf 85' lang='lat' dir='ltr'><strong>Simile</strong></span> 
     </span>
    </p>
   </div>
   <div class='ocr_carea' id='block_1_24' title="bbox 2234 1407 3840 1499">
    <p class='ocr_par' dir='ltr' id='par_1_24' title="bbox 2288 1407 3840 1499">
     <span class='ocr_line' id='line_1_24' title="bbox 2288 1407 3840 1499; baseline -0.01 -18"><span class='ocrx_word' id='word_1_176' title='bbox 2288 1430 2401 1490; x_wconf 79' lang='grc' dir='ltr'>τοῖς</span> <span class='ocrx_word' id='word_1_177' title='bbox 2434 1422 2821 1499; x_wconf 78' lang='grc' dir='ltr'>ἀνῃρημένοις.</span> <span class='ocrx_word' id='word_1_178' title='bbox 2856 1440 2875 1473; x_wconf 69' lang='grc' dir='ltr'><strong>ι</strong></span> <span class='ocrx_word' id='word_1_179' title='bbox 2927 1414 3181 1472; x_wconf 79' lang='grc' dir='ltr'>Τοιοῦτόν</span> <span class='ocrx_word' id='word_1_180' title='bbox 3223 1435 3297 1484; x_wconf 89' lang='grc' dir='ltr'><strong>τι,</strong></span> <span class='ocrx_word' id='word_1_181' title='bbox 3347 1415 3600 1486; x_wconf 83' lang='grc' dir='ltr'>καθάπερ</span> <span class='ocrx_word' id='word_1_182' title='bbox 3640 1407 3840 1483; x_wconf 80' lang='grc' dir='ltr'>ἐγῷμαι,</span> 
     </span>
    </p>
   </div>
   <div class='ocr_carea' id='block_1_25' title="bbox 615 1506 2221 1599">
    <p class='ocr_par' dir='ltr' id='par_1_25' title="bbox 615 1508 2189 1599">
     <span class='ocr_line' id='line_1_25' title="bbox 615 1508 2189 1599; baseline -0.011 -19"><span class='ocrx_word' id='word_1_183' title='bbox 615 1528 892 1599; x_wconf 83' lang='lat' dir='ltr'><strong>quiddam,</strong></span> <span class='ocrx_word' id='word_1_184' title='bbox 924 1535 981 1577; x_wconf 92' lang='lat' dir='ltr'><strong>ut</strong></span> <span class='ocrx_word' id='word_1_185' title='bbox 1004 1530 1155 1592; x_wconf 91' lang='lat' dir='ltr'><strong>puto,</strong></span> <span class='ocrx_word' id='word_1_186' title='bbox 1203 1534 1324 1574; x_wconf 89' lang='lat' dir='ltr'><strong>cum</strong></span> <span class='ocrx_word' id='word_1_187' title='bbox 1354 1528 1408 1574; x_wconf 91' lang='lat' dir='ltr'><strong>et</strong></span> <span class='ocrx_word' id='word_1_188' title='bbox 1441 1514 1575 1571; x_wconf 75' lang='lat' dir='ltr'><strong>Joeli</strong></span> <span class='ocrx_word' id='word_1_189' title='bbox 1627 1513 1913 1569; x_wconf 87' lang='lat' dir='ltr'><strong>accidisset</strong></span> <span class='ocrx_word' id='word_1_190' title='bbox 1945 1520 1997 1565; x_wconf 89' lang='lat' dir='ltr'><strong>et</strong></span> <span class='ocrx_word' id='word_1_191' title='bbox 2047 1508 2189 1563; x_wconf 83' lang='lat' dir='ltr'><strong>forte</strong></span> 
     </span>
    </p>
   </div>
   <div class='ocr_carea' id='block_1_26' title="bbox 2237 1506 3843 1599">
    <p class='ocr_par' dir='ltr' id='par_1_26' title="bbox 2291 1506 3843 1588">
     <span class='ocr_line' id='line_1_26' title="bbox 2291 1506 3843 1588; baseline -0.01 -14"><span class='ocrx_word' id='word_1_192' title='bbox 2291 1519 2387 1574; x_wconf 73' lang='grc' dir='ltr'>καὶ</span> <span class='ocrx_word' id='word_1_193' title='bbox 2429 1516 2583 1588; x_wconf 77' lang='grc' dir='ltr'>Ἰωήλ</span> <span class='ocrx_word' id='word_1_194' title='bbox 2621 1512 2929 1577; x_wconf 79' lang='grc' dir='ltr'>πεπονθὼς,</span> <span class='ocrx_word' id='word_1_195' title='bbox 2960 1512 3100 1581; x_wconf 81' lang='grc' dir='ltr'>τάχα</span> <span class='ocrx_word' id='word_1_196' title='bbox 3154 1527 3258 1563; x_wconf 85' lang='grc' dir='ltr'><strong>που</strong></span> <span class='ocrx_word' id='word_1_197' title='bbox 3292 1508 3383 1563; x_wconf 68' lang='grc' dir='ltr'><strong>τὸν</strong></span> <span class='ocrx_word' id='word_1_198' title='bbox 3430 1510 3487 1561; x_wconf 89' lang='grc' dir='ltr'><strong>ἐν</strong></span> <span class='ocrx_word' id='word_1_199' title='bbox 3545 1506 3621 1578; x_wconf 80' lang='grc' dir='ltr'><strong>τῷ</strong></span> <span class='ocrx_word' id='word_1_200' title='bbox 3659 1506 3843 1577; x_wconf 74' lang='grc' dir='ltr'>πολέμῳ</span> 
     </span>
    </p>
   </div>
   <div class='ocr_carea' id='block_1_27' title="bbox 619 1595 2225 1691">
    <p class='ocr_par' dir='ltr' id='par_1_27' title="bbox 619 1595 2185 1675">
     <span class='ocr_line' id='line_1_27' title="bbox 619 1595 2185 1675; baseline -0.013 -4"><span class='ocrx_word' id='word_1_201' title='bbox 619 1595 905 1671; x_wconf 75' lang='lat' dir='ltr'><strong>tumultum</strong></span> <span class='ocrx_word' id='word_1_202' title='bbox 943 1614 1193 1669; x_wconf 87' lang='lat' dir='ltr'><strong>bellicum</strong></span> <span class='ocrx_word' id='word_1_203' title='bbox 1234 1610 1457 1664; x_wconf 84' lang='lat' dir='ltr'><strong>auribus</strong></span> <span class='ocrx_word' id='word_1_204' title='bbox 1482 1604 1805 1675; x_wconf 83' lang='lat' dir='ltr'><strong>accepisset,</strong></span> <span class='ocrx_word' id='word_1_205' title='bbox 1842 1601 1962 1655; x_wconf 85' lang='lat' dir='ltr'><strong>ideo</strong></span> <span class='ocrx_word' id='word_1_206' title='bbox 1992 1600 2133 1653; x_wconf 73' lang='lat' dir='ltr'><strong>dixit</strong></span> <span class='ocrx_word' id='word_1_207' title='bbox 2170 1611 2185 1647; x_wconf 91' lang='lat'><strong>:</strong></span> 
     </span>
    </p>
   </div>
   <div class='ocr_carea' id='block_1_28' title="bbox 2238 1595 3844 1691">
    <p class='ocr_par' dir='ltr' id='par_1_28' title="bbox 2297 1595 3844 1683">
     <span class='ocr_line' id='line_1_28' title="bbox 2297 1595 3844 1683; baseline -0.01 -18"><span class='ocrx_word' id='word_1_208' title='bbox 2297 1610 2526 1683; x_wconf 83' lang='grc' dir='ltr'>Θόρυῦον</span> <span class='ocrx_word' id='word_1_209' title='bbox 2573 1609 2653 1670; x_wconf 81' lang='grc' dir='ltr'>εἰς</span> <span class='ocrx_word' id='word_1_210' title='bbox 2677 1604 2771 1669; x_wconf 77' lang='grc' dir='ltr'><strong>οῦς</strong></span> <span class='ocrx_word' id='word_1_211' title='bbox 2804 1605 3040 1673; x_wconf 83' lang='grc' dir='ltr'>ἐδέχετο,</span> <span class='ocrx_word' id='word_1_212' title='bbox 3061 1603 3314 1673; x_wconf 69' lang='grc' dir='ltr'>ταύτῃτοί</span> <span class='ocrx_word' id='word_1_213' title='bbox 3341 1618 3528 1671; x_wconf 84' lang='grc' dir='ltr'>φησιν,</span> <span class='ocrx_word' id='word_1_214' title='bbox 3564 1619 3581 1651; x_wconf 79' lang='grc' dir='ltr'><strong>ι</strong></span> <span class='ocrx_word' id='word_1_215' title='bbox 3606 1595 3760 1668; x_wconf 84' lang='grc' dir='ltr'>Ἦχοι</span> <span class='ocrx_word' id='word_1_216' title='bbox 3778 1599 3844 1662; x_wconf 74' lang='grc' dir='ltr'><strong>ἐξ·</strong></span> 
     </span>
    </p>
   </div>
   <div class='ocr_carea' id='block_1_29' title="bbox 623 1690 2229 1773">
    <p class='ocr_par' dir='ltr' id='par_1_29' title="bbox 623 1690 2189 1767">
     <span class='ocr_line' id='line_1_29' title="bbox 623 1690 2189 1767; baseline -0.011 -7"><span class='ocrx_word' id='word_1_217' title='bbox 623 1730 642 1760; x_wconf 72' lang='grc' dir='ltr'><strong>ι</strong></span> <span class='ocrx_word' id='word_1_218' title='bbox 684 1708 905 1763; x_wconf 89' lang='lat' dir='ltr'><strong>Sonitus</strong></span> <span class='ocrx_word' id='word_1_219' title='bbox 936 1704 1101 1759; x_wconf 87' lang='lat' dir='ltr'><strong>auditi</strong></span> <span class='ocrx_word' id='word_1_220' title='bbox 1133 1710 1261 1758; x_wconf 89' lang='lat' dir='ltr'><strong>sunt</strong></span> <span class='ocrx_word' id='word_1_221' title='bbox 1297 1701 1353 1754; x_wconf 92' lang='lat' dir='ltr'><strong>in</strong></span> <span class='ocrx_word' id='word_1_222' title='bbox 1395 1698 1533 1753; x_wconf 80' lang='lat' dir='ltr'><strong>valle</strong></span> <span class='ocrx_word' id='word_1_223' title='bbox 1570 1690 1780 1767; x_wconf 84' lang='lat' dir='ltr'><strong>judicii.</strong></span> <span class='ocrx_word' id='word_1_224' title='bbox 1824 1712 1843 1745; x_wconf 73' lang='grc' dir='ltr'><strong>ι</strong></span> <span class='ocrx_word' id='word_1_225' title='bbox 1892 1691 1958 1747; x_wconf 82' lang='lat' dir='ltr'><strong>Et</strong></span> <span class='ocrx_word' id='word_1_226' title='bbox 1992 1690 2189 1747; x_wconf 76' lang='lat' dir='ltr'><strong>vallem</strong></span> 
     </span>
    </p>
   </div>
   <div class='ocr_carea' id='block_1_30' title="bbox 2237 1690 3843 1773">
    <p class='ocr_par' dir='ltr' id='par_1_30' title="bbox 2293 1692 3843 1773">
     <span class='ocr_line' id='line_1_30' title="bbox 2293 1692 3843 1773; baseline -0.008 -18"><span class='ocrx_word' id='word_1_227' title='bbox 2293 1703 2509 1773; x_wconf 86' lang='grc' dir='ltr'>ήχησαν</span> <span class='ocrx_word' id='word_1_228' title='bbox 2537 1699 2595 1751; x_wconf 82' lang='grc' dir='ltr'><strong>ἐν</strong></span> <span class='ocrx_word' id='word_1_229' title='bbox 2622 1700 2689 1768; x_wconf 81' lang='grc' dir='ltr'>τῇ</span> <span class='ocrx_word' id='word_1_230' title='bbox 2720 1696 2925 1750; x_wconf 81' lang='grc' dir='ltr'>κοιλάδι</span> <span class='ocrx_word' id='word_1_231' title='bbox 2956 1696 3055 1765; x_wconf 78' lang='grc' dir='ltr'>τῆς</span> <span class='ocrx_word' id='word_1_232' title='bbox 3092 1695 3266 1763; x_wconf 83' lang='grc' dir='ltr'>δίκης.</span> <span class='ocrx_word' id='word_1_233' title='bbox 3309 1713 3325 1744; x_wconf 78' lang='grc' dir='ltr'><strong>ι</strong></span> <span class='ocrx_word' id='word_1_234' title='bbox 3359 1694 3469 1747; x_wconf 77' lang='grc' dir='ltr'>Καὶ</span> <span class='ocrx_word' id='word_1_235' title='bbox 3520 1692 3733 1747; x_wconf 81' lang='grc' dir='ltr'>κοιλάδα</span> <span class='ocrx_word' id='word_1_236' title='bbox 3768 1693 3843 1762; x_wconf 85' lang='grc' dir='ltr'>μὲν</span> 
     </span>
    </p>
   </div>
   <div class='ocr_carea' id='block_1_31' title="bbox 619 1782 2225 1873">
    <p class='ocr_par' dir='ltr' id='par_1_31' title="bbox 619 1783 2225 1873">
     <span class='ocr_line' id='line_1_31' title="bbox 619 1783 2225 1873; baseline -0.011 -20"><span class='ocrx_word' id='word_1_237' title='bbox 619 1801 833 1873; x_wconf 81' lang='lat' dir='ltr'><strong>quidem</strong></span> <span class='ocrx_word' id='word_1_238' title='bbox 874 1796 1063 1868; x_wconf 91' lang='lat' dir='ltr'><strong>judicii</strong></span> <span class='ocrx_word' id='word_1_239' title='bbox 1117 1795 1348 1873; x_wconf 88' lang='lat' dir='ltr'><strong>appellat</strong></span> <span class='ocrx_word' id='word_1_240' title='bbox 1402 1789 1719 1848; x_wconf 81' lang='lat' dir='ltr'><strong>certaminis</strong></span> <span class='ocrx_word' id='word_1_241' title='bbox 1778 1787 1977 1849; x_wconf 85' lang='lat' dir='ltr'><strong>locum,</strong></span> <span class='ocrx_word' id='word_1_242' title='bbox 2035 1783 2225 1855; x_wconf 2' lang='lat' dir='ltr'><strong>quasi,</strong></span> 
     </span>
    </p>
   </div>
   <div class='ocr_carea' id='block_1_32' title="bbox 2239 1782 3845 1873">
    <p class='ocr_par' dir='ltr' id='par_1_32' title="bbox 2239 1782 3845 1873">
     <span class='ocr_line' id='line_1_32' title="bbox 2239 1782 3845 1873; baseline -0.009 -27"><span class='ocrx_word' id='word_1_243' title='bbox 2239 1848 2266 1873; x_wconf 54' lang='grc' dir='ltr'><strong><em>Β</em></strong></span> <span class='ocrx_word' id='word_1_244' title='bbox 2291 1792 2447 1864; x_wconf 78' lang='grc' dir='ltr'>δίκης</span> <span class='ocrx_word' id='word_1_245' title='bbox 2483 1789 2738 1859; x_wconf 77' lang='grc' dir='ltr'>ὀνομάζει</span> <span class='ocrx_word' id='word_1_246' title='bbox 2778 1785 2871 1840; x_wconf 89' lang='grc' dir='ltr'><strong>τοῦ</strong></span> <span class='ocrx_word' id='word_1_247' title='bbox 2912 1785 3148 1856; x_wconf 85' lang='grc' dir='ltr'>πολέμου</span> <span class='ocrx_word' id='word_1_248' title='bbox 3186 1785 3277 1837; x_wconf 83' lang='grc' dir='ltr'>τὸν</span> <span class='ocrx_word' id='word_1_249' title='bbox 3303 1783 3503 1854; x_wconf 81' lang='grc' dir='ltr'>χῶρον,</span> <span class='ocrx_word' id='word_1_250' title='bbox 3547 1782 3625 1845; x_wconf 82' lang='grc' dir='ltr'>ὡς</span> <span class='ocrx_word' id='word_1_251' title='bbox 3663 1782 3757 1834; x_wconf 73' lang='grc' dir='ltr'>οὐκ</span> <span class='ocrx_word' id='word_1_252' title='bbox 3778 1783 3845 1849; x_wconf 69' lang='grc' dir='ltr'>ἐφ’</span> 
     </span>
    </p>
   </div>
   <div class='ocr_carea' id='block_1_33' title="bbox 626 1848 2232 1956">
    <p class='ocr_par' dir='ltr' id='par_1_33' title="bbox 626 1848 2232 1955">
     <span class='ocr_line' id='line_1_33' title="bbox 626 1848 2068 1873; baseline -0.012 -1"><span class='ocrx_word' id='word_1_253' title='bbox 626 1848 832 1873; x_wconf 52' lang='grc' dir='ltr'><strong>⁵ιη’-ν’-</strong></span> <span class='ocrx_word' id='word_1_254' title='bbox 874 1848 1062 1868; x_wconf 36' lang='grc' dir='ltr'><strong>δέ--ν-τε</strong></span> <span class='ocrx_word' id='word_1_255' title='bbox 1124 1848 1245 1866; x_wconf 69' lang='lat' dir='ltr'><strong>&#39;rr&#39;</strong></span> <span class='ocrx_word' id='word_1_256' title='bbox 1962 1848 1969 1849; x_wconf 42' lang='grc' dir='ltr'><em>κ</em></span> <span class='ocrx_word' id='word_1_257' title='bbox 2055 1848 2068 1855; x_wconf 90' lang='grc'><strong>.</strong></span> 
     </span>
     <span class='ocr_line' id='line_1_34' title="bbox 626 1848 2232 1955; baseline -0.009 -8"><span class='ocrx_word' id='word_1_258' title='bbox 626 1909 731 1947; x_wconf 75' lang='lat' dir='ltr'><strong>non</strong></span> <span class='ocrx_word' id='word_1_259' title='bbox 787 1893 948 1945; x_wconf 88' lang='lat' dir='ltr'><strong>aliam</strong></span> <span class='ocrx_word' id='word_1_260' title='bbox 998 1890 1067 1944; x_wconf 91' lang='lat' dir='ltr'><strong>ob</strong></span> <span class='ocrx_word' id='word_1_261' title='bbox 1123 1872 1343 1942; x_wconf 76' lang='lat' dir='ltr'><strong>causam</strong></span> <span class='ocrx_word' id='word_1_262' title='bbox 1387 1884 1636 1955; x_wconf 79' lang='lat' dir='ltr'><strong>gentibus</strong></span> <span class='ocrx_word' id='word_1_263' title='bbox 1681 1894 1749 1935; x_wconf 87' lang='lat' dir='ltr'><strong>eo</strong></span> <span class='ocrx_word' id='word_1_264' title='bbox 1800 1877 2141 1950; x_wconf 80' lang='lat' dir='ltr'><strong>congregatis</strong></span> <span class='ocrx_word' id='word_1_265' title='bbox 2170 1848 2232 1944; x_wconf 60' lang='lat'><strong>,1</strong></span> 
     </span>
    </p>
   </div>
   <div class='ocr_carea' id='block_1_34' title="bbox 2230 1848 3836 1956">
    <p class='ocr_par' dir='ltr' id='par_1_34' title="bbox 2230 1848 3836 1956">
     <span class='ocr_line' id='line_1_35' title="bbox 2230 1848 3836 1956; baseline -0.009 -18"><span class='ocrx_word' id='word_1_266' title='bbox 2230 1848 2267 1904; x_wconf 78' lang='grc' dir='ltr'>Β</span> <span class='ocrx_word' id='word_1_267' title='bbox 2293 1848 2465 1956; x_wconf 66' lang='grc' dir='ltr'>ἑτέρω</span> <span class='ocrx_word' id='word_1_268' title='bbox 2492 1848 2599 1935; x_wconf 52' lang='grc' dir='ltr'>τινὶ</span> <span class='ocrx_word' id='word_1_269' title='bbox 2623 1848 2732 1933; x_wconf 60' lang='grc' dir='ltr'><strong>των</strong></span> <span class='ocrx_word' id='word_1_270' title='bbox 2759 1877 2930 1931; x_wconf 83' lang='grc' dir='ltr'>ἐθνῶν</span> <span class='ocrx_word' id='word_1_271' title='bbox 2959 1848 3061 1929; x_wconf 38' lang='grc' dir='ltr'>ἐπ’.</span> <span class='ocrx_word' id='word_1_272' title='bbox 3089 1874 3241 1945; x_wconf 84' lang='grc' dir='ltr'><strong>αὐτῷ</strong></span> <span class='ocrx_word' id='word_1_273' title='bbox 3289 1848 3667 1944; x_wconf 73' lang='grc' dir='ltr'>συνηγμένων,</span> <span class='ocrx_word' id='word_1_274' title='bbox 3700 1870 3728 1942; x_wconf 79' lang='grc' dir='ltr'><strong>ἢ</strong></span> <span class='ocrx_word' id='word_1_275' title='bbox 3769 1848 3836 1924; x_wconf 73' lang='grc' dir='ltr'>ἵνα</span> 
     </span>
    </p>
   </div>
   <div class='ocr_carea' id='block_1_35' title="bbox 623 1965 2229 2053">
    <p class='ocr_par' dir='ltr' id='par_1_35' title="bbox 623 1973 2190 2053">
     <span class='ocr_line' id='line_1_36' title="bbox 623 1973 2190 2053; baseline -0.012 -15"><span class='ocrx_word' id='word_1_276' title='bbox 623 1999 789 2053; x_wconf 80' lang='lat' dir='ltr'><strong>quam</strong></span> <span class='ocrx_word' id='word_1_277' title='bbox 824 1990 880 2038; x_wconf 92' lang='lat' dir='ltr'><strong>ut</strong></span> <span class='ocrx_word' id='word_1_278' title='bbox 907 1983 1143 2053; x_wconf 80' lang='lat' dir='ltr'><strong>graviter</strong></span> <span class='ocrx_word' id='word_1_279' title='bbox 1178 1977 1516 2049; x_wconf 87' lang='lat' dir='ltr'><strong>punirentur.</strong></span> <span class='ocrx_word' id='word_1_280' title='bbox 1554 1991 1574 2025; x_wconf 84' lang='grc'><strong><em>‹</em></strong></span> <span class='ocrx_word' id='word_1_281' title='bbox 1618 1973 1841 2029; x_wconf 87' lang='lat' dir='ltr'><strong>Sonitus</strong></span> <span class='ocrx_word' id='word_1_282' title='bbox 1874 1980 2055 2025; x_wconf 88' lang='lat' dir='ltr'><strong>autem</strong></span> <span class='ocrx_word' id='word_1_283' title='bbox 2090 1983 2190 2022; x_wconf 85' lang='lat' dir='ltr'><strong>au-</strong></span> 
     </span>
    </p>
   </div>
   <div class='ocr_carea' id='block_1_36' title="bbox 2236 1965 3842 2053">
    <p class='ocr_par' dir='ltr' id='par_1_36' title="bbox 2294 1965 3842 2051">
     <span class='ocr_line' id='line_1_37' title="bbox 2294 1965 3842 2051; baseline -0.01 -21"><span class='ocrx_word' id='word_1_284' title='bbox 2294 1975 2500 2048; x_wconf 84' lang='grc' dir='ltr'>πικράς</span> <span class='ocrx_word' id='word_1_285' title='bbox 2525 1972 2780 2029; x_wconf 86' lang='grc' dir='ltr'>ἐκτίσωσι</span> <span class='ocrx_word' id='word_1_286' title='bbox 2805 1970 2981 2032; x_wconf 82' lang='grc' dir='ltr'>δίκας.</span> <span class='ocrx_word' id='word_1_287' title='bbox 3032 1985 3053 2019; x_wconf 71' lang='grc' dir='ltr'><strong>ε</strong></span> <span class='ocrx_word' id='word_1_288' title='bbox 3093 1965 3456 2037; x_wconf 81' lang='grc' dir='ltr'>Ἐξηχοῦντας</span> <span class='ocrx_word' id='word_1_289' title='bbox 3484 1965 3542 2018; x_wconf 84' lang='grc' dir='ltr'>δὲ</span> <span class='ocrx_word' id='word_1_290' title='bbox 3564 1965 3739 2035; x_wconf 73' lang='grc' dir='ltr'>ἤχους,</span> <span class='ocrx_word' id='word_1_291' title='bbox 3765 1983 3782 2051; x_wconf 50' lang='grc' dir='ltr'><strong>ξ</strong></span> <span class='ocrx_word' id='word_1_292' title='bbox 3818 1966 3842 2031; x_wconf 75' lang='grc' dir='ltr'>ἢ</span> 
     </span>
    </p>
   </div>
   <div class='ocr_carea' id='block_1_37' title="bbox 624 2036 2230 2144">
    <p class='ocr_par' dir='ltr' id='par_1_37' title="bbox 624 2062 2190 2144">
     <span class='ocr_line' id='line_1_38' title="bbox 624 2062 2190 2144; baseline -0.012 -11"><span class='ocrx_word' id='word_1_293' title='bbox 624 2081 786 2141; x_wconf 79' lang='lat' dir='ltr'><strong>dites,</strong></span> <span class='ocrx_word' id='word_1_294' title='bbox 822 2095 841 2129; x_wconf 76' lang='grc' dir='ltr'><strong>ι</strong></span> <span class='ocrx_word' id='word_1_295' title='bbox 876 2085 969 2130; x_wconf 86' lang='lat' dir='ltr'><strong>aut</strong></span> <span class='ocrx_word' id='word_1_296' title='bbox 1005 2072 1371 2144; x_wconf 82' lang='lat' dir='ltr'><strong>oppetentium</strong></span> <span class='ocrx_word' id='word_1_297' title='bbox 1401 2068 1634 2139; x_wconf 85' lang='lat' dir='ltr'><strong>gemitus</strong></span> <span class='ocrx_word' id='word_1_298' title='bbox 1657 2105 1674 2131; x_wconf 93' lang='lat'><strong>,</strong></span> <span class='ocrx_word' id='word_1_299' title='bbox 1726 2072 1822 2119; x_wconf 87' lang='lat' dir='ltr'><strong>aut</strong></span> <span class='ocrx_word' id='word_1_300' title='bbox 1858 2062 2190 2118; x_wconf 72' lang='lat' dir='ltr'><strong>vincentium</strong></span> 
     </span>
    </p>
   </div>
   <div class='ocr_carea' id='block_1_38' title="bbox 2239 2036 3845 2144">
    <p class='ocr_par' dir='ltr' id='par_1_38' title="bbox 2295 2036 3845 2131">
     <span class='ocr_line' id='line_1_39' title="bbox 2295 2036 3845 2131; baseline -0.01 -9"><span class='ocrx_word' id='word_1_301' title='bbox 2295 2036 2529 2131; x_wconf 48' lang='grc' dir='ltr'>τὰς’τιῦν</span> <span class='ocrx_word' id='word_1_302' title='bbox 2566 2063 2874 2119; x_wconf 76' lang='grc' dir='ltr'>πιπτόντων</span> <span class='ocrx_word' id='word_1_303' title='bbox 2904 2058 3167 2128; x_wconf 81' lang='grc' dir='ltr'>ὀλολυγὰς</span> <span class='ocrx_word' id='word_1_304' title='bbox 3201 2036 3387 2112; x_wconf 85' lang='grc' dir='ltr'>ἐνθάδε</span> <span class='ocrx_word' id='word_1_305' title='bbox 3421 2057 3620 2128; x_wconf 76' lang='grc' dir='ltr'>φησὶν,</span> <span class='ocrx_word' id='word_1_306' title='bbox 3667 2055 3698 2126; x_wconf 77' lang='grc' dir='ltr'>ἢ</span> <span class='ocrx_word' id='word_1_307' title='bbox 3745 2036 3845 2116; x_wconf 69' lang='grc' dir='ltr'>τοὺς</span> 
     </span>
    </p>
   </div>
   <div class='ocr_carea' id='block_1_39' title="bbox 626 2147 2232 2224">
    <p class='ocr_par' dir='ltr' id='par_1_39' title="bbox 626 2152 2195 2224">
     <span class='ocr_line' id='line_1_40' title="bbox 626 2152 2195 2224; baseline -0.011 0"><span class='ocrx_word' id='word_1_308' title='bbox 626 2170 898 2224; x_wconf 68' lang='lat' dir='ltr'><strong>laetisonas</strong></span> <span class='ocrx_word' id='word_1_309' title='bbox 925 2181 1086 2222; x_wconf 90' lang='lat' dir='ltr'><strong>voces</strong></span> <span class='ocrx_word' id='word_1_310' title='bbox 1114 2167 1217 2220; x_wconf 91' lang='lat' dir='ltr'><strong>hoc</strong></span> <span class='ocrx_word' id='word_1_311' title='bbox 1245 2165 1365 2218; x_wconf 90' lang='lat' dir='ltr'><strong>loco</strong></span> <span class='ocrx_word' id='word_1_312' title='bbox 1396 2160 1659 2215; x_wconf 84' lang='lat' dir='ltr'><strong>nominat.</strong></span> <span class='ocrx_word' id='word_1_313' title='bbox 1694 2156 1809 2215; x_wconf 75' lang='lat' dir='ltr'><strong>Mos</strong></span> <span class='ocrx_word' id='word_1_314' title='bbox 1843 2156 1987 2211; x_wconf 90' lang='lat' dir='ltr'><strong>enim</strong></span> <span class='ocrx_word' id='word_1_315' title='bbox 2029 2162 2113 2208; x_wconf 90' lang='lat' dir='ltr'><strong>est</strong></span> <span class='ocrx_word' id='word_1_316' title='bbox 2139 2152 2195 2206; x_wconf 90' lang='lat' dir='ltr'><strong>in</strong></span> 
     </span>
    </p>
   </div>
   <div class='ocr_carea' id='block_1_40' title="bbox 2238 2147 3844 2224">
    <p class='ocr_par' dir='ltr' id='par_1_40' title="bbox 2296 2147 3844 2222">
     <span class='ocr_line' id='line_1_41' title="bbox 2296 2147 3844 2222; baseline -0.01 -7"><span class='ocrx_word' id='word_1_317' title='bbox 2296 2160 2406 2215; x_wconf 85' lang='grc' dir='ltr'><strong>τῶν</strong></span> <span class='ocrx_word' id='word_1_318' title='bbox 2438 2155 2711 2213; x_wconf 82' lang='grc' dir='ltr'>νικώντων</span> <span class='ocrx_word' id='word_1_319' title='bbox 2752 2151 3122 2222; x_wconf 78' lang='grc' dir='ltr'>ἀλαλαγμούς.</span> <span class='ocrx_word' id='word_1_320' title='bbox 3159 2149 3453 2220; x_wconf 73' lang='grc' dir='ltr'>Συμϐαίνει</span> <span class='ocrx_word' id='word_1_321' title='bbox 3485 2149 3597 2219; x_wconf 75' lang='grc' dir='ltr'>γὰρ</span> <span class='ocrx_word' id='word_1_322' title='bbox 3629 2150 3684 2201; x_wconf 81' lang='grc' dir='ltr'><strong>ἐν</strong></span> <span class='ocrx_word' id='word_1_323' title='bbox 3719 2147 3844 2200; x_wconf 80' lang='grc' dir='ltr'>πολέ·</span> 
     </span>
    </p>
   </div>
   <div class='ocr_carea' id='block_1_41' title="bbox 626 2237 2232 2329">
    <p class='ocr_par' dir='ltr' id='par_1_41' title="bbox 626 2244 2195 2329">
     <span class='ocr_line' id='line_1_42' title="bbox 626 2244 2195 2329; baseline -0.013 -12"><span class='ocrx_word' id='word_1_324' title='bbox 626 2262 743 2317; x_wconf 88' lang='lat' dir='ltr'><strong>acie</strong></span> <span class='ocrx_word' id='word_1_325' title='bbox 771 2260 1089 2315; x_wconf 90' lang='lat' dir='ltr'><strong>cadentibus</strong></span> <span class='ocrx_word' id='word_1_326' title='bbox 1129 2256 1360 2329; x_wconf 83' lang='lat' dir='ltr'><strong>gemitus</strong></span> <span class='ocrx_word' id='word_1_327' title='bbox 1383 2253 1611 2311; x_wconf 79' lang='lat' dir='ltr'><strong>fundere</strong></span> <span class='ocrx_word' id='word_1_328' title='bbox 1639 2294 1655 2318; x_wconf 89' lang='lat'><strong>,</strong></span> <span class='ocrx_word' id='word_1_329' title='bbox 1706 2261 1762 2307; x_wconf 85' lang='lat' dir='ltr'><strong>et</strong></span> <span class='ocrx_word' id='word_1_330' title='bbox 1791 2249 1992 2319; x_wconf 87' lang='lat' dir='ltr'><strong>potitos</strong></span> <span class='ocrx_word' id='word_1_331' title='bbox 2020 2244 2195 2299; x_wconf 84' lang='lat' dir='ltr'><strong>victo-</strong></span> 
     </span>
    </p>
   </div>
   <div class='ocr_carea' id='block_1_42' title="bbox 2241 2237 3847 2329">
    <p class='ocr_par' dir='ltr' id='par_1_42' title="bbox 2302 2237 3847 2321">
     <span class='ocr_line' id='line_1_43' title="bbox 2302 2237 3847 2321; baseline -0.01 -17"><span class='ocrx_word' id='word_1_332' title='bbox 2302 2267 2427 2321; x_wconf 90' lang='grc' dir='ltr'>μοις</span> <span class='ocrx_word' id='word_1_333' title='bbox 2464 2246 2818 2303; x_wconf 83' lang='grc' dir='ltr'>καταστένειν</span> <span class='ocrx_word' id='word_1_334' title='bbox 2861 2244 2959 2314; x_wconf 80' lang='grc' dir='ltr'>μὲν</span> <span class='ocrx_word' id='word_1_335' title='bbox 2986 2243 3110 2303; x_wconf 75' lang='grc' dir='ltr'>τοὺς</span> <span class='ocrx_word' id='word_1_336' title='bbox 3132 2248 3457 2303; x_wconf 68' lang='grc' dir='ltr'>πίπτοντας,</span> <span class='ocrx_word' id='word_1_337' title='bbox 3479 2237 3847 2306; x_wconf 79' lang='grc' dir='ltr'>ἐπαγάλλεσθαι</span> 
     </span>
    </p>
   </div>
   <div class='ocr_carea' id='block_1_43' title="bbox 628 2326 2234 2422">
    <p class='ocr_par' dir='ltr' id='par_1_43' title="bbox 628 2326 2197 2422">
     <span class='ocr_line' id='line_1_44' title="bbox 628 2326 2197 2422; baseline -0.011 -16"><span class='ocrx_word' id='word_1_338' title='bbox 628 2352 731 2417; x_wconf 81' lang='lat' dir='ltr'><strong>ria,</strong></span> <span class='ocrx_word' id='word_1_339' title='bbox 758 2348 1068 2422; x_wconf 73' lang='lat' dir='ltr'><strong>iacentibus</strong></span> <span class='ocrx_word' id='word_1_340' title='bbox 1107 2326 1231 2419; x_wconf 61' lang='lat' dir='ltr'><strong>(aee</strong></span> <span class='ocrx_word' id='word_1_341' title='bbox 1252 2343 1553 2413; x_wconf 84' lang='lat' dir='ltr'><strong>immerito)</strong></span> <span class='ocrx_word' id='word_1_342' title='bbox 1588 2341 1866 2413; x_wconf 85' lang='lat' dir='ltr'><strong>gloriando</strong></span> <span class='ocrx_word' id='word_1_343' title='bbox 1914 2334 2197 2393; x_wconf 71' lang='lat' dir='ltr'><strong>insuitare.</strong></span> 
     </span>
    </p>
   </div>
   <div class='ocr_carea' id='block_1_44' title="bbox 2240 2326 3846 2422">
    <p class='ocr_par' dir='ltr' id='par_1_44' title="bbox 2300 2326 3846 2409">
     <span class='ocr_line' id='line_1_45' title="bbox 2300 2326 3846 2409; baseline -0.01 -13"><span class='ocrx_word' id='word_1_344' title='bbox 2300 2342 2360 2396; x_wconf 78' lang='grc' dir='ltr'>δὲ</span> <span class='ocrx_word' id='word_1_345' title='bbox 2401 2343 2513 2404; x_wconf 81' lang='grc' dir='ltr'>τοῖς</span> <span class='ocrx_word' id='word_1_346' title='bbox 2550 2337 2825 2409; x_wconf 78' lang='grc' dir='ltr'>κειμένοις</span> <span class='ocrx_word' id='word_1_347' title='bbox 2864 2336 2993 2397; x_wconf 77' lang='grc' dir='ltr'>τοὺς</span> <span class='ocrx_word' id='word_1_348' title='bbox 3043 2331 3478 2403; x_wconf 81' lang='grc' dir='ltr'>κεκρατηκότας,</span> <span class='ocrx_word' id='word_1_349' title='bbox 3520 2331 3619 2383; x_wconf 74' lang='grc' dir='ltr'>καὶ</span> <span class='ocrx_word' id='word_1_350' title='bbox 3646 2326 3700 2382; x_wconf 83' lang='grc' dir='ltr'>εὗ</span> <span class='ocrx_word' id='word_1_351' title='bbox 3732 2329 3846 2399; x_wconf 76' lang='grc' dir='ltr'>μάλα</span> 
     </span>
    </p>
   </div>
   <div class='ocr_carea' id='block_1_45' title="bbox 628 2419 2234 2510">
    <p class='ocr_par' dir='ltr' id='par_1_45' title="bbox 628 2425 2202 2510">
     <span class='ocr_line' id='line_1_46' title="bbox 628 2425 2202 2510; baseline -0.012 -12"><span class='ocrx_word' id='word_1_352' title='bbox 628 2442 810 2498; x_wconf 82' lang='lat' dir='ltr'><strong>Solem</strong></span> <span class='ocrx_word' id='word_1_353' title='bbox 845 2454 1007 2510; x_wconf 86' lang='lat' dir='ltr'><strong>porro</strong></span> <span class='ocrx_word' id='word_1_354' title='bbox 1034 2448 1089 2493; x_wconf 85' lang='lat' dir='ltr'><strong>ct</strong></span> <span class='ocrx_word' id='word_1_355' title='bbox 1126 2437 1308 2492; x_wconf 89' lang='lat' dir='ltr'><strong>lunam</strong></span> <span class='ocrx_word' id='word_1_356' title='bbox 1341 2433 1753 2490; x_wconf 79' lang='lat' dir='ltr'><strong>obtenebratum</strong></span> <span class='ocrx_word' id='word_1_357' title='bbox 1780 2429 1844 2483; x_wconf 93' lang='lat' dir='ltr'><strong>iri</strong></span> <span class='ocrx_word' id='word_1_358' title='bbox 1882 2429 1979 2492; x_wconf 89' lang='lat' dir='ltr'><strong>ait,</strong></span> <span class='ocrx_word' id='word_1_359' title='bbox 2027 2425 2202 2494; x_wconf 78' lang='lat' dir='ltr'><strong>ipsas-</strong></span> 
     </span>
    </p>
   </div>
   <div class='ocr_carea' id='block_1_46' title="bbox 2239 2419 3845 2510">
    <p class='ocr_par' dir='ltr' id='par_1_46' title="bbox 2301 2419 3845 2502">
     <span class='ocr_line' id='line_1_47' title="bbox 2301 2419 3845 2502; baseline -0.011 -14"><span class='ocrx_word' id='word_1_360' title='bbox 2301 2430 2725 2502; x_wconf 80' lang='grc' dir='ltr'>ἐπικαυχᾶσθαι.</span> <span class='ocrx_word' id='word_1_361' title='bbox 2750 2427 2939 2482; x_wconf 80' lang='grc' dir='ltr'>’Ἥλιον</span> <span class='ocrx_word' id='word_1_362' title='bbox 2955 2425 3034 2489; x_wconf 81' lang='grc' dir='ltr'>δὲ,</span> <span class='ocrx_word' id='word_1_363' title='bbox 3053 2425 3149 2478; x_wconf 72' lang='grc' dir='ltr'>καὶ</span> <span class='ocrx_word' id='word_1_364' title='bbox 3177 2424 3408 2495; x_wconf 83' lang='grc' dir='ltr'>σελήνην</span> <span class='ocrx_word' id='word_1_365' title='bbox 3431 2419 3845 2491; x_wconf 75' lang='grc' dir='ltr'>σκοτισθήσεώαὶ</span> 
     </span>
    </p>
   </div>
   <div class='ocr_carea' id='block_1_47' title="bbox 628 2510 2234 2603">
    <p class='ocr_par' dir='ltr' id='par_1_47' title="bbox 628 2516 2200 2603">
     <span class='ocr_line' id='line_1_48' title="bbox 628 2516 2200 2603; baseline -0.013 -15"><span class='ocrx_word' id='word_1_366' title='bbox 628 2548 732 2603; x_wconf 89' lang='lat' dir='ltr'><strong>que</strong></span> <span class='ocrx_word' id='word_1_367' title='bbox 771 2531 956 2587; x_wconf 86' lang='lat' dir='ltr'><strong>stellas</strong></span> <span class='ocrx_word' id='word_1_368' title='bbox 980 2531 1182 2583; x_wconf 89' lang='lat' dir='ltr'><strong>lumine</strong></span> <span class='ocrx_word' id='word_1_369' title='bbox 1217 2527 1527 2590; x_wconf 89' lang='lat' dir='ltr'><strong>carituras;</strong></span> <span class='ocrx_word' id='word_1_370' title='bbox 1561 2537 1666 2577; x_wconf 92' lang='lat' dir='ltr'><strong>non</strong></span> <span class='ocrx_word' id='word_1_371' title='bbox 1696 2520 1842 2592; x_wconf 91' lang='lat' dir='ltr'><strong>quod</strong></span> <span class='ocrx_word' id='word_1_372' title='bbox 1895 2520 1996 2572; x_wconf 90' lang='lat' dir='ltr'><strong>hoc</strong></span> <span class='ocrx_word' id='word_1_373' title='bbox 2025 2516 2200 2586; x_wconf 88' lang='lat' dir='ltr'><strong>ipsum</strong></span> 
     </span>
    </p>
   </div>
   <div class='ocr_carea' id='block_1_48' title="bbox 2238 2510 3844 2603">
    <p class='ocr_par' dir='ltr' id='par_1_48' title="bbox 2303 2510 3844 2597">
     <span class='ocr_line' id='line_1_49' title="bbox 2303 2510 3844 2597; baseline -0.012 -16"><span class='ocrx_word' id='word_1_374' title='bbox 2303 2543 2460 2597; x_wconf 85' lang='grc' dir='ltr'>φησι,</span> <span class='ocrx_word' id='word_1_375' title='bbox 2490 2525 2585 2579; x_wconf 75' lang='grc' dir='ltr'>καὶ</span> <span class='ocrx_word' id='word_1_376' title='bbox 2622 2521 2821 2583; x_wconf 76' lang='grc' dir='ltr'>αὐτοὺς</span> <span class='ocrx_word' id='word_1_377' title='bbox 2853 2519 2909 2573; x_wconf 89' lang='grc' dir='ltr'><strong>δέ</strong></span> <span class='ocrx_word' id='word_1_378' title='bbox 2934 2519 3198 2588; x_wconf 84' lang='grc' dir='ltr'>ἀφεγγείς</span> <span class='ocrx_word' id='word_1_379' title='bbox 3228 2514 3446 2568; x_wconf 73' lang='grc' dir='ltr'>ἔσεσθαι</span> <span class='ocrx_word' id='word_1_380' title='bbox 3466 2514 3598 2576; x_wconf 68' lang='grc' dir='ltr'>τοὺς</span> <span class='ocrx_word' id='word_1_381' title='bbox 3629 2510 3844 2580; x_wconf 77' lang='grc' dir='ltr'>ἀστέρας,</span> 
     </span>
    </p>
   </div>
   <div class='ocr_carea' id='block_1_49' title="bbox 635 2602 2241 2692">
    <p class='ocr_par' dir='ltr' id='par_1_49' title="bbox 635 2602 2204 2692">
     <span class='ocr_line' id='line_1_50' title="bbox 635 2602 2204 2692; baseline -0.013 -13"><span class='ocrx_word' id='word_1_382' title='bbox 635 2602 764 2679; x_wconf 81' lang='lat' dir='ltr'><strong>tunc</strong></span> <span class='ocrx_word' id='word_1_383' title='bbox 802 2636 1024 2692; x_wconf 88' lang='lat' dir='ltr'><strong>passura</strong></span> <span class='ocrx_word' id='word_1_384' title='bbox 1054 2620 1165 2675; x_wconf 88' lang='lat' dir='ltr'><strong>sint</strong></span> <span class='ocrx_word' id='word_1_385' title='bbox 1199 2618 1463 2673; x_wconf 81' lang='lat' dir='ltr'><strong>elementa</strong></span> <span class='ocrx_word' id='word_1_386' title='bbox 1497 2615 1604 2669; x_wconf 91' lang='lat' dir='ltr'><strong>ullo</strong></span> <span class='ocrx_word' id='word_1_387' title='bbox 1654 2612 1835 2674; x_wconf 89' lang='lat' dir='ltr'><strong>modo,</strong></span> <span class='ocrx_word' id='word_1_388' title='bbox 1891 2608 1983 2664; x_wconf 85' lang='lat' dir='ltr'><strong>sed</strong></span> <span class='ocrx_word' id='word_1_389' title='bbox 2020 2605 2204 2677; x_wconf 62' lang='lat' dir='ltr'><strong>praelio</strong></span> 
     </span>
    </p>
   </div>
   <div class='ocr_carea' id='block_1_50' title="bbox 2240 2602 3846 2692">
    <p class='ocr_par' dir='ltr' id='par_1_50' title="bbox 2303 2602 3846 2687">
     <span class='ocr_line' id='line_1_51' title="bbox 2303 2602 3846 2687; baseline -0.012 -15"><span class='ocrx_word' id='word_1_390' title='bbox 2303 2619 2400 2673; x_wconf 74' lang='grc' dir='ltr'>καὶ</span> <span class='ocrx_word' id='word_1_391' title='bbox 2432 2616 2552 2687; x_wconf 74' lang='grc' dir='ltr'>οὐχὶ</span> <span class='ocrx_word' id='word_1_392' title='bbox 2585 2613 2650 2685; x_wconf 80' lang='grc' dir='ltr'>δὴ</span> <span class='ocrx_word' id='word_1_393' title='bbox 2680 2612 2898 2675; x_wconf 86' lang='grc' dir='ltr'>πάντως</span> <span class='ocrx_word' id='word_1_394' title='bbox 2935 2611 3012 2673; x_wconf 85' lang='grc' dir='ltr'>ὼς</span> <span class='ocrx_word' id='word_1_395' title='bbox 3048 2607 3209 2662; x_wconf 86' lang='grc' dir='ltr'>τοῦτο</span> <span class='ocrx_word' id='word_1_396' title='bbox 3244 2606 3379 2660; x_wconf 81' lang='grc' dir='ltr'>αὐτὸ</span> <span class='ocrx_word' id='word_1_397' title='bbox 3404 2605 3738 2673; x_wconf 83' lang='grc' dir='ltr'>πεισομένων</span> <span class='ocrx_word' id='word_1_398' title='bbox 3764 2602 3846 2654; x_wconf 80' lang='grc' dir='ltr'>τῶν</span> 
     </span>
    </p>
   </div>
   <div class='ocr_carea' id='block_1_51' title="bbox 641 2692 2247 2787">
    <p class='ocr_par' dir='ltr' id='par_1_51' title="bbox 641 2696 2205 2787">
     <span class='ocr_line' id='line_1_52' title="bbox 641 2696 2205 2787; baseline -0.014 -16"><span class='ocrx_word' id='word_1_399' title='bbox 641 2714 799 2787; x_wconf 65' lang='grc'><strong>241</strong></span> <span class='ocrx_word' id='word_1_400' title='bbox 842 2713 994 2783; x_wconf 89' lang='lat' dir='ltr'><strong>quasi</strong></span> <span class='ocrx_word' id='word_1_401' title='bbox 1029 2710 1282 2767; x_wconf 89' lang='lat' dir='ltr'><strong>tenebras</strong></span> <span class='ocrx_word' id='word_1_402' title='bbox 1318 2706 1645 2770; x_wconf 78' lang='lat' dir='ltr'><strong>otl‘undente,</strong></span> <span class='ocrx_word' id='word_1_403' title='bbox 1680 2713 1734 2757; x_wconf 90' lang='lat' dir='ltr'><strong>et</strong></span> <span class='ocrx_word' id='word_1_404' title='bbox 1784 2713 2042 2770; x_wconf 82' lang='lat' dir='ltr'><strong>tanquam</strong></span> <span class='ocrx_word' id='word_1_405' title='bbox 2072 2696 2205 2752; x_wconf 87' lang='lat' dir='ltr'><strong>cali-</strong></span> 
     </span>
    </p>
   </div>
   <div class='ocr_carea' id='block_1_52' title="bbox 2242 2692 3848 2787">
    <p class='ocr_par' dir='ltr' id='par_1_52' title="bbox 2306 2692 3848 2779">
     <span class='ocr_line' id='line_1_53' title="bbox 2306 2692 3848 2779; baseline -0.012 -16"><span class='ocrx_word' id='word_1_406' title='bbox 2306 2707 2587 2779; x_wconf 89' lang='grc' dir='ltr'>στοιχείων</span> <span class='ocrx_word' id='word_1_407' title='bbox 2624 2701 2969 2773; x_wconf 83' lang='grc' dir='ltr'>τοτηνικάδε,</span> <span class='ocrx_word' id='word_1_408' title='bbox 3014 2699 3130 2754; x_wconf 84' lang='grc' dir='ltr'>ἀλλ’</span> <span class='ocrx_word' id='word_1_409' title='bbox 3175 2698 3252 2762; x_wconf 83' lang='grc' dir='ltr'><strong>ὡς</strong></span> <span class='ocrx_word' id='word_1_410' title='bbox 3300 2696 3494 2760; x_wconf 80' lang='grc' dir='ltr'>σκότος</span> <span class='ocrx_word' id='word_1_411' title='bbox 3537 2692 3848 2766; x_wconf 74' lang='grc' dir='ltr'>ἐμποιοῦντος</span> 
     </span>
    </p>
   </div>
   <div class='ocr_carea' id='block_1_53' title="bbox 632 2784 2238 2880">
    <p class='ocr_par' dir='ltr' id='par_1_53' title="bbox 632 2795 2204 2880">
     <span class='ocr_line' id='line_1_54' title="bbox 632 2795 2204 2880; baseline -0.013 -18"><span class='ocrx_word' id='word_1_412' title='bbox 632 2810 812 2880; x_wconf 84' lang='lat' dir='ltr'><strong>ginem</strong></span> <span class='ocrx_word' id='word_1_413' title='bbox 873 2819 1063 2861; x_wconf 90' lang='lat' dir='ltr'><strong>eorum</strong></span> <span class='ocrx_word' id='word_1_414' title='bbox 1120 2802 1212 2871; x_wconf 85' lang='lat' dir='ltr'><strong>qui</strong></span> <span class='ocrx_word' id='word_1_415' title='bbox 1252 2802 1539 2854; x_wconf 86' lang='lat' dir='ltr'><strong>vincuntur</strong></span> <span class='ocrx_word' id='word_1_416' title='bbox 1598 2795 1774 2853; x_wconf 89' lang='lat' dir='ltr'><strong>oculis</strong></span> <span class='ocrx_word' id='word_1_417' title='bbox 1828 2796 2204 2864; x_wconf 69' lang='lat' dir='ltr'><strong>praztexcnte;</strong></span> 
     </span>
    </p>
   </div>
   <div class='ocr_carea' id='block_1_54' title="bbox 2243 2784 3849 2880">
    <p class='ocr_par' dir='ltr' id='par_1_54' title="bbox 2304 2784 3849 2866">
     <span class='ocr_line' id='line_1_55' title="bbox 2304 2784 3849 2866; baseline -0.014 -10"><span class='ocrx_word' id='word_1_418' title='bbox 2304 2800 2400 2856; x_wconf 87' lang='grc' dir='ltr'><strong>τοῦ</strong></span> <span class='ocrx_word' id='word_1_419' title='bbox 2433 2798 2697 2866; x_wconf 86' lang='grc' dir='ltr'>πολέμου,</span> <span class='ocrx_word' id='word_1_420' title='bbox 2746 2793 2841 2847; x_wconf 74' lang='grc' dir='ltr'>καὶ</span> <span class='ocrx_word' id='word_1_421' title='bbox 2885 2790 2994 2846; x_wconf 85' lang='grc' dir='ltr'>οἷον</span> <span class='ocrx_word' id='word_1_422' title='bbox 3026 2790 3194 2861; x_wconf 77' lang='grc' dir='ltr'>ἀχλὺν</span> <span class='ocrx_word' id='word_1_423' title='bbox 3224 2791 3343 2852; x_wconf 89' lang='grc' dir='ltr'>ταῖς</span> <span class='ocrx_word' id='word_1_424' title='bbox 3393 2788 3506 2841; x_wconf 79' lang='grc' dir='ltr'><strong>τῶν</strong></span> <span class='ocrx_word' id='word_1_425' title='bbox 3560 2784 3849 2857; x_wconf 72' lang='grc' dir='ltr'>ἡττωμένων</span> 
     </span>
    </p>
   </div>
   <div class='ocr_carea' id='block_1_55' title="bbox 636 2877 2242 2967">
    <p class='ocr_par' dir='ltr' id='par_1_55' title="bbox 636 2877 2207 2967">
     <span class='ocr_line' id='line_1_56' title="bbox 636 2877 2207 2967; baseline -0.015 -14"><span class='ocrx_word' id='word_1_426' title='bbox 636 2877 853 2967; x_wconf 76' lang='lat' dir='ltr'><strong>semper</strong></span> <span class='ocrx_word' id='word_1_427' title='bbox 914 2895 1058 2951; x_wconf 92' lang='lat' dir='ltr'><strong>enim</strong></span> <span class='ocrx_word' id='word_1_428' title='bbox 1101 2903 1277 2947; x_wconf 90' lang='lat' dir='ltr'><strong>terror</strong></span> <span class='ocrx_word' id='word_1_429' title='bbox 1321 2888 1518 2945; x_wconf 87' lang='lat' dir='ltr'><strong>mortis</strong></span> <span class='ocrx_word' id='word_1_430' title='bbox 1559 2887 1815 2941; x_wconf 84' lang='lat' dir='ltr'><strong>tenebras</strong></span> <span class='ocrx_word' id='word_1_431' title='bbox 1871 2880 2105 2950; x_wconf 87' lang='lat' dir='ltr'><strong>ingerit,</strong></span> <span class='ocrx_word' id='word_1_432' title='bbox 2151 2886 2207 2930; x_wconf 81' lang='lat' dir='ltr'><strong>et</strong></span> 
     </span>
    </p>
   </div>
   <div class='ocr_carea' id='block_1_56' title="bbox 2240 2877 3846 2967">
    <p class='ocr_par' dir='ltr' id='par_1_56' title="bbox 2307 2877 3846 2958">
     <span class='ocr_line' id='line_1_57' title="bbox 2307 2877 3846 2958; baseline -0.014 -10"><span class='ocrx_word' id='word_1_433' title='bbox 2307 2893 2540 2953; x_wconf 84' lang='grc' dir='ltr'>ἐνιέντος</span> <span class='ocrx_word' id='word_1_434' title='bbox 2577 2887 2752 2958; x_wconf 73' lang='grc' dir='ltr'>ὄψεσι.</span> <span class='ocrx_word' id='word_1_435' title='bbox 2786 2885 2983 2947; x_wconf 89' lang='grc' dir='ltr'>Σκότος</span> <span class='ocrx_word' id='word_1_436' title='bbox 3011 2884 3123 2955; x_wconf 86' lang='grc' dir='ltr'>γὰρ</span> <span class='ocrx_word' id='word_1_437' title='bbox 3143 2884 3231 2936; x_wconf 73' lang='grc' dir='ltr'><strong>ἀεὶ</strong></span> <span class='ocrx_word' id='word_1_438' title='bbox 3243 2880 3338 2935; x_wconf 90' lang='grc' dir='ltr'><strong>τοῦ</strong></span> <span class='ocrx_word' id='word_1_439' title='bbox 3360 2880 3595 2934; x_wconf 83' lang='grc' dir='ltr'>θανάτου</span> <span class='ocrx_word' id='word_1_440' title='bbox 3623 2877 3681 2931; x_wconf 82' lang='grc' dir='ltr'><strong>τδ</strong></span> <span class='ocrx_word' id='word_1_441' title='bbox 3701 2878 3846 2945; x_wconf 80' lang='grc' dir='ltr'>δεῖμα,</span> 
     </span>
    </p>
   </div>
   <div class='ocr_carea' id='block_1_57' title="bbox 636 2967 2242 3062">
    <p class='ocr_par' dir='ltr' id='par_1_57' title="bbox 636 2972 2205 3062">
     <span class='ocr_line' id='line_1_58' title="bbox 636 2972 2205 3062; baseline -0.017 -12"><span class='ocrx_word' id='word_1_442' title='bbox 636 2990 944 3062; x_wconf 84' lang='lat' dir='ltr'><strong>improvisae</strong></span> <span class='ocrx_word' id='word_1_443' title='bbox 978 2984 1307 3060; x_wconf 78' lang='lat' dir='ltr'><strong>calamitatis</strong></span> <span class='ocrx_word' id='word_1_444' title='bbox 1336 2979 1647 3051; x_wconf 85' lang='lat' dir='ltr'><strong>magnitudo</strong></span> <span class='ocrx_word' id='word_1_445' title='bbox 1680 2984 1916 3031; x_wconf 91' lang='lat' dir='ltr'><strong>mentem</strong></span> <span class='ocrx_word' id='word_1_446' title='bbox 1963 2972 2205 3032; x_wconf 85' lang='lat' dir='ltr'><strong>hebetat,</strong></span> 
     </span>
    </p>
   </div>
   <div class='ocr_carea' id='block_1_58' title="bbox 2245 2967 3851 3062">
    <p class='ocr_par' dir='ltr' id='par_1_58' title="bbox 2308 2967 3851 3050">
     <span class='ocr_line' id='line_1_59' title="bbox 2308 2967 3851 3050; baseline -0.014 -9"><span class='ocrx_word' id='word_1_447' title='bbox 2308 2984 2403 3040; x_wconf 80' lang='grc' dir='ltr'>καὶ</span> <span class='ocrx_word' id='word_1_448' title='bbox 2430 2979 2773 3050; x_wconf 83' lang='grc' dir='ltr'>άπαμὸλύνει</span> <span class='ocrx_word' id='word_1_449' title='bbox 2819 2977 2910 3030; x_wconf 72' lang='grc' dir='ltr'><strong>τὸν</strong></span> <span class='ocrx_word' id='word_1_450' title='bbox 2948 2975 3074 3029; x_wconf 91' lang='grc' dir='ltr'>νοῦν</span> <span class='ocrx_word' id='word_1_451' title='bbox 3121 2975 3405 3045; x_wconf 76' lang='grc' dir='ltr'>συμφορᾶς</span> <span class='ocrx_word' id='word_1_452' title='bbox 3437 2972 3701 3041; x_wconf 81' lang='grc' dir='ltr'>ἀδοκήτου</span> <span class='ocrx_word' id='word_1_453' title='bbox 3725 2967 3851 3039; x_wconf 71' lang='grc' dir='ltr'>μέτε-ε</span> 
     </span>
    </p>
   </div>
   <div class='ocr_carea' id='block_1_59' title="bbox 634 3060 2240 3155">
    <p class='ocr_par' dir='ltr' id='par_1_59' title="bbox 634 3060 2207 3155">
     <span class='ocr_line' id='line_1_60' title="bbox 634 3060 2207 3155; baseline -0.018 -15"><span class='ocrx_word' id='word_1_454' title='bbox 634 3060 967 3155; x_wconf 77' lang='lat' dir='ltr'><strong>perindeque</strong></span> <span class='ocrx_word' id='word_1_455' title='bbox 1001 3087 1057 3130; x_wconf 91' lang='lat' dir='ltr'><strong>ut</strong></span> <span class='ocrx_word' id='word_1_456' title='bbox 1107 3074 1273 3130; x_wconf 88' lang='lat' dir='ltr'><strong>solem</strong></span> <span class='ocrx_word' id='word_1_457' title='bbox 1321 3068 1689 3125; x_wconf 87' lang='lat' dir='ltr'><strong>immensitate</strong></span> <span class='ocrx_word' id='word_1_458' title='bbox 1742 3062 2207 3136; x_wconf 88' lang='lat' dir='ltr'><strong>perturbationum</strong></span> 
     </span>
    </p>
   </div>
   <div class='ocr_carea' id='block_1_60' title="bbox 2244 3060 3850 3155">
    <p class='ocr_par' dir='ltr' id='par_1_60' title="bbox 2309 3060 3850 3140">
     <span class='ocr_line' id='line_1_61' title="bbox 2309 3060 3850 3140; baseline -0.012 -11"><span class='ocrx_word' id='word_1_459' title='bbox 2309 3075 2423 3140; x_wconf 86' lang='grc' dir='ltr'>θος,</span> <span class='ocrx_word' id='word_1_460' title='bbox 2452 3073 2547 3126; x_wconf 68' lang='grc' dir='ltr'>καὶ</span> <span class='ocrx_word' id='word_1_461' title='bbox 2581 3070 2770 3140; x_wconf 84' lang='grc' dir='ltr'>ὥσπερ</span> <span class='ocrx_word' id='word_1_462' title='bbox 2797 3068 2948 3140; x_wconf 78' lang='grc' dir='ltr'>ἥλιον</span> <span class='ocrx_word' id='word_1_463' title='bbox 2980 3065 3371 3136; x_wconf 84' lang='grc' dir='ltr'>καταμελαίνει</span> <span class='ocrx_word' id='word_1_464' title='bbox 3399 3064 3503 3136; x_wconf 76' lang='grc' dir='ltr'><strong>τήν</strong></span> <span class='ocrx_word' id='word_1_465' title='bbox 3529 3060 3745 3133; x_wconf 84' lang='grc' dir='ltr'>καρδίαν</span> <span class='ocrx_word' id='word_1_466' title='bbox 3763 3062 3850 3119; x_wconf 79' lang='grc' dir='ltr'>τοῖς</span> 
     </span>
    </p>
   </div>
   <div class='ocr_carea' id='block_1_61' title="bbox 638 3150 2244 3246">
    <p class='ocr_par' dir='ltr' id='par_1_61' title="bbox 638 3150 2244 3238">
     <span class='ocr_line' id='line_1_62' title="bbox 638 3150 2244 3238; baseline -0.016 -8"><span class='ocrx_word' id='word_1_467' title='bbox 638 3150 977 3230; x_wconf 65' lang='lat' dir='ltr'><strong>obscuritate</strong></span> <span class='ocrx_word' id='word_1_468' title='bbox 1005 3166 1199 3221; x_wconf 85' lang='lat' dir='ltr'><strong>inlicit.</strong></span> <span class='ocrx_word' id='word_1_469' title='bbox 1247 3161 1524 3217; x_wconf 88' lang='lat' dir='ltr'><strong>Clamasse</strong></span> <span class='ocrx_word' id='word_1_470' title='bbox 1571 3168 1750 3212; x_wconf 90' lang='lat' dir='ltr'><strong>autem</strong></span> <span class='ocrx_word' id='word_1_471' title='bbox 1788 3155 2074 3209; x_wconf 90' lang='lat' dir='ltr'><strong>Dominum</strong></span> <span class='ocrx_word' id='word_1_472' title='bbox 2121 3151 2205 3206; x_wconf 88' lang='lat' dir='ltr'><strong>di-</strong></span> <span class='ocrx_word' id='word_1_473' title='bbox 2238 3200 2244 3238; x_wconf 43' lang='lat'><em>‘</em></span> 
     </span>
    </p>
   </div>
   <div class='ocr_carea' id='block_1_62' title="bbox 2244 3150 3850 3246">
    <p class='ocr_par' dir='ltr' id='par_1_62' title="bbox 2244 3150 3850 3246">
     <span class='ocr_line' id='line_1_63' title="bbox 2244 3150 3850 3246; baseline -0.012 -25"><span class='ocrx_word' id='word_1_474' title='bbox 2244 3188 2280 3246; x_wconf 71' lang='grc' dir='ltr'><strong><em>ε</em></strong></span> <span class='ocrx_word' id='word_1_475' title='bbox 2314 3166 2452 3235; x_wconf 81' lang='grc' dir='ltr'>ὑπὲρ</span> <span class='ocrx_word' id='word_1_476' title='bbox 2477 3163 2671 3235; x_wconf 82' lang='grc' dir='ltr'>μέτρον</span> <span class='ocrx_word' id='word_1_477' title='bbox 2697 3161 2806 3214; x_wconf 81' lang='grc' dir='ltr'><strong>τῶν</strong></span> <span class='ocrx_word' id='word_1_478' title='bbox 2840 3157 3053 3214; x_wconf 83' lang='grc' dir='ltr'>παθῶν.</span> <span class='ocrx_word' id='word_1_479' title='bbox 3098 3154 3483 3227; x_wconf 80' lang='grc' dir='ltr'>Κεκράξεσθαι</span> <span class='ocrx_word' id='word_1_480' title='bbox 3530 3154 3588 3207; x_wconf 82' lang='grc' dir='ltr'><strong>δέ</strong></span> <span class='ocrx_word' id='word_1_481' title='bbox 3621 3169 3743 3222; x_wconf 86' lang='grc' dir='ltr'>φησι</span> <span class='ocrx_word' id='word_1_482' title='bbox 3781 3150 3850 3203; x_wconf 69' lang='grc' dir='ltr'>τὸν</span> 
     </span>
    </p>
   </div>
   <div class='ocr_carea' id='block_1_63' title="bbox 639 3242 2245 3332">
    <p class='ocr_par' dir='ltr' id='par_1_63' title="bbox 639 3242 2204 3332">
     <span class='ocr_line' id='line_1_64' title="bbox 639 3242 2204 3332; baseline -0.015 -13"><span class='ocrx_word' id='word_1_483' title='bbox 639 3266 732 3329; x_wconf 89' lang='lat' dir='ltr'><strong>cit,</strong></span> <span class='ocrx_word' id='word_1_484' title='bbox 768 3272 824 3315; x_wconf 93' lang='lat' dir='ltr'><strong>ut</strong></span> <span class='ocrx_word' id='word_1_485' title='bbox 857 3266 1177 3332; x_wconf 68' lang='lat' dir='ltr'><strong>prmaentem</strong></span> <span class='ocrx_word' id='word_1_486' title='bbox 1213 3294 1231 3320; x_wconf 94' lang='lat'><strong>,</strong></span> <span class='ocrx_word' id='word_1_487' title='bbox 1263 3262 1320 3308; x_wconf 90' lang='lat' dir='ltr'><strong>et</strong></span> <span class='ocrx_word' id='word_1_488' title='bbox 1369 3268 1474 3307; x_wconf 89' lang='lat' dir='ltr'><strong>una</strong></span> <span class='ocrx_word' id='word_1_489' title='bbox 1510 3249 1832 3305; x_wconf 82' lang='lat' dir='ltr'><strong>militantem</strong></span> <span class='ocrx_word' id='word_1_490' title='bbox 1873 3284 1889 3311; x_wconf 93' lang='lat'><strong>,</strong></span> <span class='ocrx_word' id='word_1_491' title='bbox 1940 3254 2102 3313; x_wconf 87' lang='lat' dir='ltr'><strong>atque</strong></span> <span class='ocrx_word' id='word_1_492' title='bbox 2151 3242 2204 3296; x_wconf 85' lang='lat' dir='ltr'><strong>in</strong></span> 
     </span>
    </p>
   </div>
   <div class='ocr_carea' id='block_1_64' title="bbox 2243 3242 3849 3332">
    <p class='ocr_par' dir='ltr' id='par_1_64' title="bbox 2247 3242 3849 3326">
     <span class='ocr_line' id='line_1_65' title="bbox 2247 3242 3849 3326; baseline -0.011 -16"><span class='ocrx_word' id='word_1_493' title='bbox 2247 3242 2279 3246; x_wconf 28' lang='grc' dir='ltr'>ᾗ</span> <span class='ocrx_word' id='word_1_494' title='bbox 2317 3255 2542 3326; x_wconf 80' lang='grc' dir='ltr'>Κύριον,</span> <span class='ocrx_word' id='word_1_495' title='bbox 2574 3253 2650 3316; x_wconf 83' lang='grc' dir='ltr'><strong>ὡς</strong></span> <span class='ocrx_word' id='word_1_496' title='bbox 2677 3250 2906 3305; x_wconf 84' lang='grc' dir='ltr'>συνόντα</span> <span class='ocrx_word' id='word_1_497' title='bbox 2929 3266 2989 3302; x_wconf 91' lang='grc' dir='ltr'><strong>τε</strong></span> <span class='ocrx_word' id='word_1_498' title='bbox 3040 3249 3137 3303; x_wconf 73' lang='grc' dir='ltr'>καὶ</span> <span class='ocrx_word' id='word_1_499' title='bbox 3165 3246 3591 3310; x_wconf 74' lang='grc' dir='ltr'>συνασπίζοντα,</span> <span class='ocrx_word' id='word_1_500' title='bbox 3619 3243 3703 3297; x_wconf 77' lang='grc' dir='ltr'>καὶ</span> <span class='ocrx_word' id='word_1_501' title='bbox 3725 3258 3849 3311; x_wconf 82' lang='grc' dir='ltr'>στρα-</span> 
     </span>
    </p>
   </div>
   <div class='ocr_carea' id='block_1_65' title="bbox 644 3331 2250 3416">
    <p class='ocr_par' dir='ltr' id='par_1_65' title="bbox 644 3331 2209 3409">
     <span class='ocr_line' id='line_1_66' title="bbox 644 3331 2209 3409; baseline -0.015 1"><span class='ocrx_word' id='word_1_502' title='bbox 644 3331 1042 3409; x_wconf 15' lang='grc' dir='ltr'>ιτιοτειῐιίιίυοίε</span> <span class='ocrx_word' id='word_1_503' title='bbox 1093 3346 1369 3403; x_wconf 87' lang='lat' dir='ltr'><strong>lsraelitas</strong></span> <span class='ocrx_word' id='word_1_504' title='bbox 1420 3343 1472 3396; x_wconf 91' lang='lat' dir='ltr'><strong>in</strong></span> <span class='ocrx_word' id='word_1_505' title='bbox 1537 3340 1881 3395; x_wconf 84' lang='lat' dir='ltr'><strong>adversarios</strong></span> <span class='ocrx_word' id='word_1_506' title='bbox 1929 3336 2209 3391; x_wconf 79' lang='lat' dir='ltr'><strong>incitasse.</strong></span> 
     </span>
    </p>
   </div>
   <div class='ocr_carea' id='block_1_66' title="bbox 2244 3331 3850 3416">
    <p class='ocr_par' dir='ltr' id='par_1_66' title="bbox 2316 3331 3850 3416">
     <span class='ocr_line' id='line_1_67' title="bbox 2316 3331 3850 3416; baseline -0.01 -17"><span class='ocrx_word' id='word_1_507' title='bbox 2316 3343 2486 3416; x_wconf 88' lang='grc' dir='ltr'>τηγοῦ</span> <span class='ocrx_word' id='word_1_508' title='bbox 2551 3342 2708 3412; x_wconf 87' lang='grc' dir='ltr'>δίκην</span> <span class='ocrx_word' id='word_1_509' title='bbox 2756 3342 2869 3404; x_wconf 80' lang='grc' dir='ltr'>τοῖς</span> <span class='ocrx_word' id='word_1_510' title='bbox 2909 3339 3171 3403; x_wconf 80' lang='grc' dir='ltr'>ἐναντίοις</span> <span class='ocrx_word' id='word_1_511' title='bbox 3226 3336 3594 3407; x_wconf 78' lang='grc' dir='ltr'>ἐποτρύνοντα</span> <span class='ocrx_word' id='word_1_512' title='bbox 3650 3333 3761 3394; x_wconf 77' lang='grc' dir='ltr'>τοὺς</span> <span class='ocrx_word' id='word_1_513' title='bbox 3806 3331 3850 3395; x_wconf 77' lang='grc' dir='ltr'>ἐξ</span> 
     </span>
    </p>
   </div>
   <div class='ocr_carea' id='block_1_67' title="bbox 649 3422 2255 3513">
    <p class='ocr_par' dir='ltr' id='par_1_67' title="bbox 649 3425 2210 3513">
     <span class='ocr_line' id='line_1_68' title="bbox 649 3425 2210 3513; baseline -0.014 -12"><span class='ocrx_word' id='word_1_514' title='bbox 649 3444 705 3501; x_wconf 77' lang='grc' dir='ltr'>ιη</span> <span class='ocrx_word' id='word_1_515' title='bbox 760 3442 950 3513; x_wconf 88' lang='lat' dir='ltr'><strong>primis</strong></span> <span class='ocrx_word' id='word_1_516' title='bbox 999 3452 1127 3494; x_wconf 91' lang='lat' dir='ltr'><strong>vero</strong></span> <span class='ocrx_word' id='word_1_517' title='bbox 1175 3436 1229 3491; x_wconf 90' lang='lat' dir='ltr'><strong>in</strong></span> <span class='ocrx_word' id='word_1_518' title='bbox 1276 3432 1675 3490; x_wconf 89' lang='lat' dir='ltr'><strong>resurrectione</strong></span> <span class='ocrx_word' id='word_1_519' title='bbox 1715 3428 1939 3486; x_wconf 83' lang='lat' dir='ltr'><strong>immani</strong></span> <span class='ocrx_word' id='word_1_520' title='bbox 1995 3425 2210 3497; x_wconf 82' lang='lat' dir='ltr'><strong>generis</strong></span> 
     </span>
    </p>
   </div>
   <div class='ocr_carea' id='block_1_68' title="bbox 2244 3422 3850 3513">
    <p class='ocr_par' dir='ltr' id='par_1_68' title="bbox 2331 3422 3850 3507">
     <span class='ocr_line' id='line_1_69' title="bbox 2331 3422 3850 3507; baseline -0.01 -17"><span class='ocrx_word' id='word_1_521' title='bbox 2331 3434 2567 3507; x_wconf 83' lang='grc' dir='ltr'>Ἰσραήλ.</span> <span class='ocrx_word' id='word_1_522' title='bbox 2615 3432 2821 3502; x_wconf 85' lang='grc' dir='ltr'>Πρέποι</span> <span class='ocrx_word' id='word_1_523' title='bbox 2862 3430 2907 3483; x_wconf 86' lang='grc' dir='ltr'>δ’</span> <span class='ocrx_word' id='word_1_524' title='bbox 2935 3429 3002 3484; x_wconf 80' lang='grc' dir='ltr'>ἂν</span> <span class='ocrx_word' id='word_1_525' title='bbox 3037 3430 3269 3501; x_wconf 89' lang='grc' dir='ltr'>μάλιστα</span> <span class='ocrx_word' id='word_1_526' title='bbox 3300 3427 3384 3497; x_wconf 80' lang='grc' dir='ltr'>τῷ</span> <span class='ocrx_word' id='word_1_527' title='bbox 3418 3428 3519 3497; x_wconf 83' lang='grc' dir='ltr'>τῆς</span> <span class='ocrx_word' id='word_1_528' title='bbox 3546 3422 3850 3483; x_wconf 78' lang='grc' dir='ltr'>ἀναστάσεως</span> 
     </span>
    </p>
   </div>
   <div class='ocr_carea' id='block_1_69' title="bbox 638 3513 2244 3597">
    <p class='ocr_par' dir='ltr' id='par_1_69' title="bbox 638 3519 2213 3589">
     <span class='ocr_line' id='line_1_70' title="bbox 638 3519 2213 3589; baseline -0.015 0"><span class='ocrx_word' id='word_1_529' title='bbox 638 3534 916 3589; x_wconf 89' lang='lat' dir='ltr'><strong>Christum</strong></span> <span class='ocrx_word' id='word_1_530' title='bbox 974 3528 1120 3584; x_wconf 88' lang='lat' dir='ltr'><strong>velut</strong></span> <span class='ocrx_word' id='word_1_531' title='bbox 1168 3540 1237 3581; x_wconf 79' lang='lat' dir='ltr'><strong>ex</strong></span> <span class='ocrx_word' id='word_1_532' title='bbox 1272 3524 1401 3579; x_wconf 84' lang='lat' dir='ltr'><strong>Sion</strong></span> <span class='ocrx_word' id='word_1_533' title='bbox 1449 3522 1806 3578; x_wconf 87' lang='lat' dir='ltr'><strong>clamaturum</strong></span> <span class='ocrx_word' id='word_1_534' title='bbox 1858 3519 2040 3573; x_wconf 90' lang='lat' dir='ltr'><strong>dicere</strong></span> <span class='ocrx_word' id='word_1_535' title='bbox 2080 3531 2213 3570; x_wconf 86' lang='lat' dir='ltr'><strong>con-</strong></span> 
     </span>
    </p>
   </div>
   <div class='ocr_carea' id='block_1_70' title="bbox 2243 3513 3849 3597">
    <p class='ocr_par' dir='ltr' id='par_1_70' title="bbox 2321 3513 3849 3597">
     <span class='ocr_line' id='line_1_71' title="bbox 2321 3513 3849 3597; baseline -0.01 -17"><span class='ocrx_word' id='word_1_536' title='bbox 2321 3524 2496 3597; x_wconf 79' lang='grc' dir='ltr'>καιρῷ</span> <span class='ocrx_word' id='word_1_537' title='bbox 2520 3524 2581 3578; x_wconf 86' lang='grc' dir='ltr'>τὸ</span> <span class='ocrx_word' id='word_1_538' title='bbox 2608 3523 2774 3595; x_wconf 84' lang='grc' dir='ltr'>φάναι</span> <span class='ocrx_word' id='word_1_539' title='bbox 2792 3521 2882 3575; x_wconf 79' lang='grc' dir='ltr'>τὸν</span> <span class='ocrx_word' id='word_1_540' title='bbox 2910 3520 3135 3590; x_wconf 81' lang='grc' dir='ltr'>Κύριον,</span> <span class='ocrx_word' id='word_1_541' title='bbox 3162 3517 3237 3583; x_wconf 87' lang='grc' dir='ltr'>ὡς</span> <span class='ocrx_word' id='word_1_542' title='bbox 3265 3519 3330 3570; x_wconf 86' lang='grc' dir='ltr'><strong>ἐκ</strong></span> <span class='ocrx_word' id='word_1_543' title='bbox 3359 3516 3501 3571; x_wconf 88' lang='grc' dir='ltr'>Σιὼν</span> <span class='ocrx_word' id='word_1_544' title='bbox 3524 3513 3849 3585; x_wconf 77' lang='grc' dir='ltr'>άνακεκράξε-</span> 
     </span>
    </p>
   </div>
   <div class='ocr_carea' id='block_1_71' title="bbox 640 3602 2246 3687">
    <p class='ocr_par' dir='ltr' id='par_1_71' title="bbox 640 3606 2212 3687">
     <span class='ocr_line' id='line_1_72' title="bbox 640 3606 2212 3687; baseline -0.012 -10"><span class='ocrx_word' id='word_1_545' title='bbox 640 3622 809 3679; x_wconf 89' lang='lat' dir='ltr'><strong>venit.</strong></span> <span class='ocrx_word' id='word_1_546' title='bbox 858 3620 991 3675; x_wconf 85' lang='lat' dir='ltr'><strong>Nam</strong></span> <span class='ocrx_word' id='word_1_547' title='bbox 1019 3659 1037 3687; x_wconf 90' lang='lat'><strong>,</strong></span> <span class='ocrx_word' id='word_1_548' title='bbox 1072 3626 1130 3671; x_wconf 89' lang='lat' dir='ltr'><strong>ut</strong></span> <span class='ocrx_word' id='word_1_549' title='bbox 1177 3616 1380 3673; x_wconf 86' lang='lat' dir='ltr'><strong>Paulus</strong></span> <span class='ocrx_word' id='word_1_550' title='bbox 1428 3614 1505 3668; x_wconf 91' lang='lat' dir='ltr'><strong>ait</strong></span> <span class='ocrx_word' id='word_1_551' title='bbox 1556 3631 1571 3669; x_wconf 87' lang='lat'><strong>:</strong></span> <span class='ocrx_word' id='word_1_552' title='bbox 1614 3630 1634 3663; x_wconf 76' lang='grc' dir='ltr'><strong>ι</strong></span> <span class='ocrx_word' id='word_1_553' title='bbox 1688 3610 1808 3681; x_wconf 91' lang='lat' dir='ltr'><strong>lpse</strong></span> <span class='ocrx_word' id='word_1_554' title='bbox 1850 3607 2112 3663; x_wconf 82' lang='lat' dir='ltr'><strong>Dominus</strong></span> <span class='ocrx_word' id='word_1_555' title='bbox 2160 3606 2212 3659; x_wconf 93' lang='lat' dir='ltr'><strong>in</strong></span> 
     </span>
    </p>
   </div>
   <div class='ocr_carea' id='block_1_72' title="bbox 2248 3602 3854 3687">
    <p class='ocr_par' dir='ltr' id='par_1_72' title="bbox 2320 3602 3854 3680">
     <span class='ocr_line' id='line_1_73' title="bbox 2320 3602 3854 3680; baseline -0.009 -13"><span class='ocrx_word' id='word_1_556' title='bbox 2320 3632 2431 3672; x_wconf 85' lang='grc' dir='ltr'>ται.</span> <span class='ocrx_word' id='word_1_557' title='bbox 2465 3613 2587 3667; x_wconf 81' lang='grc' dir='ltr'>Ὅτι</span> <span class='ocrx_word' id='word_1_558' title='bbox 2617 3609 2796 3675; x_wconf 85' lang='grc' dir='ltr'>καθώς</span> <span class='ocrx_word' id='word_1_559' title='bbox 2826 3625 2959 3680; x_wconf 86' lang='grc' dir='ltr'>φησι</span> <span class='ocrx_word' id='word_1_560' title='bbox 3004 3607 3238 3670; x_wconf 80' lang='grc' dir='ltr'>Παῦλος,</span> <span class='ocrx_word' id='word_1_561' title='bbox 3287 3624 3306 3656; x_wconf 72' lang='grc' dir='ltr'><strong><em>ε</em></strong></span> <span class='ocrx_word' id='word_1_562' title='bbox 3329 3605 3505 3669; x_wconf 69' lang='grc' dir='ltr'>Αὐτὸς</span> <span class='ocrx_word' id='word_1_563' title='bbox 3536 3607 3565 3659; x_wconf 84' lang='grc' dir='ltr'>ὁ</span> <span class='ocrx_word' id='word_1_564' title='bbox 3608 3603 3787 3673; x_wconf 78' lang='grc' dir='ltr'>Κύριος</span> <span class='ocrx_word' id='word_1_565' title='bbox 3810 3602 3854 3654; x_wconf 76' lang='grc' dir='ltr'><strong>ἐν</strong></span> 
     </span>
    </p>
   </div>
   <div class='ocr_carea' id='block_1_73' title="bbox 640 3693 2246 3789">
    <p class='ocr_par' dir='ltr' id='par_1_73' title="bbox 640 3697 2215 3789">
     <span class='ocr_line' id='line_1_74' title="bbox 640 3697 2215 3789; baseline -0.012 -20"><span class='ocrx_word' id='word_1_566' title='bbox 640 3717 822 3789; x_wconf 82' lang='lat' dir='ltr'><strong>jussu,</strong></span> <span class='ocrx_word' id='word_1_567' title='bbox 850 3721 905 3769; x_wconf 91' lang='lat' dir='ltr'><strong>et</strong></span> <span class='ocrx_word' id='word_1_568' title='bbox 939 3712 993 3766; x_wconf 91' lang='lat' dir='ltr'><strong>in</strong></span> <span class='ocrx_word' id='word_1_569' title='bbox 1043 3722 1176 3764; x_wconf 90' lang='lat' dir='ltr'><strong>voce</strong></span> <span class='ocrx_word' id='word_1_570' title='bbox 1225 3705 1564 3775; x_wconf 83' lang='lat' dir='ltr'><strong>archangeli,</strong></span> <span class='ocrx_word' id='word_1_571' title='bbox 1615 3713 1668 3759; x_wconf 91' lang='lat' dir='ltr'><strong>et</strong></span> <span class='ocrx_word' id='word_1_572' title='bbox 1716 3703 1770 3757; x_wconf 86' lang='lat' dir='ltr'><strong>in</strong></span> <span class='ocrx_word' id='word_1_573' title='bbox 1812 3702 1936 3756; x_wconf 83' lang='lat' dir='ltr'><strong>tuba</strong></span> <span class='ocrx_word' id='word_1_574' title='bbox 1990 3698 2079 3754; x_wconf 87' lang='lat' dir='ltr'><strong>Dei</strong></span> <span class='ocrx_word' id='word_1_575' title='bbox 2119 3697 2215 3751; x_wconf 87' lang='lat' dir='ltr'><strong>de-</strong></span> 
     </span>
    </p>
   </div>
   <div class='ocr_carea' id='block_1_74' title="bbox 2247 3693 3853 3789">
    <p class='ocr_par' dir='ltr' id='par_1_74' title="bbox 2322 3693 3853 3774">
     <span class='ocr_line' id='line_1_75' title="bbox 2322 3693 3853 3774; baseline -0.009 -17"><span class='ocrx_word' id='word_1_576' title='bbox 2322 3702 2674 3774; x_wconf 79' lang='grc' dir='ltr'>κελεύσματι,</span> <span class='ocrx_word' id='word_1_577' title='bbox 2698 3701 2792 3755; x_wconf 74' lang='grc' dir='ltr'>καὶ</span> <span class='ocrx_word' id='word_1_578' title='bbox 2811 3702 2867 3753; x_wconf 84' lang='grc' dir='ltr'><strong>ἐν</strong></span> <span class='ocrx_word' id='word_1_579' title='bbox 2890 3699 3040 3769; x_wconf 82' lang='grc' dir='ltr'>φωνῇ</span> <span class='ocrx_word' id='word_1_580' title='bbox 3064 3696 3427 3768; x_wconf 76' lang='grc' dir='ltr'>ἀρχαγγέλου,</span> <span class='ocrx_word' id='word_1_581' title='bbox 3449 3694 3545 3748; x_wconf 74' lang='grc' dir='ltr'>καὶ</span> <span class='ocrx_word' id='word_1_582' title='bbox 3563 3695 3620 3748; x_wconf 80' lang='grc' dir='ltr'><strong>ἐν</strong></span> <span class='ocrx_word' id='word_1_583' title='bbox 3640 3693 3853 3758; x_wconf 82' lang='grc' dir='ltr'>σάλπιγγι</span> 
     </span>
    </p>
   </div>
   <div class='ocr_carea' id='block_1_75' title="bbox 650 3783 2256 3867">
    <p class='ocr_par' dir='ltr' id='par_1_75' title="bbox 650 3783 2216 3867">
     <span class='ocr_line' id='line_1_76' title="bbox 650 3783 2216 3867; baseline -0.013 -3"><span class='ocrx_word' id='word_1_584' title='bbox 650 3783 873 3865; x_wconf 75' lang='lat' dir='ltr'><strong>scendet</strong></span> <span class='ocrx_word' id='word_1_585' title='bbox 904 3804 971 3859; x_wconf 89' lang='lat' dir='ltr'><strong>de</strong></span> <span class='ocrx_word' id='word_1_586' title='bbox 993 3801 1152 3867; x_wconf 65' lang='lat' dir='ltr'><strong>caelo,</strong></span> <span class='ocrx_word' id='word_1_587' title='bbox 1183 3808 1238 3855; x_wconf 90' lang='lat' dir='ltr'><strong>et</strong></span> <span class='ocrx_word' id='word_1_588' title='bbox 1267 3798 1469 3854; x_wconf 85' lang='lat' dir='ltr'><strong>mortui</strong></span> <span class='ocrx_word' id='word_1_589' title='bbox 1523 3797 1617 3866; x_wconf 90' lang='lat' dir='ltr'><strong>qui</strong></span> <span class='ocrx_word' id='word_1_590' title='bbox 1671 3795 1724 3850; x_wconf 92' lang='lat' dir='ltr'><strong>in</strong></span> <span class='ocrx_word' id='word_1_591' title='bbox 1775 3792 1994 3849; x_wconf 87' lang='lat' dir='ltr'><strong>Christo</strong></span> <span class='ocrx_word' id='word_1_592' title='bbox 2047 3800 2216 3855; x_wconf 88' lang='lat' dir='ltr'><strong>sunt,</strong></span> 
     </span>
    </p>
   </div>
   <div class='ocr_carea' id='block_1_76' title="bbox 2247 3783 3853 3867">
    <p class='ocr_par' dir='ltr' id='par_1_76' title="bbox 2324 3783 3853 3863">
     <span class='ocr_line' id='line_1_77' title="bbox 2324 3783 3853 3863; baseline -0.009 -15"><span class='ocrx_word' id='word_1_593' title='bbox 2324 3794 2458 3848; x_wconf 87' lang='grc' dir='ltr'>Θεοῦ</span> <span class='ocrx_word' id='word_1_594' title='bbox 2506 3790 2875 3863; x_wconf 76' lang='grc' dir='ltr'>καταϐήσεται</span> <span class='ocrx_word' id='word_1_595' title='bbox 2921 3792 3016 3846; x_wconf 80' lang='grc' dir='ltr'><strong>ἀπ’</strong></span> <span class='ocrx_word' id='word_1_596' title='bbox 3059 3788 3316 3862; x_wconf 83' lang='grc' dir='ltr'>οὐρανοῦ,</span> <span class='ocrx_word' id='word_1_597' title='bbox 3372 3787 3468 3841; x_wconf 74' lang='grc' dir='ltr'>καὶ</span> <span class='ocrx_word' id='word_1_598' title='bbox 3513 3788 3565 3839; x_wconf 75' lang='grc' dir='ltr'>οἱ</span> <span class='ocrx_word' id='word_1_599' title='bbox 3611 3783 3772 3854; x_wconf 76' lang='grc' dir='ltr'>νεκροὶ</span> <span class='ocrx_word' id='word_1_600' title='bbox 3811 3783 3853 3833; x_wconf 82' lang='grc' dir='ltr'>ὲν</span> 
     </span>
    </p>
   </div>
   <div class='ocr_carea' id='block_1_77' title="bbox 645 3873 2251 3965">
    <p class='ocr_par' dir='ltr' id='par_1_77' title="bbox 645 3882 2218 3965">
     <span class='ocr_line' id='line_1_78' title="bbox 645 3882 2218 3965; baseline -0.012 -9"><span class='ocrx_word' id='word_1_601' title='bbox 645 3904 932 3965; x_wconf 74' lang='lat' dir='ltr'><strong>resurgeut</strong></span> <span class='ocrx_word' id='word_1_602' title='bbox 985 3891 1304 3963; x_wconf 85' lang='lat' dir='ltr'><strong>incorrupti.</strong></span> <span class='ocrx_word' id='word_1_603' title='bbox 1338 3889 1407 3948; x_wconf 81' lang='grc'><strong>⁷⁸.</strong></span> <span class='ocrx_word' id='word_1_604' title='bbox 1472 3907 1492 3942; x_wconf 74' lang='grc' dir='ltr'><strong>ι</strong></span> <span class='ocrx_word' id='word_1_605' title='bbox 1539 3887 1653 3943; x_wconf 87' lang='lat' dir='ltr'><strong>Hoc</strong></span> <span class='ocrx_word' id='word_1_606' title='bbox 1723 3895 1780 3942; x_wconf 94' lang='lat' dir='ltr'><strong>et</strong></span> <span class='ocrx_word' id='word_1_607' title='bbox 1852 3884 1939 3940; x_wconf 83' lang='lat' dir='ltr'><strong>lex</strong></span> <span class='ocrx_word' id='word_1_608' title='bbox 2017 3882 2218 3954; x_wconf 81' lang='lat' dir='ltr'><strong>Moysis</strong></span> 
     </span>
    </p>
   </div>
   <div class='ocr_carea' id='block_1_78' title="bbox 2246 3873 3852 3965">
    <p class='ocr_par' dir='ltr' id='par_1_78' title="bbox 2323 3873 3852 3954">
     <span class='ocr_line' id='line_1_79' title="bbox 2323 3873 3852 3954; baseline -0.008 -18"><span class='ocrx_word' id='word_1_609' title='bbox 2323 3880 2544 3954; x_wconf 79' lang='grc' dir='ltr'>Χριστῷ</span> <span class='ocrx_word' id='word_1_610' title='bbox 2569 3881 2955 3952; x_wconf 74' lang='grc' dir='ltr'>ἐγερθήσονται</span> <span class='ocrx_word' id='word_1_611' title='bbox 2985 3879 3275 3950; x_wconf 75' lang='grc' dir='ltr'>ἄφθαρτοι.</span> <span class='ocrx_word' id='word_1_612' title='bbox 3300 3895 3319 3927; x_wconf 77' lang='grc' dir='ltr'><strong>ι</strong></span> <span class='ocrx_word' id='word_1_613' title='bbox 3360 3876 3536 3930; x_wconf 88' lang='grc' dir='ltr'>Τοῦτο</span> <span class='ocrx_word' id='word_1_614' title='bbox 3580 3876 3671 3930; x_wconf 77' lang='grc' dir='ltr'>καὶ</span> <span class='ocrx_word' id='word_1_615' title='bbox 3697 3876 3723 3927; x_wconf 80' lang='grc' dir='ltr'><strong>ὁ</strong></span> <span class='ocrx_word' id='word_1_616' title='bbox 3746 3873 3852 3926; x_wconf 72' lang='grc' dir='ltr'><strong>Μω-</strong></span> 
     </span>
    </p>
   </div>
   <div class='ocr_carea' id='block_1_79' title="bbox 644 3963 2250 4047">
    <p class='ocr_par' dir='ltr' id='par_1_79' title="bbox 644 3977 2217 4047">
     <span class='ocr_line' id='line_1_80' title="bbox 644 3977 2217 4047; baseline -0.011 0"><span class='ocrx_word' id='word_1_617' title='bbox 644 3985 1011 4047; x_wconf 62' lang='grc' dir='ltr'>ιεόοηὼιπανίι.</span> <span class='ocrx_word' id='word_1_618' title='bbox 1047 3983 1219 4040; x_wconf 79' lang='lat' dir='ltr'><strong>Jnssit</strong></span> <span class='ocrx_word' id='word_1_619' title='bbox 1246 3983 1391 4037; x_wconf 89' lang='lat' dir='ltr'><strong>enim</strong></span> <span class='ocrx_word' id='word_1_620' title='bbox 1416 3981 1470 4035; x_wconf 92' lang='lat' dir='ltr'><strong>in</strong></span> <span class='ocrx_word' id='word_1_621' title='bbox 1507 3977 1790 4034; x_wconf 87' lang='lat' dir='ltr'><strong>neomenia</strong></span> <span class='ocrx_word' id='word_1_622' title='bbox 1843 3977 1969 4031; x_wconf 88' lang='lat' dir='ltr'><strong>tuba</strong></span> <span class='ocrx_word' id='word_1_623' title='bbox 2015 3989 2217 4031; x_wconf 89' lang='lat' dir='ltr'><strong>canere</strong></span> 
     </span>
    </p>
   </div>
   <div class='ocr_carea' id='block_1_80' title="bbox 2247 3963 3853 4047">
    <p class='ocr_par' dir='ltr' id='par_1_80' title="bbox 2327 3963 3853 4042">
     <span class='ocr_line' id='line_1_81' title="bbox 2327 3963 3853 4042; baseline -0.009 -15"><span class='ocrx_word' id='word_1_624' title='bbox 2327 3972 2463 4036; x_wconf 86' lang='grc' dir='ltr'><strong>σέως</strong></span> <span class='ocrx_word' id='word_1_625' title='bbox 2496 3971 2657 4042; x_wconf 84' lang='grc' dir='ltr'>νόμος</span> <span class='ocrx_word' id='word_1_626' title='bbox 2687 3970 3085 4040; x_wconf 84' lang='grc' dir='ltr'>προανετύπου.</span> <span class='ocrx_word' id='word_1_627' title='bbox 3126 3968 3373 4022; x_wconf 85' lang='grc' dir='ltr'>Ἐκέλευε</span> <span class='ocrx_word' id='word_1_628' title='bbox 3400 3968 3510 4038; x_wconf 83' lang='grc' dir='ltr'><strong>γὰρ</strong></span> <span class='ocrx_word' id='word_1_629' title='bbox 3550 3969 3609 4019; x_wconf 91' lang='grc' dir='ltr'><strong>ἐν</strong></span> <span class='ocrx_word' id='word_1_630' title='bbox 3641 3963 3853 4035; x_wconf 62' lang='grc' dir='ltr'>νεομηνία</span> 
     </span>
    </p>
   </div>
   <div class='ocr_carea' id='block_1_81' title="bbox 646 4055 2252 4140">
    <p class='ocr_par' dir='ltr' id='par_1_81' title="bbox 646 4064 2218 4140">
     <span class='ocr_line' id='line_1_82' title="bbox 646 4064 2218 4140; baseline -0.012 -1"><span class='ocrx_word' id='word_1_631' title='bbox 646 4079 1011 4139; x_wconf 83' lang='lat' dir='ltr'><strong>Israelitas“.</strong></span> <span class='ocrx_word' id='word_1_632' title='bbox 1087 4076 1155 4131; x_wconf 90' lang='lat' dir='ltr'><strong>Et</strong></span> <span class='ocrx_word' id='word_1_633' title='bbox 1225 4072 1509 4129; x_wconf 90' lang='lat' dir='ltr'><strong>neomenia</strong></span> <span class='ocrx_word' id='word_1_634' title='bbox 1558 4070 1775 4140; x_wconf 89' lang='lat' dir='ltr'><strong>quidem</strong></span> <span class='ocrx_word' id='word_1_635' title='bbox 1833 4068 2002 4139; x_wconf 74' lang='lat' dir='ltr'><strong>ﬁgura</strong></span> <span class='ocrx_word' id='word_1_636' title='bbox 2050 4064 2218 4121; x_wconf 79' lang='lat' dir='ltr'><strong>futuri</strong></span> 
     </span>
    </p>
   </div>
   <div class='ocr_carea' id='block_1_82' title="bbox 2246 4055 3852 4140">
    <p class='ocr_par' dir='ltr' id='par_1_82' title="bbox 2329 4055 3852 4132">
     <span class='ocr_line' id='line_1_83' title="bbox 2329 4055 3852 4132; baseline -0.007 -15"><span class='ocrx_word' id='word_1_637' title='bbox 2329 4061 2609 4126; x_wconf 78' lang='grc' dir='ltr'>σαλπίζειν</span> <span class='ocrx_word' id='word_1_638' title='bbox 2641 4062 2766 4124; x_wconf 80' lang='grc' dir='ltr'>τοὺς</span> <span class='ocrx_word' id='word_1_639' title='bbox 2798 4061 2858 4125; x_wconf 78' lang='grc' dir='ltr'>ἐξ</span> <span class='ocrx_word' id='word_1_640' title='bbox 2894 4060 3133 4132; x_wconf 78' lang='grc' dir='ltr'>Ἰσραήλ.</span> <span class='ocrx_word' id='word_1_641' title='bbox 3178 4058 3290 4112; x_wconf 77' lang='grc' dir='ltr'><strong>Καὶ</strong></span> <span class='ocrx_word' id='word_1_642' title='bbox 3322 4058 3585 4128; x_wconf 89' lang='grc' dir='ltr'>νεομηνία</span> <span class='ocrx_word' id='word_1_643' title='bbox 3612 4058 3704 4128; x_wconf 82' lang='grc' dir='ltr'>μὲν</span> <span class='ocrx_word' id='word_1_644' title='bbox 3723 4055 3852 4114; x_wconf 75' lang='grc' dir='ltr'>τύπος</span> 
     </span>
    </p>
   </div>
   <div class='ocr_carea' id='block_1_83' title="bbox 649 4148 2255 4233">
    <p class='ocr_par' dir='ltr' id='par_1_83' title="bbox 649 4156 2219 4233">
     <span class='ocr_line' id='line_1_84' title="bbox 649 4156 2219 4233; baseline -0.015 -1"><span class='ocrx_word' id='word_1_645' title='bbox 649 4191 715 4232; x_wconf 81' lang='lat' dir='ltr'><strong>ac</strong></span> <span class='ocrx_word' id='word_1_646' title='bbox 763 4173 888 4229; x_wconf 86' lang='lat' dir='ltr'><strong>nevi</strong></span> <span class='ocrx_word' id='word_1_647' title='bbox 932 4169 1114 4228; x_wconf 83' lang='lat' dir='ltr'><strong>saeculi</strong></span> <span class='ocrx_word' id='word_1_648' title='bbox 1174 4166 1455 4223; x_wconf 87' lang='lat' dir='ltr'><strong>evidenter</strong></span> <span class='ocrx_word' id='word_1_649' title='bbox 1523 4170 1702 4233; x_wconf 87' lang='lat' dir='ltr'><strong>potest</strong></span> <span class='ocrx_word' id='word_1_650' title='bbox 1753 4159 2002 4229; x_wconf 79' lang='lat' dir='ltr'><strong>intelligl.</strong></span> <span class='ocrx_word' id='word_1_651' title='bbox 2066 4156 2219 4212; x_wconf 85' lang='lat' dir='ltr'><strong>Tuba</strong></span> 
     </span>
    </p>
   </div>
   <div class='ocr_carea' id='block_1_84' title="bbox 2244 4148 3850 4233">
    <p class='ocr_par' dir='ltr' id='par_1_84' title="bbox 2328 4148 3850 4223">
     <span class='ocr_line' id='line_1_85' title="bbox 2328 4148 3850 4223; baseline -0.005 -13"><span class='ocrx_word' id='word_1_652' title='bbox 2328 4155 2394 4210; x_wconf 81' lang='grc' dir='ltr'>ἂν</span> <span class='ocrx_word' id='word_1_653' title='bbox 2421 4157 2612 4218; x_wconf 89' lang='grc' dir='ltr'>νοοῖτο,</span> <span class='ocrx_word' id='word_1_654' title='bbox 2663 4153 2758 4207; x_wconf 81' lang='grc' dir='ltr'>καὶ</span> <span class='ocrx_word' id='word_1_655' title='bbox 2789 4152 2936 4222; x_wconf 86' lang='grc' dir='ltr'>μάλα</span> <span class='ocrx_word' id='word_1_656' title='bbox 2979 4151 3177 4223; x_wconf 79' lang='grc' dir='ltr'>σαφὴς,</span> <span class='ocrx_word' id='word_1_657' title='bbox 3226 4148 3423 4210; x_wconf 80' lang='grc' dir='ltr'>αἰῶνος</span> <span class='ocrx_word' id='word_1_658' title='bbox 3453 4148 3551 4203; x_wconf 86' lang='grc' dir='ltr'><strong>τοῦ</strong></span> <span class='ocrx_word' id='word_1_659' title='bbox 3593 4148 3850 4219; x_wconf 79' lang='grc' dir='ltr'>μέλλοντος.</span> 
     </span>
    </p>
   </div>
   <div class='ocr_carea' id='block_1_85' title="bbox 648 4235 2254 4331">
    <p class='ocr_par' dir='ltr' id='par_1_85' title="bbox 648 4248 2220 4331">
     <span class='ocr_line' id='line_1_86' title="bbox 648 4248 2220 4331; baseline -0.014 -8"><span class='ocrx_word' id='word_1_660' title='bbox 648 4275 834 4322; x_wconf 76' lang='lat' dir='ltr'><strong>autem</strong></span> <span class='ocrx_word' id='word_1_661' title='bbox 900 4262 1055 4319; x_wconf 84' lang='lat' dir='ltr'><strong>vocis</strong></span> <span class='ocrx_word' id='word_1_662' title='bbox 1106 4255 1449 4331; x_wconf 76' lang='lat' dir='ltr'><strong>penetrantia</strong></span> <span class='ocrx_word' id='word_1_663' title='bbox 1478 4254 1663 4309; x_wconf 87' lang='lat' dir='ltr'><strong>omnia</strong></span> <span class='ocrx_word' id='word_1_664' title='bbox 1693 4291 1711 4318; x_wconf 95' lang='lat'><strong>,</strong></span> <span class='ocrx_word' id='word_1_665' title='bbox 1757 4249 2093 4321; x_wconf 85' lang='lat' dir='ltr'><strong>archangeli,</strong></span> <span class='ocrx_word' id='word_1_666' title='bbox 2139 4248 2220 4303; x_wconf 86' lang='lat' dir='ltr'><strong>in-</strong></span> 
     </span>
    </p>
   </div>
   <div class='ocr_carea' id='block_1_86' title="bbox 2247 4235 3853 4331">
    <p class='ocr_par' dir='ltr' id='par_1_86' title="bbox 2327 4235 3853 4314">
     <span class='ocr_line' id='line_1_87' title="bbox 2327 4235 3853 4314; baseline -0.005 -12"><span class='ocrx_word' id='word_1_667' title='bbox 2327 4248 2422 4302; x_wconf 75' lang='grc' dir='ltr'>καὶ</span> <span class='ocrx_word' id='word_1_668' title='bbox 2460 4247 2580 4300; x_wconf 88' lang='grc' dir='ltr'>νέου</span> <span class='ocrx_word' id='word_1_669' title='bbox 2611 4245 2753 4299; x_wconf 84' lang='grc' dir='ltr'>κατὰ</span> <span class='ocrx_word' id='word_1_670' title='bbox 2786 4244 2876 4297; x_wconf 83' lang='grc' dir='ltr'>τὸν</span> <span class='ocrx_word' id='word_1_671' title='bbox 2907 4242 3144 4314; x_wconf 84' lang='grc' dir='ltr'>πρῶτον.</span> <span class='ocrx_word' id='word_1_672' title='bbox 3188 4241 3254 4295; x_wconf 84' lang='grc' dir='ltr'><strong>Ἦ</strong></span> <span class='ocrx_word' id='word_1_673' title='bbox 3299 4242 3357 4295; x_wconf 85' lang='grc' dir='ltr'><strong>δέ</strong></span> <span class='ocrx_word' id='word_1_674' title='bbox 3398 4256 3463 4310; x_wconf 91' lang='grc' dir='ltr'><strong>γε</strong></span> <span class='ocrx_word' id='word_1_675' title='bbox 3511 4238 3749 4305; x_wconf 79' lang='grc' dir='ltr'>σάλπιγξ.</span> <span class='ocrx_word' id='word_1_676' title='bbox 3781 4235 3853 4304; x_wconf 76' lang='grc' dir='ltr'><strong>τῆς</strong></span> 
     </span>
    </p>
   </div>
   <div class='ocr_carea' id='block_1_87' title="bbox 648 4327 2254 4429">
    <p class='ocr_par' dir='ltr' id='par_1_87' title="bbox 648 4327 2221 4429">
     <span class='ocr_line' id='line_1_88' title="bbox 648 4327 2221 4429; baseline -0.012 -16"><span class='ocrx_word' id='word_1_677' title='bbox 648 4373 837 4429; x_wconf 58' lang='lat' dir='ltr'><strong>quam,</strong></span> <span class='ocrx_word' id='word_1_678' title='bbox 858 4370 1018 4427; x_wconf 93' lang='lat' dir='ltr'><strong>quem</strong></span> <span class='ocrx_word' id='word_1_679' title='bbox 1052 4327 1195 4408; x_wconf 81' lang='lat' dir='ltr'><strong>Deus</strong></span> <span class='ocrx_word' id='word_1_680' title='bbox 1242 4349 1419 4403; x_wconf 87' lang='lat' dir='ltr'><strong>mittet</strong></span> <span class='ocrx_word' id='word_1_681' title='bbox 1472 4360 1595 4401; x_wconf 91' lang='lat' dir='ltr'><strong>cum</strong></span> <span class='ocrx_word' id='word_1_682' title='bbox 1649 4346 1798 4408; x_wconf 87' lang='lat' dir='ltr'><strong>tuba,</strong></span> <span class='ocrx_word' id='word_1_683' title='bbox 1851 4357 1971 4413; x_wconf 65' lang='lat' dir='ltr'><strong>quae</strong></span> <span class='ocrx_word' id='word_1_684' title='bbox 2015 4341 2221 4413; x_wconf 86' lang='lat' dir='ltr'><strong>ingenti</strong></span> 
     </span>
    </p>
   </div>
   <div class='ocr_carea' id='block_1_88' title="bbox 2248 4327 3854 4429">
    <p class='ocr_par' dir='ltr' id='par_1_88' title="bbox 2326 4327 3854 4429">
     <span class='ocr_line' id='line_1_89' title="bbox 2326 4327 3854 4429; baseline -0.01 -36"><span class='ocrx_word' id='word_1_685' title='bbox 2326 4336 2652 4429; x_wconf 77' lang='grc' dir='ltr'>διαπρυσίας</span> <span class='ocrx_word' id='word_1_686' title='bbox 2695 4334 2879 4405; x_wconf 81' lang='grc' dir='ltr'>φωνῆς</span> <span class='ocrx_word' id='word_1_687' title='bbox 2918 4333 3019 4404; x_wconf 82' lang='grc' dir='ltr'><strong>τῆς</strong></span> <span class='ocrx_word' id='word_1_688' title='bbox 3063 4332 3159 4386; x_wconf 85' lang='grc' dir='ltr'><strong>τοῦ</strong></span> <span class='ocrx_word' id='word_1_689' title='bbox 3204 4332 3572 4404; x_wconf 85' lang='grc' dir='ltr'>ἀρχαγγέλου,</span> <span class='ocrx_word' id='word_1_690' title='bbox 3617 4330 3705 4398; x_wconf 83' lang='grc' dir='ltr'>τῆς</span> <span class='ocrx_word' id='word_1_691' title='bbox 3740 4327 3854 4394; x_wconf 72' lang='grc' dir='ltr'>παρὰ</span> 
     </span>
    </p>
   </div>
   <div class='ocr_carea' id='block_1_89' title="bbox 648 4417 2254 4504">
    <p class='ocr_par' dir='ltr' id='par_1_89' title="bbox 648 4417 2223 4504">
     <span class='ocr_line' id='line_1_90' title="bbox 648 4417 2223 4504; baseline -0.013 0"><span class='ocrx_word' id='word_1_692' title='bbox 648 4417 1138 4504; x_wconf 45' lang='lat' dir='ltr'><strong>sonitus-claritate</strong></span> <span class='ocrx_word' id='word_1_693' title='bbox 1200 4437 1605 4493; x_wconf 87' lang='lat' dir='ltr'><strong>universitatem</strong></span> <span class='ocrx_word' id='word_1_694' title='bbox 1662 4441 1996 4488; x_wconf 88' lang='lat' dir='ltr'><strong>mortuorum</strong></span> <span class='ocrx_word' id='word_1_695' title='bbox 2046 4431 2097 4485; x_wconf 89' lang='lat' dir='ltr'><strong>in</strong></span> <span class='ocrx_word' id='word_1_696' title='bbox 2144 4430 2223 4485; x_wconf 87' lang='lat' dir='ltr'><strong>vi-</strong></span> 
     </span>
    </p>
   </div>
   <div class='ocr_carea' id='block_1_90' title="bbox 2248 4417 3854 4504">
    <p class='ocr_par' dir='ltr' id='par_1_90' title="bbox 2328 4417 3854 4495">
     <span class='ocr_line' id='line_1_91' title="bbox 2328 4417 3854 4495; baseline -0.007 -13"><span class='ocrx_word' id='word_1_697' title='bbox 2328 4428 2463 4483; x_wconf 84' lang='grc' dir='ltr'>Θεοῦ</span> <span class='ocrx_word' id='word_1_698' title='bbox 2516 4427 2836 4495; x_wconf 86' lang='grc' dir='ltr'>σάλπιγγος,</span> <span class='ocrx_word' id='word_1_699' title='bbox 2877 4424 2913 4495; x_wconf 78' lang='grc' dir='ltr'>ἢ</span> <span class='ocrx_word' id='word_1_700' title='bbox 2959 4424 3165 4486; x_wconf 79' lang='grc' dir='ltr'>πάντας</span> <span class='ocrx_word' id='word_1_701' title='bbox 3211 4424 3393 4494; x_wconf 81' lang='grc' dir='ltr'>ἐγερεῖ</span> <span class='ocrx_word' id='word_1_702' title='bbox 3440 4422 3567 4485; x_wconf 83' lang='grc' dir='ltr'>τοὺς</span> <span class='ocrx_word' id='word_1_703' title='bbox 3605 4420 3661 4473; x_wconf 81' lang='grc' dir='ltr'><strong>ἐν</strong></span> <span class='ocrx_word' id='word_1_704' title='bbox 3704 4419 3761 4487; x_wconf 73' lang='grc' dir='ltr'>τῇ</span> <span class='ocrx_word' id='word_1_705' title='bbox 3801 4417 3854 4484; x_wconf 79' lang='grc' dir='ltr'><strong>τῇ</strong></span> 
     </span>
    </p>
   </div>
   <div class='ocr_carea' id='block_1_91' title="bbox 654 4506 2260 4601">
    <p class='ocr_par' dir='ltr' id='par_1_91' title="bbox 654 4523 2260 4600">
     <span class='ocr_line' id='line_1_92' title="bbox 654 4523 2260 4600; baseline -0.012 -6"><span class='ocrx_word' id='word_1_706' title='bbox 654 4550 763 4594; x_wconf 87' lang='lat' dir='ltr'><strong>tam</strong></span> <span class='ocrx_word' id='word_1_707' title='bbox 794 4533 1089 4591; x_wconf 89' lang='lat' dir='ltr'><strong>revocabit.</strong></span> <span class='ocrx_word' id='word_1_708' title='bbox 1128 4530 1393 4585; x_wconf 72' lang='lat' dir='ltr'><strong>Praeterea</strong></span> <span class='ocrx_word' id='word_1_709' title='bbox 1425 4528 1540 4597; x_wconf 88' lang='lat' dir='ltr'><strong>ipse</strong></span> <span class='ocrx_word' id='word_1_710' title='bbox 1591 4525 1852 4579; x_wconf 87' lang='lat' dir='ltr'><strong>Dominus</strong></span> <span class='ocrx_word' id='word_1_711' title='bbox 1898 4523 2219 4578; x_wconf 81' lang='lat' dir='ltr'><strong>miraculum</strong></span> <span class='ocrx_word' id='word_1_712' title='bbox 2252 4543 2260 4600; x_wconf 68' lang='lat'>1</span> 
     </span>
    </p>
   </div>
   <div class='ocr_carea' id='block_1_92' title="bbox 2245 4506 3851 4601">
    <p class='ocr_par' dir='ltr' id='par_1_92' title="bbox 2252 4506 3851 4601">
     <span class='ocr_line' id='line_1_93' title="bbox 2252 4506 3851 4601; baseline -0.011 -26"><span class='ocrx_word' id='word_1_713' title='bbox 2252 4543 2299 4601; x_wconf 74' lang='grc' dir='ltr'>ο</span> <span class='ocrx_word' id='word_1_714' title='bbox 2329 4519 2635 4589; x_wconf 80' lang='grc' dir='ltr'>κειμένους,</span> <span class='ocrx_word' id='word_1_715' title='bbox 2692 4514 2927 4579; x_wconf 81' lang='grc' dir='ltr'>ἐξαίσιόν</span> <span class='ocrx_word' id='word_1_716' title='bbox 2979 4532 3065 4581; x_wconf 83' lang='grc' dir='ltr'><strong>τι,</strong></span> <span class='ocrx_word' id='word_1_717' title='bbox 3138 4512 3234 4567; x_wconf 72' lang='grc' dir='ltr'>καὶ</span> <span class='ocrx_word' id='word_1_718' title='bbox 3305 4511 3611 4583; x_wconf 80' lang='grc' dir='ltr'>φωνητικὸν</span> <span class='ocrx_word' id='word_1_719' title='bbox 3670 4506 3851 4579; x_wconf 75' lang='grc' dir='ltr'>ὴχοῦσα.</span> 
     </span>
    </p>
   </div>
   <div class='ocr_carea' id='block_1_93' title="bbox 654 4598 2260 4687">
    <p class='ocr_par' dir='ltr' id='par_1_93' title="bbox 654 4598 2260 4687">
     <span class='ocr_line' id='line_1_94' title="bbox 654 4598 2260 4687; baseline -0.012 -3"><span class='ocrx_word' id='word_1_720' title='bbox 654 4630 710 4685; x_wconf 80' lang='lat' dir='ltr'><strong>in</strong></span> <span class='ocrx_word' id='word_1_721' title='bbox 769 4626 1035 4682; x_wconf 81' lang='lat' dir='ltr'><strong>Lazarum</strong></span> <span class='ocrx_word' id='word_1_722' title='bbox 1088 4620 1298 4687; x_wconf 86' lang='lat' dir='ltr'><strong>edens,</strong></span> <span class='ocrx_word' id='word_1_723' title='bbox 1341 4618 1408 4673; x_wconf 88' lang='lat' dir='ltr'><strong>ad</strong></span> <span class='ocrx_word' id='word_1_724' title='bbox 1458 4624 1868 4671; x_wconf 89' lang='lat' dir='ltr'><strong>monumentum</strong></span> <span class='ocrx_word' id='word_1_725' title='bbox 1901 4614 2086 4677; x_wconf 85' lang='lat' dir='ltr'><strong>venit,</strong></span> <span class='ocrx_word' id='word_1_726' title='bbox 2131 4598 2260 4677; x_wconf 19' lang='lat' dir='ltr'><strong>et,‘</strong></span> 
     </span>
    </p>
   </div>
   <div class='ocr_carea' id='block_1_94' title="bbox 2248 4598 3854 4687">
    <p class='ocr_par' dir='ltr' id='par_1_94' title="bbox 2255 4598 3854 4673">
     <span class='ocr_line' id='line_1_95' title="bbox 2255 4598 3854 4673; baseline -0.01 -6"><span class='ocrx_word' id='word_1_727' title='bbox 2255 4598 2283 4601; x_wconf 45' lang='lat'>&#39;</span> <span class='ocrx_word' id='word_1_728' title='bbox 2340 4612 2533 4666; x_wconf 80' lang='grc' dir='ltr'>Ἰστέον</span> <span class='ocrx_word' id='word_1_729' title='bbox 2582 4609 2634 4661; x_wconf 74' lang='grc' dir='ltr'><strong>δέ</strong></span> <span class='ocrx_word' id='word_1_730' title='bbox 2673 4608 2755 4661; x_wconf 86' lang='grc' dir='ltr'>ὄτι</span> <span class='ocrx_word' id='word_1_731' title='bbox 2796 4607 2889 4659; x_wconf 78' lang='grc' dir='ltr'>καὶ</span> <span class='ocrx_word' id='word_1_732' title='bbox 2923 4605 3087 4670; x_wconf 80' lang='grc' dir='ltr'>αὐτὸς</span> <span class='ocrx_word' id='word_1_733' title='bbox 3128 4607 3157 4659; x_wconf 85' lang='grc' dir='ltr'>ὁ</span> <span class='ocrx_word' id='word_1_734' title='bbox 3196 4604 3400 4673; x_wconf 80' lang='grc' dir='ltr'>Κύριος</span> <span class='ocrx_word' id='word_1_735' title='bbox 3435 4602 3496 4657; x_wconf 80' lang='grc' dir='ltr'>τὸ</span> <span class='ocrx_word' id='word_1_736' title='bbox 3543 4601 3632 4656; x_wconf 69' lang='grc' dir='ltr'><strong>ἐπὶ</strong></span> <span class='ocrx_word' id='word_1_737' title='bbox 3667 4598 3854 4667; x_wconf 72' lang='grc' dir='ltr'>Δαζάρῳ</span> 
     </span>
    </p>
   </div>
   <div class='ocr_carea' id='block_1_95' title="bbox 654 4688 2260 4783">
    <p class='ocr_par' dir='ltr' id='par_1_95' title="bbox 654 4696 2224 4783">
     <span class='ocr_line' id='line_1_96' title="bbox 654 4696 2224 4783; baseline -0.012 -7"><span class='ocrx_word' id='word_1_738' title='bbox 654 4726 715 4775; x_wconf 84' lang='lat' dir='ltr'><strong>ut</strong></span> <span class='ocrx_word' id='word_1_739' title='bbox 743 4724 930 4773; x_wconf 90' lang='lat' dir='ltr'><strong>narrat</strong></span> <span class='ocrx_word' id='word_1_740' title='bbox 952 4711 1308 4783; x_wconf 88' lang='lat' dir='ltr'><strong>evangelista,</strong></span> <span class='ocrx_word' id='word_1_741' title='bbox 1330 4696 1463 4764; x_wconf 83' lang='lat' dir='ltr'><strong>voce</strong></span> <span class='ocrx_word' id='word_1_742' title='bbox 1498 4722 1693 4779; x_wconf 87' lang='lat' dir='ltr'><strong>magna</strong></span> <span class='ocrx_word' id='word_1_743' title='bbox 1723 4705 1977 4761; x_wconf 89' lang='lat' dir='ltr'><strong>clamavit</strong></span> <span class='ocrx_word' id='word_1_744' title='bbox 2008 4724 2021 4760; x_wconf 95' lang='lat'><strong>:</strong></span> <span class='ocrx_word' id='word_1_745' title='bbox 2058 4724 2075 4755; x_wconf 75' lang='grc' dir='ltr'><strong>ι</strong></span> <span class='ocrx_word' id='word_1_746' title='bbox 2124 4704 2224 4758; x_wconf 83' lang='lat' dir='ltr'><strong>La-</strong></span> 
     </span>
    </p>
   </div>
   <div class='ocr_carea' id='block_1_96' title="bbox 2248 4688 3854 4783">
    <p class='ocr_par' dir='ltr' id='par_1_96' title="bbox 2268 4688 3854 4773">
     <span class='ocr_line' id='line_1_97' title="bbox 2268 4688 3854 4773; baseline -0.007 -15"><span class='ocrx_word' id='word_1_747' title='bbox 2268 4717 2274 4722; x_wconf 86' lang='lat'><em>‘</em></span> <span class='ocrx_word' id='word_1_748' title='bbox 2330 4702 2515 4773; x_wconf 82' lang='grc' dir='ltr'>θαῦμα</span> <span class='ocrx_word' id='word_1_749' title='bbox 2548 4700 2797 4772; x_wconf 82' lang='grc' dir='ltr'>πληρῶν,</span> <span class='ocrx_word' id='word_1_750' title='bbox 2836 4698 3073 4768; x_wconf 79' lang='grc' dir='ltr'>ἀφίκετο</span> <span class='ocrx_word' id='word_1_751' title='bbox 3134 4696 3235 4768; x_wconf 79' lang='grc' dir='ltr'>μὲν</span> <span class='ocrx_word' id='word_1_752' title='bbox 3288 4698 3369 4760; x_wconf 82' lang='grc' dir='ltr'><strong>είς</strong></span> <span class='ocrx_word' id='word_1_753' title='bbox 3404 4697 3466 4749; x_wconf 61' lang='lat' dir='ltr'><strong>ea</strong></span> <span class='ocrx_word' id='word_1_754' title='bbox 3507 4696 3765 4766; x_wconf 84' lang='grc' dir='ltr'>μνημεῖον,</span> <span class='ocrx_word' id='word_1_755' title='bbox 3801 4688 3854 4747; x_wconf 75' lang='grc' dir='ltr'><strong>ὡς</strong></span> 
     </span>
    </p>
   </div>
   <div class='ocr_carea' id='block_1_97' title="bbox 657 4783 2263 4875">
    <p class='ocr_par' dir='ltr' id='par_1_97' title="bbox 657 4798 2227 4875">
     <span class='ocr_line' id='line_1_98' title="bbox 657 4798 2227 4875; baseline -0.009 -10"><span class='ocrx_word' id='word_1_756' title='bbox 657 4824 814 4875; x_wconf 78' lang='lat' dir='ltr'><strong>zare,</strong></span> <span class='ocrx_word' id='word_1_757' title='bbox 847 4807 972 4864; x_wconf 89' lang='lat' dir='ltr'><strong>veni</strong></span> <span class='ocrx_word' id='word_1_758' title='bbox 1003 4807 1149 4860; x_wconf 82' lang='lat' dir='ltr'><strong>foras</strong></span> <span class='ocrx_word' id='word_1_759' title='bbox 1182 4806 1246 4859; x_wconf 66' lang='lat'><strong>7’.</strong></span> <span class='ocrx_word' id='word_1_760' title='bbox 1296 4822 1315 4857; x_wconf 72' lang='grc' dir='ltr'><strong>ι</strong></span> <span class='ocrx_word' id='word_1_761' title='bbox 1351 4803 1671 4870; x_wconf 84' lang='lat' dir='ltr'><strong>Quanquam</strong></span> <span class='ocrx_word' id='word_1_762' title='bbox 1700 4800 1811 4870; x_wconf 91' lang='lat' dir='ltr'><strong>ipse</strong></span> <span class='ocrx_word' id='word_1_763' title='bbox 1857 4814 1952 4870; x_wconf 91' lang='lat' dir='ltr'><strong>per</strong></span> <span class='ocrx_word' id='word_1_764' title='bbox 1992 4798 2227 4869; x_wconf 84' lang='lat' dir='ltr'><strong>prephe-</strong></span> 
     </span>
    </p>
   </div>
   <div class='ocr_carea' id='block_1_98' title="bbox 2246 4783 3852 4875">
    <p class='ocr_par' dir='ltr' id='par_1_98' title="bbox 2326 4783 3852 4865">
     <span class='ocr_line' id='line_1_99' title="bbox 2326 4783 3852 4865; baseline -0.011 -17"><span class='ocrx_word' id='word_1_765' title='bbox 2326 4794 2388 4849; x_wconf 87' lang='grc' dir='ltr'><strong>δέ</strong></span> <span class='ocrx_word' id='word_1_766' title='bbox 2423 4810 2586 4865; x_wconf 85' lang='grc' dir='ltr'>φησιν</span> <span class='ocrx_word' id='word_1_767' title='bbox 2644 4792 2672 4845; x_wconf 80' lang='grc' dir='ltr'><strong>δ</strong></span> <span class='ocrx_word' id='word_1_768' title='bbox 2724 4789 3136 4860; x_wconf 78' lang='grc' dir='ltr'>εὐαγγελιστὴς,</span> <span class='ocrx_word' id='word_1_769' title='bbox 3185 4791 3336 4860; x_wconf 84' lang='grc' dir='ltr'>φωνῇ</span> <span class='ocrx_word' id='word_1_770' title='bbox 3384 4787 3597 4860; x_wconf 68' lang='grc' dir='ltr'>μεγάλῃ</span> <span class='ocrx_word' id='word_1_771' title='bbox 3639 4783 3852 4852; x_wconf 73' lang='grc' dir='ltr'>ἐφώνηεε,</span> 
     </span>
    </p>
   </div>
   <div class='ocr_carea' id='block_1_99' title="bbox 659 4868 2265 4956">
    <p class='ocr_par' dir='ltr' id='par_1_99' title="bbox 659 4868 2227 4956">
     <span class='ocr_line' id='line_1_100' title="bbox 659 4868 2227 4956; baseline -0.008 0"><span class='ocrx_word' id='word_1_772' title='bbox 659 4913 767 4956; x_wconf 84' lang='lat' dir='ltr'><strong>tam</strong></span> <span class='ocrx_word' id='word_1_773' title='bbox 812 4899 998 4956; x_wconf 82' lang='lat' dir='ltr'><strong>dicat:</strong></span> <span class='ocrx_word' id='word_1_774' title='bbox 1055 4914 1072 4948; x_wconf 78' lang='grc' dir='ltr'><strong>ι</strong></span> <span class='ocrx_word' id='word_1_775' title='bbox 1110 4894 1226 4950; x_wconf 81' lang='lat' dir='ltr'><strong>Non</strong></span> <span class='ocrx_word' id='word_1_776' title='bbox 1267 4868 1578 4956; x_wconf 46' lang='lat' dir='ltr'><strong>contende—1,</strong></span> <span class='ocrx_word' id='word_1_777' title='bbox 1625 4868 1729 4947; x_wconf 80' lang='lat' dir='ltr'><strong>nec</strong></span> <span class='ocrx_word' id='word_1_778' title='bbox 1778 4868 2069 4956; x_wconf 84' lang='lat' dir='ltr'><strong>clamabit,</strong></span> <span class='ocrx_word' id='word_1_779' title='bbox 2129 4905 2227 4945; x_wconf 91' lang='lat' dir='ltr'><strong>nec</strong></span> 
     </span>
    </p>
   </div>
   <div class='ocr_carea' id='block_1_100' title="bbox 2250 4868 3856 4956">
    <p class='ocr_par' dir='ltr' id='par_1_100' title="bbox 2334 4868 3856 4954">
     <span class='ocr_line' id='line_1_101' title="bbox 2334 4868 3856 4954; baseline -0.011 -15"><span class='ocrx_word' id='word_1_780' title='bbox 2334 4903 2355 4939; x_wconf 70' lang='grc' dir='ltr'><strong>ι</strong></span> <span class='ocrx_word' id='word_1_781' title='bbox 2379 4885 2622 4954; x_wconf 77' lang='grc' dir='ltr'>Λάζαρε,</span> <span class='ocrx_word' id='word_1_782' title='bbox 2652 4882 2812 4952; x_wconf 89' lang='grc' dir='ltr'>δεῦρο</span> <span class='ocrx_word' id='word_1_783' title='bbox 2857 4880 2980 4948; x_wconf 77' lang='grc' dir='ltr'>ἔξω,</span> <span class='ocrx_word' id='word_1_784' title='bbox 3015 4899 3036 4933; x_wconf 68' lang='grc' dir='ltr'><strong>ι</strong></span> <span class='ocrx_word' id='word_1_785' title='bbox 3103 4880 3278 4934; x_wconf 86' lang='grc' dir='ltr'>καίτοι</span> <span class='ocrx_word' id='word_1_786' title='bbox 3322 4879 3571 4947; x_wconf 82' lang='grc' dir='ltr'>λέγοντος</span> <span class='ocrx_word' id='word_1_787' title='bbox 3608 4873 3753 4930; x_wconf 83' lang='grc' dir='ltr'>αὐτοῦ</span> <span class='ocrx_word' id='word_1_788' title='bbox 3791 4868 3856 4923; x_wconf 68' lang='grc' dir='ltr'>διὰ</span> 
     </span>
    </p>
   </div>
   <div class='ocr_carea' id='block_1_101' title="bbox 658 4960 2264 5055">
    <p class='ocr_par' dir='ltr' id='par_1_101' title="bbox 658 4983 2227 5055">
     <span class='ocr_line' id='line_1_102' title="bbox 658 4983 2227 5055; baseline -0.006 -9"><span class='ocrx_word' id='word_1_789' title='bbox 658 4990 913 5046; x_wconf 86' lang='lat' dir='ltr'><strong>audietur</strong></span> <span class='ocrx_word' id='word_1_790' title='bbox 953 4987 1089 5043; x_wconf 80' lang='lat' dir='ltr'><strong>foris</strong></span> <span class='ocrx_word' id='word_1_791' title='bbox 1133 5001 1237 5041; x_wconf 83' lang='lat' dir='ltr'><strong>vox</strong></span> <span class='ocrx_word' id='word_1_792' title='bbox 1285 4986 1402 5055; x_wconf 86' lang='lat' dir='ltr'><strong>ejus</strong></span> <span class='ocrx_word' id='word_1_793' title='bbox 1431 4984 1501 5039; x_wconf 75' lang='grc'><strong>’³.</strong></span> <span class='ocrx_word' id='word_1_794' title='bbox 1546 5002 1566 5036; x_wconf 78' lang='grc' dir='ltr'><strong>ι</strong></span> <span class='ocrx_word' id='word_1_795' title='bbox 1602 4984 1829 5053; x_wconf 89' lang='lat' dir='ltr'><strong>Signum</strong></span> <span class='ocrx_word' id='word_1_796' title='bbox 1876 4983 2037 5052; x_wconf 86' lang='lat' dir='ltr'><strong>igitur</strong></span> <span class='ocrx_word' id='word_1_797' title='bbox 2064 4996 2227 5050; x_wconf 87' lang='lat' dir='ltr'><strong>pene-</strong></span> 
     </span>
    </p>
   </div>
   <div class='ocr_carea' id='block_1_102' title="bbox 2248 4960 3854 5055">
    <p class='ocr_par' dir='ltr' id='par_1_102' title="bbox 2328 4960 3854 5047">
     <span class='ocr_line' id='line_1_103' title="bbox 2328 4960 3854 5047; baseline -0.011 -17"><span class='ocrx_word' id='word_1_798' title='bbox 2328 4974 2423 5030; x_wconf 89' lang='grc' dir='ltr'><strong>τοῦ</strong></span> <span class='ocrx_word' id='word_1_799' title='bbox 2466 4976 2770 5047; x_wconf 84' lang='grc' dir='ltr'>προφήτου,</span> <span class='ocrx_word' id='word_1_800' title='bbox 2821 4992 2838 5024; x_wconf 77' lang='grc' dir='ltr'><strong>ι</strong></span> <span class='ocrx_word' id='word_1_801' title='bbox 2866 4974 2979 5027; x_wconf 79' lang='grc' dir='ltr'><strong>Οὐκ</strong></span> <span class='ocrx_word' id='word_1_802' title='bbox 3014 4972 3207 5045; x_wconf 89' lang='grc' dir='ltr'>ἐρίσει,</span> <span class='ocrx_word' id='word_1_803' title='bbox 3260 4970 3381 5024; x_wconf 83' lang='grc' dir='ltr'>οὐδέ</span> <span class='ocrx_word' id='word_1_804' title='bbox 3419 4969 3726 5041; x_wconf 85' lang='grc' dir='ltr'>κραυγάσει,</span> <span class='ocrx_word' id='word_1_805' title='bbox 3765 4960 3854 5016; x_wconf 74' lang='grc' dir='ltr'>οὐδὲ</span> 
     </span>
    </p>
   </div>
   <div class='ocr_carea' id='block_1_103' title="bbox 657 5052 2263 5147">
    <p class='ocr_par' dir='ltr' id='par_1_103' title="bbox 657 5052 2229 5147">
     <span class='ocr_line' id='line_1_104' title="bbox 657 5052 2229 5147; baseline -0.01 -6"><span class='ocrx_word' id='word_1_806' title='bbox 657 5082 1057 5147; x_wconf 70' lang='lat' dir='ltr'><strong>trabilistubae,</strong></span> <span class='ocrx_word' id='word_1_807' title='bbox 1106 5088 1161 5135; x_wconf 90' lang='lat' dir='ltr'><strong>et</strong></span> <span class='ocrx_word' id='word_1_808' title='bbox 1208 5052 1419 5135; x_wconf 88' lang='lat' dir='ltr'><strong>sonitus</strong></span> <span class='ocrx_word' id='word_1_809' title='bbox 1452 5077 1568 5146; x_wconf 84' lang='lat' dir='ltr'><strong>ejus</strong></span> <span class='ocrx_word' id='word_1_810' title='bbox 1611 5052 1783 5144; x_wconf 86' lang='lat' dir='ltr'><strong>usque</strong></span> <span class='ocrx_word' id='word_1_811' title='bbox 1838 5075 1905 5129; x_wconf 88' lang='lat' dir='ltr'><strong>ad</strong></span> <span class='ocrx_word' id='word_1_812' title='bbox 1952 5084 2229 5128; x_wconf 82' lang='lat' dir='ltr'><strong>extremos</strong></span> 
     </span>
    </p>
   </div>
   <div class='ocr_carea' id='block_1_104' title="bbox 2250 5052 3856 5147">
    <p class='ocr_par' dir='ltr' id='par_1_104' title="bbox 2326 5052 3856 5138">
     <span class='ocr_line' id='line_1_105' title="bbox 2326 5052 3856 5138; baseline -0.01 -17"><span class='ocrx_word' id='word_1_813' title='bbox 2326 5066 2726 5138; x_wconf 84' lang='grc' dir='ltr'>ἀκουσθήσεται</span> <span class='ocrx_word' id='word_1_814' title='bbox 2753 5063 2857 5129; x_wconf 81' lang='grc' dir='ltr'><strong>ἔξω</strong></span> <span class='ocrx_word' id='word_1_815' title='bbox 2884 5065 2917 5134; x_wconf 78' lang='grc' dir='ltr'><strong>η</strong></span> <span class='ocrx_word' id='word_1_816' title='bbox 2948 5062 3100 5133; x_wconf 79' lang='grc' dir='ltr'>φωνὴ</span> <span class='ocrx_word' id='word_1_817' title='bbox 3135 5059 3323 5115; x_wconf 77' lang='grc' dir='ltr'>αὐτοῦ.</span> <span class='ocrx_word' id='word_1_818' title='bbox 3351 5080 3370 5113; x_wconf 74' lang='grc' dir='ltr'><strong>ι</strong></span> <span class='ocrx_word' id='word_1_819' title='bbox 3410 5061 3484 5131; x_wconf 79' lang='grc' dir='ltr'>Ση</span> <span class='ocrx_word' id='word_1_820' title='bbox 3494 5062 3639 5130; x_wconf 85' lang='grc' dir='ltr'>μεῖον</span> <span class='ocrx_word' id='word_1_821' title='bbox 3675 5052 3753 5108; x_wconf 76' lang='grc' dir='ltr'>οὖν</span> <span class='ocrx_word' id='word_1_822' title='bbox 3776 5052 3856 5121; x_wconf 79' lang='grc' dir='ltr'>ἄρα</span> 
     </span>
    </p>
   </div>
   <div class='ocr_carea' id='block_1_105' title="bbox 660 5141 2266 5238">
    <p class='ocr_par' dir='ltr' id='par_1_105' title="bbox 660 5141 2228 5238">
     <span class='ocr_line' id='line_1_106' title="bbox 660 5141 2228 5238; baseline -0.009 -7"><span class='ocrx_word' id='word_1_823' title='bbox 660 5186 931 5231; x_wconf 78' lang='lat' dir='ltr'><strong>terrarum</strong></span> <span class='ocrx_word' id='word_1_824' title='bbox 967 5170 1106 5227; x_wconf 81' lang='lat' dir='ltr'><strong>ﬁnes</strong></span> <span class='ocrx_word' id='word_1_825' title='bbox 1131 5209 1148 5238; x_wconf 94' lang='lat'><strong>,</strong></span> <span class='ocrx_word' id='word_1_826' title='bbox 1206 5141 1566 5237; x_wconf 31' lang='lat' dir='ltr'><strong>inquam,vet</strong></span> <span class='ocrx_word' id='word_1_827' title='bbox 1619 5141 1881 5228; x_wconf 26' lang='lat' dir='ltr'><strong>deictelo,</strong></span> <span class='ocrx_word' id='word_1_828' title='bbox 1946 5172 2049 5227; x_wconf 86' lang='lat' dir='ltr'><strong>est,</strong></span> <span class='ocrx_word' id='word_1_829' title='bbox 2085 5162 2228 5232; x_wconf 87' lang='lat' dir='ltr'><strong>quod</strong></span> 
     </span>
    </p>
   </div>
   <div class='ocr_carea' id='block_1_106' title="bbox 2250 5141 3856 5238">
    <p class='ocr_par' dir='ltr' id='par_1_106' title="bbox 2326 5141 3856 5227">
     <span class='ocr_line' id='line_1_107' title="bbox 2326 5141 3856 5227; baseline -0.007 -17"><span class='ocrx_word' id='word_1_830' title='bbox 2326 5158 2426 5227; x_wconf 79' lang='grc' dir='ltr'>τῆς</span> <span class='ocrx_word' id='word_1_831' title='bbox 2452 5155 2779 5227; x_wconf 88' lang='grc' dir='ltr'>διαπρυσίας</span> <span class='ocrx_word' id='word_1_832' title='bbox 2810 5154 3129 5222; x_wconf 86' lang='grc' dir='ltr'>σάλπιγγος,</span> <span class='ocrx_word' id='word_1_833' title='bbox 3175 5152 3271 5207; x_wconf 77' lang='grc' dir='ltr'>καὶ</span> <span class='ocrx_word' id='word_1_834' title='bbox 3297 5154 3397 5221; x_wconf 83' lang='grc' dir='ltr'>τῆς</span> <span class='ocrx_word' id='word_1_835' title='bbox 3429 5152 3523 5203; x_wconf 78' lang='grc' dir='ltr'><strong>ἀπ’</strong></span> <span class='ocrx_word' id='word_1_836' title='bbox 3562 5146 3719 5216; x_wconf 77' lang='grc' dir='ltr'>αὐτῆς</span> <span class='ocrx_word' id='word_1_837' title='bbox 3751 5141 3856 5213; x_wconf 71' lang='grc' dir='ltr'><strong>ἠχῆς</strong></span> 
     </span>
    </p>
   </div>
   <div class='ocr_carea' id='block_1_107' title="bbox 658 5239 2264 5322">
    <p class='ocr_par' dir='ltr' id='par_1_107' title="bbox 658 5254 2154 5322">
     <span class='ocr_line' id='line_1_108' title="bbox 658 5254 2154 5322; baseline -0.009 -1"><span class='ocrx_word' id='word_1_838' title='bbox 658 5266 913 5322; x_wconf 79' lang='lat' dir='ltr'><strong>Salvator</strong></span> <span class='ocrx_word' id='word_1_839' title='bbox 953 5262 1063 5318; x_wconf 88' lang='lat' dir='ltr'><strong>alta</strong></span> <span class='ocrx_word' id='word_1_840' title='bbox 1085 5275 1220 5317; x_wconf 79' lang='lat' dir='ltr'><strong>voce</strong></span> <span class='ocrx_word' id='word_1_841' title='bbox 1244 5259 1515 5315; x_wconf 81' lang='lat' dir='ltr'><strong>Lazarum</strong></span> <span class='ocrx_word' id='word_1_842' title='bbox 1554 5256 1622 5312; x_wconf 87' lang='lat' dir='ltr'><strong>ab</strong></span> <span class='ocrx_word' id='word_1_843' title='bbox 1662 5257 1854 5312; x_wconf 83' lang='lat' dir='ltr'><strong>inferis</strong></span> <span class='ocrx_word' id='word_1_844' title='bbox 1876 5254 2154 5309; x_wconf 83' lang='lat' dir='ltr'><strong>excitavit.</strong></span> 
     </span>
    </p>
   </div>
   <div class='ocr_carea' id='block_1_108' title="bbox 2251 5239 3857 5322">
    <p class='ocr_par' dir='ltr' id='par_1_108' title="bbox 2329 5239 3857 5320">
     <span class='ocr_line' id='line_1_109' title="bbox 2329 5239 3857 5320; baseline -0.032 -4"><span class='ocrx_word' id='word_1_845' title='bbox 2329 5249 2431 5320; x_wconf 80' lang='grc' dir='ltr'>τῆς</span> <span class='ocrx_word' id='word_1_846' title='bbox 2483 5250 2571 5303; x_wconf 82' lang='grc' dir='ltr'><strong>ἐπ’</strong></span> <span class='ocrx_word' id='word_1_847' title='bbox 2612 5247 2885 5318; x_wconf 85' lang='grc' dir='ltr'>ἐσχάτοις,</span> <span class='ocrx_word' id='word_1_848' title='bbox 2929 5247 3093 5316; x_wconf 77' lang='grc' dir='ltr'>φημὶ,</span> <span class='ocrx_word' id='word_1_849' title='bbox 3144 5244 3239 5298; x_wconf 79' lang='grc' dir='ltr'>καὶ</span> <span class='ocrx_word' id='word_1_850' title='bbox 3276 5243 3337 5309; x_wconf 81' lang='grc' dir='ltr'>ἐξ</span> <span class='ocrx_word' id='word_1_851' title='bbox 3373 5240 3602 5313; x_wconf 73' lang='grc' dir='ltr'>οὐρανοῦ</span> <span class='ocrx_word' id='word_1_852' title='bbox 3642 5239 3697 5289; x_wconf 65' lang='grc' dir='ltr'><strong>τὸ</strong></span> <span class='ocrx_word' id='word_1_853' title='bbox 3730 5239 3857 5305; x_wconf 58' lang='grc' dir='ltr'>μετα.</span> 
     </span>
    </p>
   </div>
   <div class='ocr_carea' id='block_1_109' title="bbox 2331 5322 3857 5411">
    <p class='ocr_par' dir='ltr' id='par_1_109' title="bbox 2331 5322 3857 5411">
     <span class='ocr_line' id='line_1_110' title="bbox 2331 5322 3857 5411; baseline -0.016 -15"><span class='ocrx_word' id='word_1_854' title='bbox 2331 5340 2399 5411; x_wconf 76' lang='grc' dir='ltr'>λῃ</span> <span class='ocrx_word' id='word_1_855' title='bbox 2427 5340 2518 5393; x_wconf 84' lang='grc' dir='ltr'>τὸν</span> <span class='ocrx_word' id='word_1_856' title='bbox 2550 5340 2781 5410; x_wconf 74' lang='grc' dir='ltr'>Σωτῆρα</span> <span class='ocrx_word' id='word_1_857' title='bbox 2827 5336 3137 5409; x_wconf 90' lang='grc' dir='ltr'>χρήσασθαι</span> <span class='ocrx_word' id='word_1_858' title='bbox 3193 5337 3368 5406; x_wconf 79' lang='grc' dir='ltr'>φωνῇ,</span> <span class='ocrx_word' id='word_1_859' title='bbox 3421 5330 3745 5388; x_wconf 83' lang='grc' dir='ltr'>διανιστάντα</span> <span class='ocrx_word' id='word_1_860' title='bbox 3789 5322 3857 5373; x_wconf 75' lang='grc' dir='ltr'><strong>τὸν</strong></span> 
     </span>
    </p>
   </div>
   <div class='ocr_carea' id='block_1_110' title="bbox 2329 5431 2599 5501">
    <p class='ocr_par' dir='ltr' id='par_1_110' title="bbox 2329 5431 2599 5501">
     <span class='ocr_line' id='line_1_111' title="bbox 2329 5431 2599 5501; baseline -0.007 -15"><span class='ocrx_word' id='word_1_861' title='bbox 2329 5431 2599 5501; x_wconf 73' lang='grc' dir='ltr'>Λάζαρον.</span> 
     </span>
    </p>
   </div>
   <div class='ocr_carea' id='block_1_111' title="bbox 734 5500 2340 5591">
    <p class='ocr_par' dir='ltr' id='par_1_111' title="bbox 734 5519 2233 5591">
     <span class='ocr_line' id='line_1_112' title="bbox 734 5519 2233 5591; baseline -0.008 -7"><span class='ocrx_word' id='word_1_862' title='bbox 734 5527 897 5583; x_wconf 68' lang='lat' dir='ltr'><strong>Vsus.</strong></span> <span class='ocrx_word' id='word_1_863' title='bbox 946 5527 1035 5582; x_wconf 72' lang='lat' dir='ltr'><strong>i7.</strong></span> <span class='ocrx_word' id='word_1_864' title='bbox 1066 5525 1134 5581; x_wconf 78' lang='lat' dir='ltr'><strong>At</strong></span> <span class='ocrx_word' id='word_1_865' title='bbox 1167 5523 1424 5579; x_wconf 75' lang='lat' dir='ltr'><strong>Dominus</strong></span> <span class='ocrx_word' id='word_1_866' title='bbox 1449 5529 1627 5591; x_wconf 75' lang='lat' dir='ltr'><strong>parcet</strong></span> <span class='ocrx_word' id='word_1_867' title='bbox 1655 5519 1846 5590; x_wconf 64' lang='lat' dir='ltr'><strong>populo</strong></span> <span class='ocrx_word' id='word_1_868' title='bbox 1875 5534 1994 5585; x_wconf 70' lang='lat' dir='ltr'><strong>suo,</strong></span> <span class='ocrx_word' id='word_1_869' title='bbox 2024 5528 2069 5573; x_wconf 81' lang='lat' dir='ltr'><strong>et</strong></span> <span class='ocrx_word' id='word_1_870' title='bbox 2105 5535 2233 5573; x_wconf 80' lang='lat' dir='ltr'><strong>con-</strong></span> 
     </span>
    </p>
   </div>
   <div class='ocr_carea' id='block_1_112' title="bbox 2282 5500 3888 5591">
    <p class='ocr_par' dir='ltr' id='par_1_112' title="bbox 2414 5500 3855 5589">
     <span class='ocr_line' id='line_1_113' title="bbox 2414 5500 3855 5589; baseline -0.008 -13"><span class='ocrx_word' id='word_1_871' title='bbox 2414 5500 2589 5576; x_wconf 15' lang='lat' dir='ltr'><strong>&#39;076é</strong></span> <span class='ocrx_word' id='word_1_872' title='bbox 2631 5522 2849 5589; x_wconf 82' lang='grc' dir='ltr'>Κύριος</span> <span class='ocrx_word' id='word_1_873' title='bbox 2892 5519 3163 5589; x_wconf 75' lang='grc' dir='ltr'>φείσεται</span> <span class='ocrx_word' id='word_1_874' title='bbox 3202 5516 3310 5572; x_wconf 77' lang='grc' dir='ltr'><strong>τοῦ</strong></span> <span class='ocrx_word' id='word_1_875' title='bbox 3355 5515 3508 5571; x_wconf 73' lang='grc' dir='ltr'>λαοῦ</span> <span class='ocrx_word' id='word_1_876' title='bbox 3555 5508 3753 5571; x_wconf 83' lang='grc' dir='ltr'>αὐτοῦ,</span> <span class='ocrx_word' id='word_1_877' title='bbox 3784 5500 3855 5555; x_wconf 59' lang='grc' dir='ltr'><strong>καὶ</strong></span> 
     </span>
    </p>
   </div>
   <div class='ocr_carea' id='block_1_113' title="bbox 664 5594 2270 5690">
    <p class='ocr_par' dir='ltr' id='par_1_113' title="bbox 664 5611 2227 5690">
     <span class='ocr_line' id='line_1_114' title="bbox 664 5611 2227 5690; baseline -0.005 -17"><span class='ocrx_word' id='word_1_878' title='bbox 664 5620 877 5690; x_wconf 76' lang='lat' dir='ltr'><strong>{ortabit</strong></span> <span class='ocrx_word' id='word_1_879' title='bbox 929 5619 1067 5688; x_wconf 75' lang='lat' dir='ltr'><strong>ﬁlios</strong></span> <span class='ocrx_word' id='word_1_880' title='bbox 1101 5616 1297 5684; x_wconf 71' lang='lat' dir='ltr'><strong>Israel,</strong></span> <span class='ocrx_word' id='word_1_881' title='bbox 1347 5624 1398 5671; x_wconf 70' lang='lat' dir='ltr'><strong>et</strong></span> <span class='ocrx_word' id='word_1_882' title='bbox 1429 5613 1625 5678; x_wconf 75' lang='lat' dir='ltr'><strong>scietis,</strong></span> <span class='ocrx_word' id='word_1_883' title='bbox 1663 5614 1788 5685; x_wconf 77' lang='lat' dir='ltr'><strong>quia</strong></span> <span class='ocrx_word' id='word_1_884' title='bbox 1830 5628 1923 5684; x_wconf 85' lang='lat' dir='ltr'><strong>ego</strong></span> <span class='ocrx_word' id='word_1_885' title='bbox 1974 5611 2227 5666; x_wconf 73' lang='lat' dir='ltr'><strong>Dominus</strong></span> 
     </span>
    </p>
   </div>
   <div class='ocr_carea' id='block_1_114' title="bbox 2248 5594 3854 5690">
    <p class='ocr_par' dir='ltr' id='par_1_114' title="bbox 2338 5594 3854 5682">
     <span class='ocr_line' id='line_1_115' title="bbox 2338 5594 3854 5682; baseline -0.01 -14"><span class='ocrx_word' id='word_1_886' title='bbox 2338 5614 2647 5682; x_wconf 78' lang='grc' dir='ltr'>ἑνισχύσει</span> <span class='ocrx_word' id='word_1_887' title='bbox 2673 5611 2802 5678; x_wconf 84' lang='grc' dir='ltr'>τοῖς</span> <span class='ocrx_word' id='word_1_888' title='bbox 2831 5611 2985 5678; x_wconf 78' lang='grc' dir='ltr'>υἱοῖς</span> <span class='ocrx_word' id='word_1_889' title='bbox 3017 5609 3284 5680; x_wconf 71' lang='grc' dir='ltr'>Ἰσραήλ.</span> <span class='ocrx_word' id='word_1_890' title='bbox 3324 5608 3434 5662; x_wconf 75' lang='grc' dir='ltr'><strong>Καὶ</strong></span> <span class='ocrx_word' id='word_1_891' title='bbox 3461 5605 3759 5678; x_wconf 74' lang='grc' dir='ltr'>γνώσεσθε,</span> <span class='ocrx_word' id='word_1_892' title='bbox 3792 5594 3854 5648; x_wconf 81' lang='grc' dir='ltr'>ὅτι</span> 
     </span>
    </p>
   </div>
   <div class='ocr_carea' id='block_1_115' title="bbox 736 5781 2342 5866">
    <p class='ocr_par' dir='ltr' id='par_1_115' title="bbox 736 5790 2340 5866">
     <span class='ocr_line' id='line_1_116' title="bbox 736 5790 2340 5866; baseline -0.003 -16"><span class='ocrx_word' id='word_1_893' title='bbox 736 5797 781 5830; x_wconf 81' lang='grc'><strong>⁸·</strong></span> <span class='ocrx_word' id='word_1_894' title='bbox 809 5794 1005 5851; x_wconf 86' lang='lat' dir='ltr'><strong>Jerem.</strong></span> <span class='ocrx_word' id='word_1_895' title='bbox 1042 5811 1116 5866; x_wconf 83' lang='lat' dir='ltr'><strong>Iv,</strong></span> <span class='ocrx_word' id='word_1_896' title='bbox 1153 5795 1242 5851; x_wconf 71' lang='lat' dir='ltr'><strong>Si.</strong></span> <span class='ocrx_word' id='word_1_897' title='bbox 1318 5794 1419 5866; x_wconf 23' lang='lat' dir='ltr'><strong>&quot;gl</strong></span> <span class='ocrx_word' id='word_1_898' title='bbox 1446 5793 1637 5849; x_wconf 83' lang='lat' dir='ltr'><strong>Thess.</strong></span> <span class='ocrx_word' id='word_1_899' title='bbox 1680 5808 1751 5857; x_wconf 86' lang='lat' dir='ltr'><strong>Iv,</strong></span> <span class='ocrx_word' id='word_1_900' title='bbox 1782 5792 1868 5847; x_wconf 78' lang='grc'><strong>15.</strong></span> <span class='ocrx_word' id='word_1_901' title='bbox 1946 5794 1989 5825; x_wconf 80' lang='grc'><strong>⁷³</strong></span> <span class='ocrx_word' id='word_1_902' title='bbox 2027 5790 2165 5847; x_wconf 83' lang='lat' dir='ltr'><strong>Psal.</strong></span> <span class='ocrx_word' id='word_1_903' title='bbox 2200 5804 2340 5845; x_wconf 68' lang='lat' dir='ltr'><strong>Lux</strong></span> 
     </span>
    </p>
   </div>
   <div class='ocr_carea' id='block_1_116' title="bbox 1906 5781 3512 5866">
    <p class='ocr_par' dir='ltr' id='par_1_116' title="bbox 1946 5781 3512 5863">
     <span class='ocr_line' id='line_1_117' title="bbox 1946 5781 3512 5863; baseline -0.008 -15"><span class='ocrx_word' id='word_1_904' title='bbox 1946 5794 1989 5825; x_wconf 81' lang='grc'><strong>⁷³</strong></span> <span class='ocrx_word' id='word_1_905' title='bbox 2027 5790 2165 5847; x_wconf 83' lang='lat' dir='ltr'><strong>Psal.</strong></span> <span class='ocrx_word' id='word_1_906' title='bbox 2200 5804 2364 5855; x_wconf 68' lang='lat' dir='ltr'><strong>LXXX,</strong></span> <span class='ocrx_word' id='word_1_907' title='bbox 2411 5789 2468 5846; x_wconf 76' lang='grc'>4.</span> <span class='ocrx_word' id='word_1_908' title='bbox 2500 5790 2582 5863; x_wconf 60' lang='grc' dir='ltr'><strong>τη</strong></span> <span class='ocrx_word' id='word_1_909' title='bbox 2608 5788 2764 5845; x_wconf 83' lang='lat' dir='ltr'><strong>Joan.</strong></span> <span class='ocrx_word' id='word_1_910' title='bbox 2803 5804 2879 5857; x_wconf 75' lang='lat' dir='ltr'><strong>xl,</strong></span> <span class='ocrx_word' id='word_1_911' title='bbox 2915 5788 3004 5842; x_wconf 70' lang='grc'>45.</span> <span class='ocrx_word' id='word_1_912' title='bbox 3084 5788 3128 5820; x_wconf 87' lang='grc'><strong>⁷³</strong></span> <span class='ocrx_word' id='word_1_913' title='bbox 3158 5787 3260 5841; x_wconf 84' lang='lat' dir='ltr'><strong>lsa.</strong></span> <span class='ocrx_word' id='word_1_914' title='bbox 3296 5798 3426 5847; x_wconf 67' lang='lat' dir='ltr'><strong>aut,</strong></span> <span class='ocrx_word' id='word_1_915' title='bbox 3460 5781 3512 5835; x_wconf 75' lang='lat'><strong>2.</strong></span> 
     </span>
    </p>
   </div>
  </div>
