4068 6542
218 462 323 519 ωι

1109 464 1663 522 COMMENTARIUS
1701 463 1765 518 IN
1804 460 2073 519 JOELEM
2114 456 2551 516 PROPHETAM.

3366 453 3474 508 £02

220 575 340 645 ἐγὼ
368 577 583 645 Κύριος
622 579 655 631 ὁ
702 578 847 645 Θεὸς
874 579 1072 650 ὑμῶν,
1106 582 1504 651 κατασκηνῶν
1541 582 1612 636 ἐν
1647 580 1793 636 Σιὼν

1909 577 2044 632 Deus
2073 585 2261 640 vester,
2292 576 2537 629 habitans
2577 576 2630 629 in
2663 574 2792 629 Sion
2824 583 2996 628 monts
3030 583 3212 627 sancto
3245 588 3379 635 meo,
3421 582 3471 626 et

223 665 347 735 ὄρει
376 666 525 736 ἁγίῳ
555 685 695 737 μου.
727 670 838 724 Καὶ
878 669 1053 725 ἔσται
1090 671 1484 741 Ἰερουσαλὴμ
1516 674 1675 743 ἁγία,
1700 674 1799 726 καὶ

224 757 578 827 ἀλλογενεῗς
602 760 675 814 οὐ
702 759 1113 818 διελεύσονται
1151 764 1226 817 δι’
1250 763 1440 831 αὐτῆς
1461 763 1568 817 ἔτι.

294 845 430 899 ΜΓ.
461 847 586 900 Ὅτε
624 848 692 901 τὰ
718 850 1039 923 ἐγκλήματα
1083 852 1183 922 τῆς
1222 852 1558 916 ἀποστασίας
1597 854 1707 916 τοῖς
1740 853 1801 917 ἐξ

238 936 461 1007 Ἰσραὴλ
490 938 886 1009 ἐπεγράφοντο,
931 943 1029 996 καὶ
1070 942 1334 1014 δαμάλεσι
1388 943 1486 1015 μὲν
1530 944 1800 1014 προσεκύ-

227 1042 348 1078 νουν
371 1030 496 1088 ταῖς
526 1032 776 1099 χρυσαῖς,
805 1030 1043 1100 ἔφασκον
1068 1032 1125 1086 δὲ
1157 1033 1407 1096 ἀνοσίως,
1428 1026 1586 1086 Οὗτοι
1612 1034 1672 1086 οί·
1687 1031 1799 1087 θεοί

232 1135 324 1171 σου
362 1120 605 1191 Ἰσραὴλ,
624 1122 844 1186 οἵτινες
875 1123 1152 1193 ἀνήγαγον
1185 1141 1244 1177 σε
1271 1126 1335 1178 ἐκ
1366 1126 1468 1195 γῆς
1495 1126 1796 1193 Αἰγύπτου,

229 1208 347 1261 τότε
374 1212 470 1263 καὶ
500 1211 776 1277 ἀσθενεῖς,
809 1214 903 1266 καὶ
933 1214 1217 1277 εὐάλωτοι,
1250 1217 1343 1268 καὶ
1374 1218 1487 1278 τοῖς
1522 1216 1800 1286 πολεμίοις

229 1300 552 1371 ἐτοιμοτάτη
620 1302 941 1373 προῦκειντο
1010 1305 1173 1377 θήρα.
1239 1305 1505 1380 Ταύτῃτοι
1566 1306 1662 1360 καὶ
1719 1308 1800 1370 είς

227 1391 610 1461 αἰχμαλωσίαν
642 1395 969 1476 ἐπέμποντο.
1009 1396 1226 1468 Ἐπειδὴ
1273 1397 1328 1451 δὲ
1377 1398 1666 1468 ἢλέηνται,
1707 1398 1800 1451 καὶ

231 1483 326 1552 τὴν
368 1483 580 1536 ἑαυτῶν
621 1488 999 1557 κατῳκήκασι,
1029 1486 1302 1557 χαλῶντος
1326 1487 1460 1540 Θεοῦ
1486 1488 1585 1551 τάς
1607 1488 1796 1560 ὀργάς,

231 1575 431 1644 ἄμαχοι
480 1576 687 1640 λοιπὸν,
732 1579 827 1630 καὶ⁵
878 1578 1335 1648 ἀνανταγώνιστοι
1382 1580 1637 1648 γεγόνασι
1687 1583 1800 1644 τοῖς

229 1665 464 1736 ἐχθροῖς,
509 1668 747 1737 ἀμογητὶ
790 1670 1188 1740 κεκρατήκασι,
1228 1669 1405 1722 καίτοι
1437 1671 1654 1725 πάντων
1692 1672 1800 1725 τῶν

232 1755 397 1809 ἐθνῶν
431 1757 863 1831 συνειλεγμένων
900 1762 981 1824 εἰς
1025 1760 1226 1830 μάχην.
1272 1758 1579 1815 Γνὼσεσθαι
1607 1762 1671 1835 δὴ
1707 1760 1803 1818 οὖν

231 1847 392 1916 φησὶν
421 1847 620 1913 αὐτοὺς
643 1849 750 1901 ἀπό
766 1866 828 1917 γε
848 1848 941 1902 τοῦ
968 1849 1289 1920 κατισχύσαι
1311 1849 1420 1903 τῶν
1434 1850 1502 1904 δι’
1528 1853 1796 1916 ἐναντίας,

1899 667 1998 722 erit
2038 666 2339 721 Jerusalem
2362 679 2567 731 sancta,
2605 675 2652 718 et
2686 664 2996 734 alienigena:
3026 680 3129 717 non
3167 662 3469 717 transibunt

1895 775 1989 829 per
2009 774 2123 813 eam
2149 756 2395 824 amplius.

1972 846 2153 902 XLIII.
2187 846 2417 913 Quando
2453 846 2693 901 crimina.
2722 847 2952 900 desertae
2986 854 3199 914 patrum
3246 846 3471 918 religio-

1913 941 2000 996 nis
2060 939 2481 995 intendebantur
2524 938 2801 1000 lsraelitis,
2842 947 2895 993 et
2929 938 3124 992 vitulos
3172 938 3472 993 adorabant

1900 1044 2119 1096 aureos,
2170 1029 2377 1084 nefarie
2427 1027 2837 1083 acclamantes:
2894 1044 2913 1079 ι
2959 1026 3021 1080 lli
3060 1035 3186 1081 sunt
3237 1026 3309 1079 dii
3370 1027 3468 1089 tui,

1899 1121 2085 1185 Israel,
2115 1122 2205 1191 qui
2231 1121 2535 1176 eduxerunt
2575 1132 2626 1175 te
2658 1122 2725 1175 de
2760 1130 2899 1174 terra
2936 1118 3152 1189 Egypti
3182 1117 3252 1183 ",
3288 1136 3307 1168 ι
3341 1125 3471 1170 tunc

1899 1214 2098 1269 intirmi
2134 1222 2307 1280 erant,
2341 1221 2396 1268 et
2427 1214 2527 1267 Ievi
2564 1212 2778 1281 negotio
2798 1211 3247 1281 subjugabantur,
3282 1220 3477 1263 erant-L

1901 1320 2007 1376 que
2034 1304 2288 1359 hostibus
2315 1303 2509 1372 praedae
2538 1303 2984 1372 expeditissima}.
3014 1300 3138 1356 Ideo
3181 1310 3237 1356 et
3283 1302 3333 1355 in
3375 1316 3470 1355 ca-

1898 1395 2197 1467 ptivitatem
2247 1396 2669 1449 abducebantur.
2718 1394 2787 1448 At
2836 1402 3118 1463 postquam
3164 1392 3473 1446 misericor-

1897 1486 2043 1541 diam
2097 1484 2299 1555 adepti,
2352 1485 2626 1555 regionem
2674 1499 2824 1537 suam
2880 1483 3212 1551 postliminio
3260 1484 3472 1537 habita—

1901 1587 2048 1642 runt,
2093 1578 2333 1633 Deoiras
2363 1576 2686 1644 deponente,
2717 1577 2783 1630 de
2825 1584 3022 1630 (ταξιοιο
3053 1576 3237 1629 invicti
3281 1585 3334 1629 et
3377 1575 3465 1629 in-

1901 1670 2237 1740 superabiles
2281 1669 2530 1725 hostibus
2559 1668 2797 1731 fuerunt,
2829 1668 3073 1738 citraque
3120 1669 3357 1723 laborem
3388 1669 3470 1720 vi-

1901 1770 2115 1825 cerunt,
2163 1761 2263 1816 etsi
2294 1775 2484 1815 omnes
2529 1770 2715 1829 gentes
2742 1760 3027 1813 adversum
3071 1774 3163 1813 eos
3205 1757 3366 1829 242
3417 1758 3469 1811 in

1902 1852 2144 1922 pratlium
2191 1852 2422 1906 coirent.
2484 1852 2554 1904 Es
2623 1866 2689 1903 eo
2730 1850 2891 1919 igitur
2959 1850 3100 1921 quod
3148 1849 3474 1903 adversariis

228 1938 309 1995 ὅτι
334 1938 428 1991 καὶ
459 1940 519 1991 ἐν
546 1940 728 2004 αὐτοῖς
760 1943 898 2005 ἐστι,
933 1942 1027 1994 καὶ
1066 1940 1476 1997 ἐπαναπαύεται
1509 1943 1693 1997 λοιπὸν
1730 1946 1799 2015 τῇ

1909 1944 2289 2015 praevalebunt,
2338 1945 2653 2015 cognituros
2695 1943 2846 2006 dicit,
2876 1958 2997 1996 eum
3041 1952 3095 1997 et
3139 1942 3280 1996 inter
3330 1943 3473 2011 ipsos

232 2028 364 2082 Σιὼν
395 2028 471 2094 ὡς
515 2031 650 2103 ἁγία
683 2032 855 2088 πόλει.
896 2035 1167 2108 Ταύτῃτοί
1230 2054 1393 2110 φησιν
1433 2037 1515 2091 ὅτι
1554 2037 1800 2106 φείσεται

235 2120 331 2190 μέν
368 2120 479 2174 τῶν
531 2121 676 2177 ίδίων
715 2123 881 2189 λαῶν,
930 2127 1025 2180 καὶ
1058 2127 1469 2195 ἀλκιμωτάτους
1511 2130 1801 2198 ἀποφανεῖ,

234 2210 574 2282 μαθήσεσθαι
616 2214 674 2267 δὲ
718 2215 934 2282 αὐτοὺς,
965 2218 1047 2271 ὅτι
1076 2218 1193 2288 μετ’
1235 2219 1416 2275 αὐτῶν
1440 2222 1608 2274 ἐστιν.
1638 2220 1800 2272 Ἐσε-

238 2301 353 2355 σθαι
397 2303 454 2355 δέ
497 2320 632 2375 φησι
659 2303 759 2376 τὴν
800 2307 1151 2380 Ἰερουσαλὴμ
1193 2309 1377 2379 ἁγίαν,
1425 2310 1524 2381 τὴν
1569 2310 1801 2380 ἀρχαίαν

236 2394 445 2459 πάντως
473 2395 663 2452 ἀθεῖαν
693 2397 1093 2465 ἀποϐαλοῦσαν,
1121 2400 1222 2453 ούκ
1253 2399 1333 2454 ἐτι
1354 2399 1799 2471 ψευδομαντείας,

237 2488 323 2540 καὶ
373 2488 628 2559 γοητείας
688 2493 817 2560 παρ’
865 2491 1000 2563 αὐτῇ
1052 2491 1402 2563 τιμωμένης,
1451 2493 1509 2544 ἐν
1554 2491 1702 2560 νόμῳ
1745 2490 1802 2543 δὲ

237 2576 429 2647 μᾶλλον
461 2580 773 2651 κρατούσης
816 2580 996 2651 ζωῆς,
1037 2581 1132 2634 καὶ
1162 2583 1400 2653 ἀρίστων
1443 2580 1804 2651 ἐπιτηδευμά-

238 2684 335 2719 των
359 2668 563 2739 σπουδῇ
594 2670 895 2739 γεγονότων
928 2671 1130 2735 αύτοτς.
1149 2672 1406 2744 Ἐχούσης
1430 2672 1487 2725 δὲ
1521 2670 1681 2736 οὕτω,
1709 2671 1804 2725 καὶ

234 2757 416 2829 διαζῇν
438 2760 748 2836 ᾑρημένης,
777 2761 970 2817 οὐδένα
1000 2762 1135 2835 φησὶ
1169 2762 1277 2817 τῶν
1308 2762 1515 2833 ἐχθρῶν
1542 2762 1607 2815 δι’
1633 2762 1803 2831 αὐτῆς

238 2850 680 2922 παρελεύσεσθαι,
708 2848 820 2907 οἷον
850 2854 951 2908 οὐκ
988 2851 1454 2923 εύκαταγώνιστος
1478 2851 1630 2905 ἔσται
1660 2851 1803 2904 τισὶν

236 2944 349 2997 οὐδὲ
398 2946 457 2999 ἐν
510 2946 731 3017 παρόδῳ
778 2950 892 3011 τοῖς
948 2947 1225 3001 ἐθέλουσιν
1279 2943 1669 3017 ἁρπαζομένη,
1725 2944 1806 3006 ὡς

241 3036 517 3111 πρότερον,
568 3038 767 3108 μᾶλλον
808 3039 865 3093 δέ
909 3037 1174 3109 ἀσφαλὴς,
1221 3040 1316 3093 καὶ
1356 3041 1477 3101 ταῖς
1511 3037 1638 3109 παρ’
1670 3033 1805 3107 ἐμοῦ

241 3127 513 3199 δυνάμεσι,
547 3131 643 3183 καὶ
665 3131 1006 3201 ἐπικουρίαις
1038 3126 1098 3185 εὖ
1132 3128 1277 3200 μάλα
1300 3128 1697 3199 τετειχισμένη.

317 3219 538 3292 ’Δληθές
563 3222 620 3275 δὲ
650 3222 710 3275 τὸ
739 3223 930 3293 χρῆμα
960 3221 1064 3275 κᾶν
1092 3222 1143 3276 εξ
1172 3222 1260 3274 ἐπ’
1294 3220 1466 3289 αὐτῆς
1495 3221 1666 3272 νοοῖτο
1704 3217 1806 3288 τῆς

1906 2050 2053 2100 esse,
2102 2044 2156 2090 et
2207 2036 2258 2090 in
2305 2044 2577 2104 posterum
2630 2051 2790 2104 super
2834 2045 3017 2090 sancta
3062 2035 3285 2088 civitate
3330 2033 3469 2086 Sion.

1901 2126 2232 2196 quieturum.
2270 2125 2403 2181 Ilinc
2441 2125 2671 2182 atlirmat
2728 2141 3015 2198 parsurum
3046 2125 3241 2195 pepulo
3268 2139 3387 2188 suo,
3417 2134 3476 2177 et

1903 2218 2314 2296 strenuissimos
2364 2218 2737 2282 redditurum,
2784 2230 2833 2273 et
2886 2228 3298 2288 perspectnros,
3346 2231 3480 2271 eum.

1903 2325 2026 2365 cum
2093 2310 2226 2377 ipsis
2271 2323 2431 2377 esse;
2480 2308 2596 2365 fore
2640 2320 2818 2364 autem
2865 2308 3164 2364 Jerusalem
3208 2315 3475 2371 sanctam,

1904 2402 2184 2469 repudiato
2218 2416 2441 2470 prorsus
2465 2401 2733 2457 atheismo
2758 2400 2945 2463 veteri,
2984 2398 3134 2454 falsis
3163 2398 3471 2469 praedictio-

1905 2495 2065 2549 nibus
2090 2503 2143 2548 et
2195 2493 2652 2548 incantationibus
2694 2492 2985 2561 despectis.
3034 2491 3086 2544 in
3132 2490 3248 2560 lege
3295 2498 3473 2543 autem

1906 2586 2030 2639 vita:
2066 2595 2339 2652 potentem
2387 2594 2441 2638 et
2490 2584 2857 2637 iustitium-mn
2897 2583 3222 2652 Optimorum
3261 2579 3473 2635 studio-

1904 2692 2037 2732 sam.
2091 2676 2224 2731 Cum
2277 2676 2358 2731 sic
2411 2690 2468 2730 se
2515 2675 2786 2741 habuerit,
2819 2685 2875 2728 et
2924 2675 2998 2727 ita
3044 2673 3205 2726 vitam
3256 2672 3475 2741 exigere

1905 2770 2270 2833 constituerit,
2323 2767 2528 2822 nullum
2573 2769 2780 2824 hostem
2815 2784 2910 2838 per
2947 2782 3067 2821 eam
3096 2765 3472 2827 transiturum,

1905 2858 1959 2913 id
1989 2868 2093 2923 est,
2121 2875 2147 2911 a
2181 2858 2397 2914 nemine
2428 2859 2585 2913 facile
2613 2860 3029 2928 expugnabitur,
3058 2871 3157 2911 nec
3189 2856 3241 2908 in
3293 2864 3472 2908 trans-

1907 2951 1983 3005 itu
2023 2966 2050 3003 a
2085 2951 2390 3005 volentibus
2424 2958 2483 3004 ut
2522 2960 2679 3003 antea
2730 2950 2969 3019 rapietur
2994 2989 3010 3014 ,
3053 2947 3183 3017 quin
3221 2955 3331 3000 tuta
3371 2944 3481 2999 erit

1906 3043 2076 3114 copiis
2128 3041 2449 3111 auxiliisque
2496 3042 2627 3097 meis
2675 3051 2733 3096 ut
2797 3055 2948 3095 muro
2992 3039 3195 3109 optime
3242 3038 3479 3091 circum-

1908 3141 2078 3202 septa.
2509 3197 2515 3203 ε

1978 3222 2124 3276 Istud
2160 3236 2320 3291 porro
2345 3221 2508 3276 etiam
2538 3221 2604 3275 de
2628 3220 2827 3274 Christi
2866 3218 3108 3273 Ecclesia
3141 3231 3328 3272 verum
3366 3224 3469 3271 est.

255 3311 574 3384 Ἐκκλησίας
593 3292 863 3383 Χριστοῦ,
900 3312 1141 3384 Κήδεται
1168 3312 1279 3384 γὰρ
1320 3310 1427 3367 τῶν
1461 3311 1604 3365 ἰδίων
1632 3326 1800 3381 προσο

1909 3311 2143 3365 Suorum
2178 3311 2320 3364 enim
2361 3311 2628 3363 cultormn
2675 3324 2860 3364 curam
2902 3308 3074 3377 gerit,
3126 3315 3179 3361 et
3232 3306 3487 3360 hostibus

245 3402 502 3474 xuvqtt'iw,
532 3402 757 3457 καὶτῶν
780 3403 1057 3473 πολεμίων
1098 3404 1359 3475 ἀμείνους
1402 3402 1675 3465 ἀποτελεῖ,
1716 3402 1809 3455 εύ-

248 3493 464 3557 σθενεϊς,
487 3494 584 3545 καὶ
614 3493 1046 3562 ἀλκιμωτάτους,
1082 3493 1388 3562 εὐρωστίας
1414 3492 1682 3562 γέμοντας
1711 3491 1811 3562 τῆς

249 3586 635 3654 πνευματικῆς,
695 3584 901 3648 εἰδότας
931 3601 991 3637 τε
1035 3585 1131 3637 καὶ
1180 3584 1613 3647 πεπιστευκότας
1654 3585 1737 3637 ὅτι
1780 3585 1810 3635 ό

247 3674 367 3737 Θεὸς
395 3677 450 3728 ἐν
481 3675 667 3736 αὐτοῖς
692 3674 779 3728 διά
805 3674 900 3729 τοῦ
931 3674 1266 3745 Πνεύματος.
1299 3695 1317 3727 ι
1345 3677 1603 3730 Κατοικεῖ
1623 3675 1730 3745 γὰρ
1754 3677 1811 3728 ἐν

248 3769 355 3830 ταῖς
383 3768 633 3836 καρδίαις
663 3766 818 3838 ἡμῶν
846 3767 935 3821 διὰ
978 3768 1075 3839 τῆς
1103 3768 1359 3831 πίστεως.
1402 3787 1420 3820 ι
1448 3768 1556 3819 Καὶ
1592 3767 1620 3818 ὁ
1652 3766 1814 3835 εὐαγ-

249 3858 491 3931 γελιστὴς
518 3860 770 3929 Ἰωάννης
793 3862 976 3929 φησὶν,
1002 3880 1020 3911 ι
1045 3861 1137 3915 Ἐκ
1165 3860 1353 3914 τούτου
1375 3858 1715 3929 γινώσκομεν
1732 3860 1812 3911 ὃτι

250 3949 302 4000 ἐν
329 3950 455 4019 ἡμῖν
481 3951 650 4012 ἐστιν,
682 3951 745 4002 ἐκ
764 3950 855 4003 τοῦ
893 3950 1232 4021 Πνεύματος,
1274 3946 1335 4005 οὗ
1363 3951 1560 4003 ἔδωκεν
1596 3950 1751 4017 ἡμῖν.
1789 3966 1807 3999 ι

263 4040 408 4107 Ἀγία
456 4041 518 4094 δὲ
545 4040 687 4093 κατὰ
724 4039 784 4093 τὸ
826 4040 1026 4110 ἀληθὲς
1059 4043 1091 4110 ἡ
1135 4045 1298 4111 νοητή
1337 4058 1437 4093 που
1469 4041 1688 4104 πάντως
1727 4038 1817 4091 Ίεο

254 4132 564 4203 ρουσαλὴμ,
598 4133 905 4196 τουτέστιν,
943 4135 976 4203 ἠ
1017 4133 1348 4203 Ἐκκλησία,
1388 4134 1456 4187 τὰ
1498 4133 1606 4185 τῶν
1646 4132 1815 4201 ἁγίων

254 4221 512 4291 τάγματα.
555 4223 629 4276 Οὐ
654 4223 762 4294 γάρ
787 4226 903 4276 ἐστι
934 4225 1168 4296 πάροδος
1198 4225 1517 4293 ἀλλογενῶν.
1566 4244 1582 4275 ι
1617 4226 1680 4278 Οί
1707 4224 1815 4295 γάρ

255 4310 337 4363 τοῦ
363 4310 598 4383 Χριστοῦ
628 4314 727 4383 τὴν
764 4315 943 4385 σάρκα
971 4314 1344 4388 ἐσταύρωσαν.
1381 4335 1397 4365 ι
1431 4314 1732 4384 Μέμνημαι
1760 4314 1817 4367 δὲ

254 4401 490 4471 λὲγοντος
522 4406 615 4458 καί
659 4422 804 4468 τινος
836 4407 943 4459 τῶν
988 4406 1199 4476 σοφῶν,
1234 4426 1251 4457 ι
1297 4406 1421 4459 Ἐὰν
1456 4406 1679 4475 Πνεῦμα
1720 4404 1813 4458 τοῦ

258 4493 644 4562 ὲξουσιάζοντος
672 4498 845 4569 ἀναϐῇ
879 4499 971 4552 ἐπὶ
997 4500 1077 4561 σὲ,
1110 4498 1271 4553 τόπον
1308 4516 1401 4552 σου
1438 4500 1511 4571 μὴ
1539 4499 1703 4568 ἀφῇς,
1734 4498 1817 4550 ὅτι

261 4586 381 4661 ῐαμα
407 4592 750 4646 καταπαύσει
777 4593 1052 4664 ἁμαρτίας
1090 4593 1350 4663 μεγάλας.
1388 4612 1405 4643 ι
1440 4591 1681 4663 Ἀσφαλῆ
1711 4591 1817 4661 γάρ

260 4681 423 4751 ἔχουσι
474 4685 574 4755 τὴν
631 4685 894 4756 καρδίαν,
948 4687 1006 4739 ού
1054 4685 1313 4755 βάσιμον,
1357 4684 1465 4738 οὐδ’
1519 4683 1821 4753 ἱππήλατον

259 4778 358 4837 τοῖς
388 4775 721 4848 ἀκαθάρτοις
751 4776 1023 4847 πνεύμασι
1052 4775 1469 4845 σεσαλευμένην·
1504 4774 1724 4845 ἑδραίαν
1763 4773 1819 4848 δὲ

263 4865 466 4933 μᾶλλον,
518 4840 613 4919 καὶ
660 4868 773 4927 τοῖς
821 4840 918 4937 τῆς
968 4862 1224 4934 ἀληθείας
1266 4840 1531 4933 δόγμασιν
1568 4840 1632 4914 εὖ
1677 4840 1821 4930 μάλά

262 4970 392 5007 πεπυ
398 4974 515 5026 ργω
521 4956 704 5025 μένην.

324 5047 425 5100 Καὶ
470 5048 641 5101 ἔσται
672 5047 743 5100 ἐν
789 5045 863 5112 τῇ
893 5045 1085 5115 ἡμέρᾳ
1127 5045 1329 5112 ἐκείνῃ
1356 5061 1369 5075 ·
1410 5040 1821 5105 ἀποσταλάξει

262 5137 327 5190 τὰ
368 5138 469 5207 ὄρη
534 5139 913 5208 τλυκασμὸν.
964 5138 1062 5191 καὶ
1114 5138 1171 5191 ol
1222 5136 1439 5201 βουνοί
1481 5134 1819 5203 ρυήσονται

267 5229 426 5295 γάλα,
476 5233 577 5285 καὶ
625 5230 815 5286 πᾶσαι
856 5234 915 5285 αι
961 5228 1208 5299 ἀφέσεις
1244 5225 1438 5280 Ἰούδα
1483 5225 1820 5293 ρυήσοντιιι

263 5317 457 5385 ὕδατα,
493 5322 592 5374 καὶ
635 5320 797 5390 πηγὴ
826 5320 894 5384 ἐξ
925 5320 1094 5374 οἴκου
1141 5317 1364 5386 Κυρίου
1414 5314 1824 5380 ἐξελεύσεται,

267 5410 355 5462 καὶ
379 5412 568 5466 ποτιδῖ
592 5413 698 5466 τὸν
726 5410 1087 5481 χειμάῤῥουν
1123 5408 1243 5464 τῶν
1274 5407 1580 5476 σχοινίων.

328 5503 450 5558 ΜΔν.
488 5504 949 5574 Ἀναδειμαμένης
984 5502 1144 5571 ἁγίας
1172 5501 1273 5571 τῆς
1311 5497 1687 5571 Ἰερουσαλὴμ,
1730 5498 1824 5550 καὶ

1910 3403 2219 3471 superiores
2251 3402 2399 3464 facit,
2437 3403 2709 3466 robustos,
2746 3398 3177 3461 strenuissimos,
3211 3394 3476 3465 spirituali

1910 3493 2228 3549 fortitudine
2275 3493 2479 3562 plenos,
2526 3506 2647 3544 cum
2697 3490 2872 3544 sciant
2913 3497 2967 3543 et
3005 3489 3262 3549 credant,
3314 3486 3479 3539 Deum

1911 3601 2009 3655 per
2038 3585 2297 3655 Spiritum
2328 3585 2378 3638 in
2408 3584 2538 3654 ipsis
2558 3596 2713 3649 esse;
2753 3600 2771 3632 ι
2810 3581 3016 3635 habitat
3040 3579 3182 3633 enim
3214 3579 3265 3630 in
3299 3573 3491 3630 cordi-7

1914 3676 2017 3732 bus
2050 3677 2255 3731 nostris
2290 3692 2385 3745 per
2420 3676 2576 3731 tidem
2605 3674 2675 3726 ⁷⁸.
2712 3692 2729 3724 ι
2765 3673 2832 3727 Et
2878 3678 2935 3724 nt
2969 3668 3204 3723 Joannes
3247 3680 3481 3733 evange-

1913 3770 2037 3824 lista
2073 3766 2265 3823 scribit
2295 3784 2311 3819 :
2351 3784 2371 3818 ι
2411 3767 2465 3820 In
2498 3766 2599 3819 hoc
2623 3763 3030 3832 cognoscimus,
3067 3759 3190 3828 quia
3234 3759 3284 3811 in
3327 3758 3484 3811 nobis

1912 3869 2014 3922 est,
2041 3859 2165 3929 quia
2206 3857 2273 3912 de
2317 3856 2525 3926 Spiritu
2582 3870 2680 3910 suo
2729 3853 2878 3909 dedit
2925 3852 3079 3905 nobis
3110 3850 3177 3902 ".
3222 3867 3239 3900 ι
3288 3848 3491 3901 Sancta

1915 3962 2093 4005 autem
2128 3958 2209 4005 est
2254 3964 2442 4004 revera
2486 3944 2867 4001 intellectualis
2914 3941 3239 4004 Jerusalem,
3293 3939 3344 3995 id
3380 3946 3486 4003 est,

1917 4039 2176 4105 Ecclesia,
2205 4048 2516 4093 sanctorum
2542 4035 2780 4090 ordines.
2808 4032 2923 4086 Non
2950 4031 3095 4087 enim
3115 4041 3198 4084 est
3229 4030 3496 4083 transitus

1915 4146 2011 4203 per
2054 4145 2175 4185 eam
2232 4128 2570 4198 alienigenis.
2606 4144 2631 4178 ι
2679 4124 2785 4192 Qui
2830 4137 3061 4192 namque
3102 4131 3227 4176 sunt
3262 4120 3498 4183 Christi,

1915 4236 2133 4279 carnem
2169 4235 2322 4274 suam
2365 4216 2821 4273 cruciﬁxerunt"
2853 4232 2867 4269 :
2909 4234 2926 4265 ι
2968 4213 3126 4268 Venit
3163 4213 3215 4265 in
3252 4219 3489 4265 tuentem

1917 4313 2178 4382 sapientis
2219 4310 2499 4381 cujusdam
2528 4307 2772 4374 eﬂ'atunt,
2801 4305 3157 4375 pt'mcipientis
3181 4320 3197 4357 :
3225 4322 3243 4355 ι
3283 4302 3339 4358 Si
3368 4302 3491 4369 Spi-

1918 4407 2052 4460 ritus
2082 4412 2402 4474 potestatem
2429 4399 2680 4455 habentis
2696 4398 3004 4452 ascenderit
3027 4410 3188 4464 super
3208 4405 3279 4457 te,
3314 4395 3489 4447 locum

1919 4505 2068 4550 tuum
2098 4491 2466 4553 nedimiseris,
2490 4489 2612 4558 quia
2633 4486 2842 4542 curatio
2860 4485 3252 4539 facietcessarc
3272 4491 3493 4551 peccata

1924 4602 2116 4656 magna
2144 4585 2213 4637 ’⁸.
2245 4603 2266 4636 ι
2313 4582 2507 4636 Tutum
2536 4581 2731 4650 quippe
2770 4577 3009 4632 retinent
3039 4591 3155 4639 cor,
3200 4590 3304 4631 non
3345 4573 3491 4644 pedi.-

1926 4680 2091 4741 tibus,
2122 4693 2228 4731 non
2263 4676 2537 4743 equitibus
2565 4673 2830 4741 pervium,
2869 4680 2926 4724 ut
2959 4671 3026 4724 ab
3059 4668 3351 4722 innnundis
3384 4665 3469 4733 spi

1925 4768 2122 4821 ritibus
2151 4769 2451 4836 agitatum;
2487 4763 2580 4817 sed
2627 4760 2819 4816 stabile
2861 4760 3038 4830 potius
3068 4766 3122 4813 et
3153 4757 3495 4827 dogmatibus

1923 4860 2169 4916 veritatis
2198 4858 2361 4928 quasi
2395 4857 2635 4911 turribus
2673 4854 2909 4926 perbene
2936 4852 3349 4908 communitum.

1999 5035 2282 5091 \'sns.18.
2328 5030 2393 5085 Et
2440 5031 2539 5085 erit
2586 5032 2640 5085 in
2685 5030 2769 5083 die
2806 5027 2939 5082 illa:
2981 5035 3180 5080 montes
3225 5024 3496 5079 stillabant

1926 5127 2286 5189 dulcedinem,
2323 5131 2372 5176 et
2404 5121 2562 5176 colles
2602 5122 2765 5191 ﬂuent
2789 5119 2945 5182 lacte,
2981 5129 3025 5171 et
3048 5132 3225 5171 omnes
3254 5116 3497 5170 emissio-

1930 5236 2018 5272 nes
2038 5216 2186 5271 Juda
2215 5216 2378 5286 ﬂuent
2406 5214 2583 5283 aquis,
2610 5224 2654 5266 et
2683 5213 2805 5282 fons
2830 5211 2894 5263 de
2920 5211 3074 5262 domo
3109 5207 3324 5263 Domini
3354 5223 3497 5277 egre-

1928 5308 2120 5374 dietur,
2160 5317 2208 5361 et
2241 5305 2486 5376 irrigabit
2526 5312 2805 5358 torrentem
2838 5300 3216 5371 [ιιιιίειιίοηιηι.

2007 5485 2187 5542 XLIV.
2224 5486 2529 5541 lnstaurata
2562 5492 2747 5539 sancta
2775 5480 3097 5546 Jerusalem,
3129 5490 3230 5532 nec
3270 5471 3499 5543 amplius

269 5593 358 5645 οὐκ
403 5596 565 5665 οὔσης
612 5569 714 5649 ἐτι⁷
743 5569 915 5666 βατῆς
958 5569 1070 5658 τοίς
1121 5569 1465 5661 ἀλλογενέσι,
1522 5590 1612 5645 διά
1658 5607 1718 5643 τε
1769 5590 1807 5643 τί

1931 5579 2251 5650 alienigenis
2282 5578 2488 5648 pervia,
2533 5576 2674 5645 quod
2722 5590 2839 5629 eam
2876 5571 3075 5627 incolat
3120 5569 3497 5622 universorum

271 5688 673 5740 κατασκηνῶσαι
703 5689 762 5740 ἐν
792 5688 929 5758 αὐτῇ
963 5687 1053 5739 τὸν
1078 5686 1187 5739 τῶν
1216 5685 1353 5740 ὅλων
1382 5683 1607 5755 Κύριον,
1629 5683 1820 5752 φείσα-

332 5856 373 5889 ’δ
403 5859 567 5916 I'lsud.
605 5876 775 5927 xxxii,
808 5861 860 5915 4.
938 5860 983 5890 ⁷⁵
1020 5859 1211 5928 Epltcs.
1238 5876 1296 5928 ιι,
1328 5860 1409 5912 I7.

1490 5860 1532 5888 ⁷⁸
1572 5857 1776 5913 IJoan.
1821 5871 1891 5923 tv,

1934 5672 2213 5736 Dominus,
2255 5669 2376 5724 data
2417 5668 2569 5722 venia
2607 5665 2803 5736 populo
2829 5662 2990 5729 Juda,
3026 5671 3200 5728 eoque
3239 5652 3496 5711 corrobo-

1965 5853 2047 5907 15.
2125 5849 2167 5879 ⁷⁷
2199 5847 2374 5904 Galat.
2402 5846 2560 5913 v,2i.
2635 5846 2681 5879 "
2713 5843 2890 5900 Eccle.
2929 5860 2984 5909 κ,
3016 5840 3067 5894 ι.
