4068 6538
569 438 675 493 403

1553 428 1610 482 S.
1651 426 1926 482 CYRILLI
1966 426 2428 483 ALEXANDRINI
2467 430 2785 488 ARCHIEP.

3704 428 3812 488 ιω

573 563 715 615 rato,
744 557 799 605 et
826 546 1106 618 superiore
1129 544 1452 599 adversariis
1488 544 1699 611 effecto,
1732 558 1860 602 tunc
1886 548 2136 601 nimirum

2256 550 2367 604 ςθαί
2402 571 2461 606 τε
2504 555 2597 607 τοῦ
2634 556 2763 608 ἰδίου
2795 554 2946 619 λαοῦ,
2980 555 3071 608 καὶ
3116 555 3439 624 κατισχύσαι
3487 554 3585 625 μιν
3619 554 3809 617 αὑτὸν,

576 655 787 701 montes
835 660 854 694 ι
894 640 1175 695 stillabunt
1227 636 1388 708 243
1430 637 1811 705 dulcedinem,
1873 650 1924 694 et
1976 640 2139 694 colles

2256 642 2517 711 Ιιποφῆναι
2540 644 2597 696 δέ
2623 644 2715 696 καὶ
2745 644 2856 696 τῶν
2885 644 3289 714 ἀνθεστηκότων
3322 645 3547 715 ἀμείνω,
3581 644 3709 697 τότε
3747 644 3811 713 δὴ

573 738 739 793 fluent
781 734 941 798 lacte,
987 740 1042 785 et
1083 729 1406 785 emissiones
1457 728 1590 784 Juda
1628 749 1645 781 ›
1690 730 1942 785 fluentum
1978 747 2137 785 suum

2256 730 2308 784 τά
2340 732 2440 802 μὲν
2467 733 2565 803 ὅρη
2602 751 2620 784 ι
2652 733 3006 798 Σταλάξονται
3043 734 3385 805 γλυκασμὺν,
3423 736 3717 804 ῥυήσονται
3756 734 3813 786 δὲ

579 830 801 884 dabunt.
841 823 1172 879 Emissiones
1201 821 1307 875 dici
1338 822 1529 888 opinor
1571 820 1797 875 fontium
1838 823 2138 877 emanatio-

577 937 698 985 nes,
754 926 846 971 aut
888 917 977 982 qui
1009 911 1209 978 alioqui
1250 912 1430 966 vocari
1481 912 1687 979 possint
1733 928 1994 981 aquarum
2038 913 2141 966 du-

580 1022 719 1065 ctus.
755 1008 1011 1062 Montium
1056 1002 1269 1069 quidem
1313 1002 1531 1057 nomine
1578 1003 1822 1071 accipere
1867 1003 2014 1069 licet,
2051 1002 2141 1071 qui

578 1100 797 1155 virtutis
820 1097 1028 1151 culmen
1060 1093 1509 1157 conscenderunt,
1546 1103 1599 1147 et
1626 1091 1875 1147 laudibus
1905 1093 2025 1147 vita:
2054 1107 2142 1147 se-

579 1191 815 1244 cundum
846 1188 1099 1239 virtutem
1134 1191 1268 1236 acta:
1301 1182 1422 1236 aliis
1448 1184 2144 1253 antestantes,conspicuos

579 1291 633 1333 et
665 1280 903 1334 illustres
938 1297 951 1332 :
982 1276 1170 1346 quales
1196 1285 1351 1331 erant
1390 1274 1637 1340 discipuli
1673 1274 1897 1341 Christi,
1946 1286 1998 1329 et
2036 1291 2144 1344 pra:

581 1370 792 1424 czeteris
821 1368 1080 1435 Baptista,
1114 1368 1179 1421 de
1209 1380 1318 1434 quo
1345 1373 1427 1417 est
1461 1363 1587 1416 illud
1609 1364 1906 1418 Salvatoris
1931 1383 1944 1418 :
1980 1385 1999 1416 ι
2029 1364 2144 1420 Non

584 1459 822 1513 surrexit
865 1457 1034 1523 major
1065 1457 1267 1509 Joanne
1299 1457 1366 1508 '9.
1415 1474 1434 1506 ›
1470 1454 1808 1509 Excellentes
1841 1455 2005 1521 igitur
2034 1457 2145 1523 isti,

583 1561 638 1604 et
682 1550 935 1603 oumibus
972 1547 1259 1609 notissimi,
1293 1546 1495 1600 stillant
1531 1545 1886 1612 dulcedinem,
1932 1557 1984 1602 et
2022 1558 2145 1603 tan-

585 1655 745 1710 quam
780 1639 936 1693 melle
961 1638 1091 1691 illita
1125 1637 1189 1691 de
1214 1636 1430 1691 Christo
1467 1637 1626 1690 verba
1662 1636 1879 1701 facient,
1908 1648 1963 1691 ut
1998 1639 2147 1708 quis-

585 1730 707 1799 quis
766 1729 999 1783 audierit
1048 1728 1245 1783 eximia
1308 1725 1553 1795 perfusus
1596 1726 1779 1781 laatitia
1834 1729 2144 1785 exclamet:

590 1842 608 1874 ι
628 1822 798 1889 Quam
823 1822 993 1876 dulcia
1020 1819 1261 1873 faucibus
1289 1818 1421 1871 meis
1448 1818 1656 1886 eloquia
1680 1821 1856 1875 tua“!
1886 1841 1904 1872 ι
1936 1821 2000 1876 Et
2030 1837 2149 1894 qua:

2242 823 2335 874 καὶ
2360 825 2407 875 οἱ
2448 822 2626 892 βουνοί
2654 824 2713 877 τὸ
2742 824 2904 892 γάλα,
2925 825 3017 877 καὶ
3042 826 3099 877 al
3127 823 3220 877 τοῦ
3258 824 3426 877 Ἰούδα
3452 824 3678 893 ἀφέσεις
3704 842 3726 874 ι
3755 823 3816 875 τὸ

2242 914 2438 965 οἰκεῖον
2468 912 2761 981 ἐκδώσουσι
2792 914 2960 984 νάμα.
3007 914 3253 983 Ἀφέσεις
3284 913 3340 966 δὲ
3377 909 3527 983 οἶμαι
3554 912 3816 980 λέγεσθαι

2242 1002 2341 1067 τάς
2387 1004 2494 1056 τῶν
2534 1005 2725 1075 πηγῶν
2763 1005 3054 1078 ἐκδρομὰς,
3106 1005 3139 1076 ἢ
3187 1006 3309 1059 καθ’
3359 1006 3541 1075 ’έτερον
3582 1005 3815 1075 τρόπον,

2243 1093 2403 1162 οἵπερ
2428 1093 2493 1145 ἂν
2519 1090 2656 1147 εἶναι
2686 1094 2928 1161 λέγοιντο
2956 1095 3064 1147 τῶν
3095 1093 3300 1147 ὑδάτων
3328 1095 3524 1163 ὀχετοί.
3564 1094 3672 1146 Καὶ
3712 1094 3815 1163 ὅρη

2249 1182 2347 1252 μὲν
2375 1182 2615 1252 νοηθεῖεν
2650 1184 2714 1236 ἂν
2743 1185 2791 1236 oi
2834 1184 2970 1253 πρὸς
2998 1183 3131 1253 ὑψος
3171 1184 3371 1255 ἀρετῆς
3416 1184 3639 1253 ἠρμένοι
3662 1224 3681 1247 ,
3722 1185 3817 1236 καὶ

2245 1278 2357 1336 τοῖς
2398 1274 2675 1346 αὐχήμασι
2719 1276 2820 1345 τῆς
2867 1276 2924 1341 ἐξ
2972 1276 3173 1346 ἀρετῆς
3211 1275 3353 1343 ζωῆς
3392 1276 3449 1327 τὸ
3484 1275 3589 1327 τῶν
3632 1274 3819 1328 ἄλλων

2247 1364 2648 1435 ὑπερφέροντες
2676 1365 2892 1435 μέτρον,
2923 1366 2972 1417 οἱ
3008 1366 3309 1435 περίοπτοι,
3344 1366 3437 1418 καὶ
3472 1367 3815 1434 περιφανεῖς,

2248 1454 2421 1505 ὁποῖοι
2448 1449 2589 1524 ἦσαν
2621 1455 2669 1506 οἱ
2706 1454 2966 1523 μαθηταὶ,
2998 1455 3092 1507 καὶ
3117 1455 3286 1523 πρόγε
3312 1453 3418 1505 τῶν
3450 1453 3621 1507 ἄλλων
3646 1454 3676 1505 ὁ
3711 1453 3817 1503 Βα-

2249 1545 2480 1614 πτιστὴς
2502 1584 2516 1606 ,
2556 1546 2682 1615 περὶ
2715 1540 2775 1598 οὗ
2813 1548 2840 1598 ὁ
2873 1547 3061 1616 Σωτήρ
3096 1562 3280 1614 φησιν,
3338 1563 3355 1595 ‹
3391 1546 3502 1597 Οὐκ
3541 1544 3819 1614 ἐγείρεται

2254 1634 2453 1703 μείζων
2492 1632 2760 1687 Ἰωάννου.
2802 1652 2819 1683 ι
2865 1627 3022 1685 Οὗτοι
3067 1632 3132 1701 δὴ
3176 1628 3267 1684 οὖν
3310 1633 3357 1683 οἱ
3411 1629 3666 1700 μεγάλοι,
3722 1630 3818 1680 καὶ

2249 1724 2661 1796 γνωριμώτατοι
2705 1724 3026 1786 σταλάζουσι
3058 1722 3368 1791 γλυκασμὸν
3390 1761 3404 1784 ,
3448 1722 3539 1773 καὶ
3574 1714 3688 1771 οἷον
3725 1719 3819 1789 μέ-

2249 1814 2356 1868 λιτι
2383 1814 2768 1886 καταχρίοντες
2793 1815 2883 1868 τὸν
2911 1815 3038 1882 περὶ
3085 1815 3176 1867 τοῦ
3214 1815 3463 1885 Σωτῆρος
3502 1813 3819 1880 ποιήσονται

587 1922 912 1981 Sequuntur.
938 1911 1218 1980 Nunquam
1246 1909 1385 1964 enim
1411 1923 1514 1961 non
1539 1909 1709 1965 dulcis
1735 1922 1811 1967 est
1840 1927 2147 1969 sanctorum

2256 1903 2427 1972 λόγον,
2454 1904 2528 1967 ὡς
2556 1905 2663 1958 τῶν
2698 1905 3109 1975 μετεσχηκότων
3142 1904 3371 1958 ἕκαστον
3401 1905 3463 1955 ἐκ
3492 1901 3819 1972 περιχαρίας

587 2018 764 2056 sermo
785 2004 849 2057 iis
878 2003 966 2072 qui
1002 2000 1351 2071 Deoziplaccre
1379 2002 1619 2069 cupiunt.
1670 2002 1830 2059 Tales
1860 2004 2059 2075 itaque,
2099 2014 2152 2061 et

589 2094 859 2161 aptissime
888 2092 1123 2161 (pridem,
1152 2106 1245 2159 per
1272 2101 1479 2148 montes
1518 2093 1909 2163 Intelliguntur.
1975 2095 2152 2151 Colles

585 2198 702 2236 esse
720 2194 801 2233 aut
814 2194 1074 2242 amamus.
1092 2180 1301 2239 illorum
1321 2186 1639 2254 praestantia:
1652 2186 1865 2254 paulum
1882 2186 2150 2254 cedentes,

584 2288 640 2330 et
671 2286 791 2329 "tae
839 2275 1139 2329 rationibus
1184 2274 1467 2330 inferiores
1500 2293 1514 2329 :
1548 2277 1640 2345 qui
1676 2285 1849 2330 tamen
1885 2287 1941 2331 et
1970 2277 2067 2345 ipsi
2095 2293 2153 2332 se

586 2366 915 2432 extulerunt,
946 2375 1001 2420 et
1040 2380 1197 2435 supra
1231 2365 1365 2420 alios
1400 2367 1626 2421 multum
1660 2368 1923 2422 eminent.
1959 2368 2019 2422 Hi
2060 2384 2148 2422 re-

586 2470 716 2510 cens
759 2455 863 2510 ﬁde
893 2456 1227 2509 initiatorum
1267 2457 1463 2512 animis
1504 2476 1523 2509 ι
1564 2458 1904 2523 rationabile,
1937 2470 1991 2514 et
2035 2461 2154 2515 sine

586 2549 708 2603 dolo
756 2549 838 2601 lac
876 2547 919 2578 ⁸¹
968 2564 986 2597 ι
1023 2546 1335 2610 infundunt,
1383 2548 1807 2616 alimentumque
1856 2550 2154 2608 infantibus

586 2638 914 2693 conveniens
959 2640 1238 2707 praebent;
1282 2638 1640 2709 perfecturum
1692 2641 1834 2694 enim
1874 2654 1958 2695 est
2000 2644 2152 2696 cibus

586 2732 813 2795 solidus,
840 2731 925 2784 lac
944 2741 1124 2784 autem
1152 2731 1449 2786 infantibus
1482 2732 2019 2801 opportunissimum.
2046 2734 2155 2789 Nec

590 2838 718 2877 vero
754 2819 1009 2890 quoniam
1044 2821 1342 2877 infantibus
1376 2823 1459 2879 lac
1493 2824 1775 2878 infundere
1805 2835 2018 2893 norunt,
2055 2827 2154 2881 hoc

588 2914 705 2968 Solo
735 2930 923 2968 eorum
968 2914 1221 2968 virtutem
1262 2915 1783 2969 circumscribimus.
1827 2916 1961 2971 Cutn
2009 2919 2151 2972 enim

588 3006 696 3060 sint
731 3005 931 3065 idonei.
965 3015 1126 3075 atque
1175 3007 1308 3061 adeo
1342 3006 1577 3074 quidem,
1614 3019 1692 3069 ut,
1737 3009 1782 3062 si
1821 3009 2006 3074 velint,
2055 3011 2155 3064 im-

588 3096 778 3165 pertiri
815 3099 1024 3165 possint
1080 3097 1264 3152 habitu
1309 3098 1799 3153 conlirmatioribus
1838 3101 1985 3155 cibos
2026 3101 2155 3155 soli-

588 3186 791 3253 diores,
831 3202 925 3256 per
956 3188 1221 3242 dicentem
1267 3198 1494 3258 aperte:
1534 3208 1551 3241 ι
1587 3189 1895 3261 Cognosces
1944 3191 2153 3247 animas

590 3277 769 3345 gregis
817 3277 893 3332 tui
922 3278 989 3330 3’.
1028 3298 1047 3330 ι
1076 3278 1263 3349 itaque
1295 3280 1458 3333 divini
1493 3279 1761 3349 discipuli,
1805 3284 2153 3353 quantumvis

590 3368 861 3422 sexcentis
906 3370 1193 3433 mandatis,
1238 3385 1268 3423 a
1309 3370 1527 3427 Christo
1557 3375 1718 3438 datis,
1751 3376 1906 3429 nobis
1946 3376 2036 3444 qui
2086 3390 2152 3430 ea

592 3458 841 3524 gentibus
875 3458 1201 3513 credidimus
1222 3475 1320 3529 pro
1349 3477 1443 3517 sua
1467 3466 1792 3520 auctoritate
1816 3467 2153 3534 praecipiunt,

590 3549 889 3603 cavendum
920 3566 949 3603 a
978 3550 1354 3615 fornicatione,
1386 3563 1438 3605 et
1475 3552 1760 3620 sufl‘ocato,
1786 3564 1840 3609 et
1871 3556 2154 3625 sanguine.

595 3663 614 3694 ι
651 3645 833 3699 Visum
869 3656 951 3700 est
980 3648 1144 3713 enim,
1178 3646 1446 3714 inquiunt,
1474 3645 1700 3716 Spiritui
1732 3658 1920 3703 sancto
1964 3658 2019 3703 et
2058 3666 2155 3704 no-

592 3734 693 3797 Lis,
729 3735 860 3788 nihil
900 3737 1132 3804 amplius
1169 3736 1443 3804 imponere
1479 3738 1631 3792 vobis
1670 3739 1851 3793 oneris
1884 3740 1950 3793 ⁸⁸.
1994 3758 2013 3791 ι
2047 3741 2155 3794 Au-

589 3825 675 3879 dis
726 3840 886 3894 quam
936 3827 1008 3880 sit
1053 3826 1346 3883 infantibus
1385 3842 1689 3898 congruens
1725 3840 2068 3898 praeceptum,
2104 3839 2160 3884 et

591 3917 745 3984 quasi
780 3917 1164 3973 infirmioribus
1215 3918 1352 3974 lacte
1388 3922 1550 3974 robur
1584 3920 1977 3988 suppeditans?
2004 3924 2156 3991 Aqua

591 4005 754 4058 etiam
798 4007 1143 4062 iutellectuali
1191 4010 1565 4065 circumfluere
1609 4010 1875 4079 plantatos
1914 4014 1966 4067 in
2000 4014 2157 4069 domo

594 4096 832 4160 ltuinini,
866 4109 923 4151 ut
955 4097 1005 4150 in
1052 4099 1206 4154 atriis
1234 4100 1325 4155 Dei
1369 4102 1710 4159 elllorescant
1741 4104 1807 4167 "‘,
1856 4105 2052 4159 divinis
2087 4105 2160 4160 ir-

592 4185 750 4255 rigati
783 4186 1035 4257 lymphis,
1086 4196 1139 4242 et
1168 4191 1418 4259 supernis
1441 4192 1861 4263 cmlestibusque
1892 4195 2159 4249 sermoni-

591 4276 693 4329 bus
753 4276 1098 4345 pinguefacti,
1159 4282 1495 4337 subostendit
1559 4300 1652 4354 per
1706 4286 1853 4355 illud,
1903 4307 1921 4339 ι
1973 4302 2159 4343 onmes

592 4365 911 4420 eruissiones
948 4366 1080 4423 Juda
1115 4368 1279 4424 fluent
1315 4374 1490 4441 aquis.
1532 4394 1550 4425 ι
1583 4374 1993 4431 Conﬁtebantur
2011 4378 2155 4431 enim

592 4472 625 4509 a
662 4457 768 4512 Deo
818 4474 875 4512 se
929 4462 1109 4514 vocari
1140 4462 1298 4516 etiam
1344 4464 1485 4519 beati
1528 4468 1775 4536 apostoli.
1826 4468 1929 4522 Sed
1964 4468 2153 4537 prima:

591 4549 807 4615 quidem
839 4550 1256 4621 intelligibilium
1288 4569 1550 4623 aquarum
1569 4557 2155 4617 emissiones.omnino
2188 4572 2231 4628 Ι)

591 4640 797 4693 sanctis
834 4655 863 4692 a
907 4640 1015 4695 Deo
1062 4658 1157 4711 per
1196 4644 1361 4716 244
1388 4645 1652 4715 Spiritum
1692 4664 1914 4705 munera
1958 4652 2157 4706 donata

592 4729 815 4784 fuerint.
848 4729 1111 4787 Secundae
1139 4744 1318 4789 autem
1352 4737 1495 4791 velut
1521 4738 1841 4795 emissiones
1874 4757 2156 4810 aquarum,

596 4818 663 4871 ab
690 4818 821 4886 ipsis
851 4818 916 4872 ad
958 4835 1055 4874 nos
1094 4821 1367 4889 profectus
1395 4838 1595 4891 sermo,
1636 4825 2003 4895 spiritualibus
2030 4831 2157 4884 eba-

596 4909 912 4963 rismatibus
940 4925 1038 4965 nos
1073 4912 1300 4981 replens.
1324 4913 1546 4969 Fontem
1566 4926 1743 4970 autem
1781 4919 1845 4973 de
1866 4920 2026 4974 domo
2059 4922 2161 4976 Do-

597 4996 725 5051 mini
774 4999 1158 5066 egredientem,
1212 5016 1370 5069 quem
1430 5018 1587 5070 porro
1636 5014 1833 5072 praeter
1882 5005 2157 5061 Christum

562 5108 569 5109 ί
594 5086 1060 5142 existimabimus?
1085 5089 1174 5144 Sic
1208 5091 1350 5144 enim
1389 5090 1591 5146 Psaltes
1617 5108 1739 5147 eum
1766 5096 2015 5163 appellat,
2055 5096 2157 5149 Pa-

597 5187 801 5231 tremet
834 5180 995 5231 Deum
1028 5181 1077 5234 in
1107 5180 1258 5236 caelis
1313 5182 1629 5251 alloquens:
1665 5202 1683 5232 ι
1708 5183 1968 5238 Torrente
2010 5184 2160 5238 volu-

594 5270 757 5335 ptatis
808 5280 910 5325 tum
956 5273 1166 5341 potabis
1215 5288 1342 5334 eos;
1385 5274 1508 5340 quia
1548 5274 1684 5341 apud
1715 5285 1764 5327 te
1812 5286 1892 5328 est
1928 5274 2045 5329 fons
2076 5276 2157 5330 vi-

598 5370 662 5412 ne
692 5360 756 5411 ⁸⁸.
801 5379 818 5410 ι
855 5361 1037 5430 Itaque
1092 5373 1306 5418 torrens
1337 5374 1386 5415 et
1424 5364 1541 5417 fons
1575 5364 1698 5417 vitae
1728 5365 1994 5420 Christus.
2027 5366 2159 5419 Tor-

597 5450 763 5503 rentis
795 5461 970 5505 autem
1001 5453 1287 5521 juncorum
1316 5456 1563 5507 meminit
1591 5456 1871 5522 prapbeta,
1908 5458 2160 5511 torrentis

593 5540 819 5608 alicujus
857 5542 1102 5607 scilicet,
1148 5547 1231 5596 cui
1288 5544 1613 5598 adnascatur
1659 5547 1807 5614 copia
1852 5548 2157 5616 juncorum.

665 5743 708 5815 γ’
741 5741 926 5815 Matth.
963 5761 1036 5815 si,
1064 5746 1143 5797 ll.
1209 5746 1252 5776 ⁸ο
1284 5747 1417 5801 Psal.
1453 5764 1635 5815 cum,
1676 5751 1791 5805 105.

628 5810 707 5865 Η.
785 5813 830 5844 ⁸³
866 5814 1002 5867 Psal.
1040 5831 1198 5880 XXXV,
1226 5818 1278 5871 9.

1871 5752 1911 5783 ⁸¹
1938 5752 1955 5806 l
1978 5752 2123 5807 Pclr.
2147 5771 2207 5821 ll,
2232 5756 2283 5811 2.

2252 1995 2606 2067 ἀνακραγεῖν,
2641 2015 2659 2047 ι
2681 1996 2768 2059 Ὠς
2801 1994 3005 2063 γλυκέα
3035 1994 3113 2065 τῷ
3146 1994 3378 2066 λάρυγγί
3426 2010 3524 2063 μου
3553 1993 3621 2044 τά
3658 1991 3815 2058 λόγια

2253 2102 2380 2153 σου;
2424 2105 2442 2137 ι
2477 2087 2571 2140 καὶ
2612 2087 2680 2140 τά
2728 2087 2872 2156 ἑξῆς.
2906 2086 3115 2150 Γλυκὺς
3160 2086 3267 2157 γάρ
3306 2086 3395 2139 ἀεὶ
3432 2085 3538 2137 τῶν
3580 2081 3750 2151 ἁγίων
3787 2083 3815 2133 ὁ

2251 2172 2428 2243 λόγος,
2463 2176 2615 2244 παρά
2638 2194 2699 2244 γε
2725 2179 2835 2239 τοῖς
2865 2176 3119 2244 ἀγαπῶσι
3144 2176 3204 2228 τὸ
3239 2175 3550 2245 εὐαρεστεῖν
3575 2171 3651 2241 τῷ
3678 2171 3815 2240 Θεῷ.

2257 2270 2396 2341 Ὀρη
2433 2268 2532 2339 μὲν
2561 2263 2653 2321 οῦν
2686 2269 2734 2321 οί
2764 2267 2993 2319 τοιοῦτοι
3028 2267 3268 2335 νοηθεῖεν
3296 2265 3382 2328 ἂν,
3426 2264 3520 2317 καὶ
3568 2266 3711 2334 μάλα
3744 2266 3819 2316 εἰ·

2253 2358 2445 2420 κότως.
2498 2357 2729 2420 Βουνοὺς
2776 2356 2833 2408 δὲ
2874 2351 3009 2409 εἷναί
3052 2372 3232 2426 φαμεν
3284 2355 3409 2417 τοὺς
3454 2353 3555 2422 τῆς
3597 2353 3816 2405 ἐκείνων

2255 2450 2529 2519 ὑπεροχῆς
2568 2447 2741 2518 βραχὺ
2799 2447 2895 2517 μὲν
2945 2447 3334 2517 ἡττωμένους,
3386 2446 3478 2498 καὶ
3530 2444 3661 2498 πολὺ
3715 2445 3818 2498 τῶν

2252 2540 2426 2594 ἄλλων
2449 2538 2891 2609 ὑπερτέλλοντας.
2919 2533 3076 2591 Οῦτοι
3099 2541 3219 2601 ταῖς
3242 2538 3349 2590 τῶν
3370 2538 3495 2606 ἄρτι
3530 2553 3818 2589 πεπιστευ-

2252 2631 2425 2683 κότων
2447 2629 2645 2699 ψυχαῖς
2679 2648 2697 2680 ι
2731 2629 2791 2683 τὸ
2822 2628 3070 2695 λογικὸν,
3100 2631 3193 2683 καὶ
3239 2628 3427 2682 ἄδολον
3458 2629 3818 2699 παρεγχέουσι

2253 2723 2413 2791 γάλα,
2448 2741 2465 2772 ι
2506 2725 2858 2794 νηπιοπρεπῆ
2904 2723 3267 2794 χορηγοῦντες
3309 2724 3540 2794 τροφὴν,
3602 2722 3819 2775 τελείων

2253 2814 2362 2885 γάρ
2397 2817 2545 2868 ἐστιν
2578 2818 2610 2885 ἡ
2644 2815 2858 2885 στερεὰ,
2894 2815 3034 2884 γάλα
3071 2815 3393 2889 δηνηπίοις
3439 2816 3501 2867 τὸ
3550 2814 3817 2885 πρεπωδέ-

2256 2925 2468 2961 στατον.
2496 2909 2606 2960 Καὶ
2636 2908 2696 2960 οὑ
2726 2908 2898 2979 δήπου
2935 2908 3115 2979 φαμὲν
3137 2908 3211 2971 ὡς
3255 2908 3309 2960 ἐν
3361 2924 3423 2975 γε
3463 2906 3540 2975 τῷ
3565 2905 3817 2959 δύνασθαι

2259 3000 2417 3068 μόνον
2460 3000 2640 3069 ἐγχεῖν
2690 3002 2802 3063 τοῖς
2848 2999 3063 3069 νηπίοις
3109 2999 3170 3052 τὸ
3217 2999 3391 3067 γάλα,
3454 2998 3553 3067 τῆς
3602 2998 3817 3050 ἐκείνων

2255 3092 2534 3161 δυνάμεως
2559 3091 2619 3143 τὸ
2650 3090 2847 3161 μέτρον
2891 3091 3037 3144 ἐστίν
3065 3108 3078 3123 ⁸
3113 3090 3328 3160 ἔχοντες
3372 3090 3502 3162 γὰρ,
3555 3090 3651 3143 καὶ
3679 3089 3816 3160 μάλα

2255 3178 2591 3250 ἐπιτηδείως.
2623 3181 2704 3242 είς
2732 3180 2811 3246 τὸ,
2839 3182 2995 3253 εἴπερ
3022 3180 3244 3245 ἕλοιντο,
3266 3181 3541 3251 διανέμειν
3565 3180 3811 3234 δύνασθαι

2255 3272 2369 3333 τοῖς
2389 3271 2488 3342 τὴν
2516 3269 2627 3335 ’ἑξιν
2656 3268 3039 3339 στερεωτέροις
3068 3271 3134 3323 τὰ
3158 3269 3265 3323 τῶν
3296 3271 3511 3342 τροφῶν
3533 3270 3805 3340 ἀδρότερα,

2255 3360 2345 3414 διά
2378 3378 2437 3413 τε
2484 3360 2765 3430 λέγοντος,
2802 3377 2820 3411 ι
2855 3359 3117 3423 Γνωστῶς
3171 3359 3452 3433 ἐπιγνώσῃ
3483 3360 3660 3429 ψυχὰς
3702 3377 3811 3412 ποι-

2259 3448 2412 3518 μνίου
2445 3465 2560 3502 σου.
2604 3468 2623 3501 ι
2661 3449 2773 3502 Καὶ
2816 3448 2946 3517 γοῦν
2975 3450 3025 3500 οί
3056 3449 3332 3502 θεσπέσιοι
3368 3450 3611 3518 μαθηταὶ
3650 3448 3814 3501 καίτοι

2260 3540 2460 3613 μυρίας
2497 3542 2627 3604 ὅσας
2683 3539 2901 3603 ἐντολὰς
2944 3538 3235 3603 δεδωκότος
3293 3541 3422 3611 ⁴ἡμῖν
3477 3538 3715 3609 Χριστοῦ
3764 3538 3817 3604 ἐξ

2256 3630 2424 3684 ἐθνῶν
2451 3631 2822 3695 πιστεύσασιν,
2852 3631 3209 3701 οἰκονομικῶς
3236 3630 3629 3695 ἐπιστέλλουσι,
3666 3630 3818 3699 cpula-

2259 3721 2451 3787 ξασθαι
2474 3722 2581 3775 δεῖν
2605 3722 2712 3775 ἀπό
2740 3739 2799 3774 τε
2833 3722 3113 3792 πορνείας,
3146 3721 3241 3774 καὶ
3270 3721 3516 3789 πνικτοῦ,
3534 3723 3628 3775 καὶ
3660 3723 3815 3791 αἵμα-

2255 3830 2366 3876 τος.
2402 3830 2420 3862 ι
2451 3812 2637 3879 Ἔδοξε
2685 3812 2813 3883 γάρ,
2860 3812 3053 3882 φησὶν,
3080 3812 3158 3883 τῷ
3181 3813 3321 3884 ἁγίῳ
3376 3814 3687 3884 Πνεὺματι,
3732 3814 3817 3866 καὶ

2257 3905 2410 3974 ἡμῖν,
2436 3903 2601 3973 μηδὲν
2631 3903 2793 3957 πλέον
2820 3903 3157 3957 ἐπιτίθεσθαι
3179 3905 3305 3974 ὑμῖν
3336 3904 3522 3975 βάρος.
3547 3924 3566 3956 ι
3588 3905 3818 3968 Ἀκοὺεσς

2260 3993 2407 4057 ὅπως
2432 3993 2805 4064 νηπιοπρεπές
2838 3995 2954 4047 ἐστι
2985 3994 3048 4048 τὸ
3083 3994 3471 4066 παράγγελμα,
3502 3996 3597 4048 καὶ
3634 3990 3742 4049 οἷον
3769 3997 3821 4047 ἑν

2264 4084 2363 4155 ἴσῳ
2405 4085 2641 4153 γάλακτι
2674 4089 2784 4149 τοῖς
2826 4084 3232 4153 ἀσθενεστέροις
3262 4086 3361 4156 τὴν
3403 4086 3515 4152 ἕξιν
3564 4084 3820 4157 χορηγού-

2263 4192 2454 4247 μενον;
2477 4177 2597 4229 ’Ότι
2626 4175 2681 4229 δέ
2711 4176 2805 4229 xal.
2834 4176 2976 4248 ὕδωρ
3004 4175 3065 4229 τὸ
3088 4176 3275 4249 νοητὸν
3304 4176 3615 4247 ἀμφιλαφές
3640 4194 3703 4230 τε
3720 4178 3822 4239 τοῖς

2259 4271 2317 4324 ὲν
2359 4271 2491 4340 οἴκῳ
2525 4271 2730 4338 Κυρίου
2777 4272 3210 4341 πεφυτευμένοις
3233 4310 3248 4334 ,
3284 4272 3346 4324 ἶν’
3381 4274 3438 4324 ἐν
3471 4274 3594 4334 ταῖς
3644 4271 3824 4333 αὐλαῖς

2258 4359 2348 4414 τοῦ
2368 4359 2501 4413 Θεοῦ
2529 4360 2874 4430 ἐξανθήσειεν
2901 4362 3066 4424 θείοις
3092 4378 3193 4414 που
3225 4360 3578 4432 ἀρδευόμενοι
3605 4362 3825 4432 νάμασι,

2259 4452 2354 4505 καὶ
2380 4453 2437 4503 ὲν
2464 4453 2575 4513 τοῖς
2611 4451 2839 4517 ἀνωθεν,
2882 4454 2977 4505 καὶ
3011 4453 3071 4516 ἐξ
3093 4453 3321 4522 οὐρανοῦ
3351 4454 3827 4523 καταπιαινόμενοι

2258 4544 2439 4611 λόγοις
2463 4586 2476 4609 ,
2514 4546 2847 4614 ὑπεμφαίνει
2893 4545 3099 4614 λέγων,
3135 4545 3213 4597 ὅτι
3248 4564 3265 4595 ι
3302 4546 3481 4597 Πᾶσαι
3525 4546 3583 4597 αἱ
3614 4546 3827 4613 ἀφέσεις

2276 4635 2448 4690 Ἰουδα
2498 4636 2790 4705 ῥυήσονται
2818 4634 3002 4688 ὕδατα.
3037 4652 3055 4684 ι
3097 4632 3417 4704 Ὠμολόγουν
3446 4634 3555 4705 γὰρ
3586 4651 3831 4702 παρακα-

2264 4726 2471 4780 λεῖσθαι
2502 4726 2653 4795 παρὰ
2677 4724 2810 4777 Θεοῦ
2840 4725 2931 4777 καὶ
2963 4726 3010 4777 οί
3041 4725 3297 4794 μακάριοι
3334 4724 3596 4793 μαθηταί.
3616 4724 3752 4776 Ἀλλ’
3778 4724 3830 4775 al

2264 4818 2478 4888 πρῶται
2530 4818 2630 4886 μὲν
2669 4816 2780 4869 τῶν
2817 4815 3021 4884 νοητῶν
3068 4815 3273 4870 ὑδάτων
3313 4815 3539 4883 ἀφέσεις
3564 4858 3579 4880 ,
3615 4817 3832 4885 ἀφέσεις

2265 4904 2424 4963 αὗται
2455 4910 2670 4972 πάντως
2708 4908 2774 4961 ἂν
2802 4903 2910 4959 εἷεν
2943 4909 2998 4958 αἱ
3040 4908 3151 4970 τοῖς
3192 4906 3366 4975 ἁγίοις
3398 4907 3549 4977 παρά
3579 4907 3717 4960 Θεοῦ
3753 4906 3833 4960 διὰ

2266 5002 2359 5056 τοῦ
2408 5001 2720 5071 Πνεὺματος
2760 5000 2868 5053 τῶν
2898 4998 3119 5068 ἀγαθῶν
3161 5000 3437 5069 χορηγίαι.
3486 4999 3750 5069 Δεύτεραι
3784 4999 3835 5050 δὲ

2267 5091 2457 5158 ὥσπερ
2487 5091 2709 5159 ἀφέσεις
2742 5090 2950 5142 ὑδάτων
2991 5090 3040 5141 οί
3084 5086 3213 5157 παρ’
3243 5087 3422 5140 αὐτῶν
3453 5090 3533 5151 εἰς
3566 5089 3717 5157 ἡμᾶς
3755 5089 3835 5140 εὖ·

2271 5182 2543 5253 ρίσκοιντο
2592 5181 2763 5248 λόγοι,
2818 5180 3149 5250 χαρίσμασιν
3200 5181 3348 5249 ἡμᾶς
3398 5180 3835 5251 ἀναπιμπλάντες

2269 5276 2676 5345 πνευματικοῖς.
2719 5274 2782 5326 Ἦ
2824 5273 2880 5326 δὲ
2910 5274 2969 5338 ἐξ
3010 5273 3157 5326 οἴκου
3191 5272 3396 5343 Κυρίου
3431 5272 3836 5343 ἐκπορευομένη

2273 5366 2424 5437 πηγὴ
2456 5367 2540 5429 τίς
2571 5364 2635 5418 ἂν
2662 5367 2745 5435 εἴη
2776 5364 2957 5428 πάλιν,
2994 5364 3131 5433 πλὴν
3152 5364 3233 5416 ὅτι
3268 5363 3537 5433 Χριστός;
3564 5362 3709 5417 οὕτω
3736 5363 3837 5433 γὰρ

2271 5459 2432 5512 αὑτὸν
2457 5458 2549 5510 καὶ
2568 5460 2595 5512 ὁ
2615 5456 2862 5523 Μελῳδὸς
2891 5454 3139 5526 ὠνόμαζε
3168 5455 3340 5521 λέγων
3371 5454 3508 5524 πρὸς
3540 5456 3631 5508 τὸν
3654 5456 3712 5507 ἐν
3732 5457 3833 5516 τοῖς

2272 5551 2519 5619 οὐρανοῖς
2571 5548 2792 5619 Πατέρα
2852 5546 2945 5599 καὶ
2983 5546 3134 5610 Θεὸν,
3170 5565 3186 5596 ι
3216 5545 3319 5597 Τὸν
3361 5545 3697 5617 χειμάρρουν
3730 5544 3830 5614 ςτῆς
3914 5585 3918 5588 .

2364 5759 2408 5788 ⁸²
2440 5756 2596 5811 Prov.
2632 5772 2799 5821 xxvii,
2826 5754 2915 5809 '23.
2994 5750 3039 5784 ⁸³
3062 5751 3181 5807 Aet.
3211 5766 3298 5819 xv,
3330 5751 3419 5805 28.
3500 5750 3542 5780 ‘“
3564 5749 3701 5805 l'sal.
3724 5764 3817 5812 xcr,
