4068 6536
3395 467 3503 524 ωε

1929 580 2128 638 Volunt
2161 586 2409 641 eumdem
2463 602 2608 653 esse,
2632 589 2722 658 qui
2758 597 2972 644 torrens
2996 587 3324 652 Cedrorum,
3363 587 3503 657 apud

188 445 342 548 γωδ
1130 449 1682 509 COMMENTARIUS
1724 451 1791 506 IN
1829 453 2097 512 JOELEM
2135 460 2581 524 PROPIIETAM.

197 572 202 582 ’
229 573 456 644 τρυφῆς
483 589 576 624 σου
603 575 804 634 πιτιεῖς
823 570 1038 634 αὐτοὺς,
1057 571 1138 624 δτι
1165 573 1312 646 παρά
1339 575 1419 627 σοί⁵
1440 573 1591 645 πηγὴ
1616 575 1815 647 ζωῆς.»

232 663 456 716 Οὑκοῦν
491 662 640 734 πηγὴ
677 663 843 732 ζωῆς,
872 663 965 716 καὶ
992 665 1327 737 χειμάρρους
1363 668 1390 719 6
1417 667 1667 737 Χριστός.
1694 670 1824 722 Χει-

237 755 459 824 μάρῤου
486 755 541 807 δὲ
572 755 798 824 σχοίνων
846 755 1117 827 μέμνηται
1154 758 1253 828 μὲν
1294 759 1322 810 6
1351 759 1670 832 προφήτης,
1709 778 1824 832 χει-

238 844 457 914 papam
484 839 698 928 ttquﬂi
729 847 1162 917 παραπεφύκασι
1195 851 1393 919 σχοῖνοι
1442 850 1657 904 πολλαί.
1686 854 1822 907 Φασὶ

1931 687 2091 742 quem
2124 674 2496 746 indignissime
2531 685 2820 732 tractatum
2855 675 3138 731 Dominum
3169 675 3501 743 evangelista

1931 775 2139 829 narrat,
2174 767 2391 836 quando
2420 783 2545 824 eum
2573 783 2700 822 cum
2730 768 2958 823 cohorte
2998 766 3218 822 militari
3256 738 3530 836 proditor.

1928 855 2223 926 discipulus
2252 860 2506 930 quzesivit
2533 860 2600 914 ⁸⁸.

235 934 292 986 δὲ
333 932 478 989 εἶναι
507 939 595 991 τὸν
633 938 792 992 αὑτὸν
829 938 906 1010 τῷ
945 941 1230 1012 χειμάρρῳ
1261 943 1369 995 τῶν
1396 943 1641 1013 Κέδρων,
1674 945 1811 1016 πρὸς
1845 945 1906 1000 ὃν
1967 948 2219 1020 ὑϐρίσθαι
2257 953 2424 1023 φησὶν
2461 955 2489 1008 6
2517 949 2905 1022 εὐαγγελιστὴς
2963 949 3054 1003 τὸν
3108 947 3334 1020 Κύριον,
3366 943 3502 1018 ὁμοῦ

237 1031 305 1098 τῇ
334 1029 539 1102 σπείρᾳ
560 1029 847 1100 ζητοῦντος
873 1032 1034 1085 αὑτὸν
1063 1033 1156 1085 τοῦ
1189 1033 1446 1105 προδότου
1484 1035 1748 1108 μαθητοῦ.

314 1121 476 1173 Ἐστι
518 1121 575 1175 δέ
615 1122 714 1175 οὐκ
759 1123 1000 1195 ἀκαλλὴς
1037 1127 1064 1178 ό
1101 1125 1280 1194 λόγος,
1325 1127 1373 1178 εἰ
1418 1126 1496 1197 τῷ
1544 1128 1828 1200 χειμάρρῳ

239 1213 353 1262 τῶν
394 1211 622 1281 σχοίνων
667 1214 1078 1286 παρεικάζομεν
1110 1217 1208 1286 τὴν
1252 1217 1603 1287 Ἐκκλησίαν,
1644 1220 1723 1282 εἰς
1763 1221 1828 1288 ἣν

237 1306 567 1359 ἐκκέκλικεν
617 1306 693 1371 ῶς
730 1309 974 1378 ποταμὸς
1011 1310 1236 1380 εἰρήνης
1267 1312 1292 1362 6
1323 1309 1524 1382 Κύριος
1550 1308 1728 1380 ἡμῶν,
1760 1310 1827 1381 ἣν

238 1398 416 1450 οἱονεί
449 1416 561 1461 πως
594 1399 681 1452 ἀεὶ
705 1402 983 1471 παραρρεῖ
1005 1400 1103 1464 τὰς
1129 1400 1396 1465 ἀειθαλεῖς
1422 1401 1654 1464 ποτίζων
1679 1401 1827 1473 σχοί-

243 1503 392 1552 νους,
423 1488 692 1554 τουτέστι,
734 1490 834 1553 τὰς
867 1490 976 1544 τῶν
1006 1492 1176 1560 ἁγίων
1202 1491 1400 1562 ψυχάς.
1432 1493 1692 1564 Φίλυδρος
1718 1493 1828 1562 γὰρ

241 1577 330 1629 ἀεί
369 1596 486 1642 πως
513 1580 649 1644 ἐστὶ,
675 1580 768 1632 καὶ
796 1580 1054 1653 ἀειθαλὴς
1103 1585 1135 1654 ἠ
1183 1587 1409 1653 σχοῖνος.
1443 1585 1504 1637 Εἰ
1545 1584 1600 1637 δὲ
1634 1584 1697 1656 δὴ
1735 1586 1830 1638 καὶ

239 1669 423 1739 ὁρῷτο
457 1673 860 1743 κεντρουμένη,
895 1674 1077 1738 καλῶς
1120 1675 1185 1728 ἂν
1236 1675 1347 1745 ἔχοι
1387 1677 1482 1729 καὶ
1523 1675 1714 1739 οὓτως.
1757 1678 1830 1730 Οὑ

2002 1129 2110 1185 Nec
2146 1129 2460 1186 indecorum
2489 1128 2612 1192 erit,
2646 1127 2691 1184 si
2733 1125 2958 1181 torrenti
2984 1124 3271 1194 juncorum
3321 1121 3504 1176 Eccle-

1931 1223 2070 1277 siam
2095 1236 2498 1292 comparemus,
2529 1221 2582 1275 iu
2615 1235 2775 1289 quam
2810 1219 3068 1274 Dominus
3099 1225 3284 1270 noster
3315 1223 3374 1267 ut
3405 1212 3504 1267 ﬁu-

1930 1313 2050 1368 vius
2075 1315 2221 1382 pacis
2249 1328 2466 1368 cursum
2501 1310 2720 1367 deﬂexit
2743 1311 2788 1342 ⁸⁷
2821 1328 2834 1364 :
2873 1323 3034 1380 quam
3063 1306 3217 1376 quasi
3243 1314 3504 1374 perpetuo

1930 1405 2281 1470 circumﬂuit,
2314 1406 2506 1475 juncos
2540 1418 2751 1474 semper
2777 1403 3011 1456 virentes
3055 1400 3327 1468 irrigans;
3361 1411 3502 1454 sem-

1935 1513 2031 1567 per
2059 1497 2200 1551 enim
2231 1511 2424 1566 aquam
2463 1504 2630 1559 amat,
2673 1509 2770 1548 nec
2812 1493 2997 1546 vivere
3049 1489 3250 1545 desinit
3281 1486 3502 1556 juncus.

1939 1588 2005 1642 Et
2036 1587 2286 1657 quamvis
2323 1587 2374 1639 in
2401 1584 2676 1655 cuspidem
2706 1592 2880 1648 exeat,
2917 1581 3081 1638 etiam
3113 1578 3191 1634 sic
3230 1577 3370 1632 bene
3401 1576 3503 1630 ha-

1939 1677 2052 1732 bet.
2090 1664 2216 1732 Non
2259 1677 2400 1733 enim
2455 1692 2675 1747 prorsus
2711 1675 2938 1745 cuspide
2982 1681 3142 1728 vacat
3187 1679 3501 1726 sanctorum

239 1763 353 1834 γὰρ
398 1765 660 1834 ἄκεντρος
705 1767 984 1828 παντελῶς
1032 1767 1139 1820 τῶν
1181 1767 1350 1836 ἁγίων
1389 1769 1421 1837 ὴ
1476 1767 1684 1839 ἀρετή’
1725 1767 1832 1820 εἰσὶ

1939 1770 2128 1824 virtus.
2173 1769 2312 1824 Sunt
2353 1769 2571 1838 quidem
2630 1764 3076 1830 mansuetissimi,
3124 1769 3502 1832 verumtamen

249 1853 352 1922 μὲν
399 1854 510 1924 γὰρ
555 1855 852 1925 πραότατοι
886 1858 1132 1928 ἐρασταὶ,
1171 1857 1307 1928 πλὴν
1339 1857 1475 1928 μετά
1508 1856 1697 1910 τούτου
1739 1857 1832 1912 καὶ

245 1948 517 2018 μαχηταὶ

316 2040 620 2106 Αἴγυπτος
666 2042 752 2106 εἰς
787 2039 1134 2109 ἀφανισμὸν
1175 2039 1342 2094 ἔσται
1368 2079 1382 2104 ,
1424 2041 1522 2095 καὶ
1567 2043 1605 2110 ἡ
1651 2041 1833 2096 Ἰδου-

239 2128 385 2193 μαιά
427 2131 514 2194 εἰς
553 2129 762 2183 πεδίον
800 2133 888 2195 εἰς
925 2131 1270 2200 ἀφανισμὸν
1301 2132 1369 2196 ἐξ
1412 2131 1656 2186 ἀδικιῶν
1684 2133 1836 2187 υἱῶν

256 2215 477 2280 Ἰούδα,
507 2218 637 2271 ἀνθ’
682 2213 768 2271 ὧν
813 2218 1064 2287 ἐξέχεαν
1098 2215 1239 2289 αἷμα
1279 2221 1514 2276 δίκαιον
1545 2225 1614 2276 ἐν
1651 2222 1723 2292 τῇ
1756 2223 1834 2293 γῇ

238 2306 467 2360 αὐτῶν.
514 2307 662 2361 Ἡδὲ
702 2308 965 2364 Ἰουδαία
994 2311 1081 2374 εἰς
1107 2309 1212 2362 τὸν
1257 2310 1441 2364 αἰῶνα
1478 2311 1834 2379 κατοικηθή-

241 2415 411 2454 σεται
440 2439 454 2462 ,
500 2400 594 2453 καὶ
632 2401 1031 2470 Ἰερουσαλὴμ
1071 2403 1157 2467 είς
1196 2402 1404 2472 γενεὰς
1443 2400 1685 2471 γενεῶν.
1723 2402 1832 2457 Καὶ

241 2490 557 2558 ἐκῶιτήσω
587 2493 655 2546 τὸ
703 2488 846 2563 αἷμα
891 2493 1110 2554 αὐτῶν,
1163 2493 1263 2546 καὶ
1316 2495 1388 2546 οὐ
1429 2493 1515 2563 μὴ
1551 2492 1830 2556 ἀθωώσω,

243 2577 344 2630 καὶ
375 2581 592 2646 Κύριος
629 2581 1086 2647 κατασκηνώσει
1115 2582 1183 2634 ἐν
1210 2581 1381 2635 Σιών.

314 2665 451 2719 ME'.
479 2667 642 2719 Ὅσον
673 2668 770 2738 μὲν
799 2669 922 2739 ἥκει
957 2671 1037 2732 είς
1068 2669 1127 2722 τὺ
1162 2671 1224 2722 ἐκ
1254 2670 1354 2739 τῆς
1379 2671 1624 2742 ἱστορίας
1653 2688 1830 2742 παρα-

241 2754 596 2825 δηλούμενον,
627 2759 872 2812 ἐκτέτικε
926 2761 1080 2824 δίκας
1120 2762 1150 2831 ὴ
1202 2761 1494 2830 Αἴγυπτος,
1540 2763 1832 2834 ἐστέρηται

246 2844 353 2916 γὰρ
408 2848 511 2916 τῆς
566 2848 842 2918 βασιλείας
871 2890 886 2913 ,
918 2849 1218 2920 Καμϐύσου
1254 2851 1458 2920 ταύτην
1508 2850 1602 2904 τοῦ
1647 2852 1830 2923 Κύρου

246 2937 436 3000 παιδδς
467 2939 887 3004 καταλύσαντος,
931 2941 1028 2992 καὶ
1065 2940 1338 3011 Ἰδουμαία
1365 2941 1421 2993 (ἶέ
1459 2941 1556 3010 τὴν
1593 2943 1830 3013 ἐρημίαν

246 3028 562 3098 ὑπέμεινεν,
592 3029 668 3091 ὠς
703 3029 796 3082 καὶ
828 3029 966 3084 αὑτά
995 3033 1264 3102 μαρτυρεῖ
1292 3031 1361 3084 τά
1399 3031 1719 3103 πράγματα.

1934 1877 2056 1918 cum
2089 1864 2191 1918 hoc
2221 1863 2382 1918 etiam
2410 1876 2564 1917 acres
2595 1871 2650 1916 et
2680 1859 2991 1916 bellatores.

2005 2036 2166 2092 Vens.
2210 2034 2396 2090 i9-ﬁl.
2417 2033 2677 2105 Egyptus
2707 2033 2760 2087 in
2790 2032 3133 2103 perditionem
3150 2029 3270 2093 erit,
3295 2038 3344 2082 et
3369 2026 3503 2082 ldu-

1931 2148 2066 2185 mwa
2093 2131 2146 2186 in
2175 2147 2412 2200 campum
2434 2129 2776 2183 desolationis
2803 2143 2866 2181 ea:
2883 2124 3244 2191 iniquitatibus
3268 2123 3512 2192 ﬁliorum

1931 2221 2098 2286 Iuda,
2127 2238 2221 2291 pro
2267 2238 2325 2276 eo
2359 2221 2497 2290 quod
2524 2220 2825 2290 eﬂ‘uderum
2865 2217 3170 2287 sanguinem
3195 2215 3403 2285 justum
3446 2214 3507 2266 ita

1931 2325 2074 2369 trrra
2103 2331 2221 2368 sua.
2255 2313 2319 2366 Αι
2347 2311 2541 2367 Judcca
2583 2312 2635 2364 in
2671 2320 2924 2364 (sternunt
2955 2308 3297 2372 habitabitur,
3327 2315 3376 2359 et
3411 2302 3505 2357 Je-

1933 2405 2160 2460 rusalem
2205 2407 2260 2458 iu
2307 2403 2664 2475 generationes
2703 2402 3120 2473 generationum.
3173 2397 3234 2451 Et
3277 2396 3506 2449 ulciscar

1932 2495 2238 2565 sanguinem
2278 2511 2478 2561 eorum,
2504 2504 2551 2546 et
2585 2508 2686 2546 non
2713 2489 2996 2556 mandabo,
3027 2498 3076 2542 et
3112 2487 3372 2541 Dominus
3403 2484 3504 2536 Ita-

1933 2585 2113 2638 bitabit
2149 2586 2205 2641 in
2244 2583 2391 2640 Sion.

2013 2675 2174 2730 XLV.
2203 2677 2354 2743 Quod
2376 2677 2442 2732 ad
2470 2691 2688 2732 sensum
2726 2673 3040 2730 historicum
3074 2670 3287 2735 attinet,
3317 2667 3506 2737 punita

1938 2776 2026 2823 est
2061 2767 2350 2839 Egyptus,
2381 2767 2595 2835 quando
2626 2765 2921 2834 Cambyses
2944 2761 3066 2832 Cyri
3100 2759 3240 2814 ﬁlius
3280 2771 3504 2826 regnum

1932 2859 2165 2929 subegit.
2217 2859 2280 2911 Et
2332 2858 2559 2912 ldumaea
2603 2855 2818 2910 redacta
2881 2860 2962 2908 est
3015 2851 3071 2906 in
3132 2848 3510 2910 solitudinem.

1933 2951 2074 3021 quod
2119 2965 2205 3004 res
2239 2949 2354 3019 ipsa
2395 2949 2665 3019 loquitur-

315 3119 468 3188 Πλὴν
511 3121 566 3172 ἐν
605 3121 818 3184 τούτοις
864 3121 1040 3175 ἔοικεν
1079 3123 1108 3174 6
1155 3123 1493 3194 προφητικὸς
1537 3124 1666 3195 ἡμῖν
1706 3125 1830 3176 ὑποο

2007 3127 2273 3183 (Ξωιοηιιη
2306 3125 2558 3180 videntur
2590 3122 2900 3193 prophetica
2953 3121 3110 3174 verba
3144 3124 3359 3188 pactum
3412 3127 3506 3167 oc-

249 3213 468 3284 φαίνειν
497 3213 655 3282 λόγος
689 3215 1082 3285 κεκρυμμένην
1109 3213 1424 3283 ὁμολογίαν,
1456 3213 1524 3284 ἣν
1551 3215 1638 3267 ὅτε
1668 3215 1828 3283 γέγο-

246 3325 335 3360 νεν
369 3307 660 3378 ἄνθρωπος
718 3307 1077 3378 πεπλήρωκεν
1117 3307 1146 3359 6
1193 3306 1528 3377 Μονογενής.
1562 3305 1677 3358 Ἀεὶ
1722 3304 1831 3374 γάρ

243 3415 365 3461 πως
393 3401 430 3468 ἡ
462 3399 581 3452 θεία
608 3397 797 3470 Γραφὴ
831 3397 1205 3468 μεμελέτηκεν
1236 3396 1520 3467 ἐξομοιοῦν
1545 3397 1658 3459 τοῖς
1685 3397 1826 3464 ἄγαν

247 3489 687 3561 εἰδωλολάτραις,
733 3490 827 3543 καὶ
865 3491 943 3552 είς
969 3488 1125 3542 τοῦτο
1157 3489 1276 3542 λίαν
1305 3488 1696 3541 ἀπονενευκόσι
1733 3488 1833 3550 τὰς

246 3581 458 3649 ἀγέλας
489 3581 596 3635 τῶν
628 3581 940 3651 δαιμονίων,
985 3582 1078 3634 καὶ
1109 3580 1306 3642 αὐτοὺς
1340 3579 1396 3634 δὲ
1437 3580 1563 3642 τοὺς
1595 3579 1681 3634 ἀεὶ
1720 3581 1832 3640 τοῖς

251 3673 430 3740 ἁγίοις
495 3672 918 3742 ἀνθεστηκότας.
969 3673 1153 3725 Πάντα
1198 3671 1264 3741 δὴ
1323 3666 1415 3724 οὖν
1460 3669 1652 3740 ἐχθρὸν
1705 3670 1836 3721 ἀποο

258 3763 471 3818 λεῖσθαι
503 3767 685 3836 φησὶν,
719 3763 1033 3834 Αἰγυπτίοις
1077 3781 1136 3816 τε
1178 3763 1273 3816 καὶ
1337 3762 1657 3831 Ἰδουμαίοις
1692 3760 1831 3825 ἐξειν

254 3859 554 3928 κασμὲνον.
592 3857 864 3928 Ἀσφαλὴς
895 3856 1006 3928 γὰρ
1058 3857 1092 3927 ἡ
1128 3856 1420 3926 ὑπόσχεσις
1442 3853 1534 3907 τοῦ
1572 3850 1831 3924 Χριστοῦ,

253 3947 505 4016 λέγοντος
555 3947 812 4018 περὶτῆς
849 3947 1198 4018 Ἐκκλησίας,
1234 3947 1314 3999 ὅτι
1350 3963 1368 3995 ι
1403 3943 1575 3996 Πύλαι
1605 3941 1732 4013 ᾅδου
1771 3942 1832 3994 οὑ

255 4040 675 4110 κατισχύσουσιν
727 4039 921 4109 αὑτῆς.
959 4058 976 4090 ι
1010 4039 1132 4091 Ὀτι
1161 4037 1217 4089 δὲ
1251 4037 1470 4098 πάντως
1503 4035 1725 4105 ἔμελλον
1755 4033 1832 4086 δί-

257 4152 353 4198 κας
384 4134 716 4198 ἐξαιτεῖσθαι
749 4132 857 4186 τῶν
897 4133 976 4195 εἰς
1019 4127 1341 4203 ἀνθρώπους
1367 4126 1836 4196 πεπλημμελημέ-

257 4243 360 4279 νων
408 4227 471 4278 αἴ
515 4243 573 4278 τε
633 4225 869 4295 πονηραλ⁸
917 4224 1207 4292 δυνάμεις,
1258 4219 1352 4271 καὶ
1403 4219 1516 4271 ὅσοι
1562 4216 1836 4288 τολμῶσιν

255 4317 494 4382 ἐκείναις
526 4317 592 4370 τὰ
627 4316 1009 4387 παραπλήσια,
1043 4314 1076 4384 ἢ
1103 4312 1238 4382 πρὸς
1271 4308 1592 4380 Ἑλληνικὴν
1616 4309 1835 4379 ἀπάτην

258 4409 624 4480 ἀποφέροντες
665 4423 836 4472 τινας,
891 4407 1058 4477 ἠγουν
1100 4406 1180 4468 εἰς
1226 4403 1488 4472 ἀδόκιμον
1531 4401 1834 4471 καταστρέ-

259 4471 456 4568 φοντες
492 4500 634 4566 νοῦν,
677 4500 767 4556 διά
807 4516 870 4567 γε
915 4471 1012 4551 τοῦ
1060 4497 1332 4552 διδάσκειν
1385 4471 1706 4562 ἐπείγεσθαι
1765 4492 1834 4546 τὰ
1867 4471 1909 4525 D

258 4593 698 4665 διεστραμμένα,
747 4590 1069 4660 καθίστησιν
1119 4587 1367 4659 ἐναργὲς,
1415 4587 1620 4656 ταύτης
1670 4586 1836 4638 ἕνεκα

257 4686 348 4756 τῆς
375 4685 557 4747 αἰτίας
585 4682 1051 4753 ἀφανισθήσεσθαι
1097 4680 1273 4748 λέγων
1313 4679 1440 4741 τοὺς
1463 4681 1530 4749 τῇ
1562 4675 1700 4730 Σιὼν
1739 4692 1835 4728 πε-

261 4777 672 4847 πολεμηκότας,
710 4775 824 4829 ἀνθ’
865 4767 938 4826 ὧν
971 4773 1193 4842 ἐξέχεαν
1237 4767 1375 4841 αἷμα
1410 4769 1606 4831 ἀθῶον,
1643 4766 1835 4836 ἠδική-

259 4869 383 4921 κασί
411 4885 469 4920 τε
498 4868 558 4920 οὑ
588 4866 840 4939 φορητῶς
865 4867 989 4929 τοὺς
1014 4863 1366 4928 υίοὺςἸούδα,
1389 4861 1664 4922 τουτέστι,
1706 4859 1835 4921 τοὺς

258 4958 444 5025 ἁγίους
495 4957 938 5027 ἐξομολογήσεως
979 4955 1138 5018 ὄντας
1175 4953 1360 5006 τέκνα.
1403 4949 1827 5022 Διερμηνεύεται

257 5050 360 5118 γὰρ
387 5045 591 5111 Ἰούδας
627 5066 644 5098 t
666 5047 1071 5118 ἐξομολόγησις.
1097 5065 1116 5098 ι
1158 5046 1303 5115 Ἔφη
1333 5043 1390 5096 δέ
1413 5059 1516 5096 που
1544 5041 1637 5095 καὶ
1658 5041 1686 5093 6
1714 5039 1833 5093 θεό-

257 5137 460 5208 ληπτος
493 5138 656 5192 Δαϐὶδ
683 5139 812 5210 περὶ
839 5137 948 5190 τῶν
981 5137 1210 5200 ἀνοσίως
1241 5136 1620 5206 ἀνῃρημένωνο
1656 5149 1674 5182 ι
1708 5131 1831 5183 Ὅτι

258 5229 504 5300 ἐκζητῶν
534 5231 601 5283 τὰ
635 5232 842 5301 αἵματα
885 5229 1064 5283 αὑτῶν
1116 5227 1382 5299 ἐμνήσθη.
1417 5245 1436 5279 ι
1493 5224 1634 5297 Πρὸς
1672 5223 1730 5277 δέ
1767 5238 1831 5290 γε

259 5320 346 5371 τὸν
373 5321 619 5375 Σατανᾶν
658 5321 734 5386 ὡς
763 5324 822 5374 ὲν
851 5323 1015 5375 εἰκόνι
1052 5323 1398 5393 γραφόμενον
1438 5321 1531 5375 τοῦ
1573 5319 1827 5388 Ἀσσοὺρ,

264 5413 394 5463 σὊν
423 5411 624 5480 τρόπον
645 5412 862 5483 ἱμάτιον
889 5415 945 5465 ἐν
969 5412 1162 5483 αἵματι
1186 5411 1531 5482 πεφυρμένον
1559 5410 1659 5462 οὑκ
1677 5408 1830 5461 ἔσται

257 5501 522 5572 καθαρὸν,
553 5502 724 5565 οὕτως
749 5503 870 5556 οὑδέ
902 5504 966 5556 συ
996 5502 1092 5573 ἔσῃ
1126 5502 1385 5575 καθαρὸς,
1426 5500 1559 5556 διότι
1592 5501 1692 5570 τὴν
1724 5499 1830 5569 γῆν

264 5609 361 5659 μου
410 5591 662 5661 ὲμίανας,
710 5596 806 5647 καὶ
850 5595 940 5647 τὸν
981 5594 1110 5647 λαόν
1147 5611 1247 5664 μου
1291 5592 1597 5656 ἀπώλεσας.
1635 5591 1709 5644 Οὐ
1754 5589 1829 5660 μὴ

261 5682 450 5756 μείνῃς
481 5686 562 5748 εἰς
595 5685 684 5738 τὸν
719 5685 895 5740 αἰῶνα
934 5686 1142 5757 χρόνον.
1185 5706 1202 5737 ι
1244 5685 1453 5739 Οὐκοῦν
1510 5685 1828 5754 κατοικήσε-

315 5857 724 5928 ⁴⁶1ωη.ινιιι,
761 5861 844 5916 12.
907 5861 966 5940 _°_’
993 5861 1095 5919 lsa.
1122 5877 1266 5926 LXVI,
1307 5862 1385 5916 l2.

1487 5861 1529 5891 λ’
1565 5861 1749 5916 Matth.
1781 5875 1891 5923 xvt,
1935 5856 2015 5910 13.

1935 3218 2138 3272 cultum
2174 3227 2372 3286 tegere,
2416 3215 2557 3283 quod
2595 3211 2912 3280 Unigenitus
2976 3209 3135 3264 homo
3184 3207 3356 3261 factus
3404 3205 3510 3257 im-

1935 3310 2122 3380 plevit.
2154 3308 2379 3377 Semper
2403 3305 2545 3360 enim
2581 3303 2758 3356 divina
2789 3300 3070 3369 Scriptura
3103 3296 3312 3366 magnis
3337 3293 3509 3349 idolo-

1936 3402 2109 3466 latris,
2150 3411 2206 3453 et
2242 3413 2306 3452 eo
2349 3397 2700 3451 vehementer
2745 3391 3044 3461 propensis,
3107 3398 3350 3442 catervas
3396 3386 3506 3438 thr.-

1937 3509 2151 3548 mouum
2223 3500 2276 3544 et
2349 3498 2660 3543 sanctorum
2729 3494 3128 3554 oppugnatores
3205 3479 3511 3535 assimilare

1933 3583 2238 3641 consuevit.
2284 3581 2486 3637 Omnes
2534 3579 2696 3650 igitur
2727 3577 2978 3632 inimicos
3004 3574 3278 3644 perituros
3319 3570 3509 3625 vatici-

1936 3685 2098 3730 natur
2123 3671 2391 3742 IEgyptiis
2431 3667 2590 3740 245
2630 3677 2684 3723 et
2711 3665 2960 3721 ldnmmis
2989 3671 3344 3732 comparatos.
3384 3660 3508 3714 Fir-

1936 3783 2020 3822 tua
2049 3775 2133 3820 est
2163 3765 2304 3819 enim
2334 3761 2532 3816 Christi
2564 3759 2850 3830 promissio
2876 3758 2940 3812 de
2968 3754 3203 3810 Ecclesia
3237 3770 3250 3806 :
3286 3771 3303 3806 t
3335 3751 3512 3806 Porta

1937 3859 2093 3916 inferi
2125 3873 2228 3912 non
2263 3853 2628 3921 praevalebunt
2658 3852 2918 3905 adversus
2945 3863 3063 3903 eam
3096 3847 3166 3900 ⁸³.
3214 3863 3232 3896 ι
3269 3844 3506 3900 Omnino

1937 3961 2115 4006 autem
2147 3962 2337 4019 poeuas
2378 3952 2651 4016 sumptum
2684 3943 2749 3998 iri
2787 3942 3146 3996 admissorum
3181 3939 3233 3992 in
3265 3936 3512 3992 homines

1935 4053 1990 4098 et
2020 4043 2282 4113 malignas
2309 4048 2625 4110 potestates,
2663 4044 2718 4092 et
2763 4043 3030 4104 quotquot
3074 4032 3178 4086 illis
3214 4031 3362 4100 paria
3395 4029 3514 4083 ausi

1937 4144 2081 4198 sunt,
2113 4144 2202 4187 aut
2228 4132 2296 4187 ad
2331 4131 2641 4187 Graecorum
2691 4139 2908 4181 errores
2939 4124 3200 4194 quosdam
3241 4120 3514 4175 abducen-

1940 4232 2040 4283 tes,
2090 4229 2187 4274 aut
2234 4222 2287 4274 in
2330 4221 2617 4288 reprobum
2665 4228 2883 4271 sensum
2917 4211 3340 4284 praecipitantes,
3383 4207 3509 4263 dum

1934 4327 2192 4383 perversa
2227 4310 2533 4365 consectari
2578 4309 2795 4372 docent,
2840 4302 3126 4359 manifeste
3157 4300 3339 4365 tradit,
3385 4313 3514 4370 pro-

1935 4414 2124 4473 pterea
2157 4401 2513 4471 disperditum
2547 4399 2612 4454 iri
2649 4399 2860 4460 dicens,
2906 4395 2998 4465 qui
3049 4393 3180 4449 Sion
3229 4405 3508 4462 oppugna-

1938 4505 2083 4563 runt,
2115 4495 2240 4563 quia
2268 4493 2586 4563 sanguinem
2624 4491 2968 4544 innocentem
2997 4484 3308 4545 eﬁ'uderint,
3335 4491 3392 4537 et
3429 4483 3512 4536 in-

1941 4585 2296 4643 tolerabiliter
2345 4584 2485 4638 ﬁlios
2524 4581 2662 4636 Juda
2709 4579 3046 4640 vexaverint,
3094 4577 3196 4630 hoc
3251 4582 3354 4638 est,
3385 4587 3514 4626 san-

1937 4690 2074 4740 ctos,
2117 4676 2252 4730 ﬁlios
2283 4673 2656 4734 confessionis,
2688 4671 2936 4726 redditur
2965 4667 3110 4723 enim
3127 4663 3321 4727 ludas,
3341 4681 3361 4714 ι
3390 4678 3514 4718 cci-.-

1939 4768 2128 4824 Iessio.
2173 4786 2195 4819 ι
2227 4765 2498 4822 Caeterum
2531 4761 2728 4818 alicubi
2759 4761 2921 4816 etiam
2949 4773 2978 4812 a
3004 4757 3118 4813 Deo
3153 4754 3368 4810 amatus
3412 4754 3510 4806 Da.

1940 4862 2026 4915 vid
2053 4860 2117 4913 de
2149 4859 2331 4928 impiis
2359 4866 2530 4912 morte
2556 4855 2748 4910 deletis
2773 4871 2788 4908 :
2823 4870 2846 4904 ο
2871 4851 3160 4919 Quoniam,
3194 4848 3394 4917 inquit,
3424 4861 3511 4900 re~

1935 4953 2156 5024 quirens
2206 4950 2522 5018 sanguinem
2561 4962 2749 5002 eorum
2789 4946 3102 5000 recordatus
3151 4949 3238 4998 est
3268 4941 3336 4993 ⁸⁸.
3373 4958 3392 4990 ι
3427 4938 3507 4992 Aul

1936 5045 2192 5099 Satanam
2236 5049 2438 5107 autem,
2472 5049 2530 5094 ut
2578 5040 2628 5094 in
2675 5051 2904 5108 persona
2938 5037 3108 5090 Assur
3152 5040 3504 5089 accusatum:

1940 5154 1963 5187 ι
2007 5135 2468 5203 Quemadmodum
2521 5131 2905 5187 vestimentum
2961 5125 3235 5197 sanguine.
3285 5122 3508 5178 mistum

1939 5244 2048 5284 non
2071 5229 2183 5284 erit
2214 5227 2493 5291 mundum,
2521 5224 2602 5279 sic
2631 5236 2730 5277 nec
2761 5230 2815 5276 tu
2851 5219 3082 5275 mundus
3105 5215 3236 5272 eris.
3285 5216 3351 5271 Et
3381 5214 3509 5285 quia

1941 5327 2142 5374 terram
2190 5332 2362 5372 meam
2403 5315 2660 5387 polluisti,
2700 5320 2754 5368 et
2796 5309 3049 5381 populum
3093 5323 3268 5364 meum
3327 5305 3508 5377 perdi-

1940 5408 2090 5473 disti,
2134 5423 2240 5463 non
2294 5405 2538 5460 manebis
2594 5403 2649 5459 iu
2698 5404 3086 5470 sempiternum
3137 5399 3205 5455 ³ο.
3262 5416 3280 5449 ι
3325 5395 3508 5465 itaque

1939 5500 2184 5554 abituros
2213 5497 2267 5552 in
2307 5496 2535 5552 exitium
2568 5493 2747 5551 Sionis
2774 5491 3116 5548 adversarios
3143 5489 3294 5552 dicit,
3329 5495 3384 5540 et
3407 5485 3502 5540 Ju-

1940 5590 2108 5645 daaaut
2136 5588 2438 5643 habitatum
2468 5585 2533 5640 iri
2577 5585 2628 5638 in
2658 5583 3070 5651 sempiternum,
3099 5588 3155 5634 et
3200 5573 3502 5631 Jerusalem

1941 5681 1992 5736 iu
2027 5681 2407 5752 generationes
2438 5676 2851 5746 generationum
2879 5690 2894 5738 ;
2925 5685 3028 5728 non
3063 5670 3208 5726 illam
3239 5675 3506 5721 vastatam

2093 5855 2136 5886 ⁸³
2167 5851 2307 5908 Psal.
2344 5866 2419 5916 ιι,
2458 5850 2537 5905 ιδ.
2613 5850 2658 5881 ’θ
2698 5847 2800 5902 lsa.
2839 5860 2948 5909 xw,
2983 5842 3065 5906 l9,
3097 5842 3191 5896 9.0.
