4068 6546
586 427 692 484 ⁴ὒ7

1591 416 1650 472 S.
1691 416 1963 474 CYRILLI
2000 409 2464 469 ALEXANDRINI
2504 410 2822 466 ARCﬂlEP.

3728 408 3817 463 ιοι

586 549 642 594 et
683 544 927 593 exustam
973 535 1263 607 (siquidem
1322 535 1578 591 Dominus
1632 549 1697 591 ac
1756 536 1897 591 Deus
1949 542 2008 589 ut
2042 534 2157 604 ipsa

2278 530 2387 583 τθαι
2425 531 2523 614 μὲν
2578 530 2658 593 είς
2691 528 2913 599 ὄλεθρον
2941 528 3065 590 τοὺς
3096 530 3161 597 τῇ
3205 524 3344 578 Σιὼν
3390 525 3818 595 πεπολεμηκὸτας

586 632 808 697 veritas,
842 629 1036 685 falsum
1079 628 1263 683 dicere
1300 642 1405 682 non
1454 626 1676 699 potest),
1727 628 1821 683 sed
1871 641 1992 680 eam
2036 639 2157 695 qum

2278 621 2431 690 ρησί·
2476 619 2971 691 κατοικηθήσεσθαι
3018 620 3073 673 δὲ
3129 619 3230 691 τὴν
3290 616 3546 699 Ἰουδαίαν
3608 617 3685 679 είς
3744 620 3820 671 τὸν

586 730 769 776 mente
796 720 1277 790 comprehenditur
1299 719 1499 790 potius,
1528 720 1805 775 caelestem
1832 715 2155 783 Jerusalem,

586 827 876 881 supernam
910 823 964 867 et
984 810 1220 866 divinam
1249 810 1399 876 Sion,
1433 810 1723 881 gloriosam
1757 820 1811 865 et
1842 809 2159 880 praeclaram

588 902 879 968 civitatem,
911 902 1066 971 cuius
1105 900 1325 965 artifex,
1369 910 1426 957 et
1474 899 1788 969 fabricator,
1820 910 1875 956 et
1920 898 2159 954 archite—

589 1003 708 1049 ctus
758 994 869 1064 ipse
901 994 1068 1059 Deus,
1097 994 1151 1048 in
1180 1008 1340 1065 quam
1373 1001 1428 1049 et
1469 1007 1570 1050 nos
1604 991 1811 1048 utinam
1858 1007 1957 1062 per
1999 989 2165 1047 Chri-

589 1097 733 1143 stum
755 1088 1165 1157 perveniamus.

2264 712 2460 773 αἱῶνα.
2496 712 2592 768 καὶ⁵
2628 714 2711 776 είς
2746 712 2940 781 γενεὰς
2991 710 3191 781 γενεῶν
3237 696 3361 781 τῆν’
3388 707 3737 779 Ἰερουσαλὴμ
3768 711 3817 763 οὗ

2264 805 2361 876 τὴν
2388 803 2863 875 πεπορθουμὲνην,
2881 804 2975 856 καὶ
3001 800 3495 874 ἐμπεπρησμένην,
3512 801 3671 870 εἴπερ
3694 801 3819 853 ἐστὶν

2265 894 2694 969 ἀναμαρτοεπὴς
2726 896 2755 948 ὁ
2787 894 2989 967 Κύριος
3031 895 3123 947 καὶ
3166 893 3299 957 Θεὸς
3328 896 3404 956 ὡς
3445 891 3703 961 ἀλήθεια,
3740 890 3820 961 τὴν

2266 986 2467 1055 νοητὴν
2510 983 2566 1037 δὲ
2600 982 2822 1054 μᾶλλον,
2850 983 2950 1055 τὴν
2980 983 3306 1054 ἐπουράνιον
3345 981 3703 1052 Ἰερουσαλὴμ
3736 982 3820 1052 τὴν

2267 1079 2400 1140 ἄνω,
2426 1076 2520 1130 καὶ
2552 1075 2705 1129 Θείαν
2730 1073 2890 1139 Σιὼν,
2932 1075 3029 1145 τὴν
3056 1073 3255 1128 εὐκλεᾶ
3286 1072 3620 1137 καλλίπολιν,
3662 1068 3724 1143 ἧς
3751 1090 3822 1125 τε-

2266 1171 2479 1242 χνίτης,
2522 1169 2615 1224 καὶ
2644 1166 2971 1240 δημιουργὸς
2991 1209 3004 1231 ,
3039 1168 3134 1221 καὶ
3165 1169 3373 1220 τέκτων
3402 1166 3431 1217 ό
3460 1164 3592 1227 Θεὸς
3614 1205 3626 1227 ,
3658 1166 3733 1228 είς
3766 1169 3819 1237 ἦν

2268 1263 2362 1314 καὶ
2392 1262 2539 1332 ἡμᾶς
2565 1261 2856 1331 ἀφικέσθαι
2885 1262 3095 1330 γένοιτο
3123 1260 3211 1314 διὰ
3236 1256 3496 1329 Χριστοῦ.

630 1486 3813 1524 W

1329 1669 1559 1755 ΤΟΥ
1628 1671 1773 1754 ΕΝ
1845 1664 2211 1757 ΑΓῘΟΙΣ

2284 1672 2719 1759 ΠΑΤΡΟΣ
2797 1671 2965 1759 ΗΜ
2974 1672 3122 1759 ΩΝ

1556 1888 2881 2063 ΚΥΡΙΛΛΟΥ

938 2191 2241 2310 ΑΡΧΙΕΠΙΣΚΟΠΟΥ
2325 2185 3477 2312 ΑΛΕΞΑΝΔΡΕΙΑΣ

1725 2434 2097 2489 ΕΞἨΓΗΣΙΣ
2158 2434 2557 2492 ΥΠΟΜΝΗΜΑ
2569 2436 2731 2490 ΠΚΗ

1064 2623 1326 2751 ΕΙΣ
1401 2619 1745 2756 ΤΟΝ
1822 2621 2765 2755 ΠΡΟΦΗΤΗΝ
2867 2620 3363 2759 ΑΜΩΣ.

1292 2978 1464 3216 s.
1601 3042 1799 3213 P.
1940 3039 2138 3212 N.

2284 3038 3162 3217 CYRILLI

1732 3358 2201 3414 ALEXANDRIIE
2239 3357 2760 3417 ARCHIEPISCOPI

993 3576 1123 3667 IN
1220 3575 1534 3667 AMOS
1624 3573 2359 3668 PROPHETAM
2450 3575 3457 3703 COMMENTARIUS,

1844 3792 2239 3845 CONTINENS
2278 3794 2504 3845 TOMOS
2539 3795 2628 3842 ιν.

1023 4127 1747 4223 PROCEMIUM.

675 4298 717 4356 1.
744 4297 909 4371 246
948 4300 1112 4355 Amos
1156 4299 1270 4355 fuit-
1302 4300 1467 4371 opilio
1500 4302 1800 4371 pastoritiis
1836 4302 2078 4360 moribus
2122 4314 2178 4360 et

605 4392 871 4448 institutis
903 4391 1187 4450 educatus.
1227 4391 1373 4447 Vixit
1406 4394 1456 4447 in
1482 4393 1771 4449 solitudine
1806 4392 2027 4459 Iudaeas,
2058 4412 2178 4466 qua:

604 4498 799 4538 versus
829 4492 1074 4539 austrum
1108 4485 1234 4550 sita,
1279 4500 1451 4555 usque
1504 4486 1571 4539 ad
1630 4486 1767 4541 lines
1810 4488 1975 4543 maris
2009 4486 2174 4543 indici

605 4575 863 4644 pertinet,
898 4584 955 4630 et
1000 4575 1070 4630 ad
1102 4575 1377 4633 Persidem
1407 4592 1580 4648 usque
1628 4579 1944 4649 porrigitur,
1979 4581 2031 4635 in
2072 4595 2175 4650 qua

606 4674 801 4737 gentes
850 4681 1011 4735 quam
1051 4666 1299 4737 plurimae
1354 4680 1626 4740 pascunt:
1666 4679 1751 4725 est
1784 4671 1927 4725 enim
1959 4683 2179 4740 propter

607 4754 1040 4823 amplitudinem,
1073 4757 1465 4827 irrigationem,
1512 4759 1914 4830 herbarumque
1949 4762 2177 4818 diversi-

607 4856 772 4902 tatem
802 4848 867 4901 ad
898 4848 1078 4903 ovium
1112 4864 1303 4920 greges
1331 4849 1551 4908 alendos
1576 4853 1981 4923 percommode.
2007 4853 2177 4911 Natus

605 4946 691 4992 est
722 4937 773 4992 in
801 4939 923 4994 vico
945 4938 1184 5005 Thecua,
1220 4942 1285 4996 ad
1336 4941 1498 4997 imam
1535 4944 1902 5003 solitudinem.
1938 4945 2003 5002 Et
2040 4962 2175 5017 quo-

607 5030 753 5083 niam
784 5040 903 5085 erat
930 5033 1017 5087 vir
1042 5034 1215 5089 bonus
1246 5044 1299 5089 et
1321 5036 1498 5091 omnis
1520 5038 1789 5106 aquitatis
1817 5053 2028 5106 amans,
2046 5055 2173 5109 pro-

605 5121 805 5192 phetim
851 5122 1041 5193 spiritu
1097 5124 1221 5181 inde
1264 5126 1570 5182 cumulatus
1603 5170 1618 5195 ,
1678 5130 2022 5200 prophetavit
2069 5146 2173 5185 non

606 5212 1020 5286 Hierosolymis,
1083 5217 1180 5271 sed
1217 5216 1357 5272 inter
1382 5232 1475 5273 eos
1508 5219 1599 5288 qui
1648 5222 1955 5290 pecuariam
2007 5219 2174 5277 facie-

605 5309 756 5373 bant,
792 5307 1054 5378 principio
1082 5307 1360 5363 hominum
1396 5325 1507 5365 sua:
1530 5310 1706 5381 gentis
1740 5321 1793 5365 et
1823 5311 2176 5381 professionis

603 5415 792 5456 curam
839 5414 1151 5470 capessens.
1186 5400 1392 5458 Deinde
1455 5403 1507 5456 in
1564 5402 1733 5472 ipsam
1780 5403 1969 5459 Betbel
2002 5406 2172 5461 venit.

2728 4122 3385 4210 ΠΡΟΟΙΜΙΟΝ.

2354 4302 2433 4355 A'.
2482 4300 2662 4371 Ἀμὼς
2690 4300 2913 4369 γέγονεν
2946 4298 3167 4362 αἰπόλος
3202 4298 3361 4369 ἀνὴρ,
3387 4297 3483 4352 καὶ
3515 4299 3829 4369 ποιμενικαῖς

2285 4393 2430 4447 ἔθεσί
2458 4410 2517 4447 τε
2548 4393 2645 4447 καὶ
2697 4393 2883 4464 νόμοις
2906 4390 3360 4464 ἐντεθραμμένος.
3378 4392 3648 4445 Ἐποιεῖτο
3669 4390 3721 4445 δέ
3750 4390 3831 4451 τὰς

2283 4485 2565 4557 διατριϐὰς
2602 4488 2658 4539 ἐν
2689 4486 2913 4556 ἐρήμῳ,
2956 4488 3021 4556 τῇ
3062 4484 3199 4555 πρὸς
3246 4483 3396 4537 νότον
3436 4484 3537 4555 τῆς
3589 4482 3832 4537 Ἰουδαίων

2283 4579 2487 4651 χώρας,
2514 4580 2547 4648 ἥ
2581 4577 2770 4649 μέχρις
2808 4578 2951 4647 ὅρων
2981 4576 3156 4647 διήκει
3184 4575 3459 4646 Θαλάσσης
3486 4576 3587 4644 τῆς
3614 4572 3829 4641 Ἰνδικῆς,

2284 4673 2380 4726 καὶ
2417 4674 2496 4736 είς
2533 4671 2631 4742 τὴν
2680 4670 2905 4741 Περσῶν
2954 4668 3252 4723 ἐκτείνεται
3290 4668 3417 4738 γῆν,
3461 4667 3632 4738 μυρία
3662 4666 3716 4719 δὲ
3750 4665 3832 4718 ὅσα

2286 4761 2573 4833 βαρϐάρων
2615 4760 2747 4831 γένη
2804 4758 2974 4831 αὐτὴν
3010 4758 3451 4824 καταδόσκεται,
3494 4758 3607 4829 ἔχει
3645 4758 3699 4810 δέ
3732 4756 3833 4808 λίαν

2284 4853 2602 4924 ἐπιτηδείως
2630 4853 2710 4914 είς
2738 4850 2799 4903 τὸ
2826 4850 3048 4921 τρέφειν
3068 4848 3328 4904 δύνασθαι
3358 4848 3457 4911 τὰς
3485 4847 3614 4900 οἰῶν
3636 4846 3831 4913 ἀγέλας.

2286 4945 2594 5016 Ἐμὸροχος
2623 4944 2753 5015 γὰρ,
2783 4944 2880 4996 καὶ
2929 4943 3177 5004 πλατεῖα,
3214 4940 3310 4994 καὶ
3349 4938 3623 4993 πολυειδεῖ
3648 4940 3708 5006 τῇ
3744 4934 3833 5003 πόᾳ

2282 5034 2721 5106 κατεστεμμένη.
2750 5028 2858 5089 Ἦν
2885 5032 2941 5087 δέ
2992 5033 3022 5086 ό
3073 5030 3254 5102 Ἀμὼς
3287 5032 3350 5084 ἐκ
3391 5029 3594 5083 Θεκουὲ
3643 5026 3829 5095 κώμης,

2283 5127 2419 5200 πρὸς
2445 5126 2628 5191 αὐτοῖς
2655 5126 2916 5197 κειμένης
2937 5126 3048 5189 τοῖς
3080 5124 3180 5194 τῆς
3206 5124 3415 5194 ἐρήμου
3449 5115 3831 5183 ποσίν.Ἐπειδὴ

2280 5221 2337 5275 δέ
2364 5217 2433 5293 ἦν
2464 5218 2602 5290 ἀνὴρ
2630 5218 2834 5288 ἀγαθὸς
2856 5258 2871 5282 ,
2906 5219 3002 5272 καὶ
3041 5217 3223 5288 πάσης
3263 5214 3565 5278 ἐπιεικείας
3594 5212 3829 5284 ἐργάτης.

2281 5312 2343 5366 τὸ
2386 5313 2485 5383 τῆς
2526 5312 2864 5383 προφητείας
2893 5311 3054 5375 εὐθὺς
3096 5310 3455 5364 κατεπλούτει
3491 5308 3723 5379 πνεῦμα,
3753 5303 3833 5358 καὶ

2282 5408 2656 5479 προεφήτευεν
2690 5405 2790 5459 οὐκ
2818 5406 2875 5459 ἐν
2914 5408 3025 5469 τοῖς
3066 5403 3460 5477 Ἰεροσολύμοις
3479 5447 3494 5470 ,
3524 5402 3639 5457 ἀλλ’
3671 5404 3725 5455 ἐν
3750 5397 3829 5450 αὖ·

603 5491 740 5547 Nam
776 5492 993 5549 Thecue
1024 5508 1128 5547 non
1162 5491 1319 5560 Juda,
1372 5493 1465 5548 sed
1497 5509 1661 5564 regno
1702 5495 1958 5565 Ephraim
2000 5497 2172 5552 conti-

2278 5501 2391 5563 τοῖς
2420 5501 2509 5553 ἐπὶ
2546 5502 2660 5563 τοῖς
2690 5497 2987 5569 ποιμνίοις,
3022 5500 3079 5549 ἐν
3112 5497 3308 5569 ἀρχαῖς
3330 5496 3441 5549 τῶν
3479 5496 3540 5562 ἐξ
3570 5495 3747 5555 ἔθνους
3780 5505 3829 5541 τε

603 5583 860 5639 nebatur.
895 5582 973 5638 Ita
1002 5598 1124 5639 esse
1147 5582 1290 5637 facili
1332 5584 1550 5653 negotio
1572 5586 1735 5640 etiam
1758 5600 1823 5643 ex
1861 5586 2031 5657 ipsius
2058 5604 2180 5644 ver-

607 5673 691 5727 bis
728 5672 1045 5742 planissime
1093 5688 1406 5743 cognosces.
1446 5674 1615 5748 247
1646 5676 1992 5748 Prophetavit
2032 5682 2177 5734 enim

605 5762 662 5817 in
686 5761 893 5829 Bethel,
920 5774 977 5819 ut
1010 5766 1145 5834 dixi,
1171 5766 1491 5836 dissipatum
1538 5769 1601 5822 iri
1637 5783 1762 5825 aras
1799 5771 1965 5834 risus,
1999 5780 2055 5826 et
2077 5771 2175 5825 dc-

608 5853 842 5913 fecturas
870 5858 1213 5916 acrimonias
1243 5858 1427 5916 Israel.
1461 5860 1660 5929 Adjicit
1688 5862 1770 5919 his
1806 5881 1817 5916 :
1859 5882 1877 5916 ι
1913 5862 1977 5918 Ει
2024 5864 2174 5920 exci-

2278 5587 2463 5648 αὖτοῦ.
2510 5588 2604 5642 καὶ
2657 5586 2889 5659 μελέτης
2930 5586 3189 5658 ἐχόμενος
3242 5587 3676 5657 φροντισμάτων.
3714 5579 3828 5636 Εἶτα
3910 5580 3913 5581 ⁷

2278 5684 2368 5737 καὶ
2395 5685 2475 5746 είς
2506 5683 2675 5753 αὐτὴν
2711 5682 3045 5753 ἀφικόμενος
3076 5681 3175 5754 τὴν
3204 5680 3427 5753 Βαιθήλ.
3470 5683 3577 5735 Καὶ
3599 5678 3701 5750 γὰρ
3724 5672 3829 5747 ἦνό

2278 5773 2507 5837 Θεκουὲ,
2541 5776 2639 5845 οὐχ
2668 5774 2773 5828 ὑπὸ
2796 5774 2894 5845 τὴν
2930 5774 3189 5828 Ἰουδαίαν
3221 5772 3443 5844 μᾶλλον,
3474 5772 3587 5825 ἀλλ’
3618 5770 3719 5824 ὑπὸ
3744 5766 3826 5835 τὴν

2291 5865 2529 5933 Ἐφραίμ
2573 5865 2873 5936 βασιλείαν.
2926 5866 3051 5918 Ὅτι
3088 5866 3143 5918 δὲ
3188 5863 3407 5935 ἀληθεῖς
3452 5864 3586 5932 ἡμῖν
3622 5862 3670 5913 οί
3718 5856 3826 5926 περὶ
