4068 6546
171 434 287 491 409

1131 429 1681 487 COMMENTARIUS
1718 429 1782 484 IN
1822 427 2009 483 ΔΕΙΟὸ
2044 422 2487 482 ΡΒΟΡΗΕΤΑΜ.

3217 435 3221 440 '
3326 419 3433 476 ΗΟ

173 529 394 583 τούτων
420 526 673 598 γεγόνασι
702 526 870 596 λόγοι,
900 527 1263 599 καταθρήσεις
1303 530 1532 591 ἀκονιτὶ,
1552 527 1647 581 καὶ
1668 527 1755 580 διὰ.

1869 524 1983 578 tabo
2005 538 2166 592 super
2194 522 2409 575 domum
2455 515 2742 572 Jcroboam
2787 514 3023 585 gladium
3048 514 3117 566 ⁹¹.
3169 530 3188 564 ι
3237 511 3434 569 Sacer-

174 623 293 676 τῶν
328 620 494 676 αὐτοῦ
530 620 993 691 πληροφορηθήσῃ
1031 619 1223 689 λόγων.
1271 621 1616 692 Προεφήτευε
1660 619 1758 689 μὲν

176 713 295 787 γὰρ
319 716 379 768 ὲν
403 712 628 781 Βαιθὴλ,
654 710 730 775 ὡς
756 712 913 781 ἔφην,
940 710 1409 783 ἀφανισθήσεσθαι
1430 712 1604 780 λέγων
1635 711 1759 774 τοὺς

178 802 412 874 βωμοὺς
440 800 533 855 τοῦ
563 800 821 870 γέλωτος,
850 799 1307 872 ὲρημωθήσεσθαι
1336 799 1392 853 δὲ
1428 800 1639 864 καὶτὰς
1672 818 1761 853 τε-

173 892 350 955 λετὰς
374 893 469 946 τοῦ
509 894 755 964 Ἰσραήλο
782 892 875 944 καὶ
906 890 969 962 δὴ
1004 891 1212 954 τούτοις
1251 891 1580 961 προστιθεὶς,
1622 890 1762 944 ιΚαὶ

176 988 564 1057 ἁναστήσομαι
592 984 685 1037 ἐπὶ
715 984 804 1036 τὸν
833 978 979 1035 οἷκον
1022 980 1305 1052 Ίεροϐοάμ
1340 985 1396 1034 ὲν
1428 981 1691 1052 ῥομφαίᾳ.
1736 1000 1755 1034 ι

192 1077 255 1130 Ὀ
310 1078 371 1129 δέ
404 1094 468 1145 γε
512 1076 613 1145 τῆς
662 1074 859 1145 suum
909 1074 1087 1145 ἱερεὺς
1129 1073 1412 1143 Ἀμασίας.
1462 1067 1629 1135 Οὗτος
1666 1068 1761 1123 οὖν

177 1166 443 1236 ὲπὲτριζε
488 1164 565 1235 τῷ
613 1164 871 1237 προφήτῃ
915 1164 1039 1226 τοὺς
1082 1163 1318 1226 ὀδόντας.
1373 1159 1506 1215 Εἶτα
1554 1164 1761 1234 πέμπει

180 1257 324 1328 πρὸς
361 1256 645 1327 Ἱεροὸοὰμ
686 1254 911 1325 βασιλέα
960 1254 1197 1325 Ἰσραὴλ,
1235 1253 1437 1321 λέγων·
1479 1272 1496 1303 ι
1526 1254 1759 1323 Συστρο-

179 1350 293 1419 φὰς
320 1353 557 1403 ποιεῖται
584 1349 724 1401 κατὰ
753 1345 847 1400 σοῦ
894 1345 1073 1417 Ἀμὼς
1102 1348 1159 1400 ὲν
1192 1348 1339 1418 μέσῳ
1367 1347 1501 1417 οἴκῳ
1526 1345 1759 1417 Ἰσραὴλ,

179 1444 247 1496 ού
271 1443 351 1512 μὴ
383 1440 607 1511 δύνηται
636 1442 669 1511 ή
696 1439 769 1509 γῆ
803 1440 1122 1507 ὑπενεγκεῖν
1153 1439 1402 1503 ἅπαντας
1422 1441 1547 1503 τοὺς
1571 1439 1763 1506 λόγους

181 1535 356 1587 αὐτοῦ
378 1552 389 1564 ·
422 1534 557 1587 διότι
592 1533 717 1586 τάδε
748 1531 896 1599 λέγει
937 1530 1147 1602 Ἀμώς·
1177 1533 1264 1584 Ἐν
1300 1531 1545 1602 ῥομφαίᾳ
1578 1530 1764 1583 τελευ-

178 1625 346 1697 τήσει
384 1624 687 1696 Ἱεροϐοάμ,
709 1627 739 1678 ό
773 1625 1060 1696 δὲ’ῐσραὴλ
1093 1625 1434 1696 αἰχμάλωτος
1465 1623 1763 1695 ἀχθήσεται

179 1719 297 1773 ἀπὸ
329 1720 429 1788 τῆς
458 1717 559 1787 γῆς
584 1716 768 1771 αὑτοῦ.
795 1718 905 1771 Καὶ
933 1713 1085 1770 εἶπεν
1109 1716 1373 1786 Ἀμασίας
1397 1716 1533 1787 πρὸς
1560 1716 1759 1786 Ἀμώς·

190 1809 259 1862 Ὀ
284 1809 427 1879 ὀρῶν
469 1808 653 1878 βάδιζε
683 1808 747 1861 ἐκ
786 1806 969 1877 χώρας
1004 1806 1085 1869 είς
1126 1806 1231 1876 γῆν
1275 1805 1466 1872 Ἰούδα,
1507 1805 1602 1859 καὶ
1649 1807 1766 1859 ἐκεῖ

1862 620 1958 674 dos
1983 628 2160 671 autem
2194 611 2377 668 Bethel
2408 610 2652 664 Amasias
2714 608 2989 677 propheta:
3016 605 3204 659 dentes
3230 608 3431 660 contri-

1861 710 1962 773 vit,
1992 722 2151 777 quem
2185 716 2367 774 postea
2399 702 2465 756 ad
2494 699 2777 756 Jeroboam
2829 712 3009 768 regem
3051 697 3215 751 Israel
3265 698 3430 763 misit,

1861 817 1983 857 cum
2032 802 2134 854 hoc
2177 797 2408 852 nuntio:
2451 813 2469 847 ι
2511 791 2925 862 Conjurationcs
2980 788 3111 844 facit
3147 800 3333 845 contra
3382 800 3434 845 te

1862 894 2029 948 Amos
2077 892 2128 946 in
2177 888 2355 945 medio
2407 888 2599 941 domus
2654 882 2845 947 Israel,
2898 895 3004 936 non
3053 882 3250 951 poterit
3291 891 3432 935 terra

1862 982 2086 1039 suﬂ‘erre
2139 995 2328 1037 omnes
2382 991 2660 1034 sermones
2716 975 2851 1043 ejus.
2930 974 3064 1042 Quia
3127 975 3240 1026 haec
3303 972 3436 1026 dicit

1862 1080 2028 1130 Amos
2060 1093 2073 1129 :
2109 1074 2166 1129 In
2194 1074 2372 1145 gladio
2407 1070 2670 1125 morietur
2702 1066 3011 1129 Jeroboam,
3046 1076 3100 1119 et
3143 1063 3307 1118 Israel
3352 1078 3435 1116 ca-

1864 1168 2040 1236 ptivus
2089 1166 2314 1219 ducetur
2355 1167 2421 1219 de
2467 1172 2611 1217 terra
2646 1177 2763 1217 sua.
2800 1160 2867 1215 Et
2916 1160 3051 1214 dixit
3088 1158 3337 1212 Amasias
3366 1158 3434 1210 ad

1863 1259 2029 1311 Amos
2062 1274 2076 1311 :
2114 1253 2337 1319 Videns,
2385 1252 2541 1317 vade,
2592 1252 2813 1307 discede
2856 1265 2910 1304 tu
2963 1252 3015 1304 in
3048 1261 3242 1303 terram
3273 1247 3431 1315 Juda,

1864 1357 1918 1402 ct
1949 1347 2057 1402 illic
2091 1346 2231 1411 vive,
2267 1354 2322 1398 et
2360 1343 2467 1398 illic
2514 1341 2887 1413 prophetabis;
2923 1340 2977 1394 in
3034 1339 3218 1394 Bethel
3254 1347 3433 1391 autem

1867 1456 1971 1496 nou
2029 1440 2169 1495 ultra
2220 1436 2441 1504 adjicies
2498 1435 2844 1506 prOphetare,
2897 1431 3023 1499 quia
3081 1427 3436 1485 sanctificatio

1867 1533 2007 1603 regis
2047 1540 2147 1595 est,
2178 1537 2232 1583 et
2261 1529 2453 1582 domus
2492 1525 2641 1596 regni
2667 1532 2770 1577 est.
2804 1522 2871 1576 Et
2914 1519 3243 1590 respondens
3270 1520 3436 1571 Amos

1866 1626 2001 1680 dixit
2030 1623 2098 1678 ad
2126 1620 2401 1677 Amasiam
2433 1636 2447 1673 ε
2479 1617 2595 1671 Non
2633 1631 2785 1670 eram
2814 1614 3082 1684 propheta
3109 1626 3231 1681 ego,
3263 1624 3436 1683 neque

1868 1714 2009 1768 filius
2039 1713 2314 1782 prophetae
2339 1725 2353 1774 ;
2385 1707 2477 1763 sed
2507 1706 2671 1776 opilio
2695 1720 2868 1770 eram,
2901 1703 3157 1758 vellicans
3183 1715 3435 1771 sycomo-

1868 1820 1989 1873 ros;
2017 1811 2070 1859 et
2111 1800 2401 1871 assumpsit
2441 1813 2528 1852 me
2557 1796 2814 1851 Dominus
2855 1796 2922 1849 ab
2952 1793 3162 1849 ovibus.
3204 1791 3270 1846 Et
3299 1791 3432 1845 dixit

181 1878 482 1964 καταὸίου,
534 1899 628 1952 καὶ
678 1901 792 1951 ἐκεῖ
843 1897 1263 1969 προφητεύσεις.
1312 1898 1406 1960 El;
1458 1897 1516 1950 δὲ
1566 1896 1767 1967 Βαιθὴλ

1869 1893 2132 1948 Dominus
2154 1893 2219 1946 ad
2258 1904 2383 1944 me:
2417 1886 2569 1942 Vade
2602 1895 2656 1941 et
2684 1886 2942 1956 propheta
2990 1898 3151 1952 super
3185 1881 3435 1952 populum

183 1993 383 2045 οὐκέτι
418 1992 494 2061 μὴ
540 1988 785 2061 προσθῇς
816 1988 911 2040 τοῦ
950 1986 1362 2058 προφητεῦσαι,
1401 1986 1482 2040 ὅτι
1520 1986 1766 2057 ἁγίασμα

191 2084 468 2154 βασιλέως
497 2084 634 2146 ἐστὶ,
665 2082 756 2135 καὶ
784 2075 931 2144 οἶκος
958 2079 1221 2149 βασιλέως
1243 2078 1358 2132 ὲστί
1377 2096 1389 2110 ·
1415 2079 1509 2132 καὶ
1538 2076 1769 2150 ἁπεκρί-

188 2174 266 2244 οη
305 2173 507 2243 Ἀμὼς,
542 2173 637 2226 καὶ
674 2168 792 2224 εἷπε
835 2170 969 2242 πρὸς
1007 2168 1292 2241 Ἀμασίαν,
1324 2170 1437 2221 Ούκ
1459 2169 1606 2240 ἥμην
1639 2185 1769 2239 προ-

186 2268 377 2337 φήτης
398 2264 529 2334 ἐγὼ,
557 2264 679 2317 οὐδὲ
709 2263 824 2327 υἱὸς
856 2263 1161 2334 προφήτου,
1186 2262 1302 2315 ἀλλ’
1335 2260 1557 2324 αἰπόλος
1596 2259 1766 2331 ήμην,

180 2356 391 2420 κνίζων
421 2354 717 2425 συκάμινα,
757 2352 850 2407 καὶ
889 2351 1116 2405 ἀνέλαϐε
1159 2350 1363 2422 Κύριος
1392 2353 1457 2404 ὲκ
1494 2350 1602 2404 τῶν
1640 2368 1764 2422 προ-

179 2447 392 2502 δάτων.
439 2448 549 2500 Καὶ
581 2441 704 2499 εἷπε
758 2445 963 2517 Κύριος
999 2445 1135 2516 πρός
1169 2460 1258 2513 με,
1286 2443 1498 2508 Βάδιζε,
1553 2443 1766 2513 προφή-

178 2554 383 2592 τευσον
412 2537 506 2591 ἐπὶ
533 2535 623 2590 τὸν
645 2535 771 2590 λαόν
809 2552 912 2606 μου
948 2535 1038 2587 τὸν
1075 2533 1310 2605 Ἰσραήλ.
1356 2551 1373 2583 ι
1418 2531 1660 2603 Εϊληπτο
1698 2531 1762 2602 δὴ

1869 2000 2047 2040 meum
2083 1982 2247 2039 Israel
2270 1982 2338 2034 ".
2377 1999 2396 2032 ι
2428 1980 2751 2048 Assumptus
2785 1986 2868 2032 est
2895 1977 3057 2046 igitur
3082 1976 3148 2029 de
3177 1973 3436 2044 gregibus

1867 2076 2071 2139 ovium,
2108 2084 2162 2129 et
2201 2071 2546 2143 prophetavit
2587 2070 2640 2124 in
2681 2068 2886 2131 Bethel,
2941 2066 3029 2121 ubi
3078 2066 3327 2134 deposuit
3364 2063 3439 2115 vi-

1870 2166 2039 2222 tqum
2094 2177 2319 2220 aureum
2360 2162 2566 2233 primus
2607 2158 2915 2223 Jcroboam,
2973 2157 3113 2211 ﬁlius
3152 2155 3324 2209 Nabat
3367 2154 3436 2208 ”.

1868 2259 2008 2314 Puto
2038 2257 2141 2312 hoc
2173 2257 2338 2311 etiam
2372 2269 2550 2324 operae
2586 2252 2814 2322 pretium
2857 2249 3021 2312 scire,
3049 2248 3214 2302 alium
3272 2244 3440 2298 fuisse

1870 2350 2059 2413 Amos,
2087 2357 2296 2419 patrem
2336 2345 2507 2402 Isaiae.
2544 2343 2685 2412 Quid
2725 2350 2904 2395 autem
2955 2348 3010 2394 et
3051 2351 3213 2408 super
3242 2336 3440 2405 quibus

1872 2449 1987 2496 toto
2017 2441 2158 2495 libro
2180 2439 2539 2510 prophetarit,
2566 2436 2631 2491 ad
2669 2432 3007 2506 propositum
3043 2428 3309 2502 aggressi,
3341 2441 3440 2497 pro

1873 2532 2125 2587 facultate
2148 2530 2665 2587 demonstrabimus.

176 2626 281 2682 οὖν
312 2630 379 2680 ἐκ
409 2627 695 2698 ποιμνίων,
735 2625 830 2679 καὶ
866 2626 1238 2697 προεφήτευεν
1276 2625 1335 2676 ὲν
1376 2621 1603 2693 Βαιθὴλ,
1633 2623 1691 2675 ὲν
1729 2617 1763 2696 ᾗ
1799 2622 1894 2676 καὶ
1957 2622 2192 2693 δάμαλιν
2246 2620 2479 2674 ἀπέθετο
2518 2620 2726 2691 χρυσῆν
2771 2619 2799 2670 ὁ
2835 2615 3055 2689 πρῶτος
3090 2607 3376 2683 Ἰεροϐοάμ
3411 2609 3441 2660 ό

178 2721 381 2775 Ναόέιτ
414 2720 547 2783 υἱός.
594 2720 1070 2791 Ἐπισημήνασθαι
1132 2719 1188 2772 δὲ
1234 2719 1455 2771 κάκεῖνο
1501 2712 1654 2787 οἶμαί
1692 2733 1796 2770 που
1870 2720 2158 2789 χρήσιμον,
2206 2717 2280 2780 ὡς
2325 2716 2513 2787 ἕτερος
2558 2712 2626 2783 ἦν
2678 2712 2861 2782 Ἀμὼς
2896 2712 2937 2764 ό
2970 2708 3191 2763 Ἡσαΐου
3231 2704 3439 2774 πατήρ.

177 2816 348 2876 Τίνες
385 2829 448 2881 γε
486 2812 591 2883 μὴν
619 2812 715 2865 καί⁹
747 2812 841 2864 ἐπὶ
869 2810 1012 2863 τίσιν
1074 2808 1212 2871 ὅλως
1242 2808 1291 2860 οἱ
1357 2805 1489 2879 παρ’
1526 2806 1691 2861 αὐτοῦ
1767 2809 2021 2878 γεγόνασι
2058 2808 2227 2878 λόγοι,
2253 2806 2361 2860 τῶν
2434 2804 2813 2877 προκειμένων
2857 2802 3124 2873 ἁψάμενοι
3160 2794 3444 2868 σαφηνιοῦ-

180 2926 290 2979 μεν
330 2906 407 2969 ὠς
442 2905 541 2958 ἔνι.

508 3026 891 3112 Γ[ΟΜΟΣ
964 3023 1435 3112 ΠΡΩΤΟΣ.

800 3180 1053 3253 ΚΕΦΑΛ.
1081 3182 1161 3234 A'.

259 3300 441 3367 Λόγοι
500 3296 713 3366 Ἀμὼς,
769 3294 827 3348 οἳ
876 3293 1156 3363 ἐγένοντο
1201 3294 1271 3346 ἐν
1329 3288 1636 3359 Ἀκκαρείμ
1693 3288 1763 3342 ἐκ
1814 3304 1819 3307 '

181 3389 435 3453 Θεκουὲ,
458 3387 565 3454 οὓς
595 3386 723 3441 (dar
751 3386 903 3453 ὑπὲρ
965 3383 1370 3454 Ἰερουσαλὴμ,
1411 3382 1481 3437 ἐν
1520 3380 1766 3451 ἡμέραις

192 3479 393 3540 Ὂζῖου
410 3476 719 3544 ,ϐασιλέως
743 3476 952 3540 Ἰούδα,
972 3476 1069 3530 καὶ
1088 3476 1157 3529 ἐν
1174 3474 1423 3545 ἡμέραις
1455 3472 1763 3542 Ἰεροϐοὰμ,

178 3570 324 3625 υἱοῦ
363 3568 841 3637 Ἰαῂςβασιλέως
860 3567 967 3622 τοῦ
1004 3564 1269 3635 Ἰσραὴλ,
1314 3564 1431 3634 πρὸ
1469 3563 1578 3618 δύο
1615 3560 1768 3616 ἑτῶν

179 3662 295 3716 τοῦ
325 3660 607 3730 σεισμοῦ.

260 3754 338 3807 B'.
375 3770 395 3803 ι
420 3752 586 3820 Λόγοι
650 3750 851 3821 Ἀμὼς,
882 3750 931 3804 οἳ
966 3750 1213 3819 ἐγένοντο
1243 3750 1301 3803 ἐν
1350 3747 1657 3818 Ἀκκαρεὶμ
1701 3745 1768 3799 ἐκ

181 3847 417 3911 Θεκουὲ,
451 3845 545 3909 οὓς
579 3841 717 3899 εἶδεν
767 3844 910 3914 ὑπὲρ
949 3840 1324 3914 Ἰερουσαλήμ.
1352 3858 1371 3890 ι
1417 3831 1576 3891 Οὗτοί
1604 3851 1767 3908 φησιν

196 3937 386 4007 ’Δμὼς
412 3936 506 3990 τοῦ
537 3938 603 3990 ὲκ
645 3936 847 3989 Θεκουὲ
897 3933 997 4004 τῆς
1032 3932 1367 4005 προφητείας
1413 3931 1463 3983 οἱ
1494 3928 1680 3999 λόγοι,
1716 3926 1766 3981 οἶ

182 4031 448 4099 γεγόνασι
478 4030 535 4082 ὲν
579 4029 903 4098 Ἀκκαρειμ.
954 4024 1147 4079 ’ἰστέον
1188 4023 1264 4084 δὲ,
1294 4024 1376 4076 ὅτι
1432 4021 1529 4093 τὴν
1557 4020 1767 4074 τοιάνδε

183 4120 356 4185 λέξιν,
402 4121 524 4189 ἦτοι
554 4118 616 4172 τὸ
647 4136 666 4169 ι
694 4118 752 4171 ὲν
782 4117 1106 4187 Ἀκκαρεὶμ,
1128 4132 1146 4166 ι
1185 4114 1287 4167 οὐκ
1318 4107 1459 4166 οἶδεν
1489 4112 1626 4174 ὅλως
1662 4110 1769 4164 τῶν

197 4210 471 4282 Ἑϐραίων
496 4210 528 4279 ή
556 4208 785 4270 έκδοσις.
812 4206 986 4260 Μόνον
1010 4205 1118 4276 γὰρ
1159 4205 1415 4276 εἰρήκασι
1446 4203 1529 4265 τὸ,
1577 4222 1595 4254 ι
1618 4202 1768 4271 λόγοι

196 4300 385 4372 Ἀμὼς
410 4302 475 4353 ὲκ
500 4298 724 4352 Θεκουέ.
751 4318 770 4351 ι
793 4297 857 4351 οἵ
871 4314 934 4366 γε
964 4295 1070 4367 μὴν
1098 4295 1275 4365 ἕτεροι
1314 4294 1421 4347 τῶν
1444 4294 1769 4365 ὲρμηνευόν-

183 4411 296 4447 των
343 4392 469 4446 ἀντὶ
514 4390 623 4445 τῶν
656 4410 674 4442 ι
695 4392 753 4444 ὲν
792 4388 1098 4459 Ἀκκαρεὶμ
1122 4406 1141 4439 ι
1172 4386 1479 4440 τεθείκασιν
1501 4427 1515 4451 ,
1545 4387 1615 4440 ἐν
1644 4384 1769 4451 τοῖς

184 4478 857 4553 κτηνοτροφείοις.οὖτοι
872 4479 1048 4532 τοίνυν
1060 4481 1106 4532 οἱ
1117 4477 1264 4546 λόγοι
1280 4478 1335 4532 Ἀ
1347 4475 1461 4547 μὼς
1475 4478 1537 4530 ὲκ
1548 4475 1767 4541 Θεκουὲ,

186 4576 413 4637 οἵτινες
438 4573 728 4642 γεγόνασιν
762 4574 820 4625 ὲν
853 4569 1031 4642 καιρῷ
1061 4561 1155 4623 τοῦ
1187 4568 1521 4638 ποιμαίνειν,
1559 4567 1652 4619 ἐπὶ
1676 4567 1771 4619 καὶ

186 4668 384 4729 αὐταῖς
406 4666 515 4719 τῶν
564 4663 855 4734 προῆάτων
896 4661 1105 4723 αὐλαῖς.
1150 4661 1322 4731 ’Υπὲρ
1367 4659 1424 4711 δὲ
1465 4659 1634 4729 αὐτῆς
1674 4658 1773 4729 τῆς

197 4759 563 4832 Ἰερουσαλὴμ
581 4759 683 4811 οὐκ
714 4753 944 4810 ἀκοῦσαι
978 4755 1160 4824 μόνον,
1184 4753 1297 4807 ἀλλ’
1317 4751 1618 4823 ἑωρακέναι
1640 4751 1773 4821 φησι

186 4852 315 4915 τοὺς
334 4852 549 4918 λόγους.
577 4848 822 4919 Ἐμφανῆ
843 4847 952 4919 γάρ
973 4847 1083 4910 τοῖς
1108 4845 1418 4915 προφήταις
1438 4844 1772 4912 κατέστησεν

186 4947 216 4998 ό
245 4945 385 5006 Θεὸς
416 4941 551 5013 ὁμοῦ
588 4943 707 5003 ταῖς
753 4937 1131 5007 άποκαλύψεσι
1188 4936 1471 5007 μονονουχὶ
1512 4934 1607 4987 καὶ⁹
1633 4932 1772 4987 αὐτὰ

187 5036 438 5108 παρόντα
459 5033 530 5087 τά
556 5032 879 5104 πράγματα,
910 5029 1049 5083 ὥστε
1082 5028 1256 5083 δοκεῖν
1288 5026 1383 5079 καὶ¹
1411 5027 1541 5095 όρᾷν
1557 5023 1623 5076 αὐ
1645 5023 1769 5085 τοὺς

187 5125 287 5196 ήδη
319 5123 453 5194 πρὶν
473 5122 727 5191 γενέσθαι
757 5120 883 5182 τοὺς
899 5118 1110 5187 λόγους,
1137 5114 1464 5185 συνθεούσης
1500 5112 1642 5182 τάχα
1666 5128 1769 5164 που

185 5217 290 5286 τῆς
320 5215 434 5269 τῶν
471 5213 859 5284 ἐκϐησομένων
885 5210 1035 5274 θέας,
1069 5209 1149 5272 οἷς
1182 5207 1247 5262 ἂν
1279 5196 1417 5277 λέγη
1443 5205 1596 5269 Θεός.
1625 5202 1771 5275 Πλὴν

186 5309 370 5360 ἐκεῖνο
400 5305 682 5376 ζητήσεως
713 5302 883 5371 ἄξιον,
916 5301 1030 5365 πῶς
1053 5300 1162 5371 γάρ
1183 5298 1247 5352 ἄν
1272 5314 1355 5360 τις
1383 5295 1588 5367 οἰηθείη
1614 5296 1769 5363 γενέ-

188 5401 317 5452 σθαι
349 5398 479 5461 τοὺς
508 5396 701 5464 λόγους
730 5396 871 5466 ὑπέρ
905 5411 969 5462 γε
1018 5393 1120 5462 τῆς
1168 5389 1518 5463 Ἰερουσαλὴμ
1570 5389 1730 5459 μόνον
1754 5427 1768 5453 ,

186 5489 374 5544 καίτοι
410 5489 500 5543 διὰ
527 5489 626 5559 τῆς
659 5485 823 5542 αὐτοῦ
854 5486 946 5539 τοῦ
982 5484 1259 5556 προφήτου
1279 5481 1464 5552 φωνῆς
1486 5482 1770 5536 καταιτιᾶ-

184 5601 281 5638 ται
310 5582 447 5646 Θεὸς
481 5581 571 5635 τόν
595 5596 657 5632 τε
700 5578 900 5632 Ἰούδαν
926 5578 1018 5630 καὶ
1045 5575 1137 5629 τὸν
1192 5574 1440 5646 Ἰσραήλ;
1497 5571 1641 5643 Ἔφη
1663 5573 1770 5643 γὰρ

188 5675 392 5739 πάλιν,
443 5674 525 5727 ὅτι
575 5690 596 5724 ο
635 5670 775 5735 Τάδε
806 5670 954 5739 λέγει
1012 5666 1236 5738 Κύριοςο
1276 5666 1399 5720 Ἐπὶ
1427 5667 1547 5728 ταῖς
1594 5665 1771 5735 τρισὶν

258 5851 305 5885 τι
336 5851 504 5906 Amos
531 5866 625 5916 vn,
669 5852 720 5906 9.
827 5853 873 5883 ”
909 5849 1040 5905 Ibid.
1076 5847 1257 5903 I045.

2072 3028 2081 3039 ’
2166 3022 2412 3115 TOM
2436 3022 2572 3111 US
2657 3016 3146 3108 PRIMUS.

2540 3169 2693 3224 CAP.
2734 3167 2775 3226 Ι.

1942 3285 2103 3340 Vsus.
2139 3285 2191 3339 I.
2225 3283 2496 3339 Sermones
2526 3284 2708 3348 Amos,
2738 3281 2826 3352 qui
2858 3280 2986 3344 facti
3022 3286 3141 3334 sunt
3190 3294 3245 3331 ιη
3271 3277 3440 3334 Acca-

1871 3379 1969 3431 rim
1996 3394 2061 3431 ex
2088 3376 2308 3441 Thecue,
2336 3391 2466 3444 quos
2489 3375 2618 3428 vidit
2648 3388 2802 3443 super
2816 3370 3109 3426 Jerusalem
3158 3371 3230 3444 in_
3261 3369 3442 3425 diebus

1875 3468 2019 3523 Ozias
2049 3468 2182 3537 regis
2199 3439 2367 3531 Juda,
2392 3476 2439 3520 et
2465 3467 2520 3519 in
2552 3439 2735 3518 diebus
2763 3461 3044 3517 Jeroboam
3064 3461 3163 3530 ﬁlii
3188 3439 3319 3515 J‘oas
3361 3475 3446 3515 u-

1868 3562 1948 3631 gis
1986 3557 2175 3623 Israel,
2211 3566 2332 3612 ante
2356 3559 2488 3611 duos
2515 3570 2679 3610 annos
2699 3565 2851 3608 terra
2886 3560 3076 3609 motus.

1942 3738 2003 3793 II.
2038 3757 2055 3788 ι
2081 3736 2371 3792 Sermones
2399 3736 2585 3799 Amos,
2604 3731 2694 3801 qui
2721 3730 2847 3785 facti
2878 3729 3076 3784 suntin
3102 3726 3349 3782 Accarim
3375 3739 3444 3779 ex

1872 3828 2109 3893 Thecue,
2144 3839 2279 3895 quos
2327 3821 2461 3876 vidit
2489 3835 2647 3891 super
2672 3817 2994 3873 Jerusalem.
3032 3836 3050 3868 ι
3080 3816 3144 3870 Ili
3172 3824 3317 3880 sunt,
3359 3814 3443 3868 in-

1873 3919 2012 3989 quit,
2042 3932 2321 3973 sermones
2374 3914 2671 3986 prophetict
2719 3913 2883 3966 Amos
2947 3907 3299 3971 Thecuensis,
3350 3905 3445 3974 qui

1874 4011 2000 4066 facti
2047 4019 2172 4066 sunt
2222 4010 2273 4064 in
2328 4008 2597 4063 Accarim.
2658 4002 2949 4059 Sciendum
2993 4009 3077 4055 est
3137 3995 3447 4067 hujusinodi

1873 4116 2080 4166 vocem,
2117 4119 2137 4153 ι
2180 4102 2235 4156 in
2286 4099 2556 4164 Accarim,
2626 4115 2644 4149 ι
2685 4095 2753 4150 ab
2813 4093 3157 4149 Hebrzeorum
3211 4088 3448 4143 editione

1875 4208 2099 4266 prorsus
2122 4193 2332 4259 abesse,
2375 4192 2426 4245 in
2448 4198 2776 4259 quatantum
2805 4194 2888 4241 est
2927 4184 3012 4240 his
3047 4181 3247 4246 verbis,
3274 4198 3293 4232 ι
3326 4194 3446 4235 ser-

1876 4301 2064 4342 mones
2092 4287 2256 4341 Amos
2298 4298 2365 4338 ex
2404 4280 2643 4336 Thecue.
2673 4299 2691 4332 ι
2726 4278 3177 4345 Aliiinterpretes
3201 4286 3350 4341 pro,i
3393 4271 3446 4323 in

1874 4378 2147 4443 Accarim,
2185 4396 2204 4429 ι
2265 4383 2580 4447 posuerunt,
2638 4373 2697 4426 ὲν
2746 4365 3205 4440 κτηνοτροφείοις,
3255 4363 3305 4417 id
3341 4371 3445 4425 est,

1878 4470 2011 4526 locis
2069 4469 2160 4525 ubi
2211 4475 2453 4522 armenta
2503 4478 2597 4518 seu
2645 4462 2892 4529 jumenta
2946 4463 3261 4526 pascuntur.
3309 4450 3449 4506 Sunt

1803 4535 1846 4589 Β
1874 4562 2042 4633 igitur
2062 4562 2115 4617 hi
2143 4571 2423 4614 sermones
2460 4556 2628 4610 Amos
2659 4568 2727 4607 ex
2755 4552 2989 4614 'I‘hecue,
3023 4562 3116 4601 seu
3162 4544 3447 4599 Thecuen-

1869 4655 1971 4719 sis,
1992 4654 2083 4724 qui
2114 4651 2240 4707 facti
2272 4657 2419 4713 sunt,
2438 4662 2545 4718 quo
2571 4656 2810 4713 tempore
2829 4642 3004 4697 adhuc
3026 4648 3295 4707 pastorem
3327 4647 3449 4703 age-

1869 4748 1981 4812 bat,
2014 4754 2067 4800 et
2098 4745 2154 4799 in
2190 4743 2324 4812 ipsis
2366 4739 2548 4794 ovium
2584 4735 2810 4792 stabulis
2853 4732 2967 4786 sive
3023 4729 3213 4797 septis.
3273 4725 3448 4794 Super

1872 4840 1989 4908 ipsa
2025 4846 2205 4891 autem
2235 4830 2536 4887 Jerusalem
2565 4843 2669 4884 non
2727 4825 2943 4880 audisse
2975 4832 3179 4876 tantum
3234 4831 3445 4873 sermo-

1871 4944 1988 4996 nes,
2013 4929 2107 4982 sed
2128 4924 2293 4996 248
2313 4920 2583 4978 etvidisse
2608 4933 2667 4974 se
2699 4916 2847 4971 dicit.
2905 4915 3043 4969 Deus
3093 4911 3289 4981 quippe
3320 4920 3446 4976 pro-

1883 5020 2058 5091 phetis
2086 5035 2190 5073 una
2233 5032 2355 5073 cum
2402 5011 2821 5070 revelationibus
2871 5024 2958 5063 res
3008 5004 3345 5067 :nanifesws,
3394 5007 3449 5054 et

1879 5121 2085 5167 tantum
2111 5126 2215 5166 non
2250 5114 2544 5179 praesentes
2566 5103 2715 5170 facit,
2746 5111 2805 5155 ut
2827 5101 3011 5154 videre
3036 5096 3139 5152 sibi
3166 5095 3449 5147 videantur

1877 5217 2175 5267 sermones,
2234 5209 2521 5268 antequam
2577 5194 2727 5257 fiant,
2782 5197 3139 5247 concurrente
3203 5182 3448 5240 fortassis

1878 5303 2165 5351 eventuum
2206 5291 2508 5355 futurorum
2538 5288 2651 5339 visu
2693 5298 2814 5339 cum
2855 5282 2941 5337 bis
2975 5293 3093 5349 quae
3126 5276 3268 5330 Deus
3292 5272 3446 5326 dixe-

1878 5388 1972 5442 rit.
1999 5386 2264 5442 Caeterum
2288 5381 2418 5437 illud
2441 5376 2990 5450 quaestionediguum,
3016 5366 3285 5440 quomodo
3334 5364 3449 5418 exi-

1879 5477 2204 5534 stimandum
2238 5474 2410 5529 factos
2468 5486 2593 5525 esse
2619 5481 2895 5525 sermones
2927 5477 3087 5534 super
3153 5454 3447 5513 Ierusalem

1880 5570 2076 5634 solum,
2106 5582 2229 5624 cum
2264 5576 2444 5621 tamen
2464 5579 2599 5620 voce
2632 5560 2799 5632 ipsius
2844 5555 3119 5628 propheta:
3159 5547 3350 5603 Iudam
3395 5550 3450 5596 et

1880 5660 2041 5719 Israel
2115 5661 2255 5717 Deus
2306 5657 2558 5716 accuset?
2616 5656 2706 5710 Ait
2738 5651 2880 5710 enim
2918 5641 3247 5709 infrazQuia
3284 5656 3301 5690 ι
3336 5636 3450 5691 haec

1333 5845 1380 5876 ’³³
1433 5844 1493 5901 III
1528 5844 1655 5914 Ileg.
1689 5858 1786 5911 xtl,
1825 5842 1914 5899 29.
