4068 6550
689 437 787 493 Ml

1670 437 1730 492 S.
1767 438 2046 495 CYRILLI
2085 439 2554 495 ALEXANDRINI
2594 439 2918 497 ARCIIIEP.

3859 445 3956 499 ΗΞ

685 549 818 605 dicit
849 545 1104 604 Dominus
1134 548 1150 604 Ξ
1177 548 1352 620 Super
1371 550 1542 606 tribus
1565 551 1859 607 sceleribus
1893 552 2123 608 filiorum
2175 553 2239 608 Ju

2373 553 2644 619 ἀσεῦείαις
2670 555 2800 608 υἱῶν
2856 555 3046 620 Ἰούδα,
3079 556 3172 610 καὶ
3227 556 3318 609 isti
3376 558 3495 618 ταῖς
3536 555 3841 623 τέσσαρσιν
3865 557 3955 610 οὒκ

684 639 777 705 da,
826 648 880 694 et
928 656 1090 710 super
1147 649 1379 712 quatuor
1428 657 1535 696 non
1591 653 1902 699 convertam
1952 660 2048 699 eos
2089 645 2136 677 ”
2165 687 2180 711 ,
2235 665 2254 699 ι

683 739 792 784 etc.
865 729 1068 786 Deinde
1108 747 1320 787 rursum
1379 749 1395 788 :
1461 751 1480 786 ι
1537 733 1661 788 Haec
1735 735 1865 789 dicit
1944 734 2258 790 Dominus:

683 817 857 890 Super
916 822 1089 878 tribus
1153 822 1450 878 sceleribus
1504 823 1668 878 Israel
1695 824 1834 892 "‘,i
1893 838 1947 881 et
1996 842 2112 895 qua:
2177 842 2262 882 se-

684 925 922 981 quuntur
953 930 966 966 :
999 923 1052 968 et
1091 915 1373 969 recensitis
1394 916 1657 971 scelerum
1717 917 2019 987 generibus,
2057 919 2261 972 atrocia

685 1005 1161 1071 comminatur,et
1215 1006 1403 1061 ambos
1457 1023 1617 1075 quam
1673 1008 1968 1075 saepissime
1991 1009 2258 1078 obiurgat.

682 1094 800 1150 Jam
838 1095 1002 1162 igitur
1025 1113 1132 1165 quo
1160 1107 1315 1167 pacto
1350 1115 1510 1167 super
1531 1098 1828 1155 Jerusalem
1887 1101 2260 1155 tantummodo

684 1201 962 1240 sermones
995 1186 1117 1240 facti
1142 1203 1263 1242 esse
1291 1189 1512 1260 intelligi
1539 1201 1783 1258 possunt,
1835 1206 1954 1244 cum
2003 1191 2144 1245 Deus
2176 1191 2257 1244 di-

683 1287 792 1342 cat,
822 1295 841 1329 ¢
903 1277 1107 1331 Mittam
1153 1280 1326 1349 ignem
1381 1297 1542 1350 super
1589 1277 1780 1335 Judam
1815 1283 1883 1348 ",
1911 1300 1930 1333 ι
1971 1291 2076 1340 etc.
2106 1281 2262 1338 Nunc

679 1385 784 1438 qua
815 1369 1024 1424 ratione
1067 1373 1494 1439 respondendum
1551 1373 1619 1427 sit
1663 1375 2088 1430 consideremus.
2117 1375 2260 1430 Dici-

681 1475 799 1514 mus
828 1476 1115 1516 consuesse
1145 1469 1360 1516 sanctos
1385 1464 1676 1530 prOphetas
1719 1465 2006 1535 aliquando
2043 1468 2258 1535 quidem

678 1553 934 1606 diStinrte
959 1553 1090 1606 duas
1116 1554 1288 1607 tribus
1323 1553 1737 1625 Hierosolymis,
1762 1556 1952 1611 Judam
1988 1570 2040 1613 et
2063 1558 2259 1629 Benja-

680 1641 814 1703 min,
852 1640 1013 1695 Israel
1056 1659 1250 1698 vocare
1275 1660 1289 1708 ;
1317 1661 1504 1698 rursus
1528 1646 1818 1716 aliquando
1848 1649 2031 1704 decem
2061 1652 2257 1715 tribus,

673 1734 872 1801 quaein
903 1734 1170 1797 Samaria,
1203 1735 1361 1790 aliter
1400 1737 1580 1800 Israel,
1614 1739 1729 1792 sive
1774 1739 2028 1809 Ephraim
2077 1743 2256 1796 nomi-

676 1837 829 1888 nare,
849 1823 1282 1894 frequentissime
1311 1830 1455 1881 enim
1489 1827 1845 1883 confundunt.
1905 1831 1971 1885 Et
2004 1833 2258 1900 quoniam

2363 647 2858 718 ἀποστραφήσομαι
2915 647 3133 711 αύτούς,
3165 667 3183 699 ι
3220 649 3313 702 καὶ
3378 647 3556 717 Ἑξῆς.
3589 643 3723 699 Εἶτα
3752 646 3955 711 tam;

2365 735 2582 805 ἐφεξῆς·
2596 755 2614 787 ι
2639 735 2773 789 Τάδε
2790 736 2940 804 λέγει
2963 737 3186 809 Κύριος,
3216 738 3469 800 Ἐπὶταῖς
3485 737 3663 808 τρισὶν
3679 735 3952 798 ἀσεϐείαις

2375 824 2622 896 Ἰσραήλ,
2647 844 2665 876 ι
2694 826 2786 877 καὶ
2805 825 2950 896 ἑξῆς.
2983 824 3444 897 Προσεπενεγκὼν
3469 825 3524 878 δὲ
3552 825 3649 892 τῆς
3680 826 3951 893 ἁμαρτίας

2368 918 2493 979 τοὺς
2526 917 2782 988 τρόπους,
2817 917 3153 988 ἐπηπείλησε
3177 916 3246 970 τά
3276 916 3444 979 δεινὰ,
3472 916 3567 969 καὶ
3585 917 3662 978 ὡς
3699 915 3951 985 πλείστῃ-ι

2361 1009 2493 1078 ὅσην
2518 1008 2638 1060 κατ’
2668 1008 2870 1077 ἀμφοῖν
2911 1010 2938 1062 6
2985 1008 3142 1076 λόγος
3181 1007 3330 1078 αύτῷ
3358 1008 3456 1078 τὴν
3483 1007 3778 1076 ἐπίπληξιν
3828 1006 3946 1075 ἔχει,

2362 1098 2486 1160 Πῶς
2535 1093 2628 1151 οὖν
2680 1099 2818 1169 ὑπὲρ
2851 1099 2951 1168 τῆς
2985 1098 3339 1169 Ἰερουσαλὴμ
3393 1098 3723 1167 γεγενῆσθαι
3772 1096 3947 1148 λοιπον

2361 1189 2545 1242 νοοῖντ’
2571 1189 2635 1242 ἂν
2657 1190 2704 1241 oi
2733 1189 2902 1256 λόγοι,
2935 1189 3108 1242 καίτοι
3156 1188 3292 1241 Θεοῦ
3345 1188 3617 1256 λέγοντος,
3661 1207 3683 1235 σ
3725 1184 3947 1249 Ἐξαπο-

2363 1281 2532 1334 στελῶ
2559 1282 2668 1352 πῦρ
2697 1283 2789 1334 ἐπὶ
2825 1281 3044 1345 Ἰούδαν,
3081 1300 3098 1332 ι
3131 1281 3228 1334 καὶ
3251 1280 3319 1333 τὰ
3351 1279 3496 1349 ἑξῆς.
3525 1278 3620 1342 Τίς
3661 1274 3767 1331 οὖν
3809 1277 3944 1329 ἔσται

2359 1373 2459 1442 τῆς
2484 1372 2780 1440 ἀπολογίας
2803 1374 2829 1425 6
2854 1372 3075 1442 τρόπος,
3096 1370 3260 1440 φέρε,
3289 1367 3740 1437 διασκεψώμεθα.
3776 1368 3943 1434 Φαμὲν

2367 1460 2460 1518 οὖν
2484 1465 2564 1517 ὅτι
2601 1464 2720 1527 ἔθος
2745 1466 2854 1527 τοῖς
2880 1463 3058 1531 ἁγίοις
3090 1463 3417 1532 προφῆταις,
3437 1461 3565 1512 ποτε
3599 1460 3698 1529 μὲν
3719 1459 3946 1511 6:26:13,-

2369 1556 2548 1626 μένως
2608 1555 2707 1618 τὰς
2763 1555 2855 1608 δύο
2893 1553 3086 1624 φυλὰς,
3130 1552 3229 1614 τὰς
3273 1554 3330 1604 ὲν
3385 1553 3498 1612 τοῖς
3537 1548 3943 1619 Ἰεροσολύμοις,

2371 1645 2568 1699 Ἰούδαν
2595 1663 2653 1698 τε
2687 1645 2780 1699 καὶ
2814 1645 3088 1714 Βενιαμὶν,
3130 1640 3345 1714 Ἰσραὴλ
3375 1639 3690 1704 ἀποκαλεῖν,
3744 1639 3875 1690 ποτὲ

2359 1734 2427 1792 αὖ
2473 1738 2570 1801 τὰς
2597 1740 2653 1791 ἐν
2681 1740 2746 1807 τῇ
2784 1735 3064 1808 Σαμαρείᾳ
3097 1735 3228 1788 δέκα
3256 1733 3449 1802 φυλὰς,
3491 1733 3692 1802 ἑτέρως
3740 1731 3943 1800 Ἰσραῆλ

2364 1829 2674 1900 ὀνομάζειν.
2694 1831 2861 1901 ἤγουν
2889 1828 3148 1899 Ἐφραίμ,
3169 1824 3521 1896 ἀδιαφοροῦσι
3537 1824 3594 1876 δὲ
3613 1823 3941 1883 πλειστάκις.

671 1931 864 1970 omnes
919 1919 1184 1987 sanguine
1228 1919 1442 1974 Israelis
1467 1921 1679 1975 oriundi
1705 1933 1850 1990 sunt,
1883 1924 1986 1978 hoc
2045 1926 2250 1980 nomine

2367 1922 2476 1974 Καὶ
2507 1923 2737 1990 ἐπείπερ
2767 1921 2902 1973 εἰσὶν
2934 1921 2984 1972 οἱ
3042 1919 3243 1981 πάντες
3300 1917 3358 1983 ἐξ
3414 1916 3643 1986 αἵματος
3702 1913 3941 1984 Ἰσραὴλ,

675 1997 800 2060 item
834 2007 1111 2061 duodecim
1147 2009 1318 2065 tribus
1342 2012 1631 2081 appellant.
1662 2015 1814 2080 Quod
1847 2017 1893 2070 si
1943 2016 2079 2072 forte
2101 2018 2265 2073 velint

675 2108 840 2152 totam
874 2098 1025 2154 nobis
1080 2099 1388 2156 .Indazorum
1457 2105 1860 2162 multitudinem
1923 2109 2258 2178 significare,

675 2205 779 2243 nou
809 2189 920 2258 jam
953 2191 1182 2258 amplius
1216 2193 1474 2250 distincte
1535 2196 1754 2253 Israelis
1805 2200 2125 2255 vocabulum
2163 2219 2261 2270 po-

675 2293 825 2336 nunt.
866 2282 1012 2337 Facti
1055 2293 1181 2339 sunt
1238 2285 1403 2352 igitur
1452 2300 1734 2344 sermones
1778 2290 1942 2346 Amos
1985 2294 2262 2361 propheta:

670 2392 832 2446 super
862 2377 1006 2431 omni
1033 2377 1372 2433 multitudine
1403 2377 1700 2444 Judm,tum
1757 2398 1876 2451 qum
1956 2382 2262 2454 Ilierosoly-

673 2464 772 2517 mis
795 2473 962 2529 esset,
997 2473 1105 2518 tum
1144 2481 1263 2536 quae
1285 2466 1338 2520 in
1375 2467 1644 2524 Samaria.
1679 2469 1796 2524 Jam
1849 2475 2121 2542 quomodo
2152 2477 2261 2530 sint

665 2570 831 2623 super
857 2556 987 2623 ipsis
1009 2557 1292 2611 dicendum
1324 2569 1425 2614 est.
1472 2561 1676 2630 Duplex
1710 2578 2024 2630 responsum
2065 2584 2258 2637 suppe-

671 2644 829 2696 ditat.
871 2645 1109 2700 I’rimum
1131 2646 1274 2700 enim
1313 2648 1612 2704 introduxit
1655 2651 2030 2707 universorum
2090 2656 2255 2712 Deum

665 2733 974 2790 Judmorum
1033 2736 1331 2809 Synagoga:
1394 2750 1611 2808 peccata
1695 2758 2256 2824 commemorantem;

666 2839 810 2896 post,
846 2837 1104 2882 eventura
1128 2829 1258 2897 ipsis
1317 2835 1789 2902 praenuntiante‘m,
1847 2837 2124 2904 etadjecit
2175 2839 2258 2894 his

667 2920 804 2972 bona
832 2934 897 2972 ex
931 2919 1261 2991 benignitate
1303 2937 1420 2989 sua,
1456 2933 1511 2978 et
1541 2923 1676 2988 lore,
1712 2935 1768 2979 ut
1811 2927 2116 2998 largissime
2169 2945 2259 2984 ve-

667 3009 813 3062 niam
848 3021 1274 3079 consequantur,
1298 3023 1353 3066 et
1397 3015 1462 3067 ad
1517 3016 1803 3083 pristinum
1859 3013 2057 3075 statu'm
2100 3037 2255 3077 reno-

667 3109 879 3152 ventur.
911 3100 1049 3156 Dicit
1077 3104 1220 3158 enim
1249 3121 1439 3161 rursus
1469 3107 1606 3160 idem
1626 3109 1813 3174 Amos,
1844 3121 1902 3164 ut
1922 3126 1984 3166 ex
2021 3129 2253 3184 persona

669 3187 760 3242 Dei
796 3205 808 3241 :
847 3209 866 3240 ι
898 3191 1280 3248 Verumtamen
1312 3211 1416 3250 non
1462 3198 1514 3250 in
1541 3198 1698 3253 linem
1723 3213 2001 3256 conteram
2028 3207 2247 3259 domum

662 3277 850 3346 Jacob,
885 3281 961 3335 ait
993 3283 1273 3340 Dominus.
1309 3287 1444 3351 Quia
1469 3303 1596 3343 ecce
1632 3305 1733 3358 ego
1768 3293 1983 3356 mando,
2034 3304 2085 3347 et
2125 3311 2252 3349 con-

663 3380 835 3426 teram
902 3373 955 3428 in
1002 3377 1254 3432 omnibus
1308 3378 1558 3447 gentibus
1611 3381 1831 3436 domum
1887 3384 2069 3450 Israel,
2109 3388 2251 3442 sicut

662 3462 969 3517 concutitur
1000 3464 1234 3519 triticum
1273 3467 1326 3521 in
1355 3470 1558 3533 cribro,
1587 3481 1641 3524 et
1679 3488 1784 3527 non
1835 3475 1989 3529 cadet
2024 3493 2247 3545 granum

661 3567 826 3621 super
883 3564 1081 3608 terram
1123 3557 1192 3611 ".
1255 3576 1274 3609 ο
1323 3557 1654 3615 Prasnuutiat
1711 3573 1887 3618 autem
1941 3570 2247 3626 necessario

658 3645 822 3698 etiam
883 3645 1115 3702 futuram
1175 3651 1599 3720 redemptionem
1683 3670 1779 3722 per
1835 3656 2132 3725 Christum,
2197 3671 2252 3716 et

655 3737 989 3793 transituros
1013 3740 1078 3792 ad
1105 3742 1526 3808 renovationem,
1553 3743 1716 3815 249
1748 3744 2079 3820 Dominoque
2141 3752 2241 3806 mi-

659 3835 898 3892 serante,
929 3827 1400 3898 vitamjucundam
1434 3834 1689 3890 victuros.
1724 3836 1814 3890 Ait
1859 3839 2001 3893 enim
2033 3857 2245 3895 rursum

655 3917 783 3976 sic:
846 3938 864 3971 ι
923 3918 979 3974 In
1033 3920 1121 3977 die
1160 3922 1246 3977 illa
1339 3926 1611 3981 suscitabo
1662 3928 2068 3987 tabernaculum
2141 3933 2247 3988 Da—

663 4009 754 4064 vid
786 4011 854 4077 ⁸⁷,
893 4029 913 4062 ι
956 4020 1062 4067 etc.

732 4278 838 4334 Sed
895 4293 1174 4335 sermones
1224 4295 1390 4353 super
1416 4281 1715 4340 Jerusalem
1740 4285 1903 4340 etiam
1954 4287 2059 4342 alio
2087 4287 2245 4344 modo

656 4371 880 4438 intelligi
909 4380 1054 4427 recte
1077 4383 1320 4442 possunt.
1350 4375 1519 4446 Syria:
1546 4377 1688 4430 enim
1743 4387 1797 4432 et
1849 4377 2097 4435 Damasci
2157 4395 2244 4434 reo

657 4475 773 4532 ges.
803 4472 857 4516 et
886 4461 1237 4518 ﬁnitimarum
1290 4467 1526 4536 gentium
1567 4483 1675 4521 non
1706 4484 1888 4538 pauca:
1920 4467 2231 4527 Judaaorum

2363 2010 2534 2075 οὕτως
2559 2012 2881 2083 ὀνομάζουσι
2904 2009 3002 2073 τάς
3029 2010 3140 2075 δύο,
3178 2010 3271 2062 καὶ
3299 2009 3430 2062 δέκα
3459 2006 3650 2076 φυλάς.
3697 2005 3764 2058 Et
3795 2005 3849 2056 δὲ
3889 2005 3942 2074 δὴ

2365 2103 2641 2176 βούλοιντο
2671 2104 2764 2157 καὶ
2794 2103 3012 2157 ἃπασαν
3060 2105 3190 2172 ἡμῖν
3249 2100 3637 2171 κατασημῆναι
3667 2097 3836 2167 τυχὸν
3856 2098 3941 2164 τὴν

2361 2196 2472 2249 τῶν
2524 2196 2796 2249 Ἰουδαίων
2822 2194 3169 2263 Συναγωγὴν,
3224 2192 3408 2245 οὐκέτι
3438 2191 3844 2260 διεσταλμένως
3877 2189 3942 2254 τῷ

2361 2287 2454 2340 τοῦ
2503 2285 2718 2358 Ἰσραὴλ
2752 2286 2973 2356 ὀνόματι
3003 2286 3374 2354 κεχρημένους
3423 2283 3754 2352 εύρήσομεν.
3786 2279 3940 2346 Fer}-

2363 2393 2480 2431 νασι
2515 2377 2578 2448 δὴ
2606 2372 2698 2430 οῦν
2732 2377 2832 2445 τῆς
2862 2376 2954 2429 τοῦ
2980 2375 3159 2445 Ἀμὼς
3188 2374 3524 2446 προφητείας
3548 2374 3596 2425 οί
3622 2373 3777 2440 λόγοι
3814 2372 3938 2439 ὑπὲρ

2362 2470 2542 2540 πάσης
2571 2471 2668 2541 τῆς
2696 2468 2957 2532 Ἰουδαίας
2982 2467 3236 2537 πληθύος,
3254 2467 3353 2535 τῆς
3374 2483 3430 2519 τε
3451 2468 3508 2518 ὲν
3535 2463 3937 2536 Ἰεροσολύμοις,

2361 2563 2455 2615 καὶ
2487 2562 2585 2631 τῆς
2611 2563 2666 2615 ἐν
2686 2561 2986 2632 Σαμαρείᾳ.
3022 2559 3144 2623 Πῶς
3197 2560 3242 2611 δ’
3275 2558 3339 2611 ἂν
3388 2555 3496 2610 εἷεν
3543 2557 3682 2629 ὑπὲρ
3733 2556 3935 2614 αὐτῶν,

2360 2656 2536 2706 εἰπεῖν
2567 2653 2884 2720 ἀναγκαῖον.
2922 2652 3077 2703 Ἐστι
3103 2651 3282 2703 τοίνυν
3323 2650 3497 2712 διττὸς
3527 2651 3658 2719 ἡμῖν
3688 2649 3794 2717 τῆς
3822 2648 3938 2700 ἀπο-

2360 2744 2552 2813 λογίας
2590 2745 2616 2796 ὁ
2641 2744 2859 2811 τρόπος.
2892 2743 3112 2814 Πρῶτον
3149 2742 3244 2812 μὲν
3290 2741 3398 2810 γὰρ
3456 2739 3811 2809 εἰσκεκόμικε
3859 2755 3937 2789 τον

2357 2833 2465 2886 τῶν
2495 2833 2629 2885 ὅλων
2665 2831 2796 2884 Θεὸν
2823 2832 2920 2902 τῆς
2955 2831 3062 2883 τῶν
3095 2830 3364 2883 Ἰουδαίων
3399 2829 3735 2897 Συναγωγῆς
3771 2828 3937 2896 ἀμαρ·

2356 2923 2474 2986 τίας
2519 2923 2934 2992 ἀφηγούμενον,
3000 2915 3120 2973 εἶτα
3177 2918 3245 2972 τὰ
3307 2917 3541 2986 ἐσόμενα
3600 2915 3722 2968 κατ’
3787 2914 3934 2967 αὑτοῦ

2358 3011 2872 3084 προαπηγγελκότα,
2901 3009 3210 3082 προσετίθει
3242 3010 3298 3062 δὲ
3329 3008 3538 3071 τούτοις
3557 3008 3624 3060 τὰ
3647 3007 3706 3072 ἐξ
3745 3007 3934 3076 ἡμερο-

2355 3122 2520 3175 τητος
2552 3104 2754 3172 ἀγαθὰ,
2791 3103 2884 3157 καὶ
2907 3104 2987 3156 ὃτι
3019 3102 3161 3156 κατά
3199 3101 3388 3171 καιρὸν
3417 3099 3643 3168 πλείστη
3674 3115 3765 3160 τις
3791 3098 3933 3165 γενή-

2358 3213 2510 3249 σεται
2570 3194 2751 3250 αύτῶν
2799 3193 2987 3263 φειδὼ,
3032 3195 3125 3247 καὶ
3173 3192 3565 3262 ἀνακαινισμὸς
3619 3191 3700 3252 είς
3747 3189 3811 3240 τὸ
3850 3189 3932 3240 ἀπ’

2354 3287 2551 3358 ἀρχῆς.
2576 3289 2720 3356 Ἔφη
2745 3286 2853 3357 γὰρ
2873 3285 3032 3339 πάλιν
3060 3285 3223 3349 αὐτὸς
3245 3286 3278 3337 ὁ
3307 3284 3509 3353 Ἀμὼς,
3536 3282 3611 3345 ὡς
3635 3283 3699 3335 ὲκ
3735 3279 3933 3350 προσώ-

2352 3395 2455 3430 που
2480 3377 2575 3430 τοῦ
2604 3378 2737 3430 Θεοῦ
2769 3396 2782 3410 ·
2819 3397 2838 3429 ί
2877 3377 3024 3449 Πλὴν
3055 3377 3138 3430 ὅτι
3169 3377 3268 3429 οὐκ
3321 3375 3401 3437 είς
3447 3374 3598 3436 τέλος
3637 3372 3825 3443 ὲξαρὼ
3853 3371 3930 3422 τὸν

2348 3464 2497 3522 οἶκον
2543 3468 2762 3532 Ἰακὼϐ,
2795 3469 2943 3537 λέγει
2981 3467 3203 3538 Κύριος.
3251 3467 3396 3519 Διότι
3453 3466 3561 3518 ἰδοὺ
3596 3463 3707 3532 ἐγὼ
3768 3462 3930 3516 sua.

2351 3559 2540 3629 λομαι,
2571 3562 2668 3613 καὶ
2690 3560 2892 3631 λικμιῶ
2922 3561 2981 3613 ἐν
3009 3561 3144 3612 πᾶσι
3170 3561 3282 3620 τοῖς
3311 3556 3488 3610 ἔθνεσι
3530 3555 3621 3609 τὸν
3671 3549 3826 3607 οἷκον
3848 3554 3927 3606 τοῦ

2363 3651 2602 3723 Ἰσραὴλ,
2627 3651 2686 3704 ὃν
2716 3653 2914 3722 τρόπον
2939 3651 3198 3720 λικμᾶται
3219 3651 3276 3702 ὲν
3301 3647 3378 3718 τῷ
3408 3647 3606 3718 λικμῷ,
3647 3647 3749 3700 καὶ
3776 3647 3836 3699 οὐ
3864 3646 3926 3715 μὴ

2351 3743 2493 3814 πέσῃ
2523 3745 2840 3816 σύντριμμα
2862 3743 2954 3797 ἐπὶ
2995 3742 3094 3813 τὴν
3142 3741 3268 3811 γῆν.
3314 3760 3331 3792 ι
3375 3738 3839 3811 Προκαταμηνύει
3880 3738 3927 3788 δὲ

2349 3836 2666 3904 ἀναγκαίως
2690 3837 2780 3889 καὶ
2814 3835 2910 3907 τὴν
2944 3833 3213 3905 ἐσομένην
3244 3833 3514 3902 λύτρωσιν
3541 3832 3628 3886 διά
3655 3831 3892 3903 Χριστοῦ
3910 3872 3923 3890 .

2347 3927 2443 3980 καὶ
2481 3927 2562 3980 ὅτι
2631 3929 3010 3997 μεταχωρήσει
3076 3924 3213 3994 πρὸς
3271 3924 3687 3993 ἀνακαινισμδν,
3735 3923 3834 3976 καὶ
3876 3924 3925 3973 ἐν

2347 4019 2612 4091 εὐπαθείᾳ
2634 4019 2848 4072 ἔσονται
2872 4019 3344 4089 κατοικτείροντος
3363 4016 3521 4071 Θεοῦ.
3552 4018 3700 4088 Ἔφη
3721 4016 3780 4069 δὲ
3797 4014 3924 4068 οὕτω

2350 4113 2535 4164 πάλιν·
2581 4131 2602 4162 ί
2637 4113 2725 4164 Ἐν
2754 4113 2819 4181 τῇ
2856 4110 3038 4183 ἡμέρᾳ
3071 4110 3254 4184 ἐκείνῃ
3282 4112 3579 4181 ἀναστήσω
3600 4111 3702 4180 τὴν
3737 4107 3921 4179 σκηνὴν

2347 4203 2533 4266 Δαὸὶδ,
2573 4221 2591 4254 ι
2623 4203 2718 4256 καὶ
2746 4202 2818 4256 τὰ
2848 4203 2998 4273 ἑξῆς.

2418 4295 2624 4349 Οὐκοῦν
2658 4294 2799 4365 ὑπὲρ
2851 4295 2950 4364 τῆς
2987 4293 3344 4364 Ἰερουσαλὴμ
3392 4293 3442 4346 οἱ
3479 4293 3630 4361 λόγοιν
3679 4291 3774 4345 καὶ
3813 4291 3919 4344 καθ’

2345 4387 2530 4459 ἓτερον
2560 4388 2701 4458 ὑπὲρ
2721 4387 2893 4458 αὐτῆς
2922 4389 3112 4440 νοοῖντ⁸
3137 4387 3202 4440 ἂν
3230 4386 3477 4449 εἰκότως.
3513 4385 3684 4455 Συρία
3715 4402 3774 4437 τε
3803 4384 3917 4451 γὰρ,

2345 4482 2439 4534 καὶ
2468 4480 2517 4533 οί
2543 4477 2838 4550 Δαμασκοῦ
2879 4479 3141 4556 βασιλεῖς,
3196 4478 3291 4530 καὶ
3346 4476 3454 4530 τῶν
3498 4477 3716 4546 ὁμόρων
3766 4475 3918 4528 ἐθνῶν

657 4552 931 4622 regionem
968 4553 1332 4617 devastarunt,
1350 4555 1482 4610 alias
1509 4556 1627 4611 aliae
1677 4557 2039 4627 insurgentes.
2090 4577 2240 4616 eam-

2354 4571 2446 4625 οὐκ
2473 4570 2641 4639 ὀλίγοι
2668 4571 2766 4642 τὴν
2793 4569 2899 4624 τῶν
2930 4570 3200 4624 Ἰουδαίων
3260 4569 3446 4640 χώραν
3499 4569 3913 4639 διελυμήναντο,

655 4658 761 4713 que
787 4642 1053 4714 susdeque
1088 4645 1346 4701 vertendo
1393 4648 1571 4703 hostili
1631 4665 1780 4704 more
1826 4653 2232 4723 depopulantes,

661 4743 714 4790 ει
741 4735 1200 4803 eximpotentiira
1229 4738 1280 4791 in
1313 4749 1612 4795 extremam
1647 4743 1917 4798 miseriam
1935 4745 2234 4815 conjicien-

659 4839 761 4883 tes.
795 4828 888 4883 His
924 4830 1087 4900 igitur
1113 4831 1365 4886 omnibus
1405 4835 1770 4891 vastatoribus
1820 4837 1937 4907 ejus
1981 4839 2241 4908 propheta

658 4921 828 4976 Deum
865 4922 1252 4977 desolationem
1309 4925 1759 4990 comminantem.
1801 4939 1857 4983 et
1911 4929 2242 4988 nefariorum

656 5013 924 5070 scelerum
944 5029 1130 5084 poenas
1158 5032 1277 5071 sese
1301 5027 1617 5072 exacturum
1638 5021 2036 5090 promittentem
2068 5023 2242 5078 intro-

657 5105 827 5161 duxit.
849 5105 987 5176 Ergo
1013 5121 1173 5175 super
1194 5106 1516 5176 Jerusalem,
1536 5111 1649 5166 sive
1680 5127 1844 5181 super
1865 5127 2078 5168 omnem
2103 5113 2241 5170 Juda

656 5212 938 5254 sermones
961 5199 1126 5255 Amos
1153 5199 1277 5254 facti
1304 5212 1448 5256 sunt.
1482 5201 1539 5257 Id
1582 5205 1722 5270 quod
1754 5205 2037 5274 perspicue
2073 5222 2240 5276 appa-

658 5291 817 5355 rebit,
844 5293 888 5346 si
923 5300 1159 5361 tempora
1184 5295 1481 5362 prophetiae
1523 5296 1991 5362 perpenderimus.
2041 5299 2238 5368 Sequi-

659 5392 750 5438 tur
779 5385 922 5440 enim
951 5398 967 5438 :
993 5403 1012 5437 ι
1058 5385 1111 5438 In
1142 5385 1332 5441 diebus
1361 5386 1508 5441 Ozias
1537 5387 1676 5455 regis
1698 5384 1856 5453 Juda,
1884 5396 1938 5443 et
1967 5389 2019 5443 in
2054 5391 2240 5448 diebus

656 5472 949 5530 Jeroboam
977 5475 1070 5530 ﬁlii
1105 5474 1232 5531 Joas
1263 5477 1402 5547 regis
1432 5476 1621 5543 Israel,
1647 5477 1854 5534 duobus
1908 5481 2064 5536 annis
2115 5493 2242 5538 ante

661 5577 817 5620 terra:
835 5579 1059 5622 motum.
1085 5587 1103 5620 ι
1128 5568 1232 5624 Sed
1256 5567 1493 5637 objiciet,
1523 5569 1735 5639 opinor,
1771 5571 2060 5642 quispiam,
2088 5573 2227 5640 Quid

657 5655 904 5722 proderit
929 5655 1251 5725 lectoribus,
1293 5658 1338 5713 si
1384 5657 1598 5715 curiose
1639 5669 1696 5715 et
1749 5661 2019 5732 exquisite
2055 5678 2238 5732 regum

730 5832 973 5894 "Amos
1026 5853 1086 5905 ιι,
1121 5838 1172 5893 .t.
1251 5840 1315 5873 ’δ’
1356 5837 1492 5897 Ibid.
1535 5845 1586 5895 υ.
1663 5842 1708 5881 ου
1749 5841 1882 5898 una.
1914 5844 1964 5899 δ.

2340 4665 2531 4719 ἄλλοτε
2574 4664 2724 4717 ἄλλοι
2777 4663 3292 4734 κατεξανιστάμενοι
3317 4703 3332 4727 ,
3397 4663 3493 4716 καὶ
3534 4661 3915 4731 καταδηοῦντες

2343 4756 2514 4826 αὐτὴν
2535 4755 2759 4824 ἄγοντές
2787 4773 2846 4808 τε
2875 4756 2970 4808 καὶ
2993 4755 3275 4826 φέροντες,
3322 4755 3418 4807 καὶ
3457 4753 3529 4807 τὰ
3571 4753 3629 4819 ὲξ
3659 4750 3916 4824 ἀκρατοῦς

2345 4848 2579 4920 δρῶντες
2604 4847 2777 4918 ὀργῆς
2814 4847 2890 4910 ὡς
2939 4848 3020 4910 είς
3067 4847 3302 4917 ἐσχάτην
3352 4845 3549 4908 αὐτοὺς
3607 4843 3912 4897 καθικέσθαι

2337 4941 2736 5011 ταλαιπωρίαν.
2773 4939 2999 5001 Τούτοις
3026 4937 3090 5009 δὴ
3135 4933 3230 4991 οῦν
3272 4936 3443 4990 ἆπασι
3496 4938 3610 4998 τοῖς
3651 4934 3913 5004 πεπορθη-

2340 5032 2491 5086 κόσιν
2539 5031 2711 5098 αὐτὴν
2760 5027 3144 5099 είσκέκόμικεν
3187 5029 3216 5080 ὁ
3272 5027 3563 5098 προφήτης
3601 5025 3912 5078 ἀπειλοῦντι

2334 5120 2472 5173 Θεὸν
2507 5119 2605 5191 τὴν
2633 5119 2937 5190 ἐρήμωσιν.
2991 5118 3102 5172 Καὶ
3145 5117 3302 5186 δίκην
3351 5117 3458 5186 ἔφη
3511 5115 3907 5188 πραχθήσεσθαι

2339 5210 2446 5264 τῶν
2472 5209 2700 5264 ἀνοσίων
2728 5208 3146 5279 ἐγχειρημάτων
3177 5205 3391 5268 αὐτούς.
3417 5205 3627 5258 Οὐκοῦν
3661 5205 3797 5274 ὑπὲρ
3820 5203 3909 5271 τῆς

2350 5299 2724 5373 Ἰερουσαλὴμ,
2767 5300 2934 5370 ἤγουν
2965 5299 3106 5369 ὑπὲρ
3130 5298 3311 5368 πάσης
3342 5297 3442 5367 τῆς
3472 5296 3643 5350 Ἰούδα
3677 5312 3907 5361 συναγω-

2338 5392 2440 5462 γῆς
2468 5391 2516 5444 οἱ
2542 5387 2634 5442 τοῧ
2675 5389 2858 5458 Ἀμὼς
2889 5387 3146 5457 γεγόνασι
3177 5387 3347 5455 λόγοι.
3384 5386 3657 5456 Είσόμεθα
3680 5385 3734 5438 δὲ
3758 5383 3903 5438 τοῦτο

2339 5483 2526 5553 σαφῶς
2556 5483 2680 5546 τοὺς
2721 5483 2818 5551 τῆς
2859 5480 3199 5554 προφητείας
3245 5479 3625 5550 βασανίζοντες
3667 5478 3898 5548 χρόνους.

2337 5577 2529 5630 Κεῖται
2577 5576 2684 5647 γὰρ
2743 5572 2963 5644 ἐφεξῆς,
3014 5591 3031 5622 ι
3069 5571 3160 5624 Ἐν
3212 5571 3397 5642 ἡμέρᾳ
3451 5569 3628 5634 Ὀζίου
3671 5569 3766 5622 τοῦ
3824 5568 3904 5638 βα-

2340 5665 2529 5729 σιλέως
2570 5664 2764 5732 Ἰούδα,
2813 5664 2907 5716 καὶ
2935 5663 3004 5716 -ὲν
3036 5661 3270 5734 ἡμέραις
3331 5661 3612 5729 Ἰεροϐοάμ
3647 5660 3739 5715 τοῦ
3763 5656 3901 5718 Ἰωᾶς

2043 5845 2089 5876 ³⁵
2133 5844 2297 5899 Amos
2331 5858 2405 5908 Is,
2459 5841 2512 5906 8,
2547 5843 2600 5895 9.
2675 5837 2886 5895 "Ibid.
2927 5839 3006 5893 ll.
