4068 6542
141 421 245 477 IIS

1105 408 1650 470 COMMENTARIUS
1688 408 1755 464 IN
1796 406 1979 465 AMOS
2017 407 2462 465 PROPIIETAM.

3226 467 3230 471 .
3316 412 3420 467 ιιι

143 530 423 603 βασιλέως
447 528 684 600 Ἰσραὴλ,
706 541 810 599 προ
832 525 925 580 δύο
953 525 1087 578 ἐτῶν
1120 525 1212 578 τοῦ
1240 522 1484 593 σεισμοῦ.
1524 541 1542 574 ι
1568 521 1720 584 Ἀλλ’,

1828 525 1942 593 jam
1970 520 2374 575 nominatorum
2433 530 2676 591 tempora
2730 521 3127 592 indagavcrint,
3156 522 3301 581 Oxi-.e
3338 530 3420 581 vi-

138 618 318 690 οἷμαι,
347 620 441 684 τὶς
488 621 624 689 ἐρεῖ,
657 618 769 672 Καὶ
796 616 851 668 τί
889 614 950 669 τὸ
979 613 1165 667 τελοῦν
1193 615 1271 677 είς
1305 613 1490 683 ὄνησιν
1517 614 1627 673 τοῖς
1644 611 1731 662 ὲν-

139 710 497 782 τευξομένοις
516 710 577 764 τὸ
611 709 809 782 χρῆναι
846 705 1324 779 περιεργάζεσθαι,
1379 704 1472 757 καὶ
1526 702 1733 773 σφόδρα

138 804 357 867 λεπτῶς
381 805 485 875 τῆς
515 802 787 874 βασιλείας
819 803 942 865 τοὺς
965 799 1187 870 χρόνους
1222 796 1333 851 τῶν
1364 796 1564 867 ἀρτίως
1597 795 1732 848 ὠνο-

142 895 473 967 μασμένων,
517 896 695 960 Ὀζίου
752 911 834 958 τε,
887 893 1049 962 φημὶ,
1103 888 1196 942 καὶ
1227 888 1405 959 μέντοι
1438 887 1530 939 καὶ
1571 886 1733 955 Ἰερο-

141 988 323 1057 6οάμ;
357 988 475 1040 Kal
497 986 633 1057 πρός
670 1002 735 1053 γε
782 984 848 1054 δὴ
890 980 1045 1035 τοῦτὸ
1093 996 1291 1049 φαμεν,
1328 976 1493 1031 ὅτιτὸ
1541 976 1733 1046 χρῆμά

143 1081 292 1132 ἐστιν
337 1079 664 1146 ἀναγκαῖον,
699 1077 825 1147 ὃλην
865 1074 1052 1144 ὥσπερ
1081 1072 1269 1125 ὠδῖνον
1307 1070 1390 1140 ἐφ’
1429 1067 1606 1139 ἐαυτῷ
1632 1069 1731 1139 τῆς

142 1170 493 1241 προφητείας
526 1168 687 1222 οἱονεὶ
708 1168 805 1238 τὴν
844 1165 1182 1237 περίστασιν.
1206 1161 1375 1231 Συρίᾳ
1395 1179 1452 1214 τε
1474 1161 1603 1233 γὰρ,
1639 1159 1732 1213 καὶ

142 1260 450 1332 Δαμασκῷ,
482 1260 573 1313 καὶ
620 1262 731 1321 τοῖς
776 1255 1129 1329 προσοικοῦσι
1173 1254 1268 1325 τὴν
1306 1253 1562 1307 Ἰουδαίαν
1588 1252 1731 1320 Βαρ-

142 1350 333 1420 δάροις
364 1349 591 1420 ὄλεθρον
645 1346 877 1409 ἀπειλεῖ,
909 1346 1002 1399 καὶ
1032 1344 1448 1406 ἐπαναστάσεις,
1489 1343 1583 1395 καὶ
1628 1342 1730 1410 ἐμ-

143 1441 462 1510 πρησμοὺς,
486 1439 580 1492 καὶ
608 1437 717 1489 τῶν
747 1436 909 1489 ὁσίων
955 1432 1445 1507 χρησμῳδημάτων
1484 1431 1732 1485 ἐντεῦθεν

143 1530 293 1601 αὐτῷ
341 1530 571 1597 γέγονεν
622 1530 656 1600 ή
719 1528 879 1600 ἀρχή.
919 1529 1011 1579 Δεῖ
1040 1526 1103 1596 δὴ
1153 1520 1243 1578 οῦν
1275 1524 1383 1595 ἄρα
1425 1523 1523 1585 τὰς
1551 1522 1731 1585 αἰτίας

140 1621 450 1693 ἀναμαθεῖν
510 1620 604 1674 τοῦ
662 1618 1073 1689 προστεθεῖσθαι
1132 1618 1231 1687 τῆς
1288 1616 1565 1686 βασιλείας
1606 1614 1732 1677 τοὺς

142 1714 391 1785 χρόνους,
424 1712 545 1766 τίνα
568 1729 651 1777 τε,
683 1712 775 1765 καὶ
803 1713 901 1765 ὅσα
920 1710 990 1763 τὰ
1008 1710 1254 1781 ἐκατέρῳ
1281 1706 1689 1778 κατωρθωμένα
1714 1746 1729 1772 ,

139 1806 326 1860 διεϐίω
344 1824 406 1860 τε
435 1808 603 1870 ὅπως,
628 1806 721 1859 καὶ
740 1806 795 1858 τί
820 1805 881 1858 τὸ
912 1807 968 1857 ἐν
1000 1805 1201 1876 ἀμφοῖν
1224 1801 1721 1869 ἀξιάκουστον.Έκ-

1834 613 2027 666 delicet
2056 623 2114 665 et-
2130 610 2463 667 Jeroboam?
2490 613 2894 683 Respondemus
2923 633 2936 669 :
2971 616 3116 671 Istud
3170 632 3418 674 necesse-

1834 703 1973 757 rium
2000 718 2140 769 esse,
2175 713 2231 758 et
2263 704 2413 773 quasi
2443 706 2622 759 omnia
2654 705 3032 773 atljuncta,seu
3057 710 3417 766 circumstan-

1836 793 1939 849 tias
1962 795 2258 864 pr0phetia:
2280 796 2578 850 continere.
2608 795 2776 866 Syriae
2798 798 2967 862 enim,
3019 810 3075 853 et
3118 800 3405 867 Damasco,

1834 899 1889 947 et
1915 890 2277 961 circumjectis
2297 888 2494 945 Judzeae
2536 889 2785 946 barbaris
2827 892 3145 960 perniciem,
3177 905 3231 951 et
3273 897 3418 951 inva-

1833 982 2031 1047 siones,
2063 993 2115 1037 et
2144 982 2459 1039 exustiones
2506 982 2766 1047 minatur,
2812 992 3232 1055 sanctorumque
3282 989 3418 1042 vati-

1834 1072 2241 1129 cinioruminde
2274 1074 2599 1144 principium
2634 1075 2819 1129 sumit.
2847 1073 3252 1145 Cugnoscendae
3285 1091 3415 1134 sunt

1834 1164 2001 1234 igitur
2034 1178 2231 1229 causa),
2255 1180 2359 1219 cur
2386 1166 2535 1234 regni
2565 1174 2804 1233 tempora
2831 1168 3161 1235 apposuerit,
3197 1180 3251 1224 et
3273 1186 3417 1238 quaa-

1835 1270 1958 1307 nam
2012 1264 2066 1308 et
2091 1263 2219 1323 quot
2254 1256 2469 1325 utrique
2510 1266 2655 1311 recte
2687 1257 2849 1320 facta,
2879 1267 2930 1311 et
2953 1261 3221 1328 quomodo
3254 1264 3415 1317 vitant

1833 1346 2130 1411 exegerint.
2149 1346 2261 1401 etsi
2281 1347 2407 1416 quid
2422 1346 2486 1401 de
2509 1348 2772 1402 ambobus
2792 1350 3123 1404 auditionem
3153 1364 3411 1409 meretur.

1833 1434 2122 1504 Postquam
2161 1437 2323 1505 igitur
2344 1437 2409 1490 ad
2434 1440 2760 1505 apostasiam
2796 1439 3137 1502 deﬂuxerunt
3162 1443 3323 1499 Israel
3355 1456 3412 1501 et

1833 1522 2014 1590 Iudas,
2049 1526 2229 1581 multis
2259 1528 2432 1582 modis
2467 1530 2519 1583 in
2556 1544 2651 1584 eos
2701 1530 3133 1588 animadversum
3171 1545 3272 1591 est.
3302 1538 3413 1592 Ali-

1834 1617 2047 1685 quando
2071 1620 2215 1672 enim
2248 1619 2496 1674 Damasci
2517 1630 2570 1676 et
2612 1619 2785 1692 Syrize
2829 1624 3101 1693 principes
3150 1627 3267 1682 illos
3336 1632 3413 1684 ius

1833 1718 2462 1779 cursarunt,eorumque
2510 1714 2674 1767 urbes
2722 1713 3050 1770 obsederunt
3104 1727 3157 1773 et
3206 1722 3413 1789 praedas

1833 1809 2074 1867 egerunt.
2130 1800 2432 1869 Aliquando
2482 1800 2749 1868 Moabitae,
2819 1813 2874 1858 et
2939 1805 3182 1870 Idumaei,
3264 1809 3411 1865 Ger-

143 1895 465 1959 κεκλικότες
504 1896 569 1967 δὴ
613 1890 705 1949 οῦν
754 1897 832 1958 είς
882 1895 1181 1949 ἀπόστασιν
1219 1895 1246 1947 ὃ
1280 1911 1339 1948 τε
1385 1894 1598 1965 Ἰσραὴλ
1629 1892 1720 1945 καὶ

1825 1890 2081 1959 geseniet
2133 1890 2396 1956 Elamitae,
2472 1894 2651 1948 Azotii
2703 1904 2756 1949 et
2819 1898 3165 1953 Accaronita:
3216 1899 3411 1954 Sama-

152 1985 355 2049 Ἰούδας
390 1985 534 2041 κατὰ
555 1985 782 2049 πολλοὺς
803 1984 1150 2038 ἐπαιδεύοντο
1179 1984 1431 2056 τρόπους.
1455 1982 1592 2037 Ποτέ
1627 1982 1720 2053 μὲν

1834 1980 1991 2045 riam,
2057 1982 2354 2051 quinetiam
2426 1999 2655 2053 regnum
2737 1986 2900 2053 Juda,

140 2076 246 2147 γάρ
268 2077 319 2130 oi
349 2075 670 2147 Δαμασκοῦ,
694 2076 789 2129 καὶ
820 2075 889 2131 Σύ
900 2094 1005 2146 ρων
1030 2074 1163 2147 ήγού
1172 2093 1346 2147 μενοι,
1371 2075 1721 2145 κατέτρεχον,

140 2170 232 2221 καὶ
259 2169 619 2241 ἐπολιόρκουν
657 2168 756 2231 τάς
803 2168 934 2240 παρ’
963 2168 1144 2232 αὐτοῖς
1164 2208 1179 2233 ,
1212 2167 1307 2220 καὶ
1345 2163 1725 2236 κατεληῖξοντο

142 2258 361 2330 χώρας*
429 2259 562 2313 ποτέ
620 2260 677 2313 δὲ
735 2255 801 2314 αὖ
856 2258 1175 2322 Μωαϐῖται,
1238 2259 1332 2312 καὶ
1400 2257 1721 2328 Ἰδουμαῖοι,

142 2350 476 2421 Γεργέσηνοί
512 2368 572 2403 τε
626 2351 721 2405 καὶ
787 2351 1090 2421 Ἑλαμῖται,
1142 2349 1388 2415 Ἀζώτιοί
1427 2367 1487 2401 τε
1524 2350 1618 2402 καὶ
1672 2348 1721 2400 οἱ

144 2445 236 2513 τῆς
278 2444 531 2515 Ἀκαρὼν
554 2445 836 2517 οἰκήτορες
864 2444 1218 2517 κατῃκίζοντο
1243 2443 1340 2514 τὴν
1368 2443 1679 2513 Σαμάρειαν
1702 2479 1719 2507 ,

145 2538 232 2590 καὶ
266 2536 367 2608 μέν
422 2554 503 2590 τοι
560 2538 653 2591 καὶ
704 2537 801 2609 τὴν
846 2537 1017 2591 Ἰούδα
1074 2536 1384 2607 βασιλείαν,
1447 2535 1721 2605 ἀχαλίνοις

145 2631 360 2700 ὁρμαῖς,
424 2630 517 2683 καὶ
573 2629 836 2701 ἀπλήστῳ
882 2629 1074 2701 γνώμῃ
1127 2630 1434 2701 χρώμενοι,
1499 2630 1591 2682 καὶ
1639 2630 1719 2691 εἰς

143 2720 375 2789 ἐσχάτας
423 2720 592 2791 όργάς
620 2720 1109 2791 ἀποταυρούμενοι.
1136 2722 1246 2774 Καὶ
1275 2721 1403 2789 γοῦν
1427 2720 1567 2773 κατά
1598 2719 1717 2773 δια-

145 2812 338 2880 φόρους
394 2814 595 2875 τόπους
632 2812 789 2865 τοῦτο
840 2812 1167 2884 δεδρακότας
1220 2814 1558 2884 εὑρήσομεν·
1608 2806 1719 2865 οἷον

146 2903 521 2972 βασιλεύοντος
560 2904 762 2975 ’Δχαάδ
810 2906 909 2975 τῆς
942 2904 1276 2975 Σαμαρείας,
1338 2905 1432 2957 καὶ
1483 2904 1576 2957 ἐπὶ
1628 2904 1718 2957 τὸν

154 2996 392 3067 Ἰσραήλ.
457 2997 769 3068 Γέγραπται
814 2997 988 3062 οὕτως
1035 3002 1091 3052 ἐν
1117 3001 1181 3069 τῇ
1218 2999 1375 3070 τρίτῃ
1403 2997 1509 3051 τῶν
1556 2999 1719 3051 Βασι-

145 3089 316 3142 λειιῖιψ
364 3109 384 3142 ι
420 3089 531 3143 Καὶ
591 3089 939 3161 συνήθροισεν
996 3090 1111 3153 υίὸς
1179 3089 1331 3159 Ἀδὲρ
1389 3091 1567 3142 πᾶσαν
1618 3088 1716 3159 τὴν

144 3181 368 3251 δύναμιν
385 3180 576 3248 αὑτοῦ,
592 3182 684 3234 καὶ
694 3181 881 3251 ἀνέϐη,
900 3182 995 3235 καὶ
1012 3180 1362 3251 περιεκάθισε
1382 3182 1713 3252 Σαμάρειαν,

147 3274 239 3326 καὶ
267 3272 567 3345 τριάκοντα
594 3273 689 3325 καὶ
718 3272 811 3326 δύο
840 3271 1075 3342 βασιλεῖς
1110 3274 1227 3343 μετ’
1260 3272 1446 3325 αὑτοῦ.
1478 3292 1496 3324 ι
1529 3272 1719 3342 Ἀθρει

145 3363 205 3435 δὴ
242 3362 357 3431 οῦν,
387 3367 472 3419 ὅτι
501 3364 872 3428 συνασπιστάς
901 3364 1138 3417 ἐποιεῖτο
1162 3363 1304 3417 κατά
1330 3363 1425 3417 τοῦ
1459 3363 1719 3435 Ἰσραὴλὸ

146 3456 241 3525 τῆς
269 3455 567 3527 Δαμασκοῦ
598 3456 867 3526 βασιλεὺς,
899 3458 1197 3520 τουτέστιν,
1223 3459 1251 3510 ό
1290 3456 1464 3526 Ἀδὲρ,
1500 3456 1720 3526 ἐτέρους

145 3545 442 3614 τριάκοντα
472 3544 564 3598 δύο
622 3546 729 3599 τῶν
785 3546 1091 3617 προσοίκων
1132 3546 1301 3599 ἐθνῶν
1344 3547 1715 3617 ἡγουμένους,

150 3636 595 3707 πεπολεμηκότας
631 3634 773 3690 οὕτω
814 3638 915 3707 τὴν
945 3638 1072 3707 γῆν.
1112 3637 1274 3691 Ἀλλά
1314 3638 1409 3691 καὶ
1438 3639 1496 3690 ἐν
1540 3637 1718 3708 χρόνῳ

166 3725 309 3789 Ἰωάς
339 3726 606 3797 βασιλέως
638 3727 810 3781 Ἰούδα
847 3728 1195 3799 πεπολέμηκε
1225 3729 1324 3800 τὴν
1365 3729 1718 3800 Ἰερουσαλὴμ

161 3817 352 3889 Ἀζαὴλ
400 3819 431 3869 ό
468 3817 657 3888 Σύρος,
700 3818 775 3883 ὡς
822 3820 879 3872 ἐν
918 3822 983 3891 τῇ
1011 3820 1248 3891 τετάρτῃ
1279 3819 1385 3873 τῶν
1420 3820 1716 3873 Βασιλειῶν

151 3910 475 3979 γέγραπται,
510 3928 529 3960 ι
558 3911 647 3963 ὅτε
671 3910 766 3962 καὶ
794 3910 981 3963 ἐλαϐεν
1015 3911 1044 3963 ό
1086 3910 1238 3974 Ἰωάς
1276 3912 1453 3965 πάντα
1468 3911 1535 3964 τά
1564 3912 1713 3981 ἆγια,

151 4002 238 4053 Ital
259 4003 366 4053 πᾶν
394 4000 455 4053 τὸ
478 4002 535 4054 ἐν
562 4003 674 4065 τοῖς
712 4001 1003 4072 θησαυροῖς
1033 4002 1274 4072 χρυσίον,
1304 4006 1396 4057 καὶ
1430 4004 1715 4058 ἀπέστειλε

150 4092 219 4161 τῷ
257 4091 478 4163 Ἀζαὴλ,
522 4093 616 4147 καὶ
662 4092 842 4163 ἀπέϐη
891 4094 999 4147 ἀπὸ
1052 4095 1423 4167 Ἰερουσαλήμ.
1455 4115 1473 4148 ι
1507 4097 1715 4167 Ἐδρων

1746 3240 1788 3297 C

154 4183 243 4251 μέν
265 4183 374 4253 γάρ
393 4184 463 4237 τά
492 4184 669 4238 τοιάδε
701 4185 842 4238 κατά
875 4184 1024 4238 θείαν
1050 4186 1238 4258 ὀργὴν,
1282 4190 1716 4259 προσκεκρουκό-
1740 4254 1745 4255 ί

151 4290 232 4338 τος
270 4276 363 4329 τοῦ
430 4276 665 4347 Ἰσραὴλ,
714 4277 802 4331 διά
850 4294 929 4330 τοι
986 4278 1046 4331 τὸ
1091 4279 1387 4333 ἀπονεῦσαι
1441 4280 1583 4342 λίαν,
1620 4280 1714 4333 καὶ

151 4367 503 4439 ἀνεπτοῆσθαι
554 4368 742 4433 δεινῶς
780 4371 857 4433 είς
892 4370 989 4435 τάς
1028 4372 1135 4425 τῶν
1163 4373 1395 4426 εἰδώλων
1435 4372 1710 4446 λατρείας.

152 4456 286 4527 Πλὴν
316 4458 575 4523 νικῶντες
610 4461 659 4513 οί
683 4460 967 4530 ἀλλόφυλοι
995 4466 1060 4535 τῇ
1100 4463 1194 4516 τοῦ
1215 4464 1351 4518 Θεοῦ
1383 4464 1510 4539 δόξῃ
1539 4465 1713 4519 διελυ-

2998 1988 3257 2047 θΠι-ειιειιο
3313 1993 3411 2045 im-

1833 2081 1955 2141 petu
1983 2072 2339 2128 etinsatiabili
2369 2075 2686 2143 cupiditate,
2713 2086 2956 2133 extrema
3008 2080 3287 2136 iracundia
3358 2084 3409 2137 in

1831 2180 2035 2219 morem
2073 2175 2350 2220 taurorum
2397 2166 2623 2233 cll‘erati,
2658 2169 2799 2224 [ωδε
2845 2171 3176 2229 lacerarunt.
3239 2175 3410 2231 Variis

1830 2255 1994 2326 igitur
2045 2256 2177 2313 locis
2223 2271 2317 2313 eos
2376 2260 2595 2315 saevisse
2646 2271 2855 2317 certum
2889 2274 3017 2319 est:
3067 2274 3125 2320 ut
3153 2278 3409 2333 regnante

1828 2350 2016 2405 Achab
2043 2366 2202 2420 super
2244 2351 2493 2407 Samaria
2525 2363 2580 2408 et
2608 2354 2795 2410 Israel.
2826 2356 3096 2412 Scribitur
3150 2361 3294 2416 enim
3344 2361 3406 2415 li-

1828 2441 1926 2495 bro
1958 2440 2166 2509 Regum
2200 2443 2358 2497 tertio
2394 2460 2407 2496 :
2448 2462 2466 2494 ‹
2507 2444 2573 2499 Ει
2602 2449 2947 2517 congregavit
2978 2448 3118 2505 [ilius
3138 2452 3282 2505 Ader
3314 2468 3406 2507 rex

1829 2528 1997 2599 Syriae
2025 2546 2237 2586 omnem
2269 2533 2592 2597 exercitum,
2627 2534 2791 2605 250
2820 2546 2875 2591 et
2921 2538 3183 2601 ascendit,
3226 2550 3279 2595 et
3313 2541 3407 2596 oh-

1827 2622 1965 2676 sedit
1990 2622 2311 2679 Samariam.
2340 2623 2408 2679 Et
2428 2625 2642 2695 triginta
2669 2628 2772 2682 duo
2806 2644 2958 2699 reges
2981 2646 3101 2686 cum
3136 2633 3250 2701 ipso
3272 2634 3340 2688 ⁸⁸.
3380 2653 3401 2687 ι

1825 2712 2117 2769 Considera
2148 2730 2278 2785 ergo
2309 2725 2366 2770 ut
2392 2717 2635 2774 Damasci
2669 2735 2762 2775 re:
2814 2721 2991 2777 socios
3048 2725 3407 2791 expeditioni:

1824 2814 2015 2859 contra
2042 2807 2205 2861 Israel
2227 2807 2329 2863 sibi
2354 2809 2631 2874 asciverit,
2659 2811 2762 2867 hoc
2793 2822 2898 2879 est,
2943 2814 3083 2870 {ilius
3105 2815 3248 2871 Ader
3275 2816 3405 2874 alios

1827 2894 2044 2966 triginta
2074 2896 2206 2952 duos
2246 2899 2596 2954 linititnarum
2650 2904 2885 2970 gentium
2917 2904 3103 2972 duces,
3170 2908 3261 2977 qui
3329 2908 3404 2964 sic

1824 2988 2096 3057 regionem
2124 3000 2410 3046 vexarunt.
2432 2992 2572 3058 Quin
2600 3002 2653 3048 et
2681 2992 2811 3049 Joas
2864 3009 2997 3065 rege
3049 2994 3204 3063 Juda,
3245 2982 3404 3053 Azue'

1824 3077 1993 3149 Syrus
2016 3079 2315 3167 Jerusalem
2352 3084 2625 3141 hostiliter
2652 3087 2878 3144 adortus
2902 3099 3006 3155 est,
3046 3100 3104 3144 ut
3135 3092 3186 3144 in
3214 3102 3403 3161 quarto

1824 3172 2028 3242 Regum
2052 3181 2137 3227 est
2168 3172 2366 3230 litteris
2394 3176 2665 3245 proditum
2697 3193 2712 3232 :
2743 3196 2762 3229 ι
2808 3178 3035 3245 Quando
3084 3179 3206 3233 tulit
3281 3180 3403 3236 Joas

1822 3265 2004 3320 omnia
2039 3266 2472 3328 sanctilicata,et
2499 3283 2659 3323 omne
2687 3283 2876 3324 aurum
2904 3270 2957 3324 in
3014 3272 3280 3326 thesauris
3323 3273 3375 3326 in

1820 3364 2066 3419 ventum,
2098 3365 2152 3409 et
2174 3356 2320 3411 misit
2345 3358 2562 3421 Azaeli,
2590 3366 2647 3413 et
2677 3359 2946 3414 recessita
2971 3358 3271 3416 Jerusalem
3299 3360 3397 3417 ".r

1823 3446 2119 3502 Faciebant
2142 3448 2285 3502 enim
2316 3448 2431 3503 haec
2476 3452 2771 3504 secundum
2806 3450 3043 3504 divinam
3078 3452 3233 3519 iram,
3260 3454 3403 3523 quod

1820 3536 1982 3592 Israel
2006 3536 2170 3593 Deum
2202 3538 2559 3605 olIendisset;
2620 3554 2948 3611 magnOpere
2971 3543 3114 3596 enim
3176 3558 3203 3595 a
3252 3553 3403 3599 recto

1819 3629 2205 3695 declinaverat,
2232 3640 2285 3685 et
2324 3630 2470 3686 cultu
2508 3632 2777 3686 idolorum
2811 3633 2948 3687 mira
2982 3634 3245 3705 religione
3269 3650 3396 3706 per-

1818 3721 2001 3775 culsus
2032 3736 2091 3777 se
2118 3722 2440 3777 involverat.
2466 3721 2863 3779 Verumtamen
2914 3726 3148 3781 victores
3208 3727 3403 3782 alieni-

1817 3828 1969 3882 gena:
2009 3814 2075 3867 de
2128 3814 2309 3868 divina
2388 3815 2557 3885 gloria
2619 3815 3001 3873 detrahebant.
3072 3817 3401 3875 Statuebant

1818 3905 1959 3958 enim
1985 3905 2165 3960 miseri
2194 3921 2402 3972 secum,
2437 3906 2789 3963 auxiliantem
2821 3908 2953 3976 ipsis
2982 3924 3196 3964 manum
3248 3911 3400 3967 inva-

1816 3995 1976 4050 lidam
1996 3996 2278 4065 factam,et
2292 3999 2407 4068 ejus
2420 4000 2609 4055 honori
2625 4000 2942 4058 insolentius
2963 4001 3223 4057 insultare
3238 4001 3400 4056 aude-

1816 4088 1964 4143 bant.
1998 4089 2178 4146 Fracti
2198 4092 2361 4159 igitur
2387 4092 2530 4165 Syri,
2578 4096 2881 4165 postquam
2910 4094 3210 4150 Samariam
3249 4095 3396 4149 obsi-

1816 4181 1976 4237 dione
2001 4198 2126 4237 mox
2148 4183 2319 4239 soluta
2353 4185 2490 4240 Illius
2507 4185 2651 4240 Ader
2665 4186 2930 4251 cinxerat,
2958 4185 3223 4256 ignaviam
3240 4201 3393 4241 suam

1816 4270 1954 4325 male
1991 4283 2341 4338 excusarunt,
2393 4275 2679 4331 dicentes:
2722 4296 2741 4329 ι
2783 4276 2922 4331 Deus
2956 4279 3218 4332 montium
3257 4278 3397 4334 Deus

1814 4358 2000 4428 Israel,
2025 4372 2078 4417 et
2108 4378 2213 4419 non
2244 4366 2381 4420 Deus
2416 4367 2633 4422 vallium
2666 4367 2706 4421 '.
2736 4386 2756 4419 ι
2796 4368 3101 4425 Credebant
3131 4370 3395 4439 siquidem

1814 4450 2083 4511 Israelitas
2111 4455 2325 4523 vicisse,
2354 4458 2478 4527 quia
2509 4459 2647 4515 Deus
2662 4473 2849 4516 eorum
2882 4461 2933 4514 in
2963 4462 3233 4516 montibus
3261 4462 3399 4517 dun-

156 4547 413 4615 μαίνοντο.
466 4548 657 4621 ’ῼοντο
707 4551 816 4621 γὰρ
866 4554 1007 4606 κατά
1040 4556 1183 4624 σφᾶς
1226 4559 1273 4608 οἱ
1324 4556 1567 4621 δείλαιοι,
1608 4558 1707 4629 τὴν

1823 4552 1964 4602 taxat
2001 4558 2091 4603 aut
2119 4550 2348 4605 collibus
2376 4551 2591 4607 salvare
2616 4548 2969 4622 posset.Victi
3001 4554 3165 4624 igitur
3187 4569 3395 4619 sumus,

154 4638 523 4708 ἐπαμύνουσαν
564 4641 745 4705 αὐτοῖς
796 4643 1055 4715 ἀτονῆσαι
1114 4649 1290 4716 χεῖρα,
1340 4650 1434 4702 καὶ
1486 4651 1589 4720 τῆς
1617 4651 1710 4705 τοῦ

1823 4638 1987 4704 aiunt,
2027 4659 2045 4692 ι
2082 4641 2207 4710 quia
2240 4640 2379 4697 Deus
2410 4643 2673 4697 montium
2701 4644 2841 4700 Deus
2865 4644 3047 4700 Israel.
3081 4663 3101 4697 ι
3138 4644 3393 4700 Siautetn

154 4724 274 4779 Θεοῦ
298 4728 457 4798 δόξης
488 4730 1000 4787 κατανεανιεύεσθαι
1029 4735 1417 4809 τεθαρσήκασι.
1449 4740 1557 4793 Καὶ
1586 4741 1715 4809 γοῦν

153 4817 494 4889 ἠσθενηκότες
511 4821 559 4874 oi
576 4822 758 4892 Σύροι,
772 4823 943 4895 βραχὺ
976 4826 1387 4899 πολιορκοῦντος
1402 4832 1715 4903 Σαμάρειαν

152 4906 235 4959 τοῦ
278 4909 450 4978 Ἀδὲρ,
483 4910 757 4982 πρόφασιν
802 4914 1080 4969 ἐποιοῦντο
1118 4918 1218 4988 τῆς
1246 4921 1579 4991 κακανδρίας
1610 4922 1711 4975 οὐκ

152 4996 329 5069 ἀληθῆ,
360 4999 631 5067 λέγοντες,
660 5021 678 5054 ι
705 5002 834 5067 Θεὸς
857 5005 1027 5075 ὀρέων
1048 5006 1181 5075 Θεῡς
1208 5008 1442 5081 Ἰσραὴλ,
1475 5012 1566 5063 καὶ
1592 5012 1713 5082 οὐχὶ

154 5086 270 5153 Θεὸς
312 5090 595 5147 κοιλάδων.
637 5112 655 5145 ι
698 5096 887 5166 ’ᾭοντο
944 5098 1051 5169 γάρ
1101 5099 1183 5153 δτι
1240 5100 1500 5172 ἐνίκησαν
1552 5104 1603 5156 oi
1650 5104 1710 5171 ἐξ

164 5178 385 5251 Ἰσραὴλ,
428 5184 487 5235 ἐν
530 5183 714 5251 μόνοις
772 5189 885 5250 τοῖς
922 5188 1123 5258 ὄρεσιν,
1164 5189 1195 5261 ἢ
1250 5192 1309 5243 ἐν
1336 5195 1445 5256 τοῖς
1505 5192 1713 5262 βουνοῖς

153 5264 433 5339 δυναμένου
482 5272 672 5336 σώζειν
707 5274 862 5330 Θεοῦ.
917 5278 1228 5349 Ἠττήμεθα
1254 5280 1317 5350 δὴ
1347 5277 1464 5344 οῦν,
1508 5283 1673 5351 φασιν
1696 5323 1711 5346 ,

157 5375 173 5407 ι
200 5359 272 5413 ὅτι
306 5360 371 5432 δὴ
400 5362 531 5426 Θεὸς
568 5364 741 5435 ὀρέων
777 5366 806 5418 ό
837 5367 968 5431 Θεὸς
1011 5370 1242 5440 Ἰσραήλ.
1282 5389 1300 5423 ›
1339 5372 1400 5424 Εἰ
1429 5372 1485 5425 δὲ
1536 5373 1599 5444 δὴ
1624 5375 1716 5443 γέ-

154 5464 281 5502 νοιτο
327 5451 599 5505 συνελθεῖν
648 5456 727 5517 είς
771 5456 951 5526 μάχην
984 5459 1041 5510 ἐν
1072 5458 1274 5522 πεδίοις
1322 5460 1711 5531 ἐψιλωμένοις,

156 5541 521 5611 περιεσόμεθα,
558 5543 772 5607 πάντως
807 5547 1121 5612 ἀτονοῦντος
1145 5549 1202 5603 ἐν
1230 5549 1438 5605 κοιλάσι
1469 5551 1558 5605 τοῦ
1577 5552 1711 5606 Θεοῦ

167 5628 385 5703 Ἰσραήλ.
439 5633 754 5708 Ἑλληνικῆς
790 5637 1036 5693 δὲταῦτα
1070 5640 1493 5712 φρενοϐλαϐείας
1515 5644 1712 5714 ἐγκλή-

1813 4743 2109 4800 pugnemus
2133 4747 2253 4787 cum
2288 4732 2353 4788 iis
2376 4733 2427 4787 in
2458 4735 2875 4804 campestribus,
2894 4744 2945 4790 et
3015 4735 3255 4804 profecto
3298 4752 3392 4791 su-

1812 4819 2145 4890 pcrabimus,
2178 4837 2299 4876 cum
2332 4822 2385 4877 in
2426 4825 2654 4882 vallibus
2682 4827 2967 4883 imbecillis
3024 4828 3096 4883 sit
3151 4830 3290 4883 Deus
3318 4828 3394 4883 ls-

1814 4912 1943 4967 rael.
1980 4912 2086 4967 Sed
2112 4914 2191 4967 ha:
2210 4913 2410 4970 Graeca:
2434 4916 2718 4973 dementia:
2784 4918 3193 4974 criminationes
3241 4928 3387 4985 sunt,

1810 5013 1865 5058 et
1896 5020 2079 5059 verum
2110 5020 2175 5061 ac
2202 5016 2394 5062 natura
2426 5010 2593 5065 Deum
2626 5013 2982 5069 nescientium
3012 5013 3211 5085 lingua:
3262 5027 3390 5083 pro-

1818 5097 2059 5152 tervitas.
2103 5098 2366 5165 Quocirca
2400 5101 2783 5174 indignabatur
2811 5108 3097 5163 adversum
3126 5107 3389 5177 alienige-

1819 5203 1917 5242 nas
1940 5190 2280 5259 omnipotens
2313 5192 2474 5259 Deus,
2501 5203 2555 5249 et
2577 5198 2944 5266 meritissimo,
2978 5200 3254 5269 quoniam,
3292 5202 3389 5254 de-

1818 5280 1961 5335 victo
1984 5281 2050 5336 ab
2080 5297 2139 5336 se
2162 5282 2376 5351 Israele,
2408 5292 2464 5340 ut
2482 5286 2615 5353 dixi,
2642 5288 2745 5344 diis
2774 5290 2888 5345 suis
2918 5294 3123 5361 gratias
3184 5293 3388 5347 refere-

1812 5371 1961 5437 bant,
2005 5372 2399 5445 delirantesque
2439 5377 2603 5433 etiam
2658 5381 2824 5436 Deum
2880 5381 3054 5451 ipsum
3105 5398 3163 5437 se
3195 5382 3390 5437 vicisse

1811 5461 2231 5521 arbitrabantur.
2249 5466 2377 5524 Post
2407 5469 2719 5525 defunctum
2746 5472 2957 5537 Achab,
2975 5482 3029 5527 et
3062 5489 3218 5542 reges
3241 5474 3387 5529 dein-

1809 5568 1936 5623 ceps
1963 5555 2118 5624 alios,
2142 5558 2262 5628 ejus
2286 5575 2652 5626 successores,
2688 5576 2781 5616 rex
2812 5562 2973 5619 Israel
3023 5565 3073 5618 in
3138 5564 3381 5619 Samaria

1808 5652 2026 5701 creatur
2057 5645 2341 5705 Jerohuam
2369 5650 2509 5706 [ilius
2531 5649 2679 5722 Joas,
2722 5652 2857 5709 alius
2885 5669 2911 5707 a
2940 5652 3112 5721 primo
3139 5651 3229 5720 qui
3283 5650 3384 5706 fuit

210 5805 250 5836 "
280 5806 341 5861 lll
380 5807 508 5880 Reg.
556 5827 643 5875 xx,
682 5813 727 5866 l.
807 5816 848 5845 9"
886 5813 950 5868 IV
996 5814 1123 5885 Reg.
1173 5832 1266 5875 ιιι,
1324 5817 1403 5873 l8.
1490 5817 1598 5871 ‘Ill
1638 5817 1767 5889 lie-g.
1806 5821 2008 5886 xx,28.
