4068 6542
560 648 574 689 ;
677 620 750 675 illi
778 624 989 679 similis.

677 419 784 476 us
1699 427 1757 482 s.
1800 428 2076 485 CYRILLI
2113 430 2580 488 ALExaauatNt
2622 420 2937 492 ARCHIE'P.
3834 438 3938 495 ιιε

676 532 818 587 ﬁlius
848 531 1044 602 Nabat,
1081 550 1386 607 quanquam
1414 541 1650 609 nomine,
1682 545 1861 598 animo
1886 556 1939 600 et
1978 547 2233 617 impietate

2356 566 2522 618 ματα,
2549 552 2769 605 καὶτῶν
2796 554 2895 607 οὐκ
2926 552 3143 607 εἰδότων
3167 553 3257 607 τὸν
3288 553 3485 625 ἀληθῆ,
3502 554 3594 607 καὶ
3625 554 3938 623 cptionde

2349 639 2721 714 ἀθυροστομία
2750 646 2919 716 δεινή.
2951 644 3160 700 Οὐκοῦν
3194 646 3492 715 ἠγανάκτει
3514 644 3657 697 κατά
3690 645 3805 697 τῶν
3838 645 3934 698 ἀλ-

674 716 942 812 λοφύλων,
967 722 1061 775 καὶ
1096 722 1295 793 σφόδρα
1326 724 1565 790 εἰκότως,
1598 728 1625 781 6
1647 728 1821 781 πάντα
1859 729 2057 800 ἰσχύων
2089 731 2242 798 Θεδς,
2284 733 2365 788 ὅτι
2423 738 2517 791 καὶ
2549 738 2827 805 νικῶντες,
2894 740 2968 805 ὡς
2999 740 3155 812 ἔφην,
3200 739 3291 793 τὸν
3340 736 3578 809 Ἰσραὴλ.
3626 740 3739 800 τοῖς
3783 736 3934 799 ιδίας

673 807 815 905 θεοῖς
841 812 1077 905 ἀνῆπτον
1126 815 1193 868 τὰ
1237 820 1589 888 χαριστήρια,
1626 822 1718 873 καὶ
1748 821 2039 891 ληροῦντες
2077 825 2244 896 ᾤοντο
2280 830 2375 883 καὶ
2436 832 2601 887 αὐτοῦ
2636 833 2907 905 κρατῆσαι
2948 807 3103 895 Θεοῦ,
3136 833 3418 904 προϊόντος
3457 807 3520 884 δὲὴ
3588 831 3685 885 τοῦ
3735 830 3931 900 καιροῦ

674 902 815 995 μετά
848 906 946 975 τὴν
975 904 1066 957 τοῦ
1119 906 1323 977 Ἀχαάδ
1377 908 1682 978 βασιλείαν,
1746 916 1838 968 καὶ
1885 918 2086 989 ἐτέρων
2122 921 2284 975 τινῶν
2351 923 2437 978 διὰ
2479 902 2684 995 μέσου,
2718 902 2811 980 καί
2852 926 3106 995 καθεξῆς,
3138 902 3516 980 ἀναδείκνυται
3554 924 3816 994 βασιλεὺς
3844 926 3930 977 ἐπὶ

674 994 1017 1093 ῗδν,’1σραὴλλ
1046 1000 1190 1093 ἐν,τῇ
1226 1001 1507 1075 Σαμαρείᾳ
1544 1006 1873 1078 Ἱερθδοάμδ
1908 1012 2003 1064 τοῦ
2056 1015 2240 1083 Ίωὰς,
2280 1017 2468 1092 ἕτερος
2529 1022 2681 1093 παρά
2754 1021 2846 1075 τὸν
2894 1021 3131 1093 πρῶτον,
3176 1022 3235 1084 ὃς
3279 1016 3348 1091 ἦν
3380 1019 3474 1073 τού
3532 1018 3746 1083 Ναδάτ,
3794 1018 3930 1088 πλὴν

672 1087 957 1157 ὁμώνυμος
1004 1090 1214 1162 ἐκείνῳ,
1255 1094 1350 1145 καὶ
1396 1097 1750 1168 ὁμογνώμων,
1781 1103 1873 1155 καὶ
1930 1104 2211 1178 δυσσεϐὴς.

744 1179 850 1233 Sed
880 1179 995 1248 ejus
1036 1183 1363 1251 temporibus
1399 1186 1558 1253 Deus,
1593 1192 1679 1245 cui
1705 1194 1897 1264 volupe
1948 1206 2032 1250 est
2088 1200 2242 1253 mise-

675 1273 802 1337 reri,
839 1272 1085 1327 lsraelem
1139 1276 1470 1332 intoleranda
1554 1281 1839 1340 aﬂlictione
1904 1287 2239 1345 laborantem

675 1364 985 1425 miseratus.
1017 1382 1137 1420 eum
1167 1383 1401 1422 aerumna
1426 1370 1616 1427 levavit
1674 1392 1767 1444 per
1817 1379 2125 1447 Jeruboam,
2159 1394 2237 1438 ta-

675 1456 831 1509 metsi
879 1456 1181 1525 improbum
1235 1470 1291 1514 et
1342 1468 1799 1532 transgressorem
1848 1472 2026 1527 nimis.
2092 1474 2239 1529 Adeo

672 1548 815 1601 enim
848 1552 1053 1607 viribus
1102 1554 1417 1626 alienigenis
1476 1560 1918 1627 antecellueruut,
1973 1573 2031 1618 ut
2076 1566 2241 1621 urbes

672 1657 886 1712 quoque
909 1654 1307 1702 antecessorum
1340 1664 1523 1719 regum
1554 1653 1884 1721 temporibus
1912 1667 2121 1725 ereptas
2156 1674 2238 1711 re-

672 1746 996 1802 cuperarent
1024 1740 1377 1808 potestatique
1405 1757 1514 1796 sum
1539 1744 1891 1811 subiicerent,
1934 1757 1987 1801 et
2027 1750 2241 1803 vincere

2361 1198 2498 1251 Ἀλλ’
2557 1201 2614 1252 ἐν
2655 1203 2765 1263 τοῖς
2813 1200 3023 1271 χρόνοις
3072 1199 3174 1268 τῆς
3228 1197 3393 1253 αὐτοῦ
3448 1197 3728 1269 βασιλείας
3785 1200 3932 1267 ἠλέει

2348 1287 2535 1342 λοιπὸν
2582 1291 2609 1342 6
2674 1290 3064 1360 φιλοικτίρμων
3106 1288 3238 1351 Θεὸς
3276 1288 3530 1359 ἀφορήτῳ
3578 1286 3929 1359 ταλαιπωρία

2350 1381 2762 1451 κατηχθημὲνον
2803 1382 2893 1435 τὸν
2924 1380 3159 1452 Ἰσραὴλ,
3199 1379 3495 1449 ἠλευθέρου
3521 1396 3581 1431 τε
3607 1379 3719 1432 τῶν
3752 1379 3928 1432 πόνων

2348 1473 2437 1526 διά
2466 1473 2647 1544 χειρὸς
2684 1473 2989 1544 Ἱεροϐοάμ,
3017 1473 3195 1525 καίτοι
3221 1472 3454 1542 πονηροῦ
3487 1472 3581 1523 καὶ
3616 1471 3927 1523 ἀποστάτου

2345 1563 2466 1618 λίαν
2496 1566 2849 1637 ὑπάρχοντος.
2882 1564 3320 1634 Κατηνδρίσαντο
3365 1563 3474 1631 γὰρ
3509 1562 3655 1615 οὕτω
3698 1562 3812 1614 τῶν
3842 1562 3929 1613 ἀλ·

2346 1654 2610 1725 λοφύλων,
2643 1655 2717 1719 ὡς
2746 1657 2839 1709 καὶ
2878 1656 3060 1718 πόλεις
3084 1656 3211 1725 παρ’
3237 1654 3459 1707 ἐκείνων
3492 1653 3928 1723 ἀπεσπασμένας

2348 1751 2405 1803 ἐν
2432 1750 2642 1820 καιροῖς
2691 1747 2953 1818 βασιλέων
2991 1748 3097 1800 τῶν
3142 1747 3549 1818 παρῳχηκότων
3587 1745 3927 1814 ἀνακομίσαι

672 1825 798 1880 olim
840 1828 1048 1893 solitos,
1080 1830 1433 1886 incommodis
1472 1833 1626 1903 longe
1659 1835 1905 1905 plurimis
1950 1838 2233 1898 aﬂicereul.

2348 1841 2471 1894 σθαι
2502 1840 2682 1905 πάλιν,
2719 1840 2814 1894 καὶ
2860 1841 2974 1903 τοῖς
3020 1840 3170 1902 ἰδίοις
3225 1838 3548 1906 ὑππεθῆναι
3600 1839 3926 1906 σκήπτροις,

674 1919 728 1973 lu
760 1933 953 1989 quarto
977 1922 1138 1989 igitur
1169 1923 1370 1994 Regum
1395 1924 1553 1996 251
1582 1927 1661 1981 sic
1694 1939 1796 1993 est,
1818 1930 1868 1983 iu
1918 1940 2064 1985 tanta
2095 1933 2241 1987 cala-

673 2013 859 2067 mitate
892 2013 1056 2069 fuisse
1091 2015 1228 2070 filios
1253 2016 1437 2085 Israel,
1467 2029 1524 2072 nt
1546 2032 1727 2075 essent
1787 2024 2121 2090 paucissimi,
2174 2035 2230 2082 et

671 2100 925 2171 dispersi,
965 2119 1064 2157 nec
1106 2106 1440 2160 inveniretur
1496 2110 1785 2165 auxiliator
1817 2130 1831 2168 :
1865 2113 2102 2168 salvatus
2154 2125 2235 2169 ta-

678 2208 797 2245 men
842 2207 961 2246 esse
1001 2207 1030 2247 e
1064 2210 1222 2248 manu
1251 2194 1601 2253 Jeroboam'.
1640 2217 1660 2251 ι
1712 2200 1753 2255 Ε
1791 2218 1972 2269 Inann,
2026 2223 2045 2256 ι
2084 2206 2239 2271 dixit,

674 2299 790 2350 pro,
827 2303 844 2334 ι
898 2299 992 2351 per
1027 2301 1263 2340 manmn.
1295 2306 1313 2340 ι
1344 2288 1456 2344 Nec
1486 2291 1628 2345 enim
1676 2292 1791 2360 ipse
1854 2296 2123 2349 atterebat
2160 2295 2240 2349 ls-

673 2373 803 2439 rael,
848 2375 940 2427 sed
972 2376 1241 2443 pugnabat
1264 2379 1440 2445 potius
1470 2394 1702 2450 eumque
1725 2381 2243 2440 defendebal.Rcsti-

676 2467 779 2517 tnit
821 2479 948 2521 vero
992 2466 1333 2535 Damascum,
1370 2478 1423 2524 et
1460 2472 1661 2541 recepit
1716 2473 2003 2527 terminum
2056 2475 2236 2541 Israel,

670 2566 966 2624 auctusque
988 2566 1070 2611 est
1091 2557 1386 2631 ditionibus
1416 2560 1619 2614 multis.
1649 2560 1929 2630 lteguante
1952 2560 2237 2618 Jeroboam

672 2662 763 2699 rex
796 2662 956 2715 super
980 2646 1110 2701 Juda
1139 2646 1527 2718 Hierosolymis
1577 2652 1799 2719 ungitur
1848 2653 2091 2716 Azarias,
2148 2655 2238 2722 qui

667 2747 721 2791 ct
751 2736 931 2802 Ozias,
958 2752 1110 2806 teque
1138 2738 1388 2807 gentibus
1450 2739 1849 2801 infestissimus,
1894 2750 1949 2794 et
2005 2744 2071 2796 ad
2149 2758 2242 2798 eos

668 2829 1021 2897 exagitandos
1057 2830 1285 2883 viriliter
1312 2830 1646 2895 incumbens,
1675 2832 1765 2901 qui
1820 2830 2015 2887 Iudaea:
2076 2834 2242 2888 vasu-

668 2932 832 2975 tatem
852 2920 1183 2976 intulissent.
1214 2920 1337 2976 Fuit
1363 2922 1508 2977 enim
1543 2924 1626 2978 vir
1658 2925 1780 2993 pius
1809 2933 1861 2979 et
1889 2927 2101 2980 virtutis
2130 2939 2242 2981 stu-

667 3014 871 3067 diosus.
907 3012 1005 3067 Ubi
1026 3014 1136 3082 jam
1175 3014 1375 3077 hostes,
1409 3014 1519 3069 Deo
1576 3025 1868 3077 annuente.
1901 3018 2128 3079 domuit,
2187 3020 2238 3073 in

665 3105 930 3176 superbia:
957 3106 1199 3160 morbum
1235 3106 1440 3168 incidit,
1466 3122 1529 3161 ac
1558 3116 1749 3179 suopte
1803 3119 1934 3163 nutu
1987 3109 2240 3180 impostc-

666 3210 787 3247 rum
812 3194 913 3248 sibi
951 3194 1256 3249 sacerdotio
1278 3193 1601 3263 iungendum
1654 3195 1914 3261 decrevit,
1967 3208 2021 3252 et
2074 3215 2239 3256 ausus

666 3296 747 3342 est
780 3287 844 3340 ad
868 3286 1040 3356 ipsum
1065 3288 1235 3341 altare
1265 3288 1577 3351 ascendere,
1621 3286 1806 3357 illique
1842 3289 2132 3359 thymiama
2154 3290 2239 3344 ol-

664 3378 827 3434 ferre.
856 3377 1051 3434 Verum
1076 3380 1213 3434 Dens
1239 3379 1382 3434 illico
1426 3378 1697 3434 hominem
1743 3381 2003 3435 coercuit.
2067 3380 2239 3452 Lepra

664 3472 804 3527 enim
833 3486 1086 3540 aspersus
1111 3482 1215 3535 εει,
1244 3473 1433 3527 morbo
1463 3471 1685 3525 infando
1712 3479 1766 3525 et
1811 3471 2121 3537 insanabili,
2179 3484 2238 3528 ut

666 3565 829 3619 etiam
854 3562 1327 3617 velutimmundus
1363 3563 1656 3617 secundum
1717 3563 1887 3632 legem
1929 3563 2237 3635 Hierosoly-

667 3653 771 3706 mis
819 3650 1221 3717 amandaretur,
1274 3653 1368 3721 qui
1422 3651 1643 3721 posthac
1703 3653 1991 3707 sacerdotii
2047 3670 2239 3709 munus

663 3744 838 3810 obire,
868 3755 922 3798 et
948 3758 1060 3798 rem
1091 3744 1329 3798 divinam
1352 3744 1678 3799 omnimodis
1702 3744 1838 3800 velle
1874 3760 2156 3816 peragere,
2183 3759 2238 3802 et

666 3837 927 3905 templum
951 3846 1360 3891 sacrosanctum
1388 3836 1761 3891 contaminare
1812 3837 2101 3894 desineret.
2160 3841 2234 3894 lta

661 3928 842 4000 legere
873 3938 957 3983 est
987 3927 1124 3981 libro
1143 3938 1332 3996 quarto
1387 3926 1591 3997 Regum
1616 3929 1655 3980 ³.
1724 3928 1779 3982 In
1828 3930 1999 3984 altero
2059 3940 2233 3986 tamen

662 4016 1108 4088 Paralipomenon
1135 4018 1374 4072 narratio
1407 4018 1565 4085 hujus
1588 4018 1825 4074 historiae
1879 4030 1962 4075 est
1989 4021 2233 4077 luculen-

661 4110 767 4164 tior
792 4109 834 4163 ⁸.
875 4110 947 4163 De
970 4108 1098 4163 ()zia
1128 4110 1273 4177 lepra
1300 4107 1497 4163 infectu
1528 4110 1663 4164 satis
1692 4100 1894 4164 dictum
1918 4120 2019 4166 est.
2046 4114 2235 4169 Fuisse

659 4212 842 4255 autem
876 4210 1171 4270 potentem,
1210 4209 1265 4254 et
1321 4200 1372 4254 in
1439 4199 1865 4270 alienigenarum
1925 4204 2233 4272 provincias

663 4294 946 4363 irrupisse,
981 4292 1219 4361 adeoque
1260 4292 1450 4346 fortem
1477 4308 1539 4348 ac
1572 4304 1875 4359 strenuum,
1914 4306 1972 4349 ut
2031 4298 2230 4367 oppida

661 4400 877 4456 quoque
906 4384 1043 4452 apud
1077 4400 1170 4439 eos
1199 4382 1509 4451 aedificaret,
1547 4394 1602 4440 et
1658 4386 1861 4465 tributa
1910 4389 2227 4458 imponeret,

2344 1930 2575 1984 πλεῖστά
2609 1947 2668 1982 τε
2727 1932 2827 1983 ὅσα
2876 1930 3002 1989 τοὺς
3052 1929 3221 1984 πάλαι
3268 1925 3536 1987 νικῶντας
3583 1923 3925 1994 ἐργάσασθαι

2344 2023 2509 2075 κακά.
2540 2020 2627 2076 Ἐν
2645 2020 2776 2090 γοῦν
2792 2023 2857 2091 τῇ
2887 2020 3121 2091 τετάρτῃ
3142 2018 3248 2072 τῶν
3261 2016 3556 2071 Βασιλειῶν
3587 2016 3924 2086 γέγραπται,

2344 2112 2766 2181 κατατεθλῖιρθαι
2820 2112 2918 2184 μὲν
2964 2112 3089 2175 τοὺς
3124 2110 3184 2177 ἐξ
3227 2108 3465 2181 Ἰσραήλ,
3522 2108 3623 2160 οὐκ
3651 2107 3812 2168 ὄντος
3837 2106 3923 2157 τοῦ

2344 2203 2625 2269 σώζοντος,
2654 2204 2729 2267 ὡς
2768 2204 3075 2272 ὀλιγοστοὺς
3108 2198 3270 2267 εἶναι,
3320 2201 3416 2254 καὶ
3452 2198 3925 2267 διεσπασμένους·

2346 2295 2616 2351 σεσῶσθαι
2646 2312 2709 2363 γε
2748 2297 2854 2367 μὴν
2904 2296 2967 2348 ἐκ
3018 2294 3199 2365 χειρὸς
3243 2290 3545 2362 ἰεροϐοάμη
3595 2289 3669 2342 T6
3724 2287 3782 2339 δὲ
3823 2288 3923 2337 «ἐκ

2343 2388 2563 2459 χειρὸς»
2610 2386 2870 2454 τέθεικεν,
2922 2388 3043 2441 ἀντὶ⁵
3090 2386 3183 2440 τοῦ
3209 2405 3227 2437 ι
3282 2385 3370 2439 διά
3414 2383 3613 2455 χειρός.
3642 2401 3659 2432 ι
3705 2382 3783 2435 03
3820 2381 3923 2447 γὰρ

2340 2474 2408 2550 ἦν
2437 2479 2595 2542 αὐτὸς
2619 2480 2646 2531 6
2668 2477 2963 2550 συντρίϐων
2984 2479 3073 2533 τὸν
3115 2477 3351 2548 Ἰσραὴλ,
3379 2476 3685 2545 μαχόμενος
3708 2473 3768 2524 δὲ
3802 2472 3923 2539 μᾶ).-

2342 2568 2463 2632 λον,
2522 2569 2615 2621 καὶ
2670 2568 3021 2639 προασπίζων
3085 2567 3269 2619 αὐτοῦ.
3321 2564 3656 2634 Ἐπέστρεψε
3713 2563 3775 2615 δὲ
3828 2561 3923 2630 τὴν

2342 2656 2653 2726 Δαμασκὸν,
2692 2657 2786 2709 καὶ
2829 2655 3116 2709 ἀπέσπασε
3142 2655 3202 2707 τὸ
3246 2655 3391 2724 ὃριον
3442 2652 3683 2722 Ἰσραὴλ,
3716 2651 3817 2703 καὶ
3839 2650 3926 2703 δυ-

2342 2743 2593 2806 ναστείας
2632 2744 2917 2815 εἴργασται
2958 2743 3177 2806 πολλάς.
3228 2742 3613 2805 Βασιλεύοντος
3652 2741 3713 2793 δὲ
3756 2741 3920 2810 Ἱερο-

2342 2833 2487 2903 ϐοάμ
2510 2837 2722 2905 χρίεται
2752 2836 3033 2906 Ἀζαρίας,
3079 2836 3108 2888 6
3164 2834 3258 2888 καὶ
3304 2832 3509 2897 Ὀζίας,
3543 2833 3810 2904 βασιλεὺς
3835 2833 3922 2883 ἐπὶ

2343 2925 2432 2978 τὸν
2466 2926 2671 2980 Ἰούδαν
2704 2928 2762 2979 ἐν
2818 2930 2929 2990 τοῖς
2970 2926 3384 2997 Ἰεροσολύμοις.
3428 2927 3524 2987 ’ος
3574 2922 3732 2975 ούδὲν
3760 2918 3920 2992 ἦττον

2339 3013 2407 3091 ἦν
2434 3022 2547 3082 τοῖς
2582 3018 2759 3072 ἔθνεσι
2794 3017 3217 3091 φορτικώτατος,
3246 3019 3337 3071 καὶ
3365 3014 3629 3078 νεανικῶς
3662 3016 3920 3083 ἐγκείμεο

2341 3128 2429 3175 νος
2453 3113 2561 3174 τοῖς
2603 3110 2975 3182 πεπορθηκόσι
3006 3110 3105 3182 τὴν
3127 3110 3410 3164 Ἰουδαίαν.
3446 3108 3645 3176 Γέγονε
3681 3107 3796 3178 μὲν
3818 3106 3921 3177 γὰρ

2265 3168 2309 3227 C
2343 3168 2591 3273 εὐσεδὴς,
2628 3203 2722 3255 καὶ
2750 3168 3077 3271 ’φιλάγαθος
3110 3201 3269 3273 ἀνήρ.
3306 3199 3463 3253 Ἐπεὶ
3496 3168 3554 3253 δέ

2341 3293 2449 3348 τῶν
2477 3294 2684 3366 ἐχθρῶν
2700 3293 2794 3347 τοῦ
2817 3294 2953 3347 Θεοῦ
2970 3294 3029 3347 τὸ
3054 3294 3211 3363 νικᾷν
3231 3292 3632 3364 ἐπιτρέποντος,
3652 3292 3920 3359 vavi}.un

2340 3384 2439 3455 τήν
2472 3384 2790 3456 ὑπεροψίαν,
2823 3385 2917 3438 καὶ
2947 3383 3391 3447 αὐτοκελεύστοις
3440 3383 3528 3453 ᾔει
3570 3382 3806 3452 βουλαῖς
3837 3382 3921 3434 ἐπὶ

2341 3472 2401 3526 τὸ
2450 3474 2650 3544 χρῆναι
2695 3473 2880 3527 λοιπὸν
2926 3476 3020 3528 καὶ
3059 3473 3358 3544 ἱερατεύειν
3402 3472 3539 3542 Θεῷ,
3591 3473 3685 3524 καὶ
3719 3472 3797 3541 δὴ
3835 3477 3922 3524 καί

2341 3565 2675 3636 τετόλμηκεν
2700 3566 2785 3616 ἐπ’
2805 3564 2939 3618 αὐτὸ
2967 3564 3029 3617 τὺ
3056 3564 3199 3617 θεῖον
3222 3562 3484 3633 ἀναϐῆναι
3507 3561 3923 3631 θυσιαστήριον,

2340 3658 2433 3709 καὶ
2458 3658 2824 3727 προσαγαγεῖν
2849 3654 2996 3726 αὑτῷ
3041 3655 3101 3709 τὸ
3141 3654 3411 3726 θυμίαμα.
3445 3652 3585 3707 Ἀλλ’
3610 3651 3792 3715 εὐθὺς
3833 3653 3922 3706 αὐ-

2339 3746 2431 3800 τὸν
2460 3745 2653 3816 ήλεγξε
2686 3746 2837 3810 Θεός.
2889 3746 3081 3817 Λέπρᾳ
3128 3745 3237 3815 γὰρ
3271 3742 3617 3806 κατεστίζετο
3648 3742 3829 3812 δεινῷ
3866 3759 3921 3794 τε

2340 3836 2435 3891 καὶ
2462 3838 2667 3907 ἀνιάτῳ
2700 3836 2880 3901 πάθει,
2908 3836 2995 3889 ἴνα
3024 3836 3118 3889 καὶ
3144 3835 3220 3900 ὡς
3246 3834 3550 3905 ἀκάθαρτος
3570 3833 3721 3887 κατὰ
3755 3835 3918 3903 νόμον

2339 3929 2690 3999 ἐκπέμπηται
2720 3928 3202 4000 τῆςῚερουσαλὴμ,
3234 3928 3609 3982 ἀποπαύσαιτό
3629 3944 3687 3980 τε
3729 3928 3919 3981 lambe

2338 4024 2430 4075 καὶ
2459 4022 2759 4093 ἱερατεύειν
2782 4023 2921 4093 Θεῷ,
2946 4024 3038 4076 καὶ⁵
3068 4024 3167 4094 τῆς
3202 4024 3530 4093 παρανόμως
3559 4022 3919 4091 ἐπιτετηδευ-

2339 4112 2509 4183 μένης
2543 4113 2851 4186 ἱερουργίας
2877 4112 3042 4183 αὐτῷ,
3084 4111 3288 4165 καὶτοῦ
3325 4111 3416 4164 τὸν
3442 4110 3580 4163 θεῖον
3612 4111 3920 4180 καταμιαί-

2333 4220 2446 4257 νειν
2475 4204 2622 4257 ναόν.
2656 4204 2839 4257 Ταῦτα
2869 4204 2925 4257 δέ
2972 4221 3101 4273 φησι
3132 4204 3194 4256 τὺ
3231 4203 3470 4275 Γράμμα
3499 4202 3733 4271 τὸὶερὲν
3768 4204 3829 4254 ἐν
3855 4206 3917 4272 τῇ

2332 4299 2566 4368 τετάρτῃ
2599 4297 2705 4351 τῶν
2731 4298 3045 4352 Βασιλειῶν.
3096 4298 3185 4349 Ἐν
3226 4297 3283 4350 δέ
3308 4299 3376 4367 τῇ
3401 4296 3627 4365 δευτέρᾳ
3657 4295 3784 4348 τῶν
3813 4297 3917 4351 lle-

2335 4390 2740 4459 ραλειπομένων
2808 4392 3089 4460 ίσχνοτὲρα
3147 4392 3325 4442 κεῖται
3387 4392 3421 4459 ή
3503 4389 3629 4458 περὶ
3702 4387 3917 4441 τούτων

661 4494 725 4532 ac
744 4486 958 4545 sceptro
984 4475 1103 4530 illos
1126 4475 1399 4540 subderet,
1426 4479 1769 4545 quantumvis
1795 4478 1920 4534 olim
1950 4480 2051 4535 sibi
2079 4484 2230 4537 valde

2337 4482 2629 4552 ἀφήγησις.
2671 4482 2807 4552 Περὶ
2838 4482 2935 4551 μὲν
2968 4478 3059 4535 οὖν
3081 4480 3176 4533 τοῦ
3206 4478 3575 4552 λελεπρῶσθαι
3605 4478 3697 4531 τὸν
3730 4480 3917 4543 Ὀζίαν

658 4570 948 4639 placentes,
982 4569 1137 4638 plene
1188 4558 1382 4622 docent
1439 4584 1609 4624 sacraa
1655 4569 1892 4627 Litterae.
1953 4572 2222 4638 Quoniam

652 4678 784 4732 ergo
813 4660 1155 4731 propheticus
1177 4672 1353 4713 sermo
1373 4659 1424 4713 in
1454 4661 1678 4715 exordio
1723 4662 1916 4718 futurae
1969 4665 2227 4735 alienige-

654 4768 844 4807 narum
878 4750 1191 4806 vastationis
1213 4750 1472 4819 meminit,
1502 4766 1586 4806 res
1611 4754 1920 4821 postulavit,
1959 4766 2016 4808 ut
2040 4771 2221 4826 regum

649 4842 798 4899 Ozia:
827 4854 881 4899 et
916 4844 1199 4901 Jerobuam
1235 4847 1564 4902 mentionem
1596 4847 1917 4911 faceremus,
1943 4863 2037 4911 per
2087 4865 2221 4917 quos

654 4937 729 4991 illi
760 4937 886 4991 victi
906 4947 1046 5002 sunt,
1085 4947 1145 4992 ut
1174 4938 1283 5006 jam
1316 4939 1564 4993 diximus.
1614 4936 1869 4993 Novimus
1911 4940 2071 4993 etiam
2130 4957 2224 5011 per

656 5029 910 5099 Assyrios
933 5028 1251 5085 Damascum
1285 5031 1591 5093 incensam,
1646 5031 1733 5099 qui
1786 5032 2006 5099 insuper
2036 5032 2220 5087 alieni-

652 5136 908 5192 genarum
938 5121 1157 5190 p0pulos
1183 5120 1326 5175 ferro
1356 5121 1570 5190 ignique
1593 5129 1867 5175 vastarunt
1894 5122 1937 5185 ';
1973 5122 2067 5175 sed
2100 5138 2220 5175 cum

655 5213 707 5267 id
741 5219 923 5279 postea
952 5210 1148 5264 factum
1172 5210 1580 5273 sit,necessario
1603 5212 1875 5280 attigimus
1900 5226 2017 5281 quae
2042 5215 2107 5267 ab
2134 5211 2224 5267 Je-

654 5308 895 5370 roboam,
926 5312 979 5358 et
999 5304 1115 5373 ejus
1136 5304 1485 5373 temporibus,
1511 5302 1825 5372 alienigenis
1842 5315 1895 5357 et
1930 5306 2057 5373 ipsis
2086 5322 2221 5375 quo-

652 5413 758 5467 que
787 5395 1128 5466 Assyriorum
1144 5394 1368 5449 ducibus
1391 5393 1752 5462 contigerunt.
1804 5394 1938 5460 Quia
1967 5409 2097 5448 vero
2124 5412 2216 5463 ap—

2330 4573 2543 4643 ἀπόχρη
2574 4572 2749 4625 ταυτί.
2788 4573 2908 4626 Ὅτι
2964 4572 3021 4626 δὲ
3072 4572 3296 4641 γέγονεν
3332 4574 3470 4640 ἀνὴρ
3524 4570 3796 4636 δυνατὸς,
3827 4574 3915 4623 καὶ

2330 4663 2452 4724 ταῖς
2506 4662 2614 4715 τῶν
2678 4662 2989 4729 ἀλλοφύλων
3054 4661 3456 4732 ἐπεστράτευσε
3510 4660 3716 4730 χώραις
3741 4702 3760 4725 ,
3823 4664 3912 4714 καὶ

2329 4751 2579 4815 τοσοῦτος
2621 4752 2842 4820 γέγονεν
2897 4755 2977 4816 εἰς
3004 4752 3197 4823 ἀλκὴν,
3236 4751 3311 4815 ὡς
3359 4753 3453 4804 καὶ
3515 4750 3910 4819 ἀναδείμασθαι

2330 4844 2516 4909 πόλεις
2541 4847 2667 4918 παρ’
2700 4845 2902 4907 αὐτοῖς,
2935 4846 3029 4899 καὶ
3069 4843 3435 4914 δασμολογίαν
3478 4842 3775 4907 ἐπιθεῖναι,
3822 4843 3911 4895 καὶ

2331 4935 2630 5005 σκήπτροις
2676 4935 2825 4998 ἰδίοις
2867 4935 3205 5002 ὑπενεγκεῖν,
3242 4932 3419 4986 καίτοι
3448 4931 3657 5002 μεγάλα
3695 4932 3911 4999 φυσῶν-

2326 5027 2426 5090 τάς
2459 5043 2610 5090 ποτε,
2649 5026 2919 5097 δεδίδαχεν
2955 5025 3266 5098 ἀρκούντως
3295 5025 3357 5077 τὸ
3384 5025 3621 5094 Γράμιια
3657 5024 3717 5077 τὸ
3741 5025 3905 5094 ἱερόν.

2330 5117 2561 5183 Οὐκοῦν,
2592 5118 2891 5188 ἐπειδήπερ
2912 5119 2940 5169 6
2973 5115 3311 5187 προφητικὸς
3329 5116 3461 5185 ἡμῖν
3478 5114 3633 5182 λόγος
3658 5116 3908 5167 είσκεκό·

2337 5226 2497 5280 μικεν
2529 5212 2587 5263 ἐν
2615 5210 2810 5279 ἀρχαῖς
2844 5208 2943 5279 τὴν
2980 5206 3246 5278 ἐσομένην
3281 5208 3423 5259 κατά
3453 5210 3563 5260 τῶν
3591 5206 3908 5274 ἀλλοφύλων

2326 5299 2625 5368 ἐρήμωσιν,
2651 5300 2920 5368 ἀναγκαία
2946 5298 3168 5368 γέγονεν
3198 5299 3230 5369 ή
3262 5297 3452 5368 μνήμη
3498 5299 3597 5367 τῆς
3627 5297 3907 5367 βασιλείας

2324 5390 2505 5455 Ὀζίου
2534 5408 2593 5444 τε
2648 5394 2741 5445 xci.
2786 5392 3087 5462 Ίεροδοάμ,
3145 5392 3453 5461 νενίκηνται
3483 5391 3592 5460 γὰρ
3630 5390 3697 5443 δι’
3720 5390 3904 5442 αὐτῶν

652 5490 830 5560 posuit
854 5489 1131 5559 propheta,
1164 5504 1182 5537 ι
1205 5486 1412 5540 duobus
1437 5485 1594 5539 annis
1617 5494 1744 5539 ante
1777 5494 1935 5540 terra:
1962 5496 2216 5552 motum,»

2337 5482 2394 5546 ὓς
2427 5483 2788 5555 προλαϐόντες
2809 5485 3133 5555 εἰρήκαμεν.
3178 5477 3311 5537 Οἶδα
3337 5482 3435 5551 μὲν
3455 5476 3547 5534 οὖν
3569 5482 3650 5534 ὅτι
3683 5480 3781 5533 καὶ
3821 5481 3905 5532 διὰ

652 5594 872 5637 necesse
898 5578 999 5634 fuit
1029 5579 1190 5633 etiam
1242 5578 1307 5631 de
1353 5577 1496 5644 lepra
1554 5575 1700 5633 Ozias
1750 5592 2070 5642 memorare,
2121 5593 2225 5646 qua

2337 5576 2823 5648 (ειρδςἋασυρίων
2852 5575 3240 5645 ἐμπέπρησται
3272 5575 3588 5645 Δαμασκὸς,
3607 5574 3901 5640 δεδήωνται

651 5680 936 5727 contactus
962 5681 1063 5731 est.
1098 5669 1349 5739 puniente
1373 5668 1502 5733 lico,
1540 5679 1821 5739 postquam
1861 5669 2029 5723 sacris
2076 5668 2224 5738 fungi

2337 5666 2383 5717 5ἐ
2412 5668 2563 5721 οὐδὲν
2591 5663 2754 5738 ἦττον
2786 5669 2880 5722 καὶ
2901 5668 2969 5722 τά
3000 5667 3112 5721 τῶν
3144 5666 3458 5735 ἀλλοφύλων
3492 5666 3643 5736 γένη.
3678 5661 3903 5734 Ἐπειδὴ

721 5852 741 5882 ²
764 5850 829 5905 ιν
880 5849 1009 5922 Reg.
1040 5865 1148 5915 xw,
1200 5850 1289 5915 26,
1319 5848 1407 5902 ‘27.
1491 5850 1509 5880 ³
1542 5848 1606 5902 lV
1637 5848 1770 5918 Reg.
1803 5864 1891 5914 xv,
1922 5848 1973 5903 5.
2052 5848 2070 5881 ⁸
2112 5848 2146 5902 ll
2180 5847 2233 5903 Ρε

2342 5888 2354 5902 .
2390 5865 2531 5913 xxvi,
2570 5851 2651 5903 l'J.
2732 5847 2841 5902 ἰν
2897 5846 3027 5918 Reg.
3078 5863 3186 5911 va,
3223 5848 3273 5901 9.
