  <div class='ocr_page' id='page_1' title='image "/cluster/home/n/w/nwhite01/storage/ocr_20150623/71/hvd.32044019207885/230.png"; bbox 0 0 4068 6584; ppageno 0'>
   <div class='ocr_carea' id='block_1_1' title="bbox 137 345 3432 414">
    <p class='ocr_par' dir='ltr' id='par_1_1' title="bbox 137 345 3432 414">
     <span class='ocr_line' id='line_1_1' title="bbox 137 345 3432 414; baseline 0 -9"><span class='ocrx_word' id='word_1_1' title='bbox 137 356 246 414; x_wconf 74' lang='grc'><strong>417</strong></span> <span class='ocrx_word' id='word_1_2' title='bbox 1129 346 1677 406; x_wconf 66' lang='lat' dir='ltr'><strong>COMMENTARIUS</strong></span> <span class='ocrx_word' id='word_1_3' title='bbox 1714 346 1781 402; x_wconf 80' lang='lat' dir='ltr'><strong>IN</strong></span> <span class='ocrx_word' id='word_1_4' title='bbox 1822 345 2009 403; x_wconf 74' lang='lat' dir='ltr'><strong>AMOS</strong></span> <span class='ocrx_word' id='word_1_5' title='bbox 2044 347 2487 402; x_wconf 72' lang='lat' dir='ltr'><strong>PROPHETAM.</strong></span> <span class='ocrx_word' id='word_1_6' title='bbox 2808 394 2817 405; x_wconf 88' lang='lat'><strong>.</strong></span> <span class='ocrx_word' id='word_1_7' title='bbox 3328 356 3432 409; x_wconf 73' lang='lat' dir='ltr'><strong>M8</strong></span> 
     </span>
    </p>
   </div>
   <div class='ocr_carea' id='block_1_2' title="bbox 138 464 1742 543">
    <p class='ocr_par' dir='ltr' id='par_1_2' title="bbox 138 468 1742 543">
     <span class='ocr_line' id='line_1_2' title="bbox 138 468 1742 543; baseline -0.004 -16"><span class='ocrx_word' id='word_1_8' title='bbox 138 473 197 527; x_wconf 75' lang='grc' dir='ltr'>δὲ</span> <span class='ocrx_word' id='word_1_9' title='bbox 242 472 448 543; x_wconf 77' lang='grc' dir='ltr'>τούτῳ</span> <span class='ocrx_word' id='word_1_10' title='bbox 485 472 633 527; x_wconf 66' lang='grc' dir='ltr'>ἔστὶν</span> <span class='ocrx_word' id='word_1_11' title='bbox 665 471 853 524; x_wconf 71' lang='grc' dir='ltr'>ἐκεῖνα</span> <span class='ocrx_word' id='word_1_12' title='bbox 902 472 1356 542; x_wconf 83' lang='grc' dir='ltr'>μεταγενέστεροι,</span> <span class='ocrx_word' id='word_1_13' title='bbox 1400 468 1742 542; x_wconf 61' lang='grc' dir='ltr'>προσάψομει</span> 
     </span>
    </p>
   </div>
   <div class='ocr_carea' id='block_1_3' title="bbox 1843 464 3429 543">
    <p class='ocr_par' dir='ltr' id='par_1_3' title="bbox 1857 464 3429 536">
     <span class='ocr_line' id='line_1_3' title="bbox 1857 464 3429 536; baseline 0.004 -16"><span class='ocrx_word' id='word_1_14' title='bbox 1857 475 2044 521; x_wconf 88' lang='lat' dir='ltr'><strong>contra</strong></span> <span class='ocrx_word' id='word_1_15' title='bbox 2066 465 2234 536; x_wconf 77' lang='lat' dir='ltr'><strong>legem</strong></span> <span class='ocrx_word' id='word_1_16' title='bbox 2265 481 2368 520; x_wconf 88' lang='lat' dir='ltr'><strong>non</strong></span> <span class='ocrx_word' id='word_1_17' title='bbox 2392 465 2671 521; x_wconf 91' lang='lat' dir='ltr'><strong>dubitavit.</strong></span> <span class='ocrx_word' id='word_1_18' title='bbox 2704 464 3039 522; x_wconf 87' lang='lat' dir='ltr'><strong>Contremuit</strong></span> <span class='ocrx_word' id='word_1_19' title='bbox 3070 468 3214 522; x_wconf 89' lang='lat' dir='ltr'><strong>enim</strong></span> <span class='ocrx_word' id='word_1_20' title='bbox 3242 466 3429 527; x_wconf 80' lang='lat' dir='ltr'><strong>iliero-</strong></span> 
     </span>
    </p>
   </div>
   <div class='ocr_carea' id='block_1_4' title="bbox 144 557 1742 633">
    <p class='ocr_par' dir='ltr' id='par_1_4' title="bbox 144 560 1742 633">
     <span class='ocr_line' id='line_1_4' title="bbox 144 560 1742 633; baseline -0.003 -17"><span class='ocrx_word' id='word_1_21' title='bbox 144 564 497 630; x_wconf 72' lang='grc' dir='ltr'><strong>ἀναγκαίως</strong></span> <span class='ocrx_word' id='word_1_22' title='bbox 521 562 594 633; x_wconf 86' lang='grc' dir='ltr'>τῷ</span> <span class='ocrx_word' id='word_1_23' title='bbox 620 578 680 615; x_wconf 90' lang='grc' dir='ltr'><strong>τε</strong></span> <span class='ocrx_word' id='word_1_24' title='bbox 721 560 1021 633; x_wconf 84' lang='grc' dir='ltr'>’1ερο6οάμ,</span> <span class='ocrx_word' id='word_1_25' title='bbox 1053 561 1146 613; x_wconf 75' lang='grc' dir='ltr'><strong>καὶ</strong></span> <span class='ocrx_word' id='word_1_26' title='bbox 1168 563 1281 623; x_wconf 77' lang='grc' dir='ltr'>τοῖς</span> <span class='ocrx_word' id='word_1_27' title='bbox 1309 561 1516 614; x_wconf 78' lang='grc' dir='ltr'>ἐκείνου</span> <span class='ocrx_word' id='word_1_28' title='bbox 1540 562 1742 629; x_wconf 83' lang='grc' dir='ltr'>καιροῖς</span> 
     </span>
    </p>
   </div>
   <div class='ocr_carea' id='block_1_5' title="bbox 1843 557 3146 633">
    <p class='ocr_par' dir='ltr' id='par_1_5' title="bbox 1861 557 3146 629">
     <span class='ocr_line' id='line_1_5' title="bbox 1861 557 3146 629; baseline 0 -16"><span class='ocrx_word' id='word_1_29' title='bbox 1861 558 2086 629; x_wconf 74' lang='lat' dir='ltr'><strong>solyma,</strong></span> <span class='ocrx_word' id='word_1_30' title='bbox 2111 558 2309 612; x_wconf 83' lang='lat' dir='ltr'><strong>incolis</strong></span> <span class='ocrx_word' id='word_1_31' title='bbox 2340 560 2474 612; x_wconf 88' lang='lat' dir='ltr'><strong>iram</strong></span> <span class='ocrx_word' id='word_1_32' title='bbox 2498 574 2648 612; x_wconf 88' lang='lat' dir='ltr'><strong>suam</strong></span> <span class='ocrx_word' id='word_1_33' title='bbox 2676 557 2786 613; x_wconf 88' lang='lat' dir='ltr'><strong>Deo</strong></span> <span class='ocrx_word' id='word_1_34' title='bbox 2814 561 3146 614; x_wconf 88' lang='lat' dir='ltr'><strong>ostendente.</strong></span> 
     </span>
    </p>
   </div>
   <div class='ocr_carea' id='block_1_6' title="bbox 143 644 3435 724">
    <p class='ocr_par' dir='ltr' id='par_1_6' title="bbox 143 644 3435 724">
     <span class='ocr_line' id='line_1_6' title="bbox 143 644 3435 724; baseline -0 -16"><span class='ocrx_word' id='word_1_35' title='bbox 143 655 213 708; x_wconf 86' lang='grc' dir='ltr'><strong>τά</strong></span> <span class='ocrx_word' id='word_1_36' title='bbox 238 656 365 717; x_wconf 81' lang='grc' dir='ltr'>τοῖς</span> <span class='ocrx_word' id='word_1_37' title='bbox 402 653 736 723; x_wconf 81' lang='grc' dir='ltr'>ἀλλοφύλοις</span> <span class='ocrx_word' id='word_1_38' title='bbox 770 651 1174 723; x_wconf 74' lang='grc' dir='ltr'>συμδεὸηκότα,</span> <span class='ocrx_word' id='word_1_39' title='bbox 1202 653 1298 705; x_wconf 67' lang='grc' dir='ltr'><strong>καὶ</strong></span> <span class='ocrx_word' id='word_1_40' title='bbox 1326 652 1508 715; x_wconf 78' lang='grc' dir='ltr'>αὐτοῖς</span> <span class='ocrx_word' id='word_1_41' title='bbox 1568 651 1626 703; x_wconf 81' lang='grc' dir='ltr'>δὲ</span> <span class='ocrx_word' id='word_1_42' title='bbox 1677 649 1829 703; x_wconf 73' lang='grc' dir='ltr'>οὐδὲν</span> <span class='ocrx_word' id='word_1_43' title='bbox 1867 644 2028 721; x_wconf 77' lang='grc' dir='ltr'>ἦττον</span> <span class='ocrx_word' id='word_1_44' title='bbox 2054 650 2165 712; x_wconf 86' lang='grc' dir='ltr'>τοῖς</span> <span class='ocrx_word' id='word_1_45' title='bbox 2214 647 2322 700; x_wconf 81' lang='grc' dir='ltr'><strong>τῶν</strong></span> <span class='ocrx_word' id='word_1_46' title='bbox 2375 648 2674 719; x_wconf 79' lang='grc' dir='ltr'><strong>Ἀσσυρίων</strong></span> <span class='ocrx_word' id='word_1_47' title='bbox 2730 649 3084 719; x_wconf 82' lang='grc' dir='ltr'><strong>καθηγηταῖς.</strong></span> <span class='ocrx_word' id='word_1_48' title='bbox 3118 653 3336 724; x_wconf 78' lang='grc' dir='ltr'>Ἐπειδὴ</span> <span class='ocrx_word' id='word_1_49' title='bbox 3379 654 3435 707; x_wconf 84' lang='grc' dir='ltr'>δὲ</span> 
     </span>
    </p>
   </div>
   <div class='ocr_carea' id='block_1_7' title="bbox 149 743 3434 820">
    <p class='ocr_par' dir='ltr' id='par_1_7' title="bbox 149 743 3434 820">
     <span class='ocr_line' id='line_1_7' title="bbox 149 743 3434 820; baseline 0 -16"><span class='ocrx_word' id='word_1_50' title='bbox 149 749 915 820; x_wconf 71' lang='grc' dir='ltr'>πριιπέθεικενόπροφήτης</span> <span class='ocrx_word' id='word_1_51' title='bbox 943 765 961 797; x_wconf 85' lang='grc' dir='ltr'><strong>ι</strong></span> <span class='ocrx_word' id='word_1_52' title='bbox 986 748 1089 819; x_wconf 86' lang='grc' dir='ltr'><strong>πρὸ</strong></span> <span class='ocrx_word' id='word_1_53' title='bbox 1105 747 1196 801; x_wconf 80' lang='grc' dir='ltr'>δύο</span> <span class='ocrx_word' id='word_1_54' title='bbox 1216 746 1351 801; x_wconf 78' lang='grc' dir='ltr'>ἐτῶν</span> <span class='ocrx_word' id='word_1_55' title='bbox 1365 747 1461 800; x_wconf 86' lang='grc' dir='ltr'><strong>τοῦ</strong></span> <span class='ocrx_word' id='word_1_56' title='bbox 1480 745 1727 817; x_wconf 81' lang='grc' dir='ltr'><strong>σεισμοῦ,</strong></span> <span class='ocrx_word' id='word_1_57' title='bbox 1771 764 1790 797; x_wconf 79' lang='grc' dir='ltr'><strong>ι</strong></span> <span class='ocrx_word' id='word_1_58' title='bbox 1835 746 2055 816; x_wconf 79' lang='grc' dir='ltr'><strong>μνήμην</strong></span> <span class='ocrx_word' id='word_1_59' title='bbox 2098 743 2414 813; x_wconf 82' lang='grc' dir='ltr'><strong>ἀναγκαίως</strong></span> <span class='ocrx_word' id='word_1_60' title='bbox 2439 745 2534 798; x_wconf 82' lang='grc' dir='ltr'><strong>καὶ</strong></span> <span class='ocrx_word' id='word_1_61' title='bbox 2581 744 2674 797; x_wconf 87' lang='grc' dir='ltr'><strong>τοῦ</strong></span> <span class='ocrx_word' id='word_1_62' title='bbox 2731 744 3101 815; x_wconf 86' lang='grc' dir='ltr'>λελεπρῶσθαι</span> <span class='ocrx_word' id='word_1_63' title='bbox 3136 748 3225 801; x_wconf 78' lang='grc' dir='ltr'><strong>τὸν</strong></span> <span class='ocrx_word' id='word_1_64' title='bbox 3249 750 3341 814; x_wconf 79' lang='grc' dir='ltr'><strong>’οζ</strong></span> <span class='ocrx_word' id='word_1_65' title='bbox 3350 752 3434 804; x_wconf 90' lang='grc' dir='ltr'><strong>ίαν</strong></span> 
     </span>
    </p>
   </div>
   <div class='ocr_carea' id='block_1_8' title="bbox 149 837 3433 911">
    <p class='ocr_par' dir='ltr' id='par_1_8' title="bbox 149 837 3433 911">
     <span class='ocr_line' id='line_1_8' title="bbox 149 837 3433 911; baseline 0.001 -18"><span class='ocrx_word' id='word_1_66' title='bbox 149 842 553 911; x_wconf 77' lang='grc' dir='ltr'><strong>πεποιήμεθα.</strong></span> <span class='ocrx_word' id='word_1_67' title='bbox 617 840 838 910; x_wconf 75' lang='grc' dir='ltr'>Ἐπειδὴ</span> <span class='ocrx_word' id='word_1_68' title='bbox 902 838 1012 910; x_wconf 78' lang='grc' dir='ltr'>γὰρ</span> <span class='ocrx_word' id='word_1_69' title='bbox 1086 839 1393 910; x_wconf 88' lang='grc' dir='ltr'>ἰερατεῦσαι</span> <span class='ocrx_word' id='word_1_70' title='bbox 1456 840 1759 910; x_wconf 83' lang='grc' dir='ltr'><strong>τετόλμηκε</strong></span> <span class='ocrx_word' id='word_1_71' title='bbox 1822 838 2174 911; x_wconf 78' lang='grc' dir='ltr'><strong>παρανόμως,</strong></span> <span class='ocrx_word' id='word_1_72' title='bbox 2215 837 2557 909; x_wconf 82' lang='grc' dir='ltr'>λελέπρωται</span> <span class='ocrx_word' id='word_1_73' title='bbox 2611 840 2709 907; x_wconf 87' lang='grc' dir='ltr'>μὲν</span> <span class='ocrx_word' id='word_1_74' title='bbox 2751 838 3067 908; x_wconf 75' lang='grc' dir='ltr'><strong>ἐλέγχοντος</strong></span> <span class='ocrx_word' id='word_1_75' title='bbox 3102 841 3261 907; x_wconf 86' lang='grc' dir='ltr'>Θεοῦ,</span> <span class='ocrx_word' id='word_1_76' title='bbox 3295 862 3433 897; x_wconf 87' lang='grc' dir='ltr'>κατ-</span> 
     </span>
    </p>
   </div>
   <div class='ocr_carea' id='block_1_9' title="bbox 152 932 2961 1007">
    <p class='ocr_par' dir='ltr' id='par_1_9' title="bbox 152 932 2961 1007">
     <span class='ocr_line' id='line_1_9' title="bbox 152 932 2961 1007; baseline 0 -20"><span class='ocrx_word' id='word_1_77' title='bbox 152 936 391 1007; x_wconf 75' lang='grc' dir='ltr'>εδονήθη</span> <span class='ocrx_word' id='word_1_78' title='bbox 420 936 487 988; x_wconf 86' lang='grc' dir='ltr'>δὲ</span> <span class='ocrx_word' id='word_1_79' title='bbox 530 934 737 1005; x_wconf 86' lang='grc' dir='ltr'>σεισμῷ</span> <span class='ocrx_word' id='word_1_80' title='bbox 765 932 836 987; x_wconf 82' lang='grc' dir='ltr'>τὰ</span> <span class='ocrx_word' id='word_1_81' title='bbox 878 934 1225 1006; x_wconf 84' lang='grc' dir='ltr'>Ἰεροσόλυμα</span> <span class='ocrx_word' id='word_1_82' title='bbox 1262 937 1375 998; x_wconf 79' lang='grc' dir='ltr'>τοῖς</span> <span class='ocrx_word' id='word_1_83' title='bbox 1421 935 1482 988; x_wconf 85' lang='grc' dir='ltr'><strong>τὸ</strong></span> <span class='ocrx_word' id='word_1_84' title='bbox 1526 934 1779 1007; x_wconf 79' lang='grc' dir='ltr'>τηνικάδε</span> <span class='ocrx_word' id='word_1_85' title='bbox 1816 932 1951 987; x_wconf 86' lang='grc' dir='ltr'>Θεοῦ</span> <span class='ocrx_word' id='word_1_86' title='bbox 2007 933 2108 1004; x_wconf 83' lang='grc' dir='ltr'><strong>τὴν</strong></span> <span class='ocrx_word' id='word_1_87' title='bbox 2151 934 2285 987; x_wconf 81' lang='grc' dir='ltr'>ἰδίαν</span> <span class='ocrx_word' id='word_1_88' title='bbox 2304 934 2471 1005; x_wconf 85' lang='grc' dir='ltr'>ὀργὴν</span> <span class='ocrx_word' id='word_1_89' title='bbox 2507 933 2961 1003; x_wconf 83' lang='grc' dir='ltr'>ὑπεμφαίνοντος.</span> 
     </span>
    </p>
   </div>
   <div class='ocr_carea' id='block_1_10' title="bbox 222 1024 1742 1098">
    <p class='ocr_par' dir='ltr' id='par_1_10' title="bbox 222 1024 1742 1098">
     <span class='ocr_line' id='line_1_10' title="bbox 222 1024 1742 1098; baseline -0.001 -15"><span class='ocrx_word' id='word_1_90' title='bbox 222 1030 337 1083; x_wconf 79' lang='grc' dir='ltr'><strong>Καὶ</strong></span> <span class='ocrx_word' id='word_1_91' title='bbox 373 1024 550 1093; x_wconf 74' lang='grc' dir='ltr'>εἶπε,</span> <span class='ocrx_word' id='word_1_92' title='bbox 579 1030 789 1096; x_wconf 82' lang='grc' dir='ltr'>Κύριος</span> <span class='ocrx_word' id='word_1_93' title='bbox 824 1028 892 1081; x_wconf 77' lang='grc' dir='ltr'>ἐκ</span> <span class='ocrx_word' id='word_1_94' title='bbox 936 1027 1088 1083; x_wconf 86' lang='grc' dir='ltr'>Σιὼν</span> <span class='ocrx_word' id='word_1_95' title='bbox 1134 1026 1482 1098; x_wconf 72' lang='grc' dir='ltr'>ἐφθέγξατο,</span> <span class='ocrx_word' id='word_1_96' title='bbox 1531 1028 1629 1083; x_wconf 76' lang='grc' dir='ltr'><strong>καί</strong></span> <span class='ocrx_word' id='word_1_97' title='bbox 1685 1028 1742 1091; x_wconf 77' lang='grc' dir='ltr'><strong>ἐξ</strong></span> 
     </span>
    </p>
   </div>
   <div class='ocr_carea' id='block_1_11' title="bbox 1843 1024 3430 1098">
    <p class='ocr_par' dir='ltr' id='par_1_11' title="bbox 1935 1025 3430 1096">
     <span class='ocr_line' id='line_1_11' title="bbox 1935 1025 3430 1096; baseline -0.001 -13"><span class='ocrx_word' id='word_1_98' title='bbox 1935 1025 2097 1096; x_wconf 73' lang='grc'><strong>252</strong></span> <span class='ocrx_word' id='word_1_99' title='bbox 2140 1027 2302 1084; x_wconf 74' lang='lat' dir='ltr'><strong>Vsus.</strong></span> <span class='ocrx_word' id='word_1_100' title='bbox 2332 1028 2385 1083; x_wconf 73' lang='lat'><strong>2.</strong></span> <span class='ocrx_word' id='word_1_101' title='bbox 2419 1028 2484 1080; x_wconf 85' lang='lat' dir='ltr'><strong>Et</strong></span> <span class='ocrx_word' id='word_1_102' title='bbox 2511 1029 2642 1081; x_wconf 71' lang='lat' dir='ltr'><strong>dia-it</strong></span> <span class='ocrx_word' id='word_1_103' title='bbox 2675 1042 2694 1080; x_wconf 91' lang='lat'><strong><em>:</em></strong></span> <span class='ocrx_word' id='word_1_104' title='bbox 2723 1026 2982 1080; x_wconf 77' lang='lat' dir='ltr'><strong>Dominus</strong></span> <span class='ocrx_word' id='word_1_105' title='bbox 3010 1029 3074 1082; x_wconf 83' lang='lat' dir='ltr'><strong>de</strong></span> <span class='ocrx_word' id='word_1_106' title='bbox 3112 1027 3239 1083; x_wconf 83' lang='lat' dir='ltr'><strong>Sion</strong></span> <span class='ocrx_word' id='word_1_107' title='bbox 3283 1031 3430 1083; x_wconf 81' lang='lat' dir='ltr'><strong>locu-</strong></span> 
     </span>
    </p>
   </div>
   <div class='ocr_carea' id='block_1_12' title="bbox 166 1118 1742 1190">
    <p class='ocr_par' dir='ltr' id='par_1_12' title="bbox 166 1118 1742 1190">
     <span class='ocr_line' id='line_1_12' title="bbox 166 1118 1742 1190; baseline -0.001 -13"><span class='ocrx_word' id='word_1_108' title='bbox 166 1123 580 1190; x_wconf 73' lang='grc' dir='ltr'>Ἰερουσαλὴμ</span> <span class='ocrx_word' id='word_1_109' title='bbox 600 1122 785 1174; x_wconf 79' lang='grc' dir='ltr'>ἔδωκε</span> <span class='ocrx_word' id='word_1_110' title='bbox 814 1119 1024 1189; x_wconf 78' lang='grc' dir='ltr'>φωνὴν</span> <span class='ocrx_word' id='word_1_111' title='bbox 1051 1121 1258 1185; x_wconf 78' lang='grc' dir='ltr'>αὑτοῦ,</span> <span class='ocrx_word' id='word_1_112' title='bbox 1284 1120 1381 1174; x_wconf 76' lang='grc' dir='ltr'>καὶ</span> <span class='ocrx_word' id='word_1_113' title='bbox 1408 1118 1742 1189; x_wconf 76' lang='grc' dir='ltr'><strong>ἐπένθησαν</strong></span> 
     </span>
    </p>
   </div>
   <div class='ocr_carea' id='block_1_13' title="bbox 1843 1118 3430 1190">
    <p class='ocr_par' dir='ltr' id='par_1_13' title="bbox 1859 1118 3430 1185">
     <span class='ocr_line' id='line_1_13' title="bbox 1859 1118 3430 1185; baseline 0.003 -15"><span class='ocrx_word' id='word_1_114' title='bbox 1859 1126 1942 1172; x_wconf 73' lang='lat' dir='ltr'><strong>tua</strong></span> <span class='ocrx_word' id='word_1_115' title='bbox 1966 1132 2064 1182; x_wconf 79' lang='lat' dir='ltr'><strong>est,</strong></span> <span class='ocrx_word' id='word_1_116' title='bbox 2088 1129 2135 1171; x_wconf 85' lang='lat' dir='ltr'><strong>et</strong></span> <span class='ocrx_word' id='word_1_117' title='bbox 2174 1119 2237 1171; x_wconf 85' lang='lat' dir='ltr'><strong>de</strong></span> <span class='ocrx_word' id='word_1_118' title='bbox 2258 1118 2554 1173; x_wconf 76' lang='lat' dir='ltr'><strong>Jerusalem</strong></span> <span class='ocrx_word' id='word_1_119' title='bbox 2577 1120 2717 1174; x_wconf 81' lang='lat' dir='ltr'><strong>dedit</strong></span> <span class='ocrx_word' id='word_1_120' title='bbox 2747 1135 2921 1173; x_wconf 82' lang='lat' dir='ltr'><strong>vocem</strong></span> <span class='ocrx_word' id='word_1_121' title='bbox 2973 1136 3147 1185; x_wconf 77' lang='lat' dir='ltr'><strong>suam,</strong></span> <span class='ocrx_word' id='word_1_122' title='bbox 3193 1130 3240 1173; x_wconf 82' lang='lat' dir='ltr'><strong>et</strong></span> <span class='ocrx_word' id='word_1_123' title='bbox 3279 1120 3430 1174; x_wconf 66' lang='lat' dir='ltr'><strong>luxe-</strong></span> 
     </span>
    </p>
   </div>
   <div class='ocr_carea' id='block_1_14' title="bbox 152 1212 1742 1282">
    <p class='ocr_par' dir='ltr' id='par_1_14' title="bbox 152 1212 1742 1282">
     <span class='ocr_line' id='line_1_14' title="bbox 152 1212 1742 1282; baseline 0.001 -15"><span class='ocrx_word' id='word_1_124' title='bbox 152 1219 210 1268; x_wconf 80' lang='grc' dir='ltr'><strong>αἰ</strong></span> <span class='ocrx_word' id='word_1_125' title='bbox 250 1215 440 1282; x_wconf 71' lang='grc' dir='ltr'>νομαὶ</span> <span class='ocrx_word' id='word_1_126' title='bbox 482 1212 606 1267; x_wconf 85' lang='grc' dir='ltr'><strong>τῶν</strong></span> <span class='ocrx_word' id='word_1_127' title='bbox 650 1212 979 1282; x_wconf 79' lang='grc' dir='ltr'><strong>ποιμένων,</strong></span> <span class='ocrx_word' id='word_1_128' title='bbox 1019 1214 1120 1269; x_wconf 78' lang='grc' dir='ltr'><strong>καί</strong></span> <span class='ocrx_word' id='word_1_129' title='bbox 1172 1213 1471 1282; x_wconf 79' lang='grc' dir='ltr'><strong>ἐξηράνθη</strong></span> <span class='ocrx_word' id='word_1_130' title='bbox 1512 1212 1742 1282; x_wconf 74' lang='grc' dir='ltr'>κορυφὴ</span> 
     </span>
    </p>
   </div>
   <div class='ocr_carea' id='block_1_15' title="bbox 1843 1212 3433 1282">
    <p class='ocr_par' dir='ltr' id='par_1_15' title="bbox 1857 1213 3433 1280">
     <span class='ocr_line' id='line_1_15' title="bbox 1857 1213 3433 1280; baseline 0.003 -19"><span class='ocrx_word' id='word_1_131' title='bbox 1857 1220 1977 1262; x_wconf 79' lang='lat' dir='ltr'><strong>runt</strong></span> <span class='ocrx_word' id='word_1_132' title='bbox 2009 1226 2205 1277; x_wconf 82' lang='lat' dir='ltr'><strong>pascua</strong></span> <span class='ocrx_word' id='word_1_133' title='bbox 2224 1221 2514 1280; x_wconf 74' lang='lat' dir='ltr'><strong>pastorum,</strong></span> <span class='ocrx_word' id='word_1_134' title='bbox 2548 1223 2595 1265; x_wconf 82' lang='lat' dir='ltr'><strong>et</strong></span> <span class='ocrx_word' id='word_1_135' title='bbox 2638 1214 2927 1267; x_wconf 67' lang='lat' dir='ltr'><strong>exsiccatae</strong></span> <span class='ocrx_word' id='word_1_136' title='bbox 2967 1222 3044 1266; x_wconf 78' lang='lat' dir='ltr'><strong>est</strong></span> <span class='ocrx_word' id='word_1_137' title='bbox 3096 1224 3268 1268; x_wconf 64' lang='lat' dir='ltr'><strong>vertex</strong></span> <span class='ocrx_word' id='word_1_138' title='bbox 3311 1213 3433 1270; x_wconf 87' lang='lat' dir='ltr'><strong>Car-</strong></span> 
     </span>
    </p>
   </div>
   <div class='ocr_carea' id='block_1_16' title="bbox 158 1302 1742 1371">
    <p class='ocr_par' dir='ltr' id='par_1_16' title="bbox 158 1302 675 1371">
     <span class='ocr_line' id='line_1_16' title="bbox 158 1302 675 1371; baseline 0 -16"><span class='ocrx_word' id='word_1_139' title='bbox 158 1304 264 1357; x_wconf 82' lang='grc' dir='ltr'><strong>τοῦ</strong></span> <span class='ocrx_word' id='word_1_140' title='bbox 311 1302 675 1371; x_wconf 72' lang='grc' dir='ltr'>Καρμήλου.</span> 
     </span>
    </p>
   </div>
   <div class='ocr_carea' id='block_1_17' title="bbox 1843 1302 1996 1371">
    <p class='ocr_par' dir='ltr' id='par_1_17' title="bbox 1854 1302 1996 1354">
     <span class='ocr_line' id='line_1_17' title="bbox 1854 1302 1996 1354; baseline 0.007 -1"><span class='ocrx_word' id='word_1_141' title='bbox 1854 1302 1996 1354; x_wconf 69' lang='lat' dir='ltr'><strong>ntali.</strong></span> 
     </span>
    </p>
   </div>
   <div class='ocr_carea' id='block_1_18' title="bbox 224 1391 1742 1471">
    <p class='ocr_par' dir='ltr' id='par_1_18' title="bbox 224 1394 1742 1471">
     <span class='ocr_line' id='line_1_18' title="bbox 224 1394 1742 1471; baseline 0.003 -22"><span class='ocrx_word' id='word_1_142' title='bbox 224 1395 303 1450; x_wconf 77' lang='lat' dir='ltr'><strong>I”.</strong></span> <span class='ocrx_word' id='word_1_143' title='bbox 334 1394 513 1461; x_wconf 84' lang='grc' dir='ltr'>Ὀλος</span> <span class='ocrx_word' id='word_1_144' title='bbox 550 1400 682 1469; x_wconf 76' lang='grc' dir='ltr'>ἡμῖν</span> <span class='ocrx_word' id='word_1_145' title='bbox 712 1400 770 1451; x_wconf 82' lang='grc' dir='ltr'>ὲν</span> <span class='ocrx_word' id='word_1_146' title='bbox 799 1399 1009 1462; x_wconf 77' lang='grc' dir='ltr'>τούτοις</span> <span class='ocrx_word' id='word_1_147' title='bbox 1050 1401 1078 1453; x_wconf 93' lang='lat'><strong>6</strong></span> <span class='ocrx_word' id='word_1_148' title='bbox 1109 1400 1208 1469; x_wconf 77' lang='grc' dir='ltr'>τῆς</span> <span class='ocrx_word' id='word_1_149' title='bbox 1240 1400 1575 1471; x_wconf 75' lang='grc' dir='ltr'>προφητείας</span> <span class='ocrx_word' id='word_1_150' title='bbox 1632 1399 1742 1453; x_wconf 83' lang='grc' dir='ltr'>δια-</span> 
     </span>
    </p>
   </div>
   <div class='ocr_carea' id='block_1_19' title="bbox 1843 1391 3429 1471">
    <p class='ocr_par' dir='ltr' id='par_1_19' title="bbox 1928 1391 3429 1464">
     <span class='ocr_line' id='line_1_19' title="bbox 1928 1391 3429 1464; baseline 0.005 -20"><span class='ocrx_word' id='word_1_151' title='bbox 1928 1391 2011 1445; x_wconf 93' lang='lat' dir='ltr'><strong>lll.</strong></span> <span class='ocrx_word' id='word_1_152' title='bbox 2036 1393 2088 1446; x_wconf 88' lang='lat' dir='ltr'><strong>in</strong></span> <span class='ocrx_word' id='word_1_153' title='bbox 2113 1393 2199 1449; x_wconf 90' lang='lat' dir='ltr'><strong>his</strong></span> <span class='ocrx_word' id='word_1_154' title='bbox 2219 1393 2399 1449; x_wconf 82' lang='lat' dir='ltr'><strong>verbis</strong></span> <span class='ocrx_word' id='word_1_155' title='bbox 2423 1402 2563 1448; x_wconf 86' lang='lat' dir='ltr'><strong>totus</strong></span> <span class='ocrx_word' id='word_1_156' title='bbox 2587 1394 2879 1464; x_wconf 87' lang='lat' dir='ltr'><strong>prophetiae</strong></span> <span class='ocrx_word' id='word_1_157' title='bbox 2902 1409 3095 1463; x_wconf 87' lang='lat' dir='ltr'><strong>sc0pus</strong></span> <span class='ocrx_word' id='word_1_158' title='bbox 3126 1395 3280 1450; x_wconf 89' lang='lat' dir='ltr'><strong>nobis</strong></span> <span class='ocrx_word' id='word_1_159' title='bbox 3310 1398 3429 1451; x_wconf 87' lang='lat' dir='ltr'><strong>elu-</strong></span> 
     </span>
    </p>
   </div>
   <div class='ocr_carea' id='block_1_20' title="bbox 158 1484 1742 1562">
    <p class='ocr_par' dir='ltr' id='par_1_20' title="bbox 158 1488 1742 1562">
     <span class='ocr_line' id='line_1_20' title="bbox 158 1488 1742 1562; baseline 0.001 -19"><span class='ocrx_word' id='word_1_160' title='bbox 158 1488 420 1557; x_wconf 79' lang='grc' dir='ltr'>φαίνεται</span> <span class='ocrx_word' id='word_1_161' title='bbox 480 1490 702 1553; x_wconf 82' lang='grc' dir='ltr'>σκοπὸς.</span> <span class='ocrx_word' id='word_1_162' title='bbox 756 1491 849 1543; x_wconf 73' lang='grc' dir='ltr'><strong>καὶ</strong></span> <span class='ocrx_word' id='word_1_163' title='bbox 906 1490 1001 1543; x_wconf 87' lang='grc' dir='ltr'><strong>τοῦ</strong></span> <span class='ocrx_word' id='word_1_164' title='bbox 1048 1490 1247 1554; x_wconf 81' lang='grc' dir='ltr'>παντὸς</span> <span class='ocrx_word' id='word_1_165' title='bbox 1281 1492 1742 1562; x_wconf 76' lang='grc' dir='ltr'>χρησμῳδήματος</span> 
     </span>
    </p>
   </div>
   <div class='ocr_carea' id='block_1_21' title="bbox 1843 1484 3430 1562">
    <p class='ocr_par' dir='ltr' id='par_1_21' title="bbox 1854 1484 3430 1558">
     <span class='ocr_line' id='line_1_21' title="bbox 1854 1484 3430 1558; baseline 0.003 -21"><span class='ocrx_word' id='word_1_166' title='bbox 1854 1485 2039 1549; x_wconf 81' lang='lat' dir='ltr'><strong>cescit,</strong></span> <span class='ocrx_word' id='word_1_167' title='bbox 2069 1496 2123 1539; x_wconf 91' lang='lat' dir='ltr'><strong>et</strong></span> <span class='ocrx_word' id='word_1_168' title='bbox 2150 1484 2389 1541; x_wconf 80' lang='lat' dir='ltr'><strong>vaticinii</strong></span> <span class='ocrx_word' id='word_1_169' title='bbox 2418 1485 2652 1540; x_wconf 84' lang='lat' dir='ltr'><strong>universi</strong></span> <span class='ocrx_word' id='word_1_170' title='bbox 2687 1486 2841 1554; x_wconf 87' lang='lat' dir='ltr'><strong>quasi</strong></span> <span class='ocrx_word' id='word_1_171' title='bbox 2905 1487 3189 1554; x_wconf 89' lang='lat' dir='ltr'><strong>terminus,</strong></span> <span class='ocrx_word' id='word_1_172' title='bbox 3233 1503 3430 1558; x_wconf 81' lang='lat' dir='ltr'><strong>propo-</strong></span> 
     </span>
    </p>
   </div>
   <div class='ocr_carea' id='block_1_22' title="bbox 156 1575 1742 1654">
    <p class='ocr_par' dir='ltr' id='par_1_22' title="bbox 156 1580 1742 1654">
     <span class='ocr_line' id='line_1_22' title="bbox 156 1580 1742 1654; baseline 0.001 -21"><span class='ocrx_word' id='word_1_173' title='bbox 156 1583 280 1650; x_wconf 86' lang='grc' dir='ltr'>ὄρος</span> <span class='ocrx_word' id='word_1_174' title='bbox 313 1580 520 1651; x_wconf 84' lang='grc' dir='ltr'>ὥσπερ</span> <span class='ocrx_word' id='word_1_175' title='bbox 556 1599 655 1644; x_wconf 87' lang='grc' dir='ltr'>τις,</span> <span class='ocrx_word' id='word_1_176' title='bbox 688 1583 781 1635; x_wconf 76' lang='grc' dir='ltr'>καὶ</span> <span class='ocrx_word' id='word_1_177' title='bbox 812 1584 1216 1653; x_wconf 81' lang='grc' dir='ltr'>προαφήγησις,</span> <span class='ocrx_word' id='word_1_178' title='bbox 1278 1583 1516 1653; x_wconf 66' lang='grc' dir='ltr'>ἀσαφείᾳ</span> <span class='ocrx_word' id='word_1_179' title='bbox 1580 1583 1742 1654; x_wconf 84' lang='grc' dir='ltr'>πολλῇ</span> 
     </span>
    </p>
   </div>
   <div class='ocr_carea' id='block_1_23' title="bbox 1843 1575 3427 1654">
    <p class='ocr_par' dir='ltr' id='par_1_23' title="bbox 1853 1575 3427 1647">
     <span class='ocr_line' id='line_1_23' title="bbox 1853 1575 3427 1647; baseline 0.003 -19"><span class='ocrx_word' id='word_1_180' title='bbox 1853 1575 2188 1646; x_wconf 84' lang='lat' dir='ltr'><strong>sitorumqne</strong></span> <span class='ocrx_word' id='word_1_181' title='bbox 2210 1578 2491 1633; x_wconf 82' lang='lat' dir='ltr'><strong>verborum</strong></span> <span class='ocrx_word' id='word_1_182' title='bbox 2512 1578 2800 1640; x_wconf 88' lang='lat' dir='ltr'><strong>sententia,</strong></span> <span class='ocrx_word' id='word_1_183' title='bbox 2823 1579 3017 1631; x_wconf 91' lang='lat' dir='ltr'><strong>merito</strong></span> <span class='ocrx_word' id='word_1_184' title='bbox 3074 1587 3134 1632; x_wconf 89' lang='grc' dir='ltr'><strong>ιιι</strong></span> <span class='ocrx_word' id='word_1_185' title='bbox 3180 1581 3427 1647; x_wconf 67' lang='lat' dir='ltr'><strong>quaedam</strong></span> 
     </span>
    </p>
   </div>
   <div class='ocr_carea' id='block_1_24' title="bbox 158 1668 1742 1763">
    <p class='ocr_par' dir='ltr' id='par_1_24' title="bbox 158 1674 1742 1746">
     <span class='ocr_line' id='line_1_24' title="bbox 158 1674 1742 1746; baseline 0.001 -21"><span class='ocrx_word' id='word_1_186' title='bbox 158 1675 619 1745; x_wconf 81' lang='grc' dir='ltr'>κατεσκιασμένη</span> <span class='ocrx_word' id='word_1_187' title='bbox 652 1676 807 1727; x_wconf 67' lang='grc' dir='ltr'>νοοῖτ*</span> <span class='ocrx_word' id='word_1_188' title='bbox 838 1674 902 1728; x_wconf 83' lang='grc' dir='ltr'><strong>ἂν</strong></span> <span class='ocrx_word' id='word_1_189' title='bbox 927 1675 1204 1746; x_wconf 83' lang='grc' dir='ltr'>εἰκότωςή</span> <span class='ocrx_word' id='word_1_190' title='bbox 1236 1674 1329 1728; x_wconf 89' lang='grc' dir='ltr'><strong>τοῦ</strong></span> <span class='ocrx_word' id='word_1_191' title='bbox 1386 1675 1742 1746; x_wconf 80' lang='grc' dir='ltr'>προκειμένου</span> 
     </span>
    </p>
   </div>
   <div class='ocr_carea' id='block_1_25' title="bbox 1843 1668 3429 1763">
    <p class='ocr_par' dir='ltr' id='par_1_25' title="bbox 1856 1668 3429 1736">
     <span class='ocr_line' id='line_1_25' title="bbox 1856 1668 3429 1736; baseline 0.004 -18"><span class='ocrx_word' id='word_1_192' title='bbox 1856 1669 2212 1736; x_wconf 67' lang='lat' dir='ltr'><strong>prmgrediens</strong></span> <span class='ocrx_word' id='word_1_193' title='bbox 2234 1668 2494 1734; x_wconf 80' lang='lat' dir='ltr'><strong>narratio,</strong></span> <span class='ocrx_word' id='word_1_194' title='bbox 2534 1669 2866 1723; x_wconf 84' lang='lat' dir='ltr'><strong>obscuritate</strong></span> <span class='ocrx_word' id='word_1_195' title='bbox 2889 1668 3053 1722; x_wconf 88' lang='lat' dir='ltr'><strong>multa</strong></span> <span class='ocrx_word' id='word_1_196' title='bbox 3109 1668 3429 1724; x_wconf 89' lang='lat' dir='ltr'><strong>obumbrata</strong></span> 
     </span>
    </p>
   </div>
   <div class='ocr_carea' id='block_1_26' title="bbox 156 1758 1742 1837">
    <p class='ocr_par' dir='ltr' id='par_1_26' title="bbox 156 1764 1742 1837">
     <span class='ocr_line' id='line_1_26' title="bbox 156 1764 1742 1837; baseline -0.001 -20"><span class='ocrx_word' id='word_1_197' title='bbox 156 1766 412 1835; x_wconf 71' lang='grc' dir='ltr'><strong>δύναμις⁸</strong></span> <span class='ocrx_word' id='word_1_198' title='bbox 449 1766 746 1836; x_wconf 81' lang='grc' dir='ltr'>πεποίηται</span> <span class='ocrx_word' id='word_1_199' title='bbox 773 1767 869 1836; x_wconf 85' lang='grc' dir='ltr'>μὲν</span> <span class='ocrx_word' id='word_1_200' title='bbox 900 1766 1006 1836; x_wconf 83' lang='grc' dir='ltr'>γὰρ</span> <span class='ocrx_word' id='word_1_201' title='bbox 1036 1766 1109 1829; x_wconf 84' lang='grc' dir='ltr'>ὡς</span> <span class='ocrx_word' id='word_1_202' title='bbox 1135 1764 1193 1831; x_wconf 81' lang='grc' dir='ltr'>ἐξ</span> <span class='ocrx_word' id='word_1_203' title='bbox 1214 1765 1526 1837; x_wconf 81' lang='grc' dir='ltr'>ὁμοιότητός</span> <span class='ocrx_word' id='word_1_204' title='bbox 1554 1782 1610 1818; x_wconf 91' lang='grc' dir='ltr'><strong>τε</strong></span> <span class='ocrx_word' id='word_1_205' title='bbox 1662 1767 1742 1819; x_wconf 68' lang='grc' dir='ltr'>καῚ</span> 
     </span>
    </p>
   </div>
   <div class='ocr_carea' id='block_1_27' title="bbox 1843 1758 3431 1837">
    <p class='ocr_par' dir='ltr' id='par_1_27' title="bbox 1855 1758 3431 1829">
     <span class='ocr_line' id='line_1_27' title="bbox 1855 1758 3431 1829; baseline 0.003 -21"><span class='ocrx_word' id='word_1_206' title='bbox 1855 1758 2171 1827; x_wconf 79' lang='lat' dir='ltr'><strong>accipiatur.</strong></span> <span class='ocrx_word' id='word_1_207' title='bbox 2244 1760 2467 1813; x_wconf 82' lang='lat' dir='ltr'><strong>Constat</strong></span> <span class='ocrx_word' id='word_1_208' title='bbox 2508 1759 2649 1813; x_wconf 89' lang='lat' dir='ltr'><strong>enim</strong></span> <span class='ocrx_word' id='word_1_209' title='bbox 2704 1760 3054 1813; x_wconf 86' lang='lat' dir='ltr'><strong>similitudine</strong></span> <span class='ocrx_word' id='word_1_210' title='bbox 3094 1762 3321 1829; x_wconf 87' lang='lat' dir='ltr'><strong>quadam</strong></span> <span class='ocrx_word' id='word_1_211' title='bbox 3374 1770 3431 1816; x_wconf 88' lang='lat' dir='ltr'><strong>et</strong></span> 
     </span>
    </p>
   </div>
   <div class='ocr_carea' id='block_1_28' title="bbox 164 1850 1742 1927">
    <p class='ocr_par' dir='ltr' id='par_1_28' title="bbox 164 1854 1742 1927">
     <span class='ocr_line' id='line_1_28' title="bbox 164 1854 1742 1927; baseline -0.001 -17"><span class='ocrx_word' id='word_1_212' title='bbox 164 1856 491 1927; x_wconf 80' lang='grc' dir='ltr'>μεταφορᾶς</span> <span class='ocrx_word' id='word_1_213' title='bbox 529 1860 557 1909; x_wconf 86' lang='lat'><strong>6</strong></span> <span class='ocrx_word' id='word_1_214' title='bbox 587 1856 763 1925; x_wconf 89' lang='grc' dir='ltr'>λόγος,</span> <span class='ocrx_word' id='word_1_215' title='bbox 805 1856 900 1909; x_wconf 79' lang='grc' dir='ltr'>καὶ</span> <span class='ocrx_word' id='word_1_216' title='bbox 932 1854 1007 1919; x_wconf 81' lang='grc' dir='ltr'>ὡς</span> <span class='ocrx_word' id='word_1_217' title='bbox 1049 1857 1112 1909; x_wconf 83' lang='grc' dir='ltr'>ἐκ</span> <span class='ocrx_word' id='word_1_218' title='bbox 1139 1855 1231 1909; x_wconf 89' lang='grc' dir='ltr'><strong>τοῦ</strong></span> <span class='ocrx_word' id='word_1_219' title='bbox 1263 1856 1566 1926; x_wconf 81' lang='grc' dir='ltr'>πεφυκότος</span> <span class='ocrx_word' id='word_1_220' title='bbox 1616 1874 1742 1927; x_wconf 85' lang='grc' dir='ltr'>συμ-</span> 
     </span>
    </p>
   </div>
   <div class='ocr_carea' id='block_1_29' title="bbox 1843 1850 3430 1927">
    <p class='ocr_par' dir='ltr' id='par_1_29' title="bbox 1854 1850 3430 1920">
     <span class='ocr_line' id='line_1_29' title="bbox 1854 1850 3430 1920; baseline 0.003 -18"><span class='ocrx_word' id='word_1_221' title='bbox 1854 1851 2167 1919; x_wconf 87' lang='lat' dir='ltr'><strong>metaphora</strong></span> <span class='ocrx_word' id='word_1_222' title='bbox 2187 1851 2386 1916; x_wconf 86' lang='lat' dir='ltr'><strong>oratio,</strong></span> <span class='ocrx_word' id='word_1_223' title='bbox 2413 1865 2510 1905; x_wconf 89' lang='lat' dir='ltr'><strong>ceu</strong></span> <span class='ocrx_word' id='word_1_224' title='bbox 2540 1864 2604 1905; x_wconf 78' lang='lat' dir='ltr'><strong>ex</strong></span> <span class='ocrx_word' id='word_1_225' title='bbox 2626 1865 2690 1905; x_wconf 91' lang='lat' dir='ltr'><strong>eo</strong></span> <span class='ocrx_word' id='word_1_226' title='bbox 2709 1853 2849 1919; x_wconf 86' lang='lat' dir='ltr'><strong>quod</strong></span> <span class='ocrx_word' id='word_1_227' title='bbox 2880 1865 3259 1920; x_wconf 84' lang='lat' dir='ltr'><strong>nonnunquam</strong></span> <span class='ocrx_word' id='word_1_228' title='bbox 3285 1850 3430 1920; x_wconf 82' lang='lat' dir='ltr'><strong>jugis</strong></span> 
     </span>
    </p>
   </div>
   <div class='ocr_carea' id='block_1_30' title="bbox 161 1941 1742 2017">
    <p class='ocr_par' dir='ltr' id='par_1_30' title="bbox 161 1946 1742 2017">
     <span class='ocr_line' id='line_1_30' title="bbox 161 1946 1742 2017; baseline 0.001 -19"><span class='ocrx_word' id='word_1_229' title='bbox 161 1946 369 1999; x_wconf 76' lang='grc' dir='ltr'>ϐαίνειν</span> <span class='ocrx_word' id='word_1_230' title='bbox 407 1949 536 2008; x_wconf 82' lang='grc' dir='ltr'>ταῖς</span> <span class='ocrx_word' id='word_1_231' title='bbox 575 1947 902 2017; x_wconf 72' lang='grc' dir='ltr'>εὖπρέμνοις</span> <span class='ocrx_word' id='word_1_232' title='bbox 934 1946 1043 1999; x_wconf 84' lang='grc' dir='ltr'><strong>τῶν</strong></span> <span class='ocrx_word' id='word_1_233' title='bbox 1078 1946 1218 2016; x_wconf 81' lang='grc' dir='ltr'>δρῶν</span> <span class='ocrx_word' id='word_1_234' title='bbox 1261 1949 1542 2017; x_wconf 82' lang='grc' dir='ltr'>κορυφαῖς,</span> <span class='ocrx_word' id='word_1_235' title='bbox 1574 1947 1605 2017; x_wconf 82' lang='grc' dir='ltr'>ἢ</span> <span class='ocrx_word' id='word_1_236' title='bbox 1641 1950 1742 2011; x_wconf 88' lang='grc' dir='ltr'>τοῖς</span> 
     </span>
    </p>
   </div>
   <div class='ocr_carea' id='block_1_31' title="bbox 1843 1941 3429 2017">
    <p class='ocr_par' dir='ltr' id='par_1_31' title="bbox 1854 1941 3429 2012">
     <span class='ocr_line' id='line_1_31' title="bbox 1854 1941 3429 2012; baseline 0.004 -20"><span class='ocrx_word' id='word_1_237' title='bbox 1854 1943 2114 1994; x_wconf 89' lang='lat' dir='ltr'><strong>montium</strong></span> <span class='ocrx_word' id='word_1_238' title='bbox 2134 1943 2372 1997; x_wconf 89' lang='lat' dir='ltr'><strong>arbustis</strong></span> <span class='ocrx_word' id='word_1_239' title='bbox 2434 1941 2770 2008; x_wconf 83' lang='lat' dir='ltr'><strong>ﬂorentibus,</strong></span> <span class='ocrx_word' id='word_1_240' title='bbox 2821 1951 2917 1996; x_wconf 90' lang='lat' dir='ltr'><strong>aut</strong></span> <span class='ocrx_word' id='word_1_241' title='bbox 2959 1944 3166 2012; x_wconf 85' lang='lat' dir='ltr'><strong>campis</strong></span> <span class='ocrx_word' id='word_1_242' title='bbox 3215 1944 3429 1999; x_wconf 84' lang='lat' dir='ltr'><strong>nudatis</strong></span> 
     </span>
    </p>
   </div>
   <div class='ocr_carea' id='block_1_32' title="bbox 159 2031 1742 2108">
    <p class='ocr_par' dir='ltr' id='par_1_32' title="bbox 159 2036 1742 2108">
     <span class='ocr_line' id='line_1_32' title="bbox 159 2036 1742 2108; baseline -0.001 -18"><span class='ocrx_word' id='word_1_243' title='bbox 159 2036 530 2107; x_wconf 68' lang='grc' dir='ltr'>ἑψιλωμένοις</span> <span class='ocrx_word' id='word_1_244' title='bbox 554 2037 663 2089; x_wconf 81' lang='grc' dir='ltr'><strong>τῶν</strong></span> <span class='ocrx_word' id='word_1_245' title='bbox 696 2037 892 2090; x_wconf 81' lang='grc' dir='ltr'>πεδίων</span> <span class='ocrx_word' id='word_1_246' title='bbox 917 2036 1028 2089; x_wconf 82' lang='grc' dir='ltr'>ἔσθ’</span> <span class='ocrx_word' id='word_1_247' title='bbox 1065 2038 1174 2091; x_wconf 82' lang='grc' dir='ltr'>ὅτε.</span> <span class='ocrx_word' id='word_1_248' title='bbox 1199 2039 1336 2108; x_wconf 86' lang='grc' dir='ltr'><strong>Ὀρη</strong></span> <span class='ocrx_word' id='word_1_249' title='bbox 1365 2036 1464 2107; x_wconf 83' lang='grc' dir='ltr'>μὲν</span> <span class='ocrx_word' id='word_1_250' title='bbox 1496 2037 1605 2108; x_wconf 82' lang='grc' dir='ltr'>γὰρ</span> <span class='ocrx_word' id='word_1_251' title='bbox 1632 2038 1742 2090; x_wconf 84' lang='grc' dir='ltr'>καί·</span> 
     </span>
    </p>
   </div>
   <div class='ocr_carea' id='block_1_33' title="bbox 1843 2031 3430 2108">
    <p class='ocr_par' dir='ltr' id='par_1_33' title="bbox 1854 2031 3430 2101">
     <span class='ocr_line' id='line_1_33' title="bbox 1854 2031 3430 2101; baseline 0.006 -18"><span class='ocrx_word' id='word_1_252' title='bbox 1854 2031 1988 2085; x_wconf 89' lang='lat' dir='ltr'><strong>solet</strong></span> <span class='ocrx_word' id='word_1_253' title='bbox 2009 2032 2244 2087; x_wconf 84' lang='lat' dir='ltr'><strong>evenire.</strong></span> <span class='ocrx_word' id='word_1_254' title='bbox 2272 2032 2478 2088; x_wconf 87' lang='lat' dir='ltr'><strong>Montes</strong></span> <span class='ocrx_word' id='word_1_255' title='bbox 2506 2034 2671 2098; x_wconf 89' lang='lat' dir='ltr'><strong>enim,</strong></span> <span class='ocrx_word' id='word_1_256' title='bbox 2700 2033 2948 2101; x_wconf 84' lang='lat' dir='ltr'><strong>quamvis</strong></span> <span class='ocrx_word' id='word_1_257' title='bbox 2995 2034 3147 2089; x_wconf 88' lang='lat' dir='ltr'><strong>silvis</strong></span> <span class='ocrx_word' id='word_1_258' title='bbox 3192 2046 3248 2091; x_wconf 89' lang='lat' dir='ltr'><strong>et</strong></span> <span class='ocrx_word' id='word_1_259' title='bbox 3275 2035 3430 2092; x_wconf 87' lang='lat' dir='ltr'><strong>arbo.</strong></span> 
     </span>
    </p>
   </div>
   <div class='ocr_carea' id='block_1_34' title="bbox 163 2124 1749 2200">
    <p class='ocr_par' dir='ltr' id='par_1_34' title="bbox 163 2124 1749 2200">
     <span class='ocr_line' id='line_1_34' title="bbox 163 2124 1749 2200; baseline -0.001 -18"><span class='ocrx_word' id='word_1_260' title='bbox 163 2147 241 2182; x_wconf 83' lang='grc' dir='ltr'><strong>τοι</strong></span> <span class='ocrx_word' id='word_1_261' title='bbox 268 2129 507 2200; x_wconf 76' lang='grc' dir='ltr'>δρυμοῖς</span> <span class='ocrx_word' id='word_1_262' title='bbox 534 2128 809 2199; x_wconf 85' lang='grc' dir='ltr'>κομῶντα,</span> <span class='ocrx_word' id='word_1_263' title='bbox 838 2129 930 2181; x_wconf 72' lang='grc' dir='ltr'><strong>καὶ</strong></span> <span class='ocrx_word' id='word_1_264' title='bbox 959 2128 1157 2194; x_wconf 79' lang='grc' dir='ltr'>ξύλοις,</span> <span class='ocrx_word' id='word_1_265' title='bbox 1203 2126 1391 2190; x_wconf 85' lang='grc' dir='ltr'>πεδιὰς</span> <span class='ocrx_word' id='word_1_266' title='bbox 1429 2127 1486 2180; x_wconf 81' lang='grc' dir='ltr'>δὲ</span> <span class='ocrx_word' id='word_1_267' title='bbox 1520 2124 1586 2181; x_wconf 81' lang='grc' dir='ltr'><strong>αὖ</strong></span> <span class='ocrx_word' id='word_1_268' title='bbox 1623 2128 1749 2181; x_wconf 85' lang='grc' dir='ltr'>πολ-</span> 
     </span>
    </p>
   </div>
   <div class='ocr_carea' id='block_1_35' title="bbox 162 2218 1750 2291">
    <p class='ocr_par' dir='ltr' id='par_1_35' title="bbox 162 2218 1750 2291">
     <span class='ocr_line' id='line_1_35' title="bbox 162 2218 1750 2291; baseline 0 -20"><span class='ocrx_word' id='word_1_269' title='bbox 162 2219 226 2290; x_wconf 77' lang='grc' dir='ltr'>λῇ</span> <span class='ocrx_word' id='word_1_270' title='bbox 252 2220 348 2273; x_wconf 73' lang='grc' dir='ltr'><strong>καὶ</strong></span> <span class='ocrx_word' id='word_1_271' title='bbox 376 2218 695 2289; x_wconf 79' lang='grc' dir='ltr'>ἀμφιλαφεῖ</span> <span class='ocrx_word' id='word_1_272' title='bbox 715 2221 781 2289; x_wconf 76' lang='grc' dir='ltr'>τῇ</span> <span class='ocrx_word' id='word_1_273' title='bbox 814 2219 920 2291; x_wconf 76' lang='grc' dir='ltr'><strong>πόᾳ</strong></span> <span class='ocrx_word' id='word_1_274' title='bbox 965 2220 1402 2290; x_wconf 81' lang='grc' dir='ltr'>κατεστεμμένη,</span> <span class='ocrx_word' id='word_1_275' title='bbox 1458 2219 1750 2287; x_wconf 83' lang='grc' dir='ltr'>καταφθεί-</span> 
     </span>
    </p>
   </div>
   <div class='ocr_carea' id='block_1_36' title="bbox 170 2304 1748 2379">
    <p class='ocr_par' dir='ltr' id='par_1_36' title="bbox 170 2304 1748 2379">
     <span class='ocr_line' id='line_1_36' title="bbox 170 2304 1748 2379; baseline 0.001 -20"><span class='ocrx_word' id='word_1_276' title='bbox 170 2309 349 2379; x_wconf 82' lang='grc' dir='ltr'>ροντός</span> <span class='ocrx_word' id='word_1_277' title='bbox 376 2307 589 2376; x_wconf 86' lang='grc' dir='ltr'>τινοςῆ</span> <span class='ocrx_word' id='word_1_278' title='bbox 616 2304 807 2376; x_wconf 81' lang='grc' dir='ltr'>λοιμοῦ</span> <span class='ocrx_word' id='word_1_279' title='bbox 858 2307 1051 2376; x_wconf 82' lang='grc' dir='ltr'>τυχὸν,</span> <span class='ocrx_word' id='word_1_280' title='bbox 1086 2307 1257 2377; x_wconf 80' lang='grc' dir='ltr'>ήγουν</span> <span class='ocrx_word' id='word_1_281' title='bbox 1300 2308 1486 2378; x_wconf 79' lang='grc' dir='ltr'>ἐτέρου</span> <span class='ocrx_word' id='word_1_282' title='bbox 1519 2324 1612 2360; x_wconf 88' lang='grc' dir='ltr'><strong>του</strong></span> <span class='ocrx_word' id='word_1_283' title='bbox 1640 2309 1748 2361; x_wconf 82' lang='grc' dir='ltr'><strong>τῶν</strong></span> 
     </span>
    </p>
   </div>
   <div class='ocr_carea' id='block_1_37' title="bbox 166 2399 1747 2471">
    <p class='ocr_par' dir='ltr' id='par_1_37' title="bbox 166 2399 1747 2471">
     <span class='ocr_line' id='line_1_37' title="bbox 166 2399 1747 2471; baseline 0.001 -19"><span class='ocrx_word' id='word_1_284' title='bbox 166 2400 223 2465; x_wconf 73' lang='grc' dir='ltr'><strong>ἐξ</strong></span> <span class='ocrx_word' id='word_1_285' title='bbox 244 2399 407 2471; x_wconf 83' lang='grc' dir='ltr'>ἀέρος</span> <span class='ocrx_word' id='word_1_286' title='bbox 438 2399 917 2469; x_wconf 64' lang='grc' dir='ltr'>ἀρρωστημάτων,</span> <span class='ocrx_word' id='word_1_287' title='bbox 964 2400 1242 2469; x_wconf 81' lang='grc' dir='ltr'>ἀδοκήτως</span> <span class='ocrx_word' id='word_1_288' title='bbox 1283 2400 1581 2454; x_wconf 81' lang='grc' dir='ltr'>αὑαίνεται.</span> <span class='ocrx_word' id='word_1_289' title='bbox 1621 2403 1747 2454; x_wconf 90' lang='grc' dir='ltr'>Δια-</span> 
     </span>
    </p>
   </div>
   <div class='ocr_carea' id='block_1_38' title="bbox 169 2489 1749 2565">
    <p class='ocr_par' dir='ltr' id='par_1_38' title="bbox 169 2489 1749 2565">
     <span class='ocr_line' id='line_1_38' title="bbox 169 2489 1749 2565; baseline 0.001 -20"><span class='ocrx_word' id='word_1_290' title='bbox 169 2492 352 2545; x_wconf 77' lang='grc' dir='ltr'>πίπτει</span> <span class='ocrx_word' id='word_1_291' title='bbox 380 2490 439 2544; x_wconf 68' lang='grc' dir='ltr'>δὶ</span> <span class='ocrx_word' id='word_1_292' title='bbox 464 2489 612 2543; x_wconf 86' lang='grc' dir='ltr'>οῦτω</span> <span class='ocrx_word' id='word_1_293' title='bbox 635 2493 727 2545; x_wconf 81' lang='grc' dir='ltr'><strong>καὶ</strong></span> <span class='ocrx_word' id='word_1_294' title='bbox 752 2491 821 2545; x_wconf 83' lang='grc' dir='ltr'>τὰ</span> <span class='ocrx_word' id='word_1_295' title='bbox 847 2490 1186 2562; x_wconf 85' lang='grc' dir='ltr'>ἀνθρώπινα,</span> <span class='ocrx_word' id='word_1_296' title='bbox 1218 2491 1313 2545; x_wconf 74' lang='grc' dir='ltr'>καὶ</span> <span class='ocrx_word' id='word_1_297' title='bbox 1335 2496 1749 2565; x_wconf 80' lang='grc' dir='ltr'>κατασκήπτου-</span> 
     </span>
    </p>
   </div>
   <div class='ocr_carea' id='block_1_39' title="bbox 171 2582 1746 2655">
    <p class='ocr_par' dir='ltr' id='par_1_39' title="bbox 171 2582 1746 2655">
     <span class='ocr_line' id='line_1_39' title="bbox 171 2582 1746 2655; baseline 0.003 -19"><span class='ocrx_word' id='word_1_298' title='bbox 171 2600 247 2636; x_wconf 90' lang='grc' dir='ltr'><strong>σιν</strong></span> <span class='ocrx_word' id='word_1_299' title='bbox 268 2582 381 2636; x_wconf 63' lang='grc' dir='ltr'>ἔσθ’</span> <span class='ocrx_word' id='word_1_300' title='bbox 404 2584 499 2636; x_wconf 79' lang='grc' dir='ltr'>ὅτε</span> <span class='ocrx_word' id='word_1_301' title='bbox 530 2582 738 2636; x_wconf 86' lang='grc' dir='ltr'>πόλεων</span> <span class='ocrx_word' id='word_1_302' title='bbox 766 2585 860 2637; x_wconf 73' lang='grc' dir='ltr'>καὶ</span> <span class='ocrx_word' id='word_1_303' title='bbox 887 2585 1079 2655; x_wconf 81' lang='grc' dir='ltr'>χωρῶν</span> <span class='ocrx_word' id='word_1_304' title='bbox 1104 2586 1321 2655; x_wconf 87' lang='grc' dir='ltr'>πικραὶ,</span> <span class='ocrx_word' id='word_1_305' title='bbox 1358 2587 1450 2640; x_wconf 79' lang='grc' dir='ltr'><strong>καὶ</strong></span> <span class='ocrx_word' id='word_1_306' title='bbox 1477 2586 1746 2640; x_wconf 78' lang='grc' dir='ltr'>δύσοιστοι</span> 
     </span>
    </p>
   </div>
   <div class='ocr_carea' id='block_1_40' title="bbox 173 2672 1747 2748">
    <p class='ocr_par' dir='ltr' id='par_1_40' title="bbox 173 2672 1747 2748">
     <span class='ocr_line' id='line_1_40' title="bbox 173 2672 1747 2748; baseline 0.001 -22"><span class='ocrx_word' id='word_1_307' title='bbox 173 2672 466 2744; x_wconf 69' lang='grc' dir='ltr'>συμφοραὶ,</span> <span class='ocrx_word' id='word_1_308' title='bbox 494 2672 857 2737; x_wconf 82' lang='grc' dir='ltr'>διολλύουσαι,</span> <span class='ocrx_word' id='word_1_309' title='bbox 894 2673 991 2727; x_wconf 79' lang='grc' dir='ltr'><strong>καί</strong></span> <span class='ocrx_word' id='word_1_310' title='bbox 1032 2674 1493 2746; x_wconf 84' lang='grc' dir='ltr'>καταφθείρουσαι</span> <span class='ocrx_word' id='word_1_311' title='bbox 1554 2675 1747 2748; x_wconf 81' lang='grc' dir='ltr'>μικρόν</span> 
     </span>
    </p>
   </div>
   <div class='ocr_carea' id='block_1_41' title="bbox 169 2763 1741 2837">
    <p class='ocr_par' dir='ltr' id='par_1_41' title="bbox 169 2763 1741 2837">
     <span class='ocr_line' id='line_1_41' title="bbox 169 2763 1741 2837; baseline 0.001 -21"><span class='ocrx_word' id='word_1_312' title='bbox 169 2781 223 2816; x_wconf 80' lang='grc' dir='ltr'><strong>τε</strong></span> <span class='ocrx_word' id='word_1_313' title='bbox 251 2764 344 2817; x_wconf 72' lang='grc' dir='ltr'>καὶ</span> <span class='ocrx_word' id='word_1_314' title='bbox 367 2764 569 2834; x_wconf 86' lang='grc' dir='ltr'>μέγαν.</span> <span class='ocrx_word' id='word_1_315' title='bbox 608 2764 763 2828; x_wconf 80' lang='grc' dir='ltr'>Τίνος</span> <span class='ocrx_word' id='word_1_316' title='bbox 780 2765 890 2833; x_wconf 84' lang='grc' dir='ltr'>γὰρ</span> <span class='ocrx_word' id='word_1_317' title='bbox 917 2763 985 2817; x_wconf 76' lang='grc' dir='ltr'>ἂν</span> <span class='ocrx_word' id='word_1_318' title='bbox 1006 2765 1254 2834; x_wconf 86' lang='grc' dir='ltr'>φείσαιτο</span> <span class='ocrx_word' id='word_1_319' title='bbox 1280 2765 1553 2837; x_wconf 85' lang='grc' dir='ltr'>πολεμίων</span> <span class='ocrx_word' id='word_1_320' title='bbox 1571 2764 1741 2835; x_wconf 80' lang='grc' dir='ltr'>ξίφος,</span> 
     </span>
    </p>
   </div>
   <div class='ocr_carea' id='block_1_42' title="bbox 173 2853 1745 2929">
    <p class='ocr_par' dir='ltr' id='par_1_42' title="bbox 173 2853 1745 2929">
     <span class='ocr_line' id='line_1_42' title="bbox 173 2853 1745 2929; baseline 0.002 -21"><span class='ocrx_word' id='word_1_321' title='bbox 173 2854 226 2924; x_wconf 76' lang='grc' dir='ltr'><strong>ἢ,</strong></span> <span class='ocrx_word' id='word_1_322' title='bbox 252 2853 380 2925; x_wconf 81' lang='grc' dir='ltr'>φέρε</span> <span class='ocrx_word' id='word_1_323' title='bbox 403 2857 607 2917; x_wconf 84' lang='grc' dir='ltr'>εἰπεῖν,</span> <span class='ocrx_word' id='word_1_324' title='bbox 631 2854 817 2925; x_wconf 80' lang='grc' dir='ltr'>λοιμός</span> <span class='ocrx_word' id='word_1_325' title='bbox 840 2873 855 2921; x_wconf 89' lang='grc'><strong>;</strong></span> <span class='ocrx_word' id='word_1_326' title='bbox 886 2854 1091 2927; x_wconf 83' lang='grc' dir='ltr'>Ἀρδην</span> <span class='ocrx_word' id='word_1_327' title='bbox 1128 2857 1410 2929; x_wconf 82' lang='grc' dir='ltr'>ἀποκείρει</span> <span class='ocrx_word' id='word_1_328' title='bbox 1440 2859 1534 2911; x_wconf 74' lang='grc' dir='ltr'>καὶ</span> <span class='ocrx_word' id='word_1_329' title='bbox 1559 2859 1652 2911; x_wconf 89' lang='grc' dir='ltr'><strong>τὸν</strong></span> <span class='ocrx_word' id='word_1_330' title='bbox 1687 2860 1745 2911; x_wconf 80' lang='grc' dir='ltr'>ἐν</span> 
     </span>
    </p>
   </div>
   <div class='ocr_carea' id='block_1_43' title="bbox 172 2946 1743 3021">
    <p class='ocr_par' dir='ltr' id='par_1_43' title="bbox 172 2946 1743 3021">
     <span class='ocr_line' id='line_1_43' title="bbox 172 2946 1743 3021; baseline 0.005 -24"><span class='ocrx_word' id='word_1_331' title='bbox 172 2946 399 3018; x_wconf 77' lang='grc' dir='ltr'>πλούτῳ,</span> <span class='ocrx_word' id='word_1_332' title='bbox 447 2949 549 3003; x_wconf 80' lang='grc' dir='ltr'>καὶ</span> <span class='ocrx_word' id='word_1_333' title='bbox 603 2948 805 3015; x_wconf 78' lang='grc' dir='ltr'>δόξαις,</span> <span class='ocrx_word' id='word_1_334' title='bbox 855 2950 950 3003; x_wconf 77' lang='grc' dir='ltr'><strong>καὶ</strong></span> <span class='ocrx_word' id='word_1_335' title='bbox 978 2949 1316 3014; x_wconf 87' lang='grc' dir='ltr'>δυναστείαις</span> <span class='ocrx_word' id='word_1_336' title='bbox 1352 2950 1608 3021; x_wconf 78' lang='grc' dir='ltr'>διαφανῆ,</span> <span class='ocrx_word' id='word_1_337' title='bbox 1648 2952 1743 3005; x_wconf 72' lang='grc' dir='ltr'><strong>καὶ</strong></span> 
     </span>
    </p>
   </div>
   <div class='ocr_carea' id='block_1_44' title="bbox 1853 2119 3428 2193">
    <p class='ocr_par' dir='ltr' id='par_1_44' title="bbox 1853 2119 3428 2193">
     <span class='ocr_line' id='line_1_44' title="bbox 1853 2119 3428 2193; baseline 0.004 -21"><span class='ocrx_word' id='word_1_338' title='bbox 1853 2119 2000 2174; x_wconf 91' lang='lat' dir='ltr'><strong>ribus</strong></span> <span class='ocrx_word' id='word_1_339' title='bbox 2025 2122 2245 2186; x_wconf 86' lang='lat' dir='ltr'><strong>comati,</strong></span> <span class='ocrx_word' id='word_1_340' title='bbox 2276 2130 2330 2176; x_wconf 90' lang='lat' dir='ltr'><strong>et</strong></span> <span class='ocrx_word' id='word_1_341' title='bbox 2357 2121 2610 2191; x_wconf 84' lang='lat' dir='ltr'><strong>planities</strong></span> <span class='ocrx_word' id='word_1_342' title='bbox 2645 2122 2811 2177; x_wconf 88' lang='lat' dir='ltr'><strong>multo</strong></span> <span class='ocrx_word' id='word_1_343' title='bbox 2863 2133 2917 2177; x_wconf 89' lang='lat' dir='ltr'><strong>et</strong></span> <span class='ocrx_word' id='word_1_344' title='bbox 2964 2124 3131 2178; x_wconf 88' lang='lat' dir='ltr'><strong>denso</strong></span> <span class='ocrx_word' id='word_1_345' title='bbox 3181 2127 3428 2193; x_wconf 76' lang='lat' dir='ltr'><strong>gramine</strong></span> 
     </span>
    </p>
   </div>
   <div class='ocr_carea' id='block_1_45' title="bbox 1850 2217 3426 2287">
    <p class='ocr_par' dir='ltr' id='par_1_45' title="bbox 1850 2217 3426 2287">
     <span class='ocr_line' id='line_1_45' title="bbox 1850 2217 3426 2287; baseline 0.003 -18"><span class='ocrx_word' id='word_1_346' title='bbox 1850 2217 2170 2281; x_wconf 84' lang='lat' dir='ltr'><strong>convestita,</strong></span> <span class='ocrx_word' id='word_1_347' title='bbox 2202 2226 2583 2285; x_wconf 87' lang='lat' dir='ltr'><strong>corrumpente</strong></span> <span class='ocrx_word' id='word_1_348' title='bbox 2608 2226 2701 2271; x_wconf 85' lang='lat' dir='ltr'><strong>aut</strong></span> <span class='ocrx_word' id='word_1_349' title='bbox 2747 2228 2895 2287; x_wconf 81' lang='lat' dir='ltr'><strong>peSIe</strong></span> <span class='ocrx_word' id='word_1_350' title='bbox 2940 2217 3188 2282; x_wconf 83' lang='lat' dir='ltr'><strong>fortasse,</strong></span> <span class='ocrx_word' id='word_1_351' title='bbox 3210 2219 3426 2273; x_wconf 87' lang='lat' dir='ltr'><strong>autalia</strong></span> 
     </span>
    </p>
   </div>
   <div class='ocr_carea' id='block_1_46' title="bbox 1850 2300 3429 2372">
    <p class='ocr_par' dir='ltr' id='par_1_46' title="bbox 1850 2300 3429 2372">
     <span class='ocr_line' id='line_1_46' title="bbox 1850 2300 3429 2372; baseline 0.005 -20"><span class='ocrx_word' id='word_1_352' title='bbox 1850 2300 1971 2353; x_wconf 61' lang='lat' dir='ltr'><strong>caeli</strong></span> <span class='ocrx_word' id='word_1_353' title='bbox 1993 2300 2097 2367; x_wconf 92' lang='lat' dir='ltr'><strong>lue,</strong></span> <span class='ocrx_word' id='word_1_354' title='bbox 2119 2312 2339 2372; x_wconf 89' lang='lat' dir='ltr'><strong>repente</strong></span> <span class='ocrx_word' id='word_1_355' title='bbox 2367 2311 2710 2359; x_wconf 79' lang='lat' dir='ltr'><strong>exarescant.</strong></span> <span class='ocrx_word' id='word_1_356' title='bbox 2738 2304 2830 2359; x_wconf 91' lang='lat' dir='ltr'><strong>Sic</strong></span> <span class='ocrx_word' id='word_1_357' title='bbox 2859 2304 3021 2359; x_wconf 88' lang='lat' dir='ltr'><strong>etiam</strong></span> <span class='ocrx_word' id='word_1_358' title='bbox 3061 2320 3152 2360; x_wconf 84' lang='lat' dir='ltr'><strong>res</strong></span> <span class='ocrx_word' id='word_1_359' title='bbox 3177 2306 3429 2361; x_wconf 68' lang='lat' dir='ltr'><strong>humanae</strong></span> 
     </span>
    </p>
   </div>
   <div class='ocr_carea' id='block_1_47' title="bbox 1849 2392 3428 2467">
    <p class='ocr_par' dir='ltr' id='par_1_47' title="bbox 1849 2392 3428 2467">
     <span class='ocr_line' id='line_1_47' title="bbox 1849 2392 3428 2467; baseline 0.007 -22"><span class='ocrx_word' id='word_1_360' title='bbox 1849 2392 2178 2462; x_wconf 86' lang='lat' dir='ltr'><strong>dilabuntur,</strong></span> <span class='ocrx_word' id='word_1_361' title='bbox 2204 2403 2257 2449; x_wconf 91' lang='lat' dir='ltr'><strong>et</strong></span> <span class='ocrx_word' id='word_1_362' title='bbox 2309 2396 2577 2451; x_wconf 83' lang='lat' dir='ltr'><strong>interdum</strong></span> <span class='ocrx_word' id='word_1_363' title='bbox 2628 2397 2793 2453; x_wconf 88' lang='lat' dir='ltr'><strong>urbes</strong></span> <span class='ocrx_word' id='word_1_364' title='bbox 2847 2413 2910 2454; x_wconf 89' lang='lat' dir='ltr'><strong>ac</strong></span> <span class='ocrx_word' id='word_1_365' title='bbox 2942 2400 3187 2467; x_wconf 79' lang='lat' dir='ltr'><strong>regiones</strong></span> <span class='ocrx_word' id='word_1_366' title='bbox 3217 2401 3428 2456; x_wconf 71' lang='lat' dir='ltr'><strong>acerbas</strong></span> 
     </span>
    </p>
   </div>
   <div class='ocr_carea' id='block_1_48' title="bbox 1848 2485 3426 2562">
    <p class='ocr_par' dir='ltr' id='par_1_48' title="bbox 1848 2485 3426 2562">
     <span class='ocr_line' id='line_1_48' title="bbox 1848 2485 3426 2562; baseline 0.006 -25"><span class='ocrx_word' id='word_1_367' title='bbox 1848 2485 2185 2540; x_wconf 87' lang='lat' dir='ltr'><strong>calamitates</strong></span> <span class='ocrx_word' id='word_1_368' title='bbox 2212 2496 2265 2541; x_wconf 89' lang='lat' dir='ltr'><strong>et</strong></span> <span class='ocrx_word' id='word_1_369' title='bbox 2303 2489 2389 2542; x_wconf 78' lang='lat' dir='ltr'><strong>vix</strong></span> <span class='ocrx_word' id='word_1_370' title='bbox 2413 2488 2717 2543; x_wconf 80' lang='lat' dir='ltr'><strong>tolerabiles</strong></span> <span class='ocrx_word' id='word_1_371' title='bbox 2743 2490 3068 2558; x_wconf 81' lang='lat' dir='ltr'><strong>opprimunt,</strong></span> <span class='ocrx_word' id='word_1_372' title='bbox 3093 2505 3211 2560; x_wconf 76' lang='lat' dir='ltr'><strong>qua:</strong></span> <span class='ocrx_word' id='word_1_373' title='bbox 3234 2508 3426 2562; x_wconf 75' lang='lat' dir='ltr'><strong>magna</strong></span> 
     </span>
    </p>
   </div>
   <div class='ocr_carea' id='block_1_49' title="bbox 1842 2575 3425 2648">
    <p class='ocr_par' dir='ltr' id='par_1_49' title="bbox 1842 2575 3425 2648">
     <span class='ocr_line' id='line_1_49' title="bbox 1842 2575 3425 2648; baseline 0.008 -22"><span class='ocrx_word' id='word_1_374' title='bbox 1842 2575 1992 2645; x_wconf 81' lang='lat' dir='ltr'><strong>juxta</strong></span> <span class='ocrx_word' id='word_1_375' title='bbox 2024 2590 2086 2631; x_wconf 85' lang='lat' dir='ltr'><strong>ac</strong></span> <span class='ocrx_word' id='word_1_376' title='bbox 2108 2592 2272 2645; x_wconf 86' lang='lat' dir='ltr'><strong>parva</strong></span> <span class='ocrx_word' id='word_1_377' title='bbox 2303 2584 2548 2647; x_wconf 87' lang='lat' dir='ltr'><strong>perdunt,</strong></span> <span class='ocrx_word' id='word_1_378' title='bbox 2577 2591 2739 2648; x_wconf 88' lang='lat' dir='ltr'><strong>atque</strong></span> <span class='ocrx_word' id='word_1_379' title='bbox 2766 2596 2797 2634; x_wconf 80' lang='grc' dir='ltr'><strong>ο</strong></span> <span class='ocrx_word' id='word_1_380' title='bbox 2841 2582 3018 2636; x_wconf 88' lang='lat' dir='ltr'><strong>medio</strong></span> <span class='ocrx_word' id='word_1_381' title='bbox 3066 2583 3281 2638; x_wconf 89' lang='lat' dir='ltr'><strong>tollunt.</strong></span> <span class='ocrx_word' id='word_1_382' title='bbox 3326 2583 3425 2638; x_wconf 91' lang='lat' dir='ltr'><strong>Cui</strong></span> 
     </span>
    </p>
   </div>
   <div class='ocr_carea' id='block_1_50' title="bbox 1850 2666 3428 2742">
    <p class='ocr_par' dir='ltr' id='par_1_50' title="bbox 1850 2666 3428 2742">
     <span class='ocr_line' id='line_1_50' title="bbox 1850 2666 3428 2742; baseline 0.005 -22"><span class='ocrx_word' id='word_1_383' title='bbox 1850 2666 1994 2720; x_wconf 88' lang='lat' dir='ltr'><strong>enim</strong></span> <span class='ocrx_word' id='word_1_384' title='bbox 2023 2675 2114 2721; x_wconf 90' lang='lat' dir='ltr'><strong>aut</strong></span> <span class='ocrx_word' id='word_1_385' title='bbox 2138 2667 2352 2723; x_wconf 86' lang='lat' dir='ltr'><strong>hostilis</strong></span> <span class='ocrx_word' id='word_1_386' title='bbox 2373 2669 2601 2739; x_wconf 80' lang='lat' dir='ltr'><strong>gladius,</strong></span> <span class='ocrx_word' id='word_1_387' title='bbox 2624 2685 2828 2739; x_wconf 69' lang='lat' dir='ltr'><strong>quaeso,</strong></span> <span class='ocrx_word' id='word_1_388' title='bbox 2851 2682 2944 2725; x_wconf 84' lang='lat' dir='ltr'><strong>aut</strong></span> <span class='ocrx_word' id='word_1_389' title='bbox 2971 2674 3151 2741; x_wconf 85' lang='lat' dir='ltr'><strong>potius</strong></span> <span class='ocrx_word' id='word_1_390' title='bbox 3178 2676 3428 2742; x_wconf 85' lang='lat' dir='ltr'><strong>pestilen-</strong></span> 
     </span>
    </p>
   </div>
   <div class='ocr_carea' id='block_1_51' title="bbox 1848 2758 3428 2833">
    <p class='ocr_par' dir='ltr' id='par_1_51' title="bbox 1848 2758 3428 2833">
     <span class='ocr_line' id='line_1_51' title="bbox 1848 2758 3428 2833; baseline 0.006 -23"><span class='ocrx_word' id='word_1_391' title='bbox 1848 2758 1918 2810; x_wconf 86' lang='lat' dir='ltr'><strong>tia</strong></span> <span class='ocrx_word' id='word_1_392' title='bbox 1946 2759 2177 2827; x_wconf 87' lang='lat' dir='ltr'><strong>parcat?</strong></span> <span class='ocrx_word' id='word_1_393' title='bbox 2200 2759 2458 2814; x_wconf 86' lang='lat' dir='ltr'><strong>Funditus</strong></span> <span class='ocrx_word' id='word_1_394' title='bbox 2480 2760 2702 2815; x_wconf 88' lang='lat' dir='ltr'><strong>demetit</strong></span> <span class='ocrx_word' id='word_1_395' title='bbox 2748 2770 2855 2815; x_wconf 89' lang='lat' dir='ltr'><strong>tam</strong></span> <span class='ocrx_word' id='word_1_396' title='bbox 2906 2764 3125 2829; x_wconf 82' lang='lat' dir='ltr'><strong>divitiis,</strong></span> <span class='ocrx_word' id='word_1_397' title='bbox 3158 2765 3323 2833; x_wconf 78' lang='lat' dir='ltr'><strong>gloria</strong></span> <span class='ocrx_word' id='word_1_398' title='bbox 3370 2775 3428 2821; x_wconf 88' lang='lat' dir='ltr'><strong>et</strong></span> 
     </span>
    </p>
   </div>
   <div class='ocr_carea' id='block_1_52' title="bbox 1848 2851 3419 2925">
    <p class='ocr_par' dir='ltr' id='par_1_52' title="bbox 1848 2851 3419 2925">
     <span class='ocr_line' id='line_1_52' title="bbox 1848 2851 3419 2925; baseline 0.006 -23"><span class='ocrx_word' id='word_1_399' title='bbox 1848 2851 2086 2916; x_wconf 88' lang='lat' dir='ltr'><strong>potentia</strong></span> <span class='ocrx_word' id='word_1_400' title='bbox 2120 2852 2717 2920; x_wconf 68' lang='lat' dir='ltr'><strong>prmeellentem,quam</strong></span> <span class='ocrx_word' id='word_1_401' title='bbox 2764 2856 3051 2907; x_wconf 87' lang='lat' dir='ltr'><strong>obscurum</strong></span> <span class='ocrx_word' id='word_1_402' title='bbox 3099 2867 3263 2925; x_wconf 89' lang='lat' dir='ltr'><strong>atque</strong></span> <span class='ocrx_word' id='word_1_403' title='bbox 3320 2858 3419 2912; x_wconf 88' lang='lat' dir='ltr'><strong>ab-</strong></span> 
     </span>
    </p>
   </div>
   <div class='ocr_carea' id='block_1_53' title="bbox 1841 2940 3419 3013">
    <p class='ocr_par' dir='ltr' id='par_1_53' title="bbox 1841 2940 3419 3013">
     <span class='ocr_line' id='line_1_53' title="bbox 1841 2940 3419 3013; baseline 0.006 -18"><span class='ocrx_word' id='word_1_404' title='bbox 1841 2940 2067 3011; x_wconf 72' lang='lat' dir='ltr'><strong>iectum.</strong></span> <span class='ocrx_word' id='word_1_405' title='bbox 2099 2942 2365 3009; x_wconf 83' lang='lat' dir='ltr'><strong>Propheta</strong></span> <span class='ocrx_word' id='word_1_406' title='bbox 2394 2943 2721 3010; x_wconf 81' lang='lat' dir='ltr'><strong>igiturnunc</strong></span> <span class='ocrx_word' id='word_1_407' title='bbox 2767 2960 2927 3013; x_wconf 87' lang='lat' dir='ltr'><strong>quam</strong></span> <span class='ocrx_word' id='word_1_408' title='bbox 2970 2950 3419 3004; x_wconf 86' lang='lat' dir='ltr'><strong>accommodatis-</strong></span> 
     </span>
    </p>
   </div>
   <div class='ocr_carea' id='block_1_54' title="bbox 171 3032 1742 3113">
    <p class='ocr_par' dir='ltr' id='par_1_54' title="bbox 171 3037 1742 3113">
     <span class='ocr_line' id='line_1_54' title="bbox 171 3037 1742 3113; baseline 0.005 -24"><span class='ocrx_word' id='word_1_409' title='bbox 171 3037 257 3090; x_wconf 73' lang='grc' dir='ltr'>τὸν</span> <span class='ocrx_word' id='word_1_410' title='bbox 289 3037 503 3110; x_wconf 76' lang='grc' dir='ltr'>ἄσημόν</span> <span class='ocrx_word' id='word_1_411' title='bbox 560 3057 619 3093; x_wconf 89' lang='grc' dir='ltr'><strong>τε</strong></span> <span class='ocrx_word' id='word_1_412' title='bbox 672 3041 766 3094; x_wconf 75' lang='grc' dir='ltr'>καὶ</span> <span class='ocrx_word' id='word_1_413' title='bbox 802 3042 1259 3113; x_wconf 77' lang='grc' dir='ltr'>κατερριμμένον.</span> <span class='ocrx_word' id='word_1_414' title='bbox 1314 3043 1510 3110; x_wconf 81' lang='grc' dir='ltr'>Γέγονε</span> <span class='ocrx_word' id='word_1_415' title='bbox 1565 3044 1742 3097; x_wconf 84' lang='grc' dir='ltr'>τοίνυν</span> 
     </span>
    </p>
   </div>
   <div class='ocr_carea' id='block_1_55' title="bbox 1843 3032 3409 3113">
    <p class='ocr_par' dir='ltr' id='par_1_55' title="bbox 1845 3032 3409 3104">
     <span class='ocr_line' id='line_1_55' title="bbox 1845 3032 3409 3104; baseline 0.006 -17"><span class='ocrx_word' id='word_1_416' title='bbox 1845 3032 1983 3088; x_wconf 79' lang='lat' dir='ltr'><strong>sime</strong></span> <span class='ocrx_word' id='word_1_417' title='bbox 2009 3044 2264 3089; x_wconf 86' lang='lat' dir='ltr'><strong>consueta</strong></span> <span class='ocrx_word' id='word_1_418' title='bbox 2300 3033 2400 3088; x_wconf 90' lang='lat' dir='ltr'><strong>sibi</strong></span> <span class='ocrx_word' id='word_1_419' title='bbox 2438 3033 2645 3088; x_wconf 82' lang='lat' dir='ltr'><strong>locutus</strong></span> <span class='ocrx_word' id='word_1_420' title='bbox 2671 3044 2776 3090; x_wconf 89' lang='lat' dir='ltr'><strong>est.</strong></span> <span class='ocrx_word' id='word_1_421' title='bbox 2809 3037 3067 3093; x_wconf 85' lang='lat' dir='ltr'><strong>Pascebat</strong></span> <span class='ocrx_word' id='word_1_422' title='bbox 3086 3042 3227 3094; x_wconf 91' lang='lat' dir='ltr'><strong>enim</strong></span> <span class='ocrx_word' id='word_1_423' title='bbox 3254 3058 3409 3104; x_wconf 88' lang='lat' dir='ltr'><strong>oves,</strong></span> 
     </span>
    </p>
   </div>
   <div class='ocr_carea' id='block_1_56' title="bbox 173 3128 1743 3205">
    <p class='ocr_par' dir='ltr' id='par_1_56' title="bbox 173 3128 1743 3205">
     <span class='ocr_line' id='line_1_56' title="bbox 173 3128 1743 3205; baseline 0.006 -26"><span class='ocrx_word' id='word_1_424' title='bbox 173 3128 244 3197; x_wconf 85' lang='grc' dir='ltr'>τῷ</span> <span class='ocrx_word' id='word_1_425' title='bbox 267 3133 525 3203; x_wconf 77' lang='grc' dir='ltr'>προφήτῃ</span> <span class='ocrx_word' id='word_1_426' title='bbox 549 3132 665 3185; x_wconf 77' lang='grc' dir='ltr'>νυνὶ</span> <span class='ocrx_word' id='word_1_427' title='bbox 691 3132 917 3202; x_wconf 80' lang='grc' dir='ltr'>πρέπων</span> <span class='ocrx_word' id='word_1_428' title='bbox 938 3134 1020 3186; x_wconf 84' lang='grc' dir='ltr'>ὅτι</span> <span class='ocrx_word' id='word_1_429' title='bbox 1048 3132 1280 3202; x_wconf 82' lang='grc' dir='ltr'>μάλιστα</span> <span class='ocrx_word' id='word_1_430' title='bbox 1307 3136 1419 3196; x_wconf 83' lang='grc' dir='ltr'>τοῖς</span> <span class='ocrx_word' id='word_1_431' title='bbox 1445 3133 1592 3205; x_wconf 78' lang='grc' dir='ltr'>αὑτῷ</span> <span class='ocrx_word' id='word_1_432' title='bbox 1612 3152 1743 3188; x_wconf 87' lang='grc' dir='ltr'>κατ-</span> 
     </span>
    </p>
   </div>
   <div class='ocr_carea' id='block_1_57' title="bbox 175 3219 1737 3296">
    <p class='ocr_par' dir='ltr' id='par_1_57' title="bbox 175 3219 1737 3296">
     <span class='ocr_line' id='line_1_57' title="bbox 175 3219 1737 3296; baseline 0.006 -26"><span class='ocrx_word' id='word_1_433' title='bbox 175 3219 489 3293; x_wconf 77' lang='grc' dir='ltr'>ειθισμένοις</span> <span class='ocrx_word' id='word_1_434' title='bbox 535 3223 765 3291; x_wconf 85' lang='grc' dir='ltr'>ὀλόγος.</span> <span class='ocrx_word' id='word_1_435' title='bbox 808 3219 917 3277; x_wconf 84' lang='grc' dir='ltr'>Ἦν</span> <span class='ocrx_word' id='word_1_436' title='bbox 964 3223 1093 3295; x_wconf 73' lang='grc' dir='ltr'>γὰρ,</span> <span class='ocrx_word' id='word_1_437' title='bbox 1144 3225 1220 3288; x_wconf 89' lang='grc' dir='ltr'>ὡς</span> <span class='ocrx_word' id='word_1_438' title='bbox 1275 3224 1430 3296; x_wconf 74' lang='grc' dir='ltr'>ἔφην,</span> <span class='ocrx_word' id='word_1_439' title='bbox 1485 3227 1737 3293; x_wconf 89' lang='grc' dir='ltr'>αἰπόλος,</span> 
     </span>
    </p>
   </div>
   <div class='ocr_carea' id='block_1_58' title="bbox 176 3310 1741 3388">
    <p class='ocr_par' dir='ltr' id='par_1_58' title="bbox 176 3310 1741 3388">
     <span class='ocr_line' id='line_1_58' title="bbox 176 3310 1741 3388; baseline 0.006 -27"><span class='ocrx_word' id='word_1_440' title='bbox 176 3310 260 3362; x_wconf 71' lang='grc' dir='ltr'><strong>καὶ</strong></span> <span class='ocrx_word' id='word_1_441' title='bbox 289 3313 586 3384; x_wconf 69' lang='grc' dir='ltr'>πεποίηται</span> <span class='ocrx_word' id='word_1_442' title='bbox 609 3314 710 3386; x_wconf 84' lang='grc' dir='ltr'><strong>τὴν</strong></span> <span class='ocrx_word' id='word_1_443' title='bbox 731 3314 936 3385; x_wconf 76' lang='grc' dir='ltr'>τροπὴν</span> <span class='ocrx_word' id='word_1_444' title='bbox 960 3315 1035 3378; x_wconf 86' lang='grc' dir='ltr'>ὡς</span> <span class='ocrx_word' id='word_1_445' title='bbox 1068 3316 1131 3368; x_wconf 81' lang='grc' dir='ltr'>ὲκ</span> <span class='ocrx_word' id='word_1_446' title='bbox 1157 3315 1249 3368; x_wconf 87' lang='grc' dir='ltr'><strong>τοῦ</strong></span> <span class='ocrx_word' id='word_1_447' title='bbox 1281 3315 1741 3388; x_wconf 86' lang='grc' dir='ltr'>καταφθείρεσθαι</span> 
     </span>
    </p>
   </div>
   <div class='ocr_carea' id='block_1_59' title="bbox 177 3403 1741 3479">
    <p class='ocr_par' dir='ltr' id='par_1_59' title="bbox 177 3403 1741 3479">
     <span class='ocr_line' id='line_1_59' title="bbox 177 3403 1741 3479; baseline 0.004 -23"><span class='ocrx_word' id='word_1_448' title='bbox 177 3403 421 3468; x_wconf 80' lang='grc' dir='ltr'>πολλάκις</span> <span class='ocrx_word' id='word_1_449' title='bbox 446 3406 549 3469; x_wconf 84' lang='grc' dir='ltr'>τὰς</span> <span class='ocrx_word' id='word_1_450' title='bbox 566 3407 674 3459; x_wconf 84' lang='grc' dir='ltr'><strong>τῶν</strong></span> <span class='ocrx_word' id='word_1_451' title='bbox 703 3406 1036 3479; x_wconf 78' lang='grc' dir='ltr'>θρεμμάτων</span> <span class='ocrx_word' id='word_1_452' title='bbox 1064 3408 1253 3478; x_wconf 86' lang='grc' dir='ltr'>νομάς.</span> <span class='ocrx_word' id='word_1_453' title='bbox 1298 3408 1395 3471; x_wconf 89' lang='grc' dir='ltr'>Τίς</span> <span class='ocrx_word' id='word_1_454' title='bbox 1423 3405 1516 3462; x_wconf 75' lang='grc' dir='ltr'>οὖν</span> <span class='ocrx_word' id='word_1_455' title='bbox 1555 3408 1584 3460; x_wconf 92' lang='lat'><strong>6</strong></span> <span class='ocrx_word' id='word_1_456' title='bbox 1634 3409 1741 3463; x_wconf 84' lang='grc' dir='ltr'><strong>τῶν</strong></span> 
     </span>
    </p>
   </div>
   <div class='ocr_carea' id='block_1_60' title="bbox 178 3494 1737 3570">
    <p class='ocr_par' dir='ltr' id='par_1_60' title="bbox 178 3494 1737 3570">
     <span class='ocr_line' id='line_1_60' title="bbox 178 3494 1737 3570; baseline 0.006 -26"><span class='ocrx_word' id='word_1_457' title='bbox 178 3494 469 3563; x_wconf 86' lang='grc' dir='ltr'>εἰρημένων</span> <span class='ocrx_word' id='word_1_458' title='bbox 528 3496 892 3569; x_wconf 82' lang='grc' dir='ltr'>ἀληθέστερος</span> <span class='ocrx_word' id='word_1_459' title='bbox 948 3497 1105 3563; x_wconf 72' lang='grc' dir='ltr'>νοῦς,</span> <span class='ocrx_word' id='word_1_460' title='bbox 1146 3499 1497 3569; x_wconf 79' lang='grc' dir='ltr'>Ἐφθέγξατο,</span> <span class='ocrx_word' id='word_1_461' title='bbox 1539 3501 1737 3570; x_wconf 63' lang='grc' dir='ltr'>φησιν,</span> 
     </span>
    </p>
   </div>
   <div class='ocr_carea' id='block_1_61' title="bbox 176 3581 1740 3663">
    <p class='ocr_par' dir='ltr' id='par_1_61' title="bbox 176 3581 1740 3663">
     <span class='ocr_line' id='line_1_61' title="bbox 176 3581 1740 3663; baseline 0.007 -29"><span class='ocrx_word' id='word_1_462' title='bbox 176 3581 234 3634; x_wconf 68' lang='grc' dir='ltr'>ἐκ</span> <span class='ocrx_word' id='word_1_463' title='bbox 263 3582 396 3638; x_wconf 85' lang='grc' dir='ltr'>Σιὼν</span> <span class='ocrx_word' id='word_1_464' title='bbox 428 3587 457 3639; x_wconf 97' lang='lat'><strong>6</strong></span> <span class='ocrx_word' id='word_1_465' title='bbox 488 3586 712 3659; x_wconf 75' lang='grc' dir='ltr'>Κύριος,</span> <span class='ocrx_word' id='word_1_466' title='bbox 741 3588 816 3652; x_wconf 83' lang='grc' dir='ltr'>ὡς</span> <span class='ocrx_word' id='word_1_467' title='bbox 846 3589 906 3653; x_wconf 73' lang='grc' dir='ltr'>ἐξ</span> <span class='ocrx_word' id='word_1_468' title='bbox 940 3589 1072 3643; x_wconf 85' lang='grc' dir='ltr'>ίδίου</span> <span class='ocrx_word' id='word_1_469' title='bbox 1098 3590 1287 3653; x_wconf 86' lang='grc' dir='ltr'>τόπου,</span> <span class='ocrx_word' id='word_1_470' title='bbox 1320 3591 1420 3644; x_wconf 74' lang='grc' dir='ltr'>καὶ</span> <span class='ocrx_word' id='word_1_471' title='bbox 1451 3591 1509 3658; x_wconf 77' lang='grc' dir='ltr'><strong>ἐξ</strong></span> <span class='ocrx_word' id='word_1_472' title='bbox 1545 3593 1740 3663; x_wconf 83' lang='grc' dir='ltr'>Ἰερου-</span> 
     </span>
    </p>
   </div>
   <div class='ocr_carea' id='block_1_62' title="bbox 181 3675 1738 3756">
    <p class='ocr_par' dir='ltr' id='par_1_62' title="bbox 181 3675 1738 3756">
     <span class='ocr_line' id='line_1_62' title="bbox 181 3675 1738 3756; baseline 0.008 -30"><span class='ocrx_word' id='word_1_473' title='bbox 181 3675 364 3747; x_wconf 81' lang='grc' dir='ltr'>σαλὴμ,</span> <span class='ocrx_word' id='word_1_474' title='bbox 397 3677 474 3741; x_wconf 85' lang='grc' dir='ltr'><strong>ὡς</strong></span> <span class='ocrx_word' id='word_1_475' title='bbox 518 3679 583 3731; x_wconf 83' lang='grc' dir='ltr'>ὲκ</span> <span class='ocrx_word' id='word_1_476' title='bbox 611 3680 942 3751; x_wconf 83' lang='grc' dir='ltr'>νεμηθείσης</span> <span class='ocrx_word' id='word_1_477' title='bbox 992 3681 1163 3751; x_wconf 82' lang='grc' dir='ltr'>αὐτῷ,</span> <span class='ocrx_word' id='word_1_478' title='bbox 1193 3682 1308 3735; x_wconf 70' lang='grc' dir='ltr'>ἔστι</span> <span class='ocrx_word' id='word_1_479' title='bbox 1343 3684 1443 3753; x_wconf 83' lang='grc' dir='ltr'><strong>μὲν</strong></span> <span class='ocrx_word' id='word_1_480' title='bbox 1489 3682 1598 3756; x_wconf 80' lang='grc' dir='ltr'><strong>γὰρ</strong></span> <span class='ocrx_word' id='word_1_481' title='bbox 1639 3686 1738 3739; x_wconf 81' lang='grc' dir='ltr'><strong>οὐκ</strong></span> 
     </span>
    </p>
   </div>
   <div class='ocr_carea' id='block_1_63' title="bbox 178 3766 1736 3845">
    <p class='ocr_par' dir='ltr' id='par_1_63' title="bbox 178 3766 1736 3845">
     <span class='ocr_line' id='line_1_63' title="bbox 178 3766 1736 3845; baseline 0.008 -29"><span class='ocrx_word' id='word_1_482' title='bbox 178 3766 229 3816; x_wconf 80' lang='grc' dir='ltr'>ὲν</span> <span class='ocrx_word' id='word_1_483' title='bbox 252 3768 396 3839; x_wconf 84' lang='grc' dir='ltr'>τόπῳ</span> <span class='ocrx_word' id='word_1_484' title='bbox 415 3770 478 3822; x_wconf 79' lang='grc' dir='ltr'><strong>τὸ</strong></span> <span class='ocrx_word' id='word_1_485' title='bbox 505 3769 812 3841; x_wconf 85' lang='grc' dir='ltr'>ἀσώματον.</span> <span class='ocrx_word' id='word_1_486' title='bbox 841 3771 1061 3843; x_wconf 84' lang='grc' dir='ltr'>Ἐπειδὴ</span> <span class='ocrx_word' id='word_1_487' title='bbox 1085 3772 1140 3826; x_wconf 77' lang='grc' dir='ltr'>δὲ</span> <span class='ocrx_word' id='word_1_488' title='bbox 1166 3769 1235 3844; x_wconf 78' lang='grc' dir='ltr'>ἦν</span> <span class='ocrx_word' id='word_1_489' title='bbox 1260 3775 1319 3826; x_wconf 82' lang='grc' dir='ltr'>ὲν</span> <span class='ocrx_word' id='word_1_490' title='bbox 1350 3775 1464 3837; x_wconf 85' lang='grc' dir='ltr'>τοῖς</span> <span class='ocrx_word' id='word_1_491' title='bbox 1506 3776 1736 3845; x_wconf 88' lang='grc' dir='ltr'>Ἱεροσο-</span> 
     </span>
    </p>
   </div>
   <div class='ocr_carea' id='block_1_64' title="bbox 182 3854 1738 3930">
    <p class='ocr_par' dir='ltr' id='par_1_64' title="bbox 182 3854 1738 3930">
     <span class='ocr_line' id='line_1_64' title="bbox 182 3854 1738 3930; baseline 0.006 -24"><span class='ocrx_word' id='word_1_492' title='bbox 182 3854 352 3925; x_wconf 75' lang='grc' dir='ltr'>λύμοις</span> <span class='ocrx_word' id='word_1_493' title='bbox 375 3861 403 3911; x_wconf 91' lang='lat'><strong>6</strong></span> <span class='ocrx_word' id='word_1_494' title='bbox 441 3857 729 3930; x_wconf 75' lang='grc' dir='ltr'>διαϐόητος</span> <span class='ocrx_word' id='word_1_495' title='bbox 761 3860 966 3923; x_wconf 74' lang='grc' dir='ltr'>ἐκεῖνος</span> <span class='ocrx_word' id='word_1_496' title='bbox 1018 3863 1173 3927; x_wconf 78' lang='grc' dir='ltr'>ναὸς,</span> <span class='ocrx_word' id='word_1_497' title='bbox 1230 3860 1405 3914; x_wconf 75' lang='grc' dir='ltr'>ἐδόκει</span> <span class='ocrx_word' id='word_1_498' title='bbox 1455 3879 1570 3925; x_wconf 90' lang='grc' dir='ltr'><strong>πως</strong></span> <span class='ocrx_word' id='word_1_499' title='bbox 1610 3863 1738 3927; x_wconf 80' lang='grc' dir='ltr'>ἴδιος</span> 
     </span>
    </p>
   </div>
   <div class='ocr_carea' id='block_1_65' title="bbox 180 3936 1739 4022">
    <p class='ocr_par' dir='ltr' id='par_1_65' title="bbox 180 3936 1739 4022">
     <span class='ocr_line' id='line_1_65' title="bbox 180 3936 1739 4022; baseline 0.007 -27"><span class='ocrx_word' id='word_1_500' title='bbox 180 3943 425 4017; x_wconf 76' lang='grc' dir='ltr'>ὑπάρχειν</span> <span class='ocrx_word' id='word_1_501' title='bbox 454 3950 483 4002; x_wconf 90' lang='grc' dir='ltr'>ὁ</span> <span class='ocrx_word' id='word_1_502' title='bbox 517 3948 691 4020; x_wconf 86' lang='grc' dir='ltr'>χῶρος</span> <span class='ocrx_word' id='word_1_503' title='bbox 720 3948 906 4012; x_wconf 82' lang='grc' dir='ltr'>αὑτοῦ,</span> <span class='ocrx_word' id='word_1_504' title='bbox 946 3936 1177 4018; x_wconf 78' lang='grc' dir='ltr'>κατάγε</span> <span class='ocrx_word' id='word_1_505' title='bbox 1192 3950 1290 4020; x_wconf 84' lang='grc' dir='ltr'><strong>τὴν</strong></span> <span class='ocrx_word' id='word_1_506' title='bbox 1318 3949 1427 4002; x_wconf 85' lang='grc' dir='ltr'>τῶν</span> <span class='ocrx_word' id='word_1_507' title='bbox 1456 3952 1739 4022; x_wconf 83' lang='grc' dir='ltr'>ἀρχαιοτέ-</span> 
     </span>
    </p>
   </div>
   <div class='ocr_carea' id='block_1_66' title="bbox 1844 3126 3418 3203">
    <p class='ocr_par' dir='ltr' id='par_1_66' title="bbox 1844 3126 3418 3203">
     <span class='ocr_line' id='line_1_66' title="bbox 1844 3126 3418 3203; baseline 0.007 -26"><span class='ocrx_word' id='word_1_508' title='bbox 1844 3133 1901 3179; x_wconf 88' lang='lat' dir='ltr'><strong>ut</strong></span> <span class='ocrx_word' id='word_1_509' title='bbox 1929 3126 2186 3189; x_wconf 88' lang='lat' dir='ltr'><strong>diximus,</strong></span> <span class='ocrx_word' id='word_1_510' title='bbox 2217 3134 2272 3181; x_wconf 92' lang='lat' dir='ltr'><strong>et</strong></span> <span class='ocrx_word' id='word_1_511' title='bbox 2298 3126 2548 3195; x_wconf 86' lang='lat' dir='ltr'><strong>quoniam</strong></span> <span class='ocrx_word' id='word_1_512' title='bbox 2572 3141 2769 3195; x_wconf 83' lang='lat' dir='ltr'><strong>pascua</strong></span> <span class='ocrx_word' id='word_1_513' title='bbox 2796 3142 3048 3197; x_wconf 87' lang='lat' dir='ltr'><strong>pecorum</strong></span> <span class='ocrx_word' id='word_1_514' title='bbox 3101 3148 3246 3203; x_wconf 63' lang='lat' dir='ltr'><strong>saepe</strong></span> <span class='ocrx_word' id='word_1_515' title='bbox 3291 3149 3418 3188; x_wconf 83' lang='lat' dir='ltr'><strong>cor-</strong></span> 
     </span>
    </p>
   </div>
   <div class='ocr_carea' id='block_1_67' title="bbox 1842 3218 3415 3292">
    <p class='ocr_par' dir='ltr' id='par_1_67' title="bbox 1842 3218 3415 3292">
     <span class='ocr_line' id='line_1_67' title="bbox 1842 3218 3415 3292; baseline 0.006 -22"><span class='ocrx_word' id='word_1_516' title='bbox 1842 3226 2179 3285; x_wconf 90' lang='lat' dir='ltr'><strong>rumpuntur,</strong></span> <span class='ocrx_word' id='word_1_517' title='bbox 2216 3218 2338 3271; x_wconf 85' lang='lat' dir='ltr'><strong>inde</strong></span> <span class='ocrx_word' id='word_1_518' title='bbox 2365 3218 2768 3273; x_wconf 86' lang='lat' dir='ltr'><strong>similitudinem</strong></span> <span class='ocrx_word' id='word_1_519' title='bbox 2802 3230 2886 3274; x_wconf 88' lang='lat' dir='ltr'><strong>est</strong></span> <span class='ocrx_word' id='word_1_520' title='bbox 2910 3234 3229 3291; x_wconf 83' lang='lat' dir='ltr'><strong>aucupatus.</strong></span> <span class='ocrx_word' id='word_1_521' title='bbox 3283 3225 3415 3292; x_wconf 85' lang='lat' dir='ltr'><strong>Quis</strong></span> 
     </span>
    </p>
   </div>
   <div class='ocr_carea' id='block_1_68' title="bbox 1841 3307 3426 3381">
    <p class='ocr_par' dir='ltr' id='par_1_68' title="bbox 1841 3307 3426 3381">
     <span class='ocr_line' id='line_1_68' title="bbox 1841 3307 3426 3381; baseline 0.006 -20"><span class='ocrx_word' id='word_1_522' title='bbox 1841 3323 1968 3376; x_wconf 77' lang='lat' dir='ltr'><strong>ergo</strong></span> <span class='ocrx_word' id='word_1_523' title='bbox 1995 3307 2100 3362; x_wconf 86' lang='lat' dir='ltr'><strong>erit</strong></span> <span class='ocrx_word' id='word_1_524' title='bbox 2128 3308 2413 3363; x_wconf 86' lang='lat' dir='ltr'><strong>verborum</strong></span> <span class='ocrx_word' id='word_1_525' title='bbox 2439 3310 2614 3363; x_wconf 78' lang='lat' dir='ltr'><strong>verior</strong></span> <span class='ocrx_word' id='word_1_526' title='bbox 2635 3312 2864 3367; x_wconf 85' lang='lat' dir='ltr'><strong>sensus?</strong></span> <span class='ocrx_word' id='word_1_527' title='bbox 2903 3312 3138 3369; x_wconf 81' lang='lat' dir='ltr'><strong>Locutus</strong></span> <span class='ocrx_word' id='word_1_528' title='bbox 3183 3326 3286 3381; x_wconf 85' lang='lat' dir='ltr'><strong>est,</strong></span> <span class='ocrx_word' id='word_1_529' title='bbox 3343 3319 3426 3371; x_wconf 76' lang='lat' dir='ltr'><strong>in~</strong></span> 
     </span>
    </p>
   </div>
   <div class='ocr_carea' id='block_1_69' title="bbox 1839 3400 3424 3475">
    <p class='ocr_par' dir='ltr' id='par_1_69' title="bbox 1839 3400 3424 3475">
     <span class='ocr_line' id='line_1_69' title="bbox 1839 3400 3424 3475; baseline 0.006 -21"><span class='ocrx_word' id='word_1_530' title='bbox 1839 3402 1977 3471; x_wconf 87' lang='lat' dir='ltr'><strong>quit,</strong></span> <span class='ocrx_word' id='word_1_531' title='bbox 2015 3417 2081 3456; x_wconf 77' lang='lat' dir='ltr'><strong>ex</strong></span> <span class='ocrx_word' id='word_1_532' title='bbox 2113 3400 2240 3456; x_wconf 89' lang='lat' dir='ltr'><strong>Sion</strong></span> <span class='ocrx_word' id='word_1_533' title='bbox 2273 3402 2549 3465; x_wconf 87' lang='lat' dir='ltr'><strong>Dominus,</strong></span> <span class='ocrx_word' id='word_1_534' title='bbox 2583 3415 2639 3457; x_wconf 93' lang='lat' dir='ltr'><strong>ut</strong></span> <span class='ocrx_word' id='word_1_535' title='bbox 2674 3420 2739 3458; x_wconf 78' lang='lat' dir='ltr'><strong>ex</strong></span> <span class='ocrx_word' id='word_1_536' title='bbox 2775 3405 2891 3459; x_wconf 90' lang='lat' dir='ltr'><strong>loco</strong></span> <span class='ocrx_word' id='word_1_537' title='bbox 2923 3410 3138 3475; x_wconf 88' lang='lat' dir='ltr'><strong>proprio</strong></span> <span class='ocrx_word' id='word_1_538' title='bbox 3160 3418 3214 3463; x_wconf 93' lang='lat' dir='ltr'><strong>et</strong></span> <span class='ocrx_word' id='word_1_539' title='bbox 3243 3425 3306 3463; x_wconf 79' lang='lat' dir='ltr'><strong>ex</strong></span> <span class='ocrx_word' id='word_1_540' title='bbox 3331 3409 3424 3465; x_wconf 80' lang='lat' dir='ltr'><strong>Je-</strong></span> 
     </span>
    </p>
   </div>
   <div class='ocr_carea' id='block_1_70' title="bbox 1842 3493 3422 3570">
    <p class='ocr_par' dir='ltr' id='par_1_70' title="bbox 1842 3493 3422 3570">
     <span class='ocr_line' id='line_1_70' title="bbox 1842 3493 3422 3570; baseline 0.006 -24"><span class='ocrx_word' id='word_1_541' title='bbox 1842 3494 2097 3557; x_wconf 86' lang='lat' dir='ltr'><strong>rusalem,</strong></span> <span class='ocrx_word' id='word_1_542' title='bbox 2129 3503 2184 3546; x_wconf 92' lang='lat' dir='ltr'><strong>ut</strong></span> <span class='ocrx_word' id='word_1_543' title='bbox 2214 3494 2312 3548; x_wconf 90' lang='lat' dir='ltr'><strong>sibi</strong></span> <span class='ocrx_word' id='word_1_544' title='bbox 2342 3493 2639 3562; x_wconf 82' lang='lat' dir='ltr'><strong>attributa;</strong></span> <span class='ocrx_word' id='word_1_545' title='bbox 2677 3513 2780 3550; x_wconf 90' lang='lat' dir='ltr'><strong>non</strong></span> <span class='ocrx_word' id='word_1_546' title='bbox 2813 3498 2955 3551; x_wconf 91' lang='lat' dir='ltr'><strong>enim</strong></span> <span class='ocrx_word' id='word_1_547' title='bbox 3003 3502 3144 3568; x_wconf 85' lang='lat' dir='ltr'><strong>quod</strong></span> <span class='ocrx_word' id='word_1_548' title='bbox 3198 3516 3422 3570; x_wconf 88' lang='lat' dir='ltr'><strong>corpore</strong></span> 
     </span>
    </p>
   </div>
   <div class='ocr_carea' id='block_1_71' title="bbox 1839 3583 3423 3659">
    <p class='ocr_par' dir='ltr' id='par_1_71' title="bbox 1839 3583 3423 3659">
     <span class='ocr_line' id='line_1_71' title="bbox 1839 3583 3423 3659; baseline 0.006 -23"><span class='ocrx_word' id='word_1_549' title='bbox 1839 3592 2015 3647; x_wconf 87' lang='lat' dir='ltr'><strong>vacat,</strong></span> <span class='ocrx_word' id='word_1_550' title='bbox 2051 3584 2167 3637; x_wconf 92' lang='lat' dir='ltr'><strong>loco</strong></span> <span class='ocrx_word' id='word_1_551' title='bbox 2195 3583 2526 3639; x_wconf 87' lang='lat' dir='ltr'><strong>continetur.</strong></span> <span class='ocrx_word' id='word_1_552' title='bbox 2558 3587 2691 3650; x_wconf 85' lang='lat' dir='ltr'><strong>Quia</strong></span> <span class='ocrx_word' id='word_1_553' title='bbox 2721 3602 2848 3642; x_wconf 90' lang='lat' dir='ltr'><strong>vero</strong></span> <span class='ocrx_word' id='word_1_554' title='bbox 2894 3588 3277 3659; x_wconf 83' lang='lat' dir='ltr'><strong>Hierosolymis</strong></span> <span class='ocrx_word' id='word_1_555' title='bbox 3302 3602 3423 3646; x_wconf 87' lang='lat' dir='ltr'><strong>erat</strong></span> 
     </span>
    </p>
   </div>
   <div class='ocr_carea' id='block_1_72' title="bbox 1841 3673 3419 3746">
    <p class='ocr_par' dir='ltr' id='par_1_72' title="bbox 1841 3673 3419 3746">
     <span class='ocr_line' id='line_1_72' title="bbox 1841 3673 3419 3746; baseline 0.006 -20"><span class='ocrx_word' id='word_1_556' title='bbox 1841 3673 2096 3742; x_wconf 89' lang='lat' dir='ltr'><strong>templum</strong></span> <span class='ocrx_word' id='word_1_557' title='bbox 2127 3673 2254 3727; x_wconf 88' lang='lat' dir='ltr'><strong>illud</strong></span> <span class='ocrx_word' id='word_1_558' title='bbox 2289 3673 2522 3741; x_wconf 84' lang='lat' dir='ltr'><strong>celebre,</strong></span> <span class='ocrx_word' id='word_1_559' title='bbox 2554 3676 2838 3730; x_wconf 84' lang='lat' dir='ltr'><strong>videbatur</strong></span> <span class='ocrx_word' id='word_1_560' title='bbox 2856 3679 3252 3746; x_wconf 84' lang='lat' dir='ltr'><strong>quodammodo</strong></span> <span class='ocrx_word' id='word_1_561' title='bbox 3271 3681 3419 3736; x_wconf 88' lang='lat' dir='ltr'><strong>locus</strong></span> 
     </span>
    </p>
   </div>
   <div class='ocr_carea' id='block_1_73' title="bbox 1840 3765 3419 3839">
    <p class='ocr_par' dir='ltr' id='par_1_73' title="bbox 1840 3765 3419 3839">
     <span class='ocr_line' id='line_1_73' title="bbox 1840 3765 3419 3839; baseline 0.004 -19"><span class='ocrx_word' id='word_1_562' title='bbox 1840 3765 1987 3820; x_wconf 90' lang='lat' dir='ltr'><strong>illius</strong></span> <span class='ocrx_word' id='word_1_563' title='bbox 2021 3766 2290 3835; x_wconf 89' lang='lat' dir='ltr'><strong>proprius,</strong></span> <span class='ocrx_word' id='word_1_564' title='bbox 2319 3767 2459 3834; x_wconf 89' lang='lat' dir='ltr'><strong>quod</strong></span> <span class='ocrx_word' id='word_1_565' title='bbox 2497 3777 2708 3822; x_wconf 82' lang='lat' dir='ltr'><strong>veteres</strong></span> <span class='ocrx_word' id='word_1_566' title='bbox 2737 3768 3118 3837; x_wconf 84' lang='lat' dir='ltr'><strong>opinabantur,</strong></span> <span class='ocrx_word' id='word_1_567' title='bbox 3167 3773 3291 3839; x_wconf 89' lang='lat' dir='ltr'><strong>quia</strong></span> <span class='ocrx_word' id='word_1_568' title='bbox 3317 3774 3419 3827; x_wconf 84' lang='lat' dir='ltr'><strong>hu-</strong></span> 
     </span>
    </p>
   </div>
   <div class='ocr_carea' id='block_1_74' title="bbox 1840 3854 3413 3927">
    <p class='ocr_par' dir='ltr' id='par_1_74' title="bbox 1840 3854 3413 3927">
     <span class='ocr_line' id='line_1_74' title="bbox 1840 3854 3413 3927; baseline 0.003 -19"><span class='ocrx_word' id='word_1_569' title='bbox 1840 3854 1985 3908; x_wconf 88' lang='lat' dir='ltr'><strong>milia</strong></span> <span class='ocrx_word' id='word_1_570' title='bbox 2018 3854 2193 3908; x_wconf 84' lang='lat' dir='ltr'><strong>adbuc</strong></span> <span class='ocrx_word' id='word_1_571' title='bbox 2217 3856 2282 3908; x_wconf 88' lang='lat' dir='ltr'><strong>de</strong></span> <span class='ocrx_word' id='word_1_572' title='bbox 2312 3854 2421 3910; x_wconf 89' lang='lat' dir='ltr'><strong>Deo</strong></span> <span class='ocrx_word' id='word_1_573' title='bbox 2449 3857 2774 3910; x_wconf 86' lang='lat' dir='ltr'><strong>sentiebant.</strong></span> <span class='ocrx_word' id='word_1_574' title='bbox 2800 3857 2925 3924; x_wconf 84' lang='lat' dir='ltr'><strong>Pro,</strong></span> <span class='ocrx_word' id='word_1_575' title='bbox 2962 3876 2983 3909; x_wconf 84' lang='grc' dir='ltr'><strong>ι</strong></span> <span class='ocrx_word' id='word_1_576' title='bbox 3017 3859 3224 3915; x_wconf 89' lang='lat' dir='ltr'><strong>locutus</strong></span> <span class='ocrx_word' id='word_1_577' title='bbox 3268 3871 3370 3927; x_wconf 91' lang='lat' dir='ltr'><strong>est,</strong></span> <span class='ocrx_word' id='word_1_578' title='bbox 3394 3882 3413 3913; x_wconf 78' lang='grc' dir='ltr'><strong>ι</strong></span> 
     </span>
    </p>
   </div>
   <div class='ocr_carea' id='block_1_75' title="bbox 1840 3945 3420 4020">
    <p class='ocr_par' dir='ltr' id='par_1_75' title="bbox 1840 3945 3420 4020">
     <span class='ocr_line' id='line_1_75' title="bbox 1840 3945 3420 4020; baseline 0.004 -20"><span class='ocrx_word' id='word_1_579' title='bbox 1840 3945 2060 4002; x_wconf 65' lang='lat' dir='ltr'><strong>Hebraea</strong></span> <span class='ocrx_word' id='word_1_580' title='bbox 2089 3947 2254 4002; x_wconf 86' lang='lat' dir='ltr'><strong>editio</strong></span> <span class='ocrx_word' id='word_1_581' title='bbox 2277 3948 2439 4001; x_wconf 84' lang='lat' dir='ltr'><strong>habet</strong></span> <span class='ocrx_word' id='word_1_582' title='bbox 2471 3965 2490 3999; x_wconf 88' lang='grc' dir='ltr'><strong>ι</strong></span> <span class='ocrx_word' id='word_1_583' title='bbox 2514 3947 2757 4014; x_wconf 89' lang='lat' dir='ltr'><strong>ululavit,</strong></span> <span class='ocrx_word' id='word_1_584' title='bbox 2790 3966 2810 3998; x_wconf 73' lang='grc' dir='ltr'><strong>ι</strong></span> <span class='ocrx_word' id='word_1_585' title='bbox 2837 3950 2969 4014; x_wconf 89' lang='lat' dir='ltr'><strong>sive,</strong></span> <span class='ocrx_word' id='word_1_586' title='bbox 3005 3967 3024 4001; x_wconf 87' lang='grc' dir='ltr'><strong>ι</strong></span> <span class='ocrx_word' id='word_1_587' title='bbox 3055 3952 3232 4020; x_wconf 72' lang='lat' dir='ltr'><strong>rugiit,</strong></span> <span class='ocrx_word' id='word_1_588' title='bbox 3263 3972 3282 4005; x_wconf 77' lang='grc' dir='ltr'><strong>ι</strong></span> <span class='ocrx_word' id='word_1_589' title='bbox 3308 3953 3420 4007; x_wconf 85' lang='lat' dir='ltr'><strong>leo-</strong></span> 
     </span>
    </p>
   </div>
   <div class='ocr_carea' id='block_1_76' title="bbox 185 4037 1735 4112">
    <p class='ocr_par' dir='ltr' id='par_1_76' title="bbox 185 4037 1735 4112">
     <span class='ocr_line' id='line_1_76' title="bbox 185 4037 1735 4112; baseline 0.006 -25"><span class='ocrx_word' id='word_1_590' title='bbox 185 4051 280 4103; x_wconf 81' lang='grc' dir='ltr'><strong>ρων</strong></span> <span class='ocrx_word' id='word_1_591' title='bbox 313 4037 602 4108; x_wconf 69' lang='grc' dir='ltr'>ὑπόληψιν,</span> <span class='ocrx_word' id='word_1_592' title='bbox 639 4040 812 4110; x_wconf 84' lang='grc' dir='ltr'>μικρὰ</span> <span class='ocrx_word' id='word_1_593' title='bbox 866 4040 1209 4112; x_wconf 85' lang='grc' dir='ltr'>φρονούντων</span> <span class='ocrx_word' id='word_1_594' title='bbox 1267 4039 1349 4093; x_wconf 78' lang='grc' dir='ltr'>ἔτι</span> <span class='ocrx_word' id='word_1_595' title='bbox 1402 4044 1531 4111; x_wconf 76' lang='grc' dir='ltr'>περὶ</span> <span class='ocrx_word' id='word_1_596' title='bbox 1577 4041 1735 4096; x_wconf 84' lang='grc' dir='ltr'>Θεοῦ.</span> 
     </span>
    </p>
   </div>
   <div class='ocr_carea' id='block_1_77' title="bbox 180 4123 1737 4202">
    <p class='ocr_par' dir='ltr' id='par_1_77' title="bbox 180 4123 1737 4202">
     <span class='ocr_line' id='line_1_77' title="bbox 180 4123 1737 4202; baseline 0.008 -27"><span class='ocrx_word' id='word_1_597' title='bbox 180 4123 310 4176; x_wconf 57' lang='grc' dir='ltr'>Ἀντί</span> <span class='ocrx_word' id='word_1_598' title='bbox 332 4126 386 4179; x_wconf 87' lang='grc' dir='ltr'>δὲ</span> <span class='ocrx_word' id='word_1_599' title='bbox 412 4127 511 4180; x_wconf 86' lang='grc' dir='ltr'><strong>τοῦ</strong></span> <span class='ocrx_word' id='word_1_600' title='bbox 568 4146 588 4180; x_wconf 84' lang='grc' dir='ltr'><strong>ι</strong></span> <span class='ocrx_word' id='word_1_601' title='bbox 628 4128 947 4198; x_wconf 68' lang='grc' dir='ltr'>ἐφθέγξατο,</span> <span class='ocrx_word' id='word_1_602' title='bbox 990 4149 1009 4181; x_wconf 83' lang='grc' dir='ltr'><strong>ι</strong></span> <span class='ocrx_word' id='word_1_603' title='bbox 1067 4130 1278 4185; x_wconf 82' lang='grc' dir='ltr'>τέθεικε</span> <span class='ocrx_word' id='word_1_604' title='bbox 1325 4132 1434 4184; x_wconf 85' lang='grc' dir='ltr'><strong>τῶν</strong></span> <span class='ocrx_word' id='word_1_605' title='bbox 1472 4131 1737 4202; x_wconf 79' lang='grc' dir='ltr'>Ἐϐραίων</span> 
     </span>
    </p>
   </div>
   <div class='ocr_carea' id='block_1_78' title="bbox 1839 4036 3415 4113">
    <p class='ocr_par' dir='ltr' id='par_1_78' title="bbox 1839 4036 3415 4113">
     <span class='ocr_line' id='line_1_78' title="bbox 1839 4036 3415 4113; baseline 0.003 -20"><span class='ocrx_word' id='word_1_606' title='bbox 1839 4053 1967 4093; x_wconf 89' lang='lat' dir='ltr'><strong>num</strong></span> <span class='ocrx_word' id='word_1_607' title='bbox 2000 4053 2148 4093; x_wconf 91' lang='lat' dir='ltr'><strong>more</strong></span> <span class='ocrx_word' id='word_1_608' title='bbox 2169 4037 2439 4092; x_wconf 84' lang='lat' dir='ltr'><strong>videlicet.</strong></span> <span class='ocrx_word' id='word_1_609' title='bbox 2470 4036 2587 4105; x_wconf 82' lang='lat' dir='ltr'><strong>Quo</strong></span> <span class='ocrx_word' id='word_1_610' title='bbox 2612 4038 2776 4106; x_wconf 78' lang='lat' dir='ltr'><strong>facto,</strong></span> <span class='ocrx_word' id='word_1_611' title='bbox 2817 4057 2836 4089; x_wconf 83' lang='grc' dir='ltr'><strong>ι</strong></span> <span class='ocrx_word' id='word_1_612' title='bbox 2898 4038 3199 4108; x_wconf 83' lang='lat' dir='ltr'><strong>Luxerunt,</strong></span> <span class='ocrx_word' id='word_1_613' title='bbox 3221 4043 3415 4113; x_wconf 90' lang='lat' dir='ltr'><strong>inquit,</strong></span> 
     </span>
    </p>
   </div>
   <div class='ocr_carea' id='block_1_79' title="bbox 1838 4129 3416 4204">
    <p class='ocr_par' dir='ltr' id='par_1_79' title="bbox 1838 4129 3416 4204">
     <span class='ocr_line' id='line_1_79' title="bbox 1838 4129 3416 4204; baseline 0.004 -21"><span class='ocrx_word' id='word_1_614' title='bbox 1838 4144 2034 4199; x_wconf 89' lang='lat' dir='ltr'><strong>pascua</strong></span> <span class='ocrx_word' id='word_1_615' title='bbox 2067 4139 2366 4199; x_wconf 89' lang='lat' dir='ltr'><strong>pastorum.</strong></span> <span class='ocrx_word' id='word_1_616' title='bbox 2407 4148 2426 4180; x_wconf 78' lang='grc' dir='ltr'><strong>ι</strong></span> <span class='ocrx_word' id='word_1_617' title='bbox 2463 4129 2579 4196; x_wconf 88' lang='lat' dir='ltr'><strong>Quo</strong></span> <span class='ocrx_word' id='word_1_618' title='bbox 2598 4132 2812 4185; x_wconf 88' lang='lat' dir='ltr'><strong>nomine</strong></span> <span class='ocrx_word' id='word_1_619' title='bbox 2835 4131 3254 4201; x_wconf 73' lang='lat' dir='ltr'><strong>alienigenarum</strong></span> <span class='ocrx_word' id='word_1_620' title='bbox 3282 4150 3416 4204; x_wconf 79' lang='lat' dir='ltr'><strong>gen-</strong></span> 
     </span>
    </p>
   </div>
   <div class='ocr_carea' id='block_1_80' title="bbox 184 4214 1742 4293">
    <p class='ocr_par' dir='ltr' id='par_1_80' title="bbox 184 4214 1737 4292">
     <span class='ocr_line' id='line_1_80' title="bbox 184 4214 1737 4292; baseline 0.006 -25"><span class='ocrx_word' id='word_1_621' title='bbox 184 4217 212 4283; x_wconf 78' lang='grc' dir='ltr'><strong>ἡ</strong></span> <span class='ocrx_word' id='word_1_622' title='bbox 240 4214 435 4281; x_wconf 80' lang='grc' dir='ltr'>έκδοσις</span> <span class='ocrx_word' id='word_1_623' title='bbox 466 4238 488 4271; x_wconf 79' lang='grc' dir='ltr'><strong>ι</strong></span> <span class='ocrx_word' id='word_1_624' title='bbox 526 4219 799 4290; x_wconf 81' lang='grc' dir='ltr'>ὠρύσατο,</span> <span class='ocrx_word' id='word_1_625' title='bbox 824 4239 844 4271; x_wconf 78' lang='grc' dir='ltr'><strong>ι</strong></span> <span class='ocrx_word' id='word_1_626' title='bbox 868 4221 987 4291; x_wconf 67' lang='grc' dir='ltr'>ἦτοι</span> <span class='ocrx_word' id='word_1_627' title='bbox 1010 4221 1478 4292; x_wconf 75' lang='grc' dir='ltr'>ὲδρυχήσατο,τὸν</span> <span class='ocrx_word' id='word_1_628' title='bbox 1507 4223 1737 4276; x_wconf 86' lang='grc' dir='ltr'>λεόντων</span> 
     </span>
    </p>
   </div>
   <div class='ocr_carea' id='block_1_81' title="bbox 1843 4214 3416 4293">
    <p class='ocr_par' dir='ltr' id='par_1_81' title="bbox 1845 4222 3416 4293">
     <span class='ocr_line' id='line_1_81' title="bbox 1845 4222 3416 4293; baseline 0.004 -19"><span class='ocrx_word' id='word_1_629' title='bbox 1845 4231 1924 4275; x_wconf 83' lang='lat' dir='ltr'><strong>tes</strong></span> <span class='ocrx_word' id='word_1_630' title='bbox 1952 4222 2226 4292; x_wconf 81' lang='lat' dir='ltr'><strong>intelligit,</strong></span> <span class='ocrx_word' id='word_1_631' title='bbox 2271 4222 2606 4290; x_wconf 84' lang='lat' dir='ltr'><strong>principibus</strong></span> <span class='ocrx_word' id='word_1_632' title='bbox 2652 4222 2764 4276; x_wconf 86' lang='lat' dir='ltr'><strong>suis</strong></span> <span class='ocrx_word' id='word_1_633' title='bbox 2814 4232 3071 4290; x_wconf 84' lang='lat' dir='ltr'><strong>tanquam</strong></span> <span class='ocrx_word' id='word_1_634' title='bbox 3107 4227 3416 4293; x_wconf 85' lang='lat' dir='ltr'><strong>pastoribus</strong></span> 
     </span>
    </p>
   </div>
   <div class='ocr_carea' id='block_1_82' title="bbox 184 4305 1742 4387">
    <p class='ocr_par' dir='ltr' id='par_1_82' title="bbox 184 4305 1737 4384">
     <span class='ocr_line' id='line_1_82' title="bbox 184 4305 1737 4384; baseline 0.006 -27"><span class='ocrx_word' id='word_1_635' title='bbox 184 4306 342 4374; x_wconf 80' lang='grc' dir='ltr'>νόμον.</span> <span class='ocrx_word' id='word_1_636' title='bbox 364 4305 434 4363; x_wconf 79' lang='grc' dir='ltr'>Οῦ</span> <span class='ocrx_word' id='word_1_637' title='bbox 452 4310 520 4379; x_wconf 83' lang='grc' dir='ltr'><strong>δὴ</strong></span> <span class='ocrx_word' id='word_1_638' title='bbox 539 4312 841 4379; x_wconf 84' lang='grc' dir='ltr'>γεγονότος,</span> <span class='ocrx_word' id='word_1_639' title='bbox 865 4330 884 4361; x_wconf 89' lang='grc' dir='ltr'><strong>ι</strong></span> <span class='ocrx_word' id='word_1_640' title='bbox 909 4312 1264 4382; x_wconf 87' lang='grc' dir='ltr'>Ἐπένθησαν,</span> <span class='ocrx_word' id='word_1_641' title='bbox 1284 4315 1468 4384; x_wconf 78' lang='grc' dir='ltr'>φησὶν,</span> <span class='ocrx_word' id='word_1_642' title='bbox 1500 4316 1553 4367; x_wconf 86' lang='grc' dir='ltr'><strong>αἱ</strong></span> <span class='ocrx_word' id='word_1_643' title='bbox 1575 4315 1737 4384; x_wconf 73' lang='grc' dir='ltr'>νομαὶ</span> 
     </span>
    </p>
   </div>
   <div class='ocr_carea' id='block_1_83' title="bbox 1843 4305 3417 4387">
    <p class='ocr_par' dir='ltr' id='par_1_83' title="bbox 1843 4312 3417 4387">
     <span class='ocr_line' id='line_1_83' title="bbox 1843 4312 3417 4387; baseline 0.004 -22"><span class='ocrx_word' id='word_1_644' title='bbox 1843 4314 2160 4382; x_wconf 84' lang='lat' dir='ltr'><strong>quibusdam</strong></span> <span class='ocrx_word' id='word_1_645' title='bbox 2185 4312 2477 4382; x_wconf 72' lang='lat' dir='ltr'><strong>subiectas,</strong></span> <span class='ocrx_word' id='word_1_646' title='bbox 2495 4314 2585 4382; x_wconf 93' lang='lat' dir='ltr'><strong>qui</strong></span> <span class='ocrx_word' id='word_1_647' title='bbox 2614 4312 2679 4366; x_wconf 90' lang='lat' dir='ltr'><strong>ad</strong></span> <span class='ocrx_word' id='word_1_648' title='bbox 2698 4314 2877 4368; x_wconf 87' lang='lat' dir='ltr'><strong>omnia</strong></span> <span class='ocrx_word' id='word_1_649' title='bbox 2914 4315 3043 4384; x_wconf 90' lang='lat' dir='ltr'><strong>ipsis</strong></span> <span class='ocrx_word' id='word_1_650' title='bbox 3066 4315 3299 4371; x_wconf 84' lang='lat' dir='ltr'><strong>collibita</strong></span> <span class='ocrx_word' id='word_1_651' title='bbox 3322 4333 3417 4387; x_wconf 86' lang='lat' dir='ltr'><strong>po-</strong></span> 
     </span>
    </p>
   </div>
   <div class='ocr_carea' id='block_1_84' title="bbox 185 4380 1742 4478">
    <p class='ocr_par' dir='ltr' id='par_1_84' title="bbox 185 4380 1731 4473">
     <span class='ocr_line' id='line_1_84' title="bbox 185 4380 1731 4473; baseline 0.008 -27"><span class='ocrx_word' id='word_1_652' title='bbox 185 4397 277 4450; x_wconf 80' lang='grc' dir='ltr'>τῶν</span> <span class='ocrx_word' id='word_1_653' title='bbox 300 4401 587 4471; x_wconf 81' lang='grc' dir='ltr'>ποιμένων.</span> <span class='ocrx_word' id='word_1_654' title='bbox 620 4421 640 4454; x_wconf 78' lang='grc' dir='ltr'><strong>ι</strong></span> <span class='ocrx_word' id='word_1_655' title='bbox 674 4402 864 4472; x_wconf 84' lang='grc' dir='ltr'>Νομάς</span> <span class='ocrx_word' id='word_1_656' title='bbox 915 4404 971 4455; x_wconf 81' lang='grc' dir='ltr'>δὲ</span> <span class='ocrx_word' id='word_1_657' title='bbox 1006 4380 1391 4473; x_wconf 69' lang='grc' dir='ltr'>ποιμένωντά</span> <span class='ocrx_word' id='word_1_658' title='bbox 1435 4405 1541 4458; x_wconf 82' lang='grc' dir='ltr'>τῶν</span> <span class='ocrx_word' id='word_1_659' title='bbox 1574 4380 1731 4459; x_wconf 78' lang='grc' dir='ltr'>ἀλλο·-</span> 
     </span>
    </p>
   </div>
   <div class='ocr_carea' id='block_1_85' title="bbox 1843 4380 3413 4478">
    <p class='ocr_par' dir='ltr' id='par_1_85' title="bbox 1843 4380 3413 4478">
     <span class='ocr_line' id='line_1_85' title="bbox 1843 4380 3413 4478; baseline 0.004 -23"><span class='ocrx_word' id='word_1_660' title='bbox 1843 4380 1992 4472; x_wconf 81' lang='lat' dir='ltr'><strong>pulos</strong></span> <span class='ocrx_word' id='word_1_661' title='bbox 2019 4380 2831 4473; x_wconf 17' lang='lat' dir='ltr'><strong>subjectosgrapiunt‘aguntque.</strong></span> <span class='ocrx_word' id='word_1_662' title='bbox 2860 4380 3200 4460; x_wconf 56' lang='lat' dir='ltr'><strong>«Laxet-unt»</strong></span> <span class='ocrx_word' id='word_1_663' title='bbox 3230 4380 3413 4478; x_wconf 71' lang='lat' dir='ltr'><strong>igitur,</strong></span> 
     </span>
    </p>
   </div>
   <div class='ocr_carea' id='block_1_86' title="bbox 187 4484 1742 4562">
    <p class='ocr_par' dir='ltr' id='par_1_86' title="bbox 187 4484 1734 4562">
     <span class='ocr_line' id='line_1_86' title="bbox 187 4484 1734 4562; baseline 0.006 -25"><span class='ocrx_word' id='word_1_664' title='bbox 187 4484 343 4550; x_wconf 59' lang='grc' dir='ltr'>φίλων</span> <span class='ocrx_word' id='word_1_665' title='bbox 375 4488 501 4558; x_wconf 78' lang='grc' dir='ltr'>ἔθνη</span> <span class='ocrx_word' id='word_1_666' title='bbox 532 4489 685 4559; x_wconf 74' lang='grc' dir='ltr'>φησί,</span> <span class='ocrx_word' id='word_1_667' title='bbox 716 4490 966 4562; x_wconf 82' lang='grc' dir='ltr'>καθάπερ</span> <span class='ocrx_word' id='word_1_668' title='bbox 1001 4492 1113 4544; x_wconf 75' lang='grc' dir='ltr'>τισὶ</span> <span class='ocrx_word' id='word_1_669' title='bbox 1161 4492 1383 4562; x_wconf 80' lang='grc' dir='ltr'>ποιμέσι</span> <span class='ocrx_word' id='word_1_670' title='bbox 1416 4496 1527 4556; x_wconf 84' lang='grc' dir='ltr'>τοῖς</span> <span class='ocrx_word' id='word_1_671' title='bbox 1554 4494 1734 4546; x_wconf 83' lang='grc' dir='ltr'>αὐτῶν</span> 
     </span>
    </p>
   </div>
   <div class='ocr_carea' id='block_1_87' title="bbox 1843 4484 3412 4562">
    <p class='ocr_par' dir='ltr' id='par_1_87' title="bbox 1844 4494 3412 4557">
     <span class='ocr_line' id='line_1_87' title="bbox 1844 4494 3412 4557; baseline 0.003 -9"><span class='ocrx_word' id='word_1_672' title='bbox 1844 4496 1943 4548; x_wconf 84' lang='lat' dir='ltr'><strong>huc</strong></span> <span class='ocrx_word' id='word_1_673' title='bbox 1970 4504 2075 4557; x_wconf 88' lang='lat' dir='ltr'><strong>est,</strong></span> <span class='ocrx_word' id='word_1_674' title='bbox 2104 4494 2154 4546; x_wconf 89' lang='lat' dir='ltr'><strong>in</strong></span> <span class='ocrx_word' id='word_1_675' title='bbox 2174 4495 2496 4548; x_wconf 77' lang='lat' dir='ltr'><strong>mteroribus</strong></span> <span class='ocrx_word' id='word_1_676' title='bbox 2519 4494 2739 4547; x_wconf 83' lang='lat' dir='ltr'><strong>etmalis</strong></span> <span class='ocrx_word' id='word_1_677' title='bbox 2757 4497 3009 4550; x_wconf 90' lang='lat' dir='ltr'><strong>omnibus</strong></span> <span class='ocrx_word' id='word_1_678' title='bbox 3039 4499 3234 4552; x_wconf 88' lang='lat' dir='ltr'><strong>versati</strong></span> <span class='ocrx_word' id='word_1_679' title='bbox 3265 4508 3412 4553; x_wconf 85' lang='lat' dir='ltr'><strong>sunt.</strong></span> 
     </span>
    </p>
   </div>
   <div class='ocr_carea' id='block_1_88' title="bbox 186 4579 1742 4655">
    <p class='ocr_par' dir='ltr' id='par_1_88' title="bbox 186 4579 1734 4655">
     <span class='ocr_line' id='line_1_88' title="bbox 186 4579 1734 4655; baseline 0.007 -29"><span class='ocrx_word' id='word_1_680' title='bbox 186 4579 449 4645; x_wconf 81' lang='grc' dir='ltr'>κρατοῦσιν</span> <span class='ocrx_word' id='word_1_681' title='bbox 494 4582 911 4652; x_wconf 82' lang='grc' dir='ltr'>ὑπεστρωμένα,</span> <span class='ocrx_word' id='word_1_682' title='bbox 956 4585 1007 4637; x_wconf 84' lang='grc' dir='ltr'>οἳ</span> <span class='ocrx_word' id='word_1_683' title='bbox 1065 4584 1201 4655; x_wconf 74' lang='grc' dir='ltr'>πρὸς</span> <span class='ocrx_word' id='word_1_684' title='bbox 1253 4586 1360 4638; x_wconf 84' lang='grc' dir='ltr'>πᾶν</span> <span class='ocrx_word' id='word_1_685' title='bbox 1408 4585 1585 4637; x_wconf 79' lang='grc' dir='ltr'>ὁτιοῦν</span> <span class='ocrx_word' id='word_1_686' title='bbox 1626 4585 1734 4638; x_wconf 87' lang='grc' dir='ltr'><strong>τῶν</strong></span> 
     </span>
    </p>
   </div>
   <div class='ocr_carea' id='block_1_89' title="bbox 1843 4579 3412 4655">
    <p class='ocr_par' dir='ltr' id='par_1_89' title="bbox 1843 4583 3412 4653">
     <span class='ocr_line' id='line_1_89' title="bbox 1843 4583 3412 4653; baseline 0.003 -15"><span class='ocrx_word' id='word_1_687' title='bbox 1843 4583 2040 4638; x_wconf 82' lang='lat' dir='ltr'><strong>Luctus</strong></span> <span class='ocrx_word' id='word_1_688' title='bbox 2065 4584 2205 4636; x_wconf 85' lang='lat' dir='ltr'><strong>enim</strong></span> <span class='ocrx_word' id='word_1_689' title='bbox 2239 4597 2402 4651; x_wconf 82' lang='lat' dir='ltr'><strong>super</strong></span> <span class='ocrx_word' id='word_1_690' title='bbox 2427 4584 2654 4636; x_wconf 90' lang='lat' dir='ltr'><strong>mortuis</strong></span> <span class='ocrx_word' id='word_1_691' title='bbox 2672 4584 2985 4653; x_wconf 87' lang='lat' dir='ltr'><strong>suscipitur.</strong></span> <span class='ocrx_word' id='word_1_692' title='bbox 3039 4586 3209 4641; x_wconf 86' lang='lat' dir='ltr'><strong>Causa</strong></span> <span class='ocrx_word' id='word_1_693' title='bbox 3231 4597 3412 4642; x_wconf 88' lang='lat' dir='ltr'><strong>autem</strong></span> 
     </span>
    </p>
   </div>
   <div class='ocr_carea' id='block_1_90' title="bbox 188 4668 1742 4749">
    <p class='ocr_par' dir='ltr' id='par_1_90' title="bbox 188 4668 1734 4747">
     <span class='ocr_line' id='line_1_90' title="bbox 188 4668 1734 4747; baseline 0.008 -30"><span class='ocrx_word' id='word_1_694' title='bbox 188 4668 307 4721; x_wconf 78' lang='grc' dir='ltr'>κατὰ</span> <span class='ocrx_word' id='word_1_695' title='bbox 325 4671 545 4743; x_wconf 83' lang='grc' dir='ltr'>γνώμην</span> <span class='ocrx_word' id='word_1_696' title='bbox 574 4674 758 4736; x_wconf 79' lang='grc' dir='ltr'>αὐτοῖς</span> <span class='ocrx_word' id='word_1_697' title='bbox 782 4675 974 4741; x_wconf 77' lang='grc' dir='ltr'>ἄγουσί</span> <span class='ocrx_word' id='word_1_698' title='bbox 995 4692 1053 4727; x_wconf 90' lang='grc' dir='ltr'><strong>τε</strong></span> <span class='ocrx_word' id='word_1_699' title='bbox 1089 4677 1183 4729; x_wconf 75' lang='grc' dir='ltr'><strong>καὶ</strong></span> <span class='ocrx_word' id='word_1_700' title='bbox 1217 4676 1441 4747; x_wconf 87' lang='grc' dir='ltr'>φέρουσι</span> <span class='ocrx_word' id='word_1_701' title='bbox 1474 4679 1599 4740; x_wconf 80' lang='grc' dir='ltr'>τοὺς</span> <span class='ocrx_word' id='word_1_702' title='bbox 1628 4677 1734 4730; x_wconf 74' lang='grc' dir='ltr'>ὑπὸ</span> 
     </span>
    </p>
   </div>
   <div class='ocr_carea' id='block_1_91' title="bbox 1843 4668 3410 4749">
    <p class='ocr_par' dir='ltr' id='par_1_91' title="bbox 1843 4674 3410 4749">
     <span class='ocr_line' id='line_1_91' title="bbox 1843 4674 3410 4749; baseline 0.005 -21"><span class='ocrx_word' id='word_1_703' title='bbox 1843 4675 2179 4729; x_wconf 84' lang='lat' dir='ltr'><strong>miseriarum</strong></span> <span class='ocrx_word' id='word_1_704' title='bbox 2216 4674 2368 4743; x_wconf 90' lang='lat' dir='ltr'><strong>ipsis,</strong></span> <span class='ocrx_word' id='word_1_705' title='bbox 2393 4675 2535 4743; x_wconf 86' lang='lat' dir='ltr'><strong>quod</strong></span> <span class='ocrx_word' id='word_1_706' title='bbox 2567 4676 2705 4730; x_wconf 89' lang='lat' dir='ltr'><strong>Deus</strong></span> <span class='ocrx_word' id='word_1_707' title='bbox 2729 4678 3000 4747; x_wconf 78' lang='lat' dir='ltr'><strong>rugiisset,</strong></span> <span class='ocrx_word' id='word_1_708' title='bbox 3031 4690 3083 4733; x_wconf 90' lang='lat' dir='ltr'><strong>ct</strong></span> <span class='ocrx_word' id='word_1_709' title='bbox 3116 4681 3410 4749; x_wconf 88' lang='lat' dir='ltr'><strong>perniciem</strong></span> 
     </span>
    </p>
   </div>
   <div class='ocr_carea' id='block_1_92' title="bbox 186 4758 1742 4839">
    <p class='ocr_par' dir='ltr' id='par_1_92' title="bbox 186 4758 1733 4835">
     <span class='ocr_line' id='line_1_92' title="bbox 186 4758 1733 4835; baseline 0.011 -30"><span class='ocrx_word' id='word_1_710' title='bbox 186 4758 350 4827; x_wconf 73' lang='grc' dir='ltr'>χεῖρας</span> <span class='ocrx_word' id='word_1_711' title='bbox 392 4759 574 4821; x_wconf 85' lang='grc' dir='ltr'>λαούς.</span> <span class='ocrx_word' id='word_1_712' title='bbox 616 4780 636 4813; x_wconf 83' lang='grc' dir='ltr'><strong>ι</strong></span> <span class='ocrx_word' id='word_1_713' title='bbox 672 4763 1007 4835; x_wconf 79' lang='grc' dir='ltr'>Ἐπένθησαν</span> <span class='ocrx_word' id='word_1_714' title='bbox 1038 4787 1057 4817; x_wconf 78' lang='grc' dir='ltr'><strong>ι</strong></span> <span class='ocrx_word' id='word_1_715' title='bbox 1087 4766 1265 4819; x_wconf 83' lang='grc' dir='ltr'>τοίνυν</span> <span class='ocrx_word' id='word_1_716' title='bbox 1284 4811 1298 4833; x_wconf 87' lang='grc'><strong>,</strong></span> <span class='ocrx_word' id='word_1_717' title='bbox 1328 4768 1605 4822; x_wconf 77' lang='grc' dir='ltr'>τουτέστιν</span> <span class='ocrx_word' id='word_1_718' title='bbox 1625 4807 1639 4830; x_wconf 83' lang='grc'><strong>,</strong></span> <span class='ocrx_word' id='word_1_719' title='bbox 1675 4771 1733 4823; x_wconf 81' lang='grc' dir='ltr'>ὲν</span> 
     </span>
    </p>
   </div>
   <div class='ocr_carea' id='block_1_93' title="bbox 1843 4758 3411 4839">
    <p class='ocr_par' dir='ltr' id='par_1_93' title="bbox 1849 4765 3411 4839">
     <span class='ocr_line' id='line_1_93' title="bbox 1849 4765 3411 4839; baseline 0.005 -21"><span class='ocrx_word' id='word_1_720' title='bbox 1849 4765 1930 4819; x_wconf 89' lang='lat' dir='ltr'><strong>llis</strong></span> <span class='ocrx_word' id='word_1_721' title='bbox 1958 4766 2113 4834; x_wconf 89' lang='lat' dir='ltr'><strong>quasi</strong></span> <span class='ocrx_word' id='word_1_722' title='bbox 2137 4765 2372 4819; x_wconf 88' lang='lat' dir='ltr'><strong>minatus</strong></span> <span class='ocrx_word' id='word_1_723' title='bbox 2395 4776 2565 4820; x_wconf 84' lang='lat' dir='ltr'><strong>esset.</strong></span> <span class='ocrx_word' id='word_1_724' title='bbox 2592 4786 2610 4817; x_wconf 84' lang='grc' dir='ltr'><strong>ι</strong></span> <span class='ocrx_word' id='word_1_725' title='bbox 2653 4767 2762 4821; x_wconf 78' lang='lat' dir='ltr'><strong>Leo</strong></span> <span class='ocrx_word' id='word_1_726' title='bbox 2790 4770 2983 4835; x_wconf 78' lang='lat' dir='ltr'><strong>rngiet,</strong></span> <span class='ocrx_word' id='word_1_727' title='bbox 3019 4772 3140 4839; x_wconf 91' lang='lat' dir='ltr'><strong>quis</strong></span> <span class='ocrx_word' id='word_1_728' title='bbox 3187 4787 3294 4825; x_wconf 85' lang='lat' dir='ltr'><strong>non</strong></span> <span class='ocrx_word' id='word_1_729' title='bbox 3342 4774 3411 4827; x_wconf 85' lang='lat' dir='ltr'><strong>ti-</strong></span> 
     </span>
    </p>
   </div>
   <div class='ocr_carea' id='block_1_94' title="bbox 192 4851 1742 4934">
    <p class='ocr_par' dir='ltr' id='par_1_94' title="bbox 192 4851 1729 4934">
     <span class='ocr_line' id='line_1_94' title="bbox 192 4851 1729 4934; baseline 0.01 -34"><span class='ocrx_word' id='word_1_730' title='bbox 192 4851 508 4934; x_wconf 75' lang='grc' dir='ltr'>κατηφείαις,</span> <span class='ocrx_word' id='word_1_731' title='bbox 532 4854 626 4906; x_wconf 72' lang='grc' dir='ltr'>καὶ</span> <span class='ocrx_word' id='word_1_732' title='bbox 652 4855 709 4908; x_wconf 86' lang='grc' dir='ltr'>ὲν</span> <span class='ocrx_word' id='word_1_733' title='bbox 728 4856 892 4909; x_wconf 74' lang='grc' dir='ltr'>παντὶ</span> <span class='ocrx_word' id='word_1_734' title='bbox 916 4857 1170 4925; x_wconf 88' lang='grc' dir='ltr'>γεγόνασι</span> <span class='ocrx_word' id='word_1_735' title='bbox 1187 4859 1361 4931; x_wconf 81' lang='grc' dir='ltr'>κακῷ.</span> <span class='ocrx_word' id='word_1_736' title='bbox 1382 4860 1596 4914; x_wconf 84' lang='grc' dir='ltr'>Γίνεται</span> <span class='ocrx_word' id='word_1_737' title='bbox 1620 4861 1729 4932; x_wconf 88' lang='grc' dir='ltr'><strong>γὰρ</strong></span> 
     </span>
    </p>
   </div>
   <div class='ocr_carea' id='block_1_95' title="bbox 1843 4851 3408 4934">
    <p class='ocr_par' dir='ltr' id='par_1_95' title="bbox 1843 4854 3408 4934">
     <span class='ocr_line' id='line_1_95' title="bbox 1843 4854 3408 4934; baseline 0.004 -23"><span class='ocrx_word' id='word_1_738' title='bbox 1843 4858 2001 4911; x_wconf 87' lang='lat' dir='ltr'><strong>mebit</strong></span> <span class='ocrx_word' id='word_1_739' title='bbox 2033 4857 2053 4887; x_wconf 79' lang='grc'>⁸</span> <span class='ocrx_word' id='word_1_740' title='bbox 2076 4857 2098 4909; x_wconf 83' lang='lat'><strong>?</strong></span> <span class='ocrx_word' id='word_1_741' title='bbox 2125 4876 2144 4908; x_wconf 82' lang='grc' dir='ltr'><strong>ι</strong></span> <span class='ocrx_word' id='word_1_742' title='bbox 2182 4854 2661 4914; x_wconf 82' lang='lat' dir='ltr'><strong>Verumenimvero</strong></span> <span class='ocrx_word' id='word_1_743' title='bbox 2692 4876 2799 4913; x_wconf 88' lang='lat' dir='ltr'><strong>non</strong></span> <span class='ocrx_word' id='word_1_744' title='bbox 2833 4862 2990 4915; x_wconf 85' lang='lat' dir='ltr'><strong>modo</strong></span> <span class='ocrx_word' id='word_1_745' title='bbox 3042 4861 3408 4934; x_wconf 75' lang='lat' dir='ltr'><strong>luxernntpa-</strong></span> 
     </span>
    </p>
   </div>
   <div class='ocr_carea' id='block_1_96' title="bbox 187 4933 1742 5022">
    <p class='ocr_par' dir='ltr' id='par_1_96' title="bbox 187 4933 1730 5021">
     <span class='ocr_line' id='line_1_96' title="bbox 187 4933 1730 5021; baseline 0.019 -35"><span class='ocrx_word' id='word_1_746' title='bbox 187 4933 356 5001; x_wconf 73' lang='grc' dir='ltr'>πένθος</span> <span class='ocrx_word' id='word_1_747' title='bbox 392 4943 484 4995; x_wconf 75' lang='grc' dir='ltr'>ἐπὶ</span> <span class='ocrx_word' id='word_1_748' title='bbox 509 4948 742 5012; x_wconf 83' lang='grc' dir='ltr'>νεκροῖς.</span> <span class='ocrx_word' id='word_1_749' title='bbox 799 4945 979 4999; x_wconf 70' lang='grc' dir='ltr'>Αἴτιον</span> <span class='ocrx_word' id='word_1_750' title='bbox 1011 4947 1067 5001; x_wconf 80' lang='grc' dir='ltr'>δὲ</span> <span class='ocrx_word' id='word_1_751' title='bbox 1088 4950 1186 5020; x_wconf 81' lang='grc' dir='ltr'>τῆς</span> <span class='ocrx_word' id='word_1_752' title='bbox 1221 4952 1505 5021; x_wconf 79' lang='grc' dir='ltr'>συμφορᾶς</span> <span class='ocrx_word' id='word_1_753' title='bbox 1542 4952 1730 5015; x_wconf 78' lang='grc' dir='ltr'>αὐτοῖς</span> 
     </span>
    </p>
   </div>
   <div class='ocr_carea' id='block_1_97' title="bbox 1843 4933 3407 5022">
    <p class='ocr_par' dir='ltr' id='par_1_97' title="bbox 1843 4933 3407 5022">
     <span class='ocr_line' id='line_1_97' title="bbox 1843 4933 3407 5022; baseline 0.004 -19"><span class='ocrx_word' id='word_1_754' title='bbox 1843 4962 1982 5012; x_wconf 79' lang='lat' dir='ltr'><strong>seua,</strong></span> <span class='ocrx_word' id='word_1_755' title='bbox 2007 4946 2169 5017; x_wconf 73' lang='lat'><strong>253</strong></span> <span class='ocrx_word' id='word_1_756' title='bbox 2198 4949 2415 5017; x_wconf 86' lang='lat' dir='ltr'><strong>insuper</strong></span> <span class='ocrx_word' id='word_1_757' title='bbox 2436 4956 2697 5004; x_wconf 80' lang='lat' dir='ltr'><strong>etvertcx</strong></span> <span class='ocrx_word' id='word_1_758' title='bbox 2728 4949 2958 5005; x_wconf 89' lang='lat' dir='ltr'><strong>Carmeli</strong></span> <span class='ocrx_word' id='word_1_759' title='bbox 2986 4951 3288 5008; x_wconf 78' lang='lat' dir='ltr'><strong>exsiccatus</strong></span> <span class='ocrx_word' id='word_1_760' title='bbox 3303 4933 3407 5022; x_wconf 88' lang='lat' dir='ltr'><strong>est,</strong></span> 
     </span>
    </p>
   </div>
   <div class='ocr_carea' id='block_1_98' title="bbox 187 5024 1742 5112">
    <p class='ocr_par' dir='ltr' id='par_1_98' title="bbox 187 5024 1731 5111">
     <span class='ocr_line' id='line_1_98' title="bbox 187 5024 1731 5111; baseline 0.012 -35"><span class='ocrx_word' id='word_1_761' title='bbox 187 5024 238 5077; x_wconf 79' lang='grc' dir='ltr'>τὸ</span> <span class='ocrx_word' id='word_1_762' title='bbox 259 5032 762 5105; x_wconf 79' lang='grc' dir='ltr'>καταδρυχήσασθαι</span> <span class='ocrx_word' id='word_1_763' title='bbox 821 5037 911 5091; x_wconf 74' lang='grc' dir='ltr'><strong>τὸν</strong></span> <span class='ocrx_word' id='word_1_764' title='bbox 958 5038 1109 5105; x_wconf 81' lang='grc' dir='ltr'>Θεὸν,</span> <span class='ocrx_word' id='word_1_765' title='bbox 1156 5041 1249 5093; x_wconf 75' lang='grc' dir='ltr'><strong>καὶ</strong></span> <span class='ocrx_word' id='word_1_766' title='bbox 1287 5039 1397 5095; x_wconf 77' lang='grc' dir='ltr'>οἷον</span> <span class='ocrx_word' id='word_1_767' title='bbox 1436 5043 1731 5111; x_wconf 82' lang='grc' dir='ltr'>ἀπειλῆσαι</span> 
     </span>
    </p>
   </div>
   <div class='ocr_carea' id='block_1_99' title="bbox 1843 5024 3408 5112">
    <p class='ocr_par' dir='ltr' id='par_1_99' title="bbox 1843 5038 3408 5112">
     <span class='ocr_line' id='line_1_99' title="bbox 1843 5038 3408 5112; baseline 0.008 -21"><span class='ocrx_word' id='word_1_768' title='bbox 1843 5046 1981 5108; x_wconf 89' lang='lat' dir='ltr'><strong>puta,</strong></span> <span class='ocrx_word' id='word_1_769' title='bbox 2009 5038 2398 5108; x_wconf 84' lang='lat' dir='ltr'><strong>Hierosolyma.</strong></span> <span class='ocrx_word' id='word_1_770' title='bbox 2431 5038 2713 5095; x_wconf 86' lang='lat' dir='ltr'><strong>Carmelus</strong></span> <span class='ocrx_word' id='word_1_771' title='bbox 2735 5042 2878 5096; x_wconf 91' lang='lat' dir='ltr'><strong>enim</strong></span> <span class='ocrx_word' id='word_1_772' title='bbox 2906 5056 3060 5098; x_wconf 87' lang='lat' dir='ltr'><strong>mons</strong></span> <span class='ocrx_word' id='word_1_773' title='bbox 3088 5055 3168 5099; x_wconf 89' lang='lat' dir='ltr'><strong>est</strong></span> <span class='ocrx_word' id='word_1_774' title='bbox 3188 5043 3408 5112; x_wconf 66' lang='lat' dir='ltr'><strong>Jutlaeae,</strong></span> 
     </span>
    </p>
   </div>
   <div class='ocr_carea' id='block_1_100' title="bbox 186 5113 1742 5205">
    <p class='ocr_par' dir='ltr' id='par_1_100' title="bbox 186 5113 1731 5205">
     <span class='ocr_line' id='line_1_100' title="bbox 186 5113 1731 5205; baseline 0.013 -41"><span class='ocrx_word' id='word_1_775' title='bbox 186 5113 264 5205; x_wconf 76' lang='grc' dir='ltr'><strong>τὸν</strong></span> <span class='ocrx_word' id='word_1_776' title='bbox 292 5116 520 5191; x_wconf 67' lang='grc' dir='ltr'>ὀλεθρον.</span> <span class='ocrx_word' id='word_1_777' title='bbox 559 5142 576 5174; x_wconf 85' lang='grc' dir='ltr'><strong>ι</strong></span> <span class='ocrx_word' id='word_1_778' title='bbox 600 5125 753 5177; x_wconf 88' lang='grc' dir='ltr'>Λέων</span> <span class='ocrx_word' id='word_1_779' title='bbox 776 5126 883 5196; x_wconf 85' lang='grc' dir='ltr'><strong>γὰρ</strong></span> <span class='ocrx_word' id='word_1_780' title='bbox 917 5127 1216 5197; x_wconf 77' lang='grc' dir='ltr'>έρεύξεται,</span> <span class='ocrx_word' id='word_1_781' title='bbox 1238 5130 1331 5182; x_wconf 76' lang='grc' dir='ltr'><strong>καὶ</strong></span> <span class='ocrx_word' id='word_1_782' title='bbox 1357 5130 1441 5193; x_wconf 89' lang='grc' dir='ltr'><strong>τίς</strong></span> <span class='ocrx_word' id='word_1_783' title='bbox 1467 5130 1526 5183; x_wconf 79' lang='grc' dir='ltr'><strong>οὐ</strong></span> <span class='ocrx_word' id='word_1_784' title='bbox 1560 5131 1731 5202; x_wconf 80' lang='grc' dir='ltr'>φοϐη-</span> 
     </span>
    </p>
   </div>
   <div class='ocr_carea' id='block_1_101' title="bbox 1843 5113 3408 5205">
    <p class='ocr_par' dir='ltr' id='par_1_101' title="bbox 1843 5128 3408 5205">
     <span class='ocr_line' id='line_1_101' title="bbox 1843 5128 3408 5205; baseline 0.006 -22"><span class='ocrx_word' id='word_1_785' title='bbox 1843 5132 1888 5183; x_wconf 91' lang='lat' dir='ltr'><strong>in</strong></span> <span class='ocrx_word' id='word_1_786' title='bbox 1917 5144 2025 5199; x_wconf 91' lang='lat' dir='ltr'><strong>quo</strong></span> <span class='ocrx_word' id='word_1_787' title='bbox 2054 5136 2109 5184; x_wconf 92' lang='lat' dir='ltr'><strong>et</strong></span> <span class='ocrx_word' id='word_1_788' title='bbox 2137 5128 2282 5183; x_wconf 88' lang='lat' dir='ltr'><strong>Elias</strong></span> <span class='ocrx_word' id='word_1_789' title='bbox 2307 5128 2590 5186; x_wconf 85' lang='lat' dir='ltr'><strong>Thesbites</strong></span> <span class='ocrx_word' id='word_1_790' title='bbox 2623 5131 2906 5187; x_wconf 85' lang='lat' dir='ltr'><strong>habitavit.</strong></span> <span class='ocrx_word' id='word_1_791' title='bbox 2952 5134 3288 5205; x_wconf 84' lang='lat' dir='ltr'><strong>Frequenter</strong></span> <span class='ocrx_word' id='word_1_792' title='bbox 3309 5152 3408 5192; x_wconf 85' lang='lat' dir='ltr'><strong>au-</strong></span> 
     </span>
    </p>
   </div>
   <div class='ocr_carea' id='block_1_102' title="bbox 190 5201 1742 5291">
    <p class='ocr_par' dir='ltr' id='par_1_102' title="bbox 190 5201 1727 5291">
     <span class='ocr_line' id='line_1_102' title="bbox 190 5201 1727 5291; baseline 0.01 -31"><span class='ocrx_word' id='word_1_793' title='bbox 190 5201 415 5274; x_wconf 81' lang='grc' dir='ltr'>θήσεται;</span> <span class='ocrx_word' id='word_1_794' title='bbox 439 5231 456 5263; x_wconf 84' lang='grc' dir='ltr'><strong>ι</strong></span> <span class='ocrx_word' id='word_1_795' title='bbox 490 5212 636 5284; x_wconf 85' lang='grc' dir='ltr'><strong>Πλὴν</strong></span> <span class='ocrx_word' id='word_1_796' title='bbox 656 5214 717 5266; x_wconf 80' lang='grc' dir='ltr'><strong>οὐ</strong></span> <span class='ocrx_word' id='word_1_797' title='bbox 752 5216 911 5285; x_wconf 82' lang='grc' dir='ltr'>μόνον</span> <span class='ocrx_word' id='word_1_798' title='bbox 944 5218 1245 5289; x_wconf 74' lang='grc' dir='ltr'>ἐπένθησαν</span> <span class='ocrx_word' id='word_1_799' title='bbox 1295 5222 1348 5273; x_wconf 86' lang='grc' dir='ltr'>αἱ</span> <span class='ocrx_word' id='word_1_800' title='bbox 1407 5223 1569 5291; x_wconf 72' lang='grc' dir='ltr'>νομαὶ</span> <span class='ocrx_word' id='word_1_801' title='bbox 1618 5201 1727 5275; x_wconf 75' lang='grc' dir='ltr'>τῶν</span> 
     </span>
    </p>
   </div>
   <div class='ocr_carea' id='block_1_103' title="bbox 1843 5201 3405 5291">
    <p class='ocr_par' dir='ltr' id='par_1_103' title="bbox 1843 5201 3405 5288">
     <span class='ocr_line' id='line_1_103' title="bbox 1843 5201 3405 5288; baseline 0.006 -11"><span class='ocrx_word' id='word_1_802' title='bbox 1843 5231 1951 5277; x_wconf 92' lang='lat' dir='ltr'><strong>tem</strong></span> <span class='ocrx_word' id='word_1_803' title='bbox 1986 5222 2142 5276; x_wconf 90' lang='lat' dir='ltr'><strong>tellus</strong></span> <span class='ocrx_word' id='word_1_804' title='bbox 2169 5220 2476 5277; x_wconf 70' lang='lat' dir='ltr'><strong>Judazorum</strong></span> <span class='ocrx_word' id='word_1_805' title='bbox 2508 5224 2741 5280; x_wconf 86' lang='lat' dir='ltr'><strong>Carmeli</strong></span> <span class='ocrx_word' id='word_1_806' title='bbox 2790 5228 3053 5283; x_wconf 81' lang='lat' dir='ltr'><strong>vocabulo</strong></span> <span class='ocrx_word' id='word_1_807' title='bbox 3075 5201 3405 5288; x_wconf 30' lang='lat' dir='ltr'><strong>iindicatur:</strong></span> 
     </span>
    </p>
   </div>
   <div class='ocr_carea' id='block_1_104' title="bbox 188 5298 1742 5389">
    <p class='ocr_par' dir='ltr' id='par_1_104' title="bbox 188 5298 1725 5389">
     <span class='ocr_line' id='line_1_104' title="bbox 188 5298 1725 5389; baseline 0.023 -41"><span class='ocrx_word' id='word_1_808' title='bbox 188 5298 436 5389; x_wconf 53' lang='grc' dir='ltr'>ποιμνίων,</span> <span class='ocrx_word' id='word_1_809' title='bbox 468 5302 742 5374; x_wconf 72' lang='grc' dir='ltr'>ἐξηράνθη</span> <span class='ocrx_word' id='word_1_810' title='bbox 775 5305 830 5359; x_wconf 82' lang='grc' dir='ltr'>δὲ</span> <span class='ocrx_word' id='word_1_811' title='bbox 890 5308 1025 5378; x_wconf 83' lang='grc' dir='ltr'>πρὸς</span> <span class='ocrx_word' id='word_1_812' title='bbox 1074 5308 1247 5379; x_wconf 78' lang='grc' dir='ltr'>τούτῳ</span> <span class='ocrx_word' id='word_1_813' title='bbox 1282 5312 1374 5364; x_wconf 78' lang='grc' dir='ltr'><strong>καὶ</strong></span> <span class='ocrx_word' id='word_1_814' title='bbox 1429 5313 1463 5382; x_wconf 82' lang='grc' dir='ltr'>ἡ</span> <span class='ocrx_word' id='word_1_815' title='bbox 1513 5314 1725 5385; x_wconf 83' lang='grc' dir='ltr'>κορυφὴ</span> 
     </span>
    </p>
   </div>
   <div class='ocr_carea' id='block_1_105' title="bbox 1843 5298 3407 5389">
    <p class='ocr_par' dir='ltr' id='par_1_105' title="bbox 1843 5312 3407 5389">
     <span class='ocr_line' id='line_1_105' title="bbox 1843 5312 3407 5389; baseline 0.008 -22"><span class='ocrx_word' id='word_1_816' title='bbox 1843 5312 1992 5383; x_wconf 71' lang='lat' dir='ltr'><strong>quale</strong></span> <span class='ocrx_word' id='word_1_817' title='bbox 2020 5324 2123 5378; x_wconf 87' lang='lat' dir='ltr'><strong>est,</strong></span> <span class='ocrx_word' id='word_1_818' title='bbox 2158 5315 2298 5383; x_wconf 90' lang='lat' dir='ltr'><strong>quod</strong></span> <span class='ocrx_word' id='word_1_819' title='bbox 2322 5330 2451 5371; x_wconf 87' lang='lat' dir='ltr'><strong>voce</strong></span> <span class='ocrx_word' id='word_1_820' title='bbox 2476 5316 2697 5373; x_wconf 87' lang='lat' dir='ltr'><strong>alterius</strong></span> <span class='ocrx_word' id='word_1_821' title='bbox 2713 5319 2989 5389; x_wconf 76' lang='lat' dir='ltr'><strong>propheta:</strong></span> <span class='ocrx_word' id='word_1_822' title='bbox 3024 5322 3089 5375; x_wconf 87' lang='lat' dir='ltr'><strong>ad</strong></span> <span class='ocrx_word' id='word_1_823' title='bbox 3152 5323 3292 5378; x_wconf 82' lang='lat' dir='ltr'><strong>illius</strong></span> <span class='ocrx_word' id='word_1_824' title='bbox 3322 5325 3407 5378; x_wconf 84' lang='lat' dir='ltr'><strong>ls-</strong></span> 
     </span>
    </p>
   </div>
   <div class='ocr_carea' id='block_1_106' title="bbox 189 5381 1742 5481">
    <p class='ocr_par' dir='ltr' id='par_1_106' title="bbox 189 5381 1723 5481">
     <span class='ocr_line' id='line_1_106' title="bbox 189 5381 1723 5481; baseline 0.014 -45"><span class='ocrx_word' id='word_1_825' title='bbox 189 5381 264 5481; x_wconf 61' lang='grc' dir='ltr'><strong>τοῦ</strong></span> <span class='ocrx_word' id='word_1_826' title='bbox 284 5386 587 5481; x_wconf 80' lang='grc' dir='ltr'>Καρμήλου,</span> <span class='ocrx_word' id='word_1_827' title='bbox 626 5396 892 5460; x_wconf 86' lang='grc' dir='ltr'>τουτέστι,</span> <span class='ocrx_word' id='word_1_828' title='bbox 925 5398 992 5450; x_wconf 78' lang='grc' dir='ltr'>τὰ</span> <span class='ocrx_word' id='word_1_829' title='bbox 1025 5398 1390 5471; x_wconf 88' lang='grc' dir='ltr'>Ἰεροσόλυμα.</span> <span class='ocrx_word' id='word_1_830' title='bbox 1422 5381 1723 5473; x_wconf 73' lang='grc' dir='ltr'>Κάρμηλος</span> 
     </span>
    </p>
   </div>
   <div class='ocr_carea' id='block_1_107' title="bbox 1843 5381 3404 5481">
    <p class='ocr_par' dir='ltr' id='par_1_107' title="bbox 1843 5381 3404 5481">
     <span class='ocr_line' id='line_1_107' title="bbox 1843 5381 3404 5481; baseline 0.006 -22"><span class='ocrx_word' id='word_1_831' title='bbox 1843 5381 1943 5460; x_wconf 71' lang='lat' dir='ltr'><strong>rael</strong></span> <span class='ocrx_word' id='word_1_832' title='bbox 1963 5422 1991 5460; x_wconf 89' lang='lat' dir='ltr'><strong>a</strong></span> <span class='ocrx_word' id='word_1_833' title='bbox 2020 5406 2126 5461; x_wconf 88' lang='lat' dir='ltr'><strong>Deo</strong></span> <span class='ocrx_word' id='word_1_834' title='bbox 2151 5381 2347 5462; x_wconf 88' lang='lat' dir='ltr'><strong>dicitur</strong></span> <span class='ocrx_word' id='word_1_835' title='bbox 2379 5423 2396 5460; x_wconf 92' lang='lat'><strong>:</strong></span> <span class='ocrx_word' id='word_1_836' title='bbox 2432 5427 2452 5461; x_wconf 84' lang='grc' dir='ltr'><strong>ι</strong></span> <span class='ocrx_word' id='word_1_837' title='bbox 2483 5408 2550 5464; x_wconf 82' lang='grc' dir='ltr'>Ει</span> <span class='ocrx_word' id='word_1_838' title='bbox 2584 5381 2769 5465; x_wconf 72' lang='lat' dir='ltr'><strong>induxi</strong></span> <span class='ocrx_word' id='word_1_839' title='bbox 2800 5381 2894 5468; x_wconf 73' lang='lat' dir='ltr'><strong>vos</strong></span> <span class='ocrx_word' id='word_1_840' title='bbox 2917 5413 2969 5467; x_wconf 88' lang='lat' dir='ltr'><strong>in</strong></span> <span class='ocrx_word' id='word_1_841' title='bbox 2992 5412 3318 5481; x_wconf 80' lang='lat' dir='ltr'><strong>Carmelum,</strong></span> <span class='ocrx_word' id='word_1_842' title='bbox 3346 5425 3404 5470; x_wconf 86' lang='lat' dir='ltr'><strong>ut</strong></span> 
     </span>
    </p>
   </div>
   <div class='ocr_carea' id='block_1_108' title="bbox 191 5470 1742 5574">
    <p class='ocr_par' dir='ltr' id='par_1_108' title="bbox 191 5470 1717 5574">
     <span class='ocr_line' id='line_1_108' title="bbox 191 5470 1717 5574; baseline 0.014 -46"><span class='ocrx_word' id='word_1_843' title='bbox 191 5470 273 5574; x_wconf 52' lang='grc' dir='ltr'>μξν</span> <span class='ocrx_word' id='word_1_844' title='bbox 304 5477 401 5549; x_wconf 82' lang='grc' dir='ltr'>γὰρ</span> <span class='ocrx_word' id='word_1_845' title='bbox 429 5482 553 5574; x_wconf 77' lang='grc' dir='ltr'>ὅρος</span> <span class='ocrx_word' id='word_1_846' title='bbox 598 5487 746 5539; x_wconf 70' lang='grc' dir='ltr'>ἐστὶν</span> <span class='ocrx_word' id='word_1_847' title='bbox 799 5489 857 5540; x_wconf 82' lang='grc' dir='ltr'>ὲν</span> <span class='ocrx_word' id='word_1_848' title='bbox 888 5491 953 5559; x_wconf 82' lang='grc' dir='ltr'>τῇ</span> <span class='ocrx_word' id='word_1_849' title='bbox 999 5488 1108 5543; x_wconf 86' lang='grc' dir='ltr'>τῶν</span> <span class='ocrx_word' id='word_1_850' title='bbox 1136 5470 1407 5547; x_wconf 84' lang='grc' dir='ltr'>Ἰουδαίων</span> <span class='ocrx_word' id='word_1_851' title='bbox 1464 5470 1717 5565; x_wconf 78' lang='grc' dir='ltr'>κείμενον</span> 
     </span>
    </p>
   </div>
   <div class='ocr_carea' id='block_1_109' title="bbox 1843 5470 3403 5574">
    <p class='ocr_par' dir='ltr' id='par_1_109' title="bbox 1843 5470 3403 5574">
     <span class='ocr_line' id='line_1_109' title="bbox 1843 5470 3403 5574; baseline 0.004 -23"><span class='ocrx_word' id='word_1_852' title='bbox 1843 5497 2188 5552; x_wconf 79' lang='lat' dir='ltr'><strong>comederetis</strong></span> <span class='ocrx_word' id='word_1_853' title='bbox 2218 5497 2356 5554; x_wconf 88' lang='lat' dir='ltr'><strong>bona</strong></span> <span class='ocrx_word' id='word_1_854' title='bbox 2391 5498 2508 5569; x_wconf 87' lang='lat' dir='ltr'><strong>ejus</strong></span> <span class='ocrx_word' id='word_1_855' title='bbox 2527 5510 2581 5556; x_wconf 89' lang='lat' dir='ltr'><strong>et</strong></span> <span class='ocrx_word' id='word_1_856' title='bbox 2609 5499 2820 5558; x_wconf 74' lang='lat' dir='ltr'><strong>fructus</strong></span> <span class='ocrx_word' id='word_1_857' title='bbox 2876 5503 3012 5571; x_wconf 83' lang='lat' dir='ltr'><strong>ejus.</strong></span> <span class='ocrx_word' id='word_1_858' title='bbox 3060 5504 3124 5558; x_wconf 86' lang='lat' dir='ltr'><strong>Et</strong></span> <span class='ocrx_word' id='word_1_859' title='bbox 3166 5470 3403 5574; x_wconf 75' lang='lat' dir='ltr'><strong>ingrcssi</strong></span> 
     </span>
    </p>
   </div>
   <div class='ocr_carea' id='block_1_110' title="bbox 197 5560 1742 5661">
    <p class='ocr_par' dir='ltr' id='par_1_110' title="bbox 197 5560 1725 5654">
     <span class='ocr_line' id='line_1_110' title="bbox 197 5560 1725 5654; baseline 0.009 -25"><span class='ocrx_word' id='word_1_860' title='bbox 197 5560 343 5636; x_wconf 72' lang='grc' dir='ltr'>χώρᾳ.</span> <span class='ocrx_word' id='word_1_861' title='bbox 372 5572 424 5624; x_wconf 80' lang='grc' dir='ltr'>ὲν</span> <span class='ocrx_word' id='word_1_862' title='bbox 447 5566 490 5640; x_wconf 80' lang='grc' dir='ltr'><strong>ᾧ</strong></span> <span class='ocrx_word' id='word_1_863' title='bbox 518 5575 613 5629; x_wconf 78' lang='grc' dir='ltr'><strong>καὶ</strong></span> <span class='ocrx_word' id='word_1_864' title='bbox 656 5577 976 5649; x_wconf 76' lang='grc' dir='ltr'>κατῴκησεν</span> <span class='ocrx_word' id='word_1_865' title='bbox 999 5580 1028 5631; x_wconf 89' lang='lat'><strong>6</strong></span> <span class='ocrx_word' id='word_1_866' title='bbox 1062 5580 1325 5654; x_wconf 78' lang='grc' dir='ltr'>Θεσδίτης</span> <span class='ocrx_word' id='word_1_867' title='bbox 1366 5560 1574 5649; x_wconf 46' lang='grc' dir='ltr'>Ἦλίαςξ</span> <span class='ocrx_word' id='word_1_868' title='bbox 1608 5587 1725 5642; x_wconf 85' lang='grc' dir='ltr'><strong>Κα-</strong></span> 
     </span>
    </p>
   </div>
   <div class='ocr_carea' id='block_1_111' title="bbox 1843 5560 3401 5661">
    <p class='ocr_par' dir='ltr' id='par_1_111' title="bbox 1843 5590 3401 5661">
     <span class='ocr_line' id='line_1_111' title="bbox 1843 5590 3401 5661; baseline 0.004 -16"><span class='ocrx_word' id='word_1_869' title='bbox 1843 5590 1986 5657; x_wconf 77' lang='lat' dir='ltr'><strong>estis,</strong></span> <span class='ocrx_word' id='word_1_870' title='bbox 2018 5600 2071 5645; x_wconf 88' lang='lat' dir='ltr'><strong>et</strong></span> <span class='ocrx_word' id='word_1_871' title='bbox 2107 5591 2519 5648; x_wconf 84' lang='lat' dir='ltr'><strong>contaminastis</strong></span> <span class='ocrx_word' id='word_1_872' title='bbox 2552 5603 2748 5649; x_wconf 86' lang='lat' dir='ltr'><strong>terram</strong></span> <span class='ocrx_word' id='word_1_873' title='bbox 2774 5610 2968 5661; x_wconf 87' lang='lat' dir='ltr'><strong>meam,</strong></span> <span class='ocrx_word' id='word_1_874' title='bbox 2998 5607 3055 5651; x_wconf 91' lang='lat' dir='ltr'><strong>et</strong></span> <span class='ocrx_word' id='word_1_875' title='bbox 3116 5597 3401 5651; x_wconf 69' lang='lat' dir='ltr'><strong>haeredita-</strong></span> 
     </span>
    </p>
   </div>
   <div class='ocr_carea' id='block_1_112' title="bbox 255 5742 638 5816">
    <p class='ocr_par' dir='ltr' id='par_1_112' title="bbox 255 5742 638 5816">
     <span class='ocr_line' id='line_1_112' title="bbox 255 5742 638 5816; baseline 0.023 -15"><span class='ocrx_word' id='word_1_876' title='bbox 255 5742 274 5774; x_wconf 80' lang='grc'>⁸</span> <span class='ocrx_word' id='word_1_877' title='bbox 301 5745 449 5806; x_wconf 77' lang='lat' dir='ltr'><strong>Amos</strong></span> <span class='ocrx_word' id='word_1_878' title='bbox 477 5767 560 5816; x_wconf 85' lang='grc' dir='ltr'>ιιι,</span> <span class='ocrx_word' id='word_1_879' title='bbox 584 5756 638 5810; x_wconf 88' lang='grc'>8.</span> 
     </span>
    </p>
   </div>
  </div>
