4068 6588
636 358 743 416 419

1624 352 1683 411 S.
1728 348 1999 410 CYRIIJJ
2042 346 2507 403 ALEXANDRINI
2548 346 2865 404 ARCHIEP.

3802 352 3907 409 ιεο

634 482 743 526 tem
770 485 941 527 meam
970 468 1228 538 posuistis
1260 468 1314 522 in
1342 466 1802 522 abominationem
1838 469 1881 521 ⁷.
1916 486 1934 519 ι
1970 466 2214 531 Quando-

2322 467 2716 538 τασημαίνεται
2742 468 2798 521 δὲ
2829 466 3087 530 πολλάκις
3144 468 3176 538 ή
3228 465 3334 519 τῶν
3363 466 3631 520 Ἰουδαίων
3676 467 3759 535 γῆ
3821 466 3905 520 διὰ

633 562 850 631 quidem
886 560 1050 629 igitur
1083 559 1224 613 inter
1246 556 1442 613 Judzete
1463 558 1714 612 civitates
1737 556 1969 611 nobilior
1988 568 2044 611 et
2097 556 2219 610 illu-

632 654 795 707 strior
819 650 1190 721 Hierosolyma
1224 650 1363 704 dicta
1390 659 1494 715 est,
1548 650 1720 719 ipsam
1769 649 2001 704 Carmeli
2053 649 2216 702 verti-

633 758 750 796 rem
798 741 1050 813 appellat,
1101 751 1159 794 ut
1205 740 1372 810 gloria
1423 741 1741 804 exaltatam,
1781 749 1841 793 ut
1890 738 2211 795 excellentia

634 841 1001 898 praestantem,
1034 841 1094 884 ut
1124 840 1325 900 praeter
1355 830 1490 884 alias
1518 830 1870 899 conspicuam
1932 839 2040 882 tum
2090 845 2213 897 pro.

633 929 751 988 pter
810 921 1049 974 divinum
1109 919 1394 987 templum,
1444 928 1556 972 tum
1588 928 1812 987 propter
1878 934 1974 974 eos
2024 920 2116 988 qui
2144 934 2210 971 ex

646 1010 789 1064 tribu
820 1009 955 1066 Juda
979 1011 1105 1065 olim
1127 1011 1196 1064 ibi
1224 1019 1602 1079 regnaverunt.
1629 1010 1818 1065 Solent
1874 1021 2050 1063 autem
2083 1025 2209 1063 san-

634 1103 704 1155 cti
723 1103 996 1171 prophetae
1021 1103 1179 1156 verba
1214 1118 1308 1156 sua
1331 1102 1753 1156 obscuritatibus
1782 1102 2073 1165 involvere,
2097 1116 2216 1171 pro.

632 1203 755 1263 pter
784 1194 1192 1248 immoderatam
1234 1193 1569 1248 audientium
1596 1192 1763 1260 iram;
1799 1210 1904 1248 non
1927 1194 2068 1248 enim
2098 1194 2214 1247 sine

634 1286 1020 1355 integumentis
1046 1299 1139 1339 eos
1177 1284 1324 1354 loqui
1374 1294 1711 1354 paterentur,
1776 1285 1999 1337 nizuium
2042 1298 2215 1353 quan-

634 1388 745 1428 tum
780 1376 1004 1429 audacia
1038 1375 1300 1438 furentes,
1333 1388 1386 1429 et
1410 1375 1530 1430 illos
1578 1378 1921 1443 increparent
1970 1389 2033 1428 ac
2065 1375 2213 1428 dice-

632 1479 798 1522 rent:
850 1467 966 1520 Alia
1011 1466 1165 1521 nobis
1224 1466 1531 1536 loquimini,
1581 1476 1634 1523 et
1695 1466 2014 1521 annuntiate
2054 1464 2208 1520 nobis

630 1557 787 1611 aliam
814 1557 1075 1611 fabulam.
1678 1582 1681 1583 ν

630 1648 899 1712 λεύοντας.
958 1649 1120 1710 Ἔθος

630 1742 882 1812 ἀχάλινον
950 1744 1030 1805 εἰς
1099 1742 1268 1814 ὀργὴν
1326 1743 1436 1816 ⁸τῶν
1528 1745 1916 1814 ἀκροωμένων.
1979 1744 2052 1796 Οὐ
2120 1741 2228 1812 γὰρ
2303 1738 2366 1793 ἂν

629 1832 1026 1903 ἀνεπτοημένοι
1076 1832 1213 1904 πρὸς
1278 1832 1519 1904 θράσος,
1586 1836 1681 1888 καὶ
1773 1838 1888 1899 τοῖς
1938 1834 2115 1903 ἁγίοις
2193 1832 2500 1903 προφήταις
2555 1829 2957 1901 ἐπιτιμῶντες,

627 1924 871 1989 λαλεῖτε,
924 1924 1019 1976 καὶ
1049 1922 1412 1990 ἁναγγέλλετε
1443 1924 1635 1994 ἑτέραν
1663 1923 1949 1993 πλάνησιν.

1211 1648 1269 1701 δὲ
1328 1652 1443 1712 τοῖς
1526 1650 1706 1718 ἁγίοις
1751 1649 2062 1720 προφήταις
2125 1643 2536 1714 κατακρύπτειν
2604 1645 2727 1703 ταῖς

2319 558 2421 627 τῆς
2456 557 2551 610 τοῦ
2579 557 2874 629 Καρμήλου
2904 557 3294 628 προσηγορίας.
3348 557 3558 611 Ὀποῖόν
3584 559 3706 610 ἐστι
3729 558 3798 609 τὸ
3820 559 3903 611 διὰ

2320 648 2503 717 φωνῆς
2552 646 2738 717 ἑτέρου
2795 648 3073 718 προφήτου
3130 646 3264 716 πρὸς
3318 647 3444 708 τοὺς
3491 645 3642 709 υἱοὺς
3679 645 3906 717 Ἰσραὴλ

2317 738 2608 809 εἰρημένον
2642 739 2796 809 παρὰ
2821 738 2977 791 Θεοῦ.
3015 759 3033 790 ι
3064 739 3175 790 Καὶ
3205 739 3497 810 εἰσήγαγον
3522 739 3669 807 ἡμᾶς
3692 739 3782 800 εἰς
3813 738 3901 792 τὸν

2315 828 2612 898 Κάρμηλον
2662 827 2754 880 τοῦ
2804 831 2997 897 φαγεῖν
3048 828 3118 881 τὰ
3170 827 3351 896 ἀγαθὰ
3398 827 3587 892 αὐτοῦ,
3628 829 3727 880 καὶ
3782 829 3905 889 τοὺς

2314 919 2562 988 καρποὺς
2589 918 2776 979 αὐτοῦ,
2812 921 2906 971 καὶ
2928 918 3229 988 εἰσήλθετε,
3268 921 3363 971 καὶ
3389 920 3642 990 ἐμιὰνετε
3665 921 3773 990 τὴν
3806 920 3903 989 γῆν

2323 1023 2447 1077 μου,
2479 1008 2573 1059 καὶ
2597 1006 2695 1078 τὴν
2719 1007 3083 1077 κληρονομίαν
3116 1025 3217 1078 μου
3242 1008 3428 1062 ἔθεσθε
3453 1011 3533 1072 εἰς
3564 1009 3900 1078 βδέλυγμα.»

2320 1099 2542 1169 Ἐπειδὴ
2575 1099 2755 1151 τοίνυν
2814 1098 2922 1151 τῶν
2971 1098 3146 1152 ἄλλων
3198 1100 3409 1154 πόλεων
3456 1102 3565 1155 τῶν
3628 1101 3781 1155 κατὰ
3812 1102 3904 1171 τὴν

2320 1188 2585 1241 Ἰουδαίαν
2621 1188 3015 1260 ἐπισημοτέρα,
3048 1190 3144 1242 καὶ
3172 1189 3437 1261 διαφανὴς
3470 1192 3799 1261 ὠνόμασται
3841 1190 3906 1242 τὰ

2333 1277 2701 1349 Ἰεροσόλυμα,
2732 1280 2979 1349 κορυφὴν
3025 1280 3164 1334 αὑτὰ
3217 1280 3312 1334 τοῦ
3368 1282 3673 1353 Καρμήλου
3717 1282 3903 1352 φησὶν,

2322 1371 2397 1434 ὡς
2428 1370 2745 1440 ἐπηρμένην
2771 1372 2828 1423 ἐν
2855 1370 3001 1442 δόξῃ,
3036 1373 3112 1435 ὡς
3139 1372 3480 1445 προῦχουσαν
3533 1377 3589 1427 ἐν
3621 1376 3872 1444 ὑπεροχῇ
3890 1415 3903 1435 ,

2318 1460 2393 1523 ὡς
2451 1460 2746 1531 περίοπτον
2794 1462 2944 1531 παρὰ
3005 1461 3101 1524 τὰς
3151 1462 3338 1526 ἄλλας,
3391 1463 3481 1518 διά
3537 1480 3596 1516 τε
3631 1463 3728 1515 τὸν
3769 1462 3907 1513 θεῖον

2317 1551 2462 1615 ναὸν,
2496 1549 2738 1612 καὶτοὺς
2796 1552 2859 1604 ἐκ
2903 1552 3077 1621 φυλῆς
3103 1553 3273 1606 Ἰούδα
3317 1555 3459 1607 κατά
3499 1555 3695 1626 καιρὸν
3754 1554 3907 1623 βασι-

2823 1644 3111 1711 ἀσαφείαις
3180 1646 3307 1709 τοὺς
3390 1647 3623 1716 λόγους,
3693 1649 3791 1701 διὰ
3852 1647 3907 1698 τὸ

2453 1738 2745 1808 ἠνέσχοντο
2818 1737 3122 1793 λαλούντων
3201 1742 3500 1810 ἀναφανδὸν
3575 1743 3714 1797 πολὺ
3791 1742 3905 1794 λίαν

3038 1832 3129 1885 καὶ
3201 1832 3489 1902 λέγοντεςο
3546 1836 3721 1889 Ἀλλά
3780 1836 3904 1905 ἡμῖν

698 2018 864 2072 Vens.
910 2016 1031 2069 5-5.
1075 2015 1140 2069 Et
1171 2017 1310 2069 dixit
1364 2016 1623 2072 Dominus
1650 2034 1667 2071 :
1694 2017 1860 2087 Super
1898 2018 2063 2070 tribus
2110 2016 2210 2068 im-

2379 2011 2490 2064 Καὶ
2511 2006 2641 2064 εἷπε
2671 2012 2903 2080 Κύριος·
2932 2012 3031 2066 ἐπὶ
3059 2012 3187 2080 ταῖς
3217 2014 3415 2081 τρισὶν
3456 2016 3771 2084 ἀσεϐείαις
3801 2021 3900 2072 Δα-

628 2098 913 2179 pieiatibus
948 2107 1224 2174 Damasci,
1251 2118 1298 2161 et
1329 2124 1486 2178 super
1515 2125 1740 2177 quatuor
1770 2127 1872 2163 non
1916 2118 2210 2163 convertam

2316 2103 2573 2173 μασκοῦ,
2609 2104 2707 2157 καί
2749 2105 2849 2157 ἐπὶ
2890 2105 3021 2171 ταῖς
3059 2104 3396 2176 τέσσαρσιν
3441 2110 3553 2163 οὐκ
3594 2112 3900 2180 ἀποστρα-

627 2215 769 2259 eum.
799 2214 858 2252 eo
889 2198 1027 2268 quod
1057 2198 1318 2251 secuerint
1357 2201 1519 2253 terris
1544 2201 1726 2269 ferreis
1760 2202 1813 2253 in
1844 2211 1991 2254 utero
2018 2201 2213 2253 haben-

2312 2194 2580 2263 φήσομαι
2624 2195 2832 2258 αὑτὸν,
2862 2183 2992 2249 ἀνθ⁴
3020 2189 3107 2250 ὧν
3154 2197 3391 2265 ἔπριζον
3428 2200 3676 2268 πρίοσιν
3737 2204 3903 2272 σιδη-

628 2301 704 2344 tes
754 2291 805 2342 in
859 2287 1086 2341 Galaad.
1142 2288 1210 2342 Et
1247 2290 1376 2341 oriri
1425 2290 1617 2358 faciam
1674 2293 1843 2361 ignem
1895 2294 1949 2346 in
1997 2294 2209 2346 domum

2316 2286 2437 2353 ροῖς
2466 2286 2574 2350 τὰς
2597 2286 2666 2339 ἐν
2697 2286 2912 2355 γαστρί
2946 2287 3212 2356 ἐχούσας
3241 2290 3357 2343 τῶν
3387 2290 3459 2343 ἐν
3485 2293 3742 2344 Γαλαάὸ
3760 2310 3775 2322 ο
3808 2296 3898 2349 καὶ

628 2379 810 2447 Azael,
840 2388 889 2432 et
916 2379 1185 2433 devorabit
1218 2380 1568 2449 fundamenta
1614 2383 1715 2450 ﬁlii
1742 2383 1905 2438 Ader.
1939 2384 2009 2437 Et
2036 2396 2213 2439 conte-

627 2487 741 2523 ram
793 2479 959 2524 vectes
1016 2469 1286 2535 Damasci,
1348 2482 1395 2526 et
1445 2472 1746 2541 disperdam
1797 2474 2095 2528 habitantes
2148 2492 2212 2530 ea:

626 2579 809 2630 campo
840 2557 965 2625 Ὧν,
1004 2570 1049 2614 et
1076 2564 1353 2615 concidam
1389 2565 1582 2617 tribum
1614 2580 1682 2618 ea:
1716 2566 1839 2619 viris
1871 2564 2137 2630 Citam-an,
2163 2579 2210 2621 et

627 2651 979 2717 raptimbitur
1028 2652 1251 2721 populus
1304 2652 1479 2723 Syria:
1533 2655 1800 2724 inclytus,
1848 2657 1976 2710 dicit
2024 2659 2208 2712 Domi-

629 2756 747 2794 ιιιισ.

706 2935 796 2992 IV.
826 2935 1044 2991 Divinos
1084 2936 1296 3010 Moyses
1330 2940 1573 2995 Deumut
1603 2942 1801 2997 bonum
1838 2952 1890 2999 et
1915 2944 2208 3013 patientem
2256 2942 2266 2951 ’

630 3026 953 3093 admiratur,
991 3029 1154 3098 idque
1188 3031 1507 3087 rectissime.
1542 3033 1832 3103 P05Iquam
1879 3036 2021 3089 enim
2048 3035 2210 3089 Israel

630 3116 857 3170 vitulum
885 3117 1139 3173 conﬂavit
1165 3119 1216 3172 iu
1252 3121 1561 3187 solitudine,
1586 3138 1649 3177 ac
1685 3124 1848 3178 stulte
1878 3125 2013 3178 dixit
2044 3141 2059 3178 :
2091 3143 2110 3176 ι
2147 3125 2207 3179 lli

628 3218 755 3262 sunt
788 3208 859 3262 dii
886 3211 984 3275 tui,
1012 3210 1204 3277 Israel,
1236 3212 1328 3282 qui
1365 3222 1416 3267 te
1444 3213 1748 3269 eduxerunt
1772 3216 1837 3269 de
1867 3226 2009 3270 terra
2042 3216 2209 3287 IEgy-

628 3299 705 3366 pti
727 3297 770 3366 ⁸,
802 3316 821 3350 ι
855 3313 959 3353 non
993 3300 1166 3369 potuit
1196 3301 1250 3355 in
1283 3302 1375 3357 Dei
1400 3301 1748 3358 offensionem
1776 3321 1878 3360 non
1911 3307 2207 3361 incurrere.

2312 2376 2655 2441 ἐξανίετελῶ
2692 2377 2814 2447 πῦρ
2852 2380 2940 2444 εἰς
2977 2379 3085 2432 τὸν
3114 2380 3285 2432 οἷκον
3325 2380 3552 2449 Ἀζαὴλ.
3589 2383 3695 2435 καὶ
3730 2400 3901 2437 κατα-

2311 2466 2559 2536 φάγεται
2598 2470 2841 2537 θεμέλια
2883 2467 3017 2521 υἱοῦ
3051 2468 3233 2535 Ἀδέρ.
3273 2471 3383 2524 Καὶ
3428 2474 3748 2541 συντρίψω
3786 2491 3899 2543 μο-

2312 2559 2503 2627 χλοὺς
2536 2559 2877 2628 Δαμασκοῦ,
2907 2559 3005 2613 καί
3034 2560 3446 2628 ἐξολοθρεύσω
3473 2564 3901 2629 κατοικοῦντας

2310 2651 2381 2705 ἐκ
2416 2651 2626 2705 πεδίου
2651 2646 2787 2715 Ὧν,
2829 2651 2925 2704 καὶ
2957 2653 3273 2720 κατακόψω
3313 2653 3522 2721 φυλὴν
3557 2656 3629 2719 ἐξ
3670 2655 3901 2724 ἀνδρῶν

2311 2743 2577 2811 Χαρῤὰν,
2626 2744 2723 2797 καὶ
2791 2744 3412 2812 αὶχμαλωτισθήσεται
3476 2746 3630 2810 λαός
3686 2749 3899 2815 Συρίας

2310 2834 2657 2901 ἐπίκλητος,
2679 2834 2841 2903 λέγει
2868 2836 3103 2901 Κύριος.

2383 2928 2456 2978 Δ’.
2508 2925 2565 2978 ’0
2606 2925 2887 2988 θεσπέσιος
2918 2926 3123 2994 Μωσῆς
3162 2926 3237 2989 ὡς
3261 2928 3463 2995 ἀγαθόν
3493 2946 3553 2982 τε
3601 2930 3699 2982 καὶ
3730 2930 3896 2993 ἀνεξί-

2312 3035 2480 3071 κακον
2503 3017 2915 3087 καταθαυμάξει
2935 3016 3086 3080 Θεὸν,
3115 3018 3208 3071 καὶ
3234 3019 3379 3087 μάλα
3401 3021 3647 3082 εἰκότως.
3688 3017 3895 3089 Ἐπιιέιη

2312 3110 2422 3180 γὰρ
2454 3109 2891 3180 μεμοσχοποίηκε
2926 3108 3068 3161 κατὰ
3093 3110 3193 3177 τὴν
3229 3108 3435 3181 ἔρημον
3460 3112 3489 3163 ὀ
3524 3111 3771 3181 Ἰσραὴλ,
3804 3111 3893 3181 ἔφη

2310 3220 2370 3257 τε
2415 3204 2726 3272 φληνάφως,
2765 3219 2782 3250 ι
2812 3193 2972 3253 Οὗτοι
3005 3202 3053 3252 οἱ
3099 3200 3212 3253 θεοί
3256 3219 3371 3264 σου,
3409 3203 3649 3273 Ἰσραὴλ,
3681 3204 3896 3265 οἵτινες

2312 3291 2588 3361 ἀνήγαγόν
2622 3307 2681 3342 σε
2729 3291 2793 3343 ἐκ
2823 3291 2929 3358 γῆς
2960 3291 3257 3358 Αἰγύπτου,
3287 3312 3305 3343 ι
3355 3296 3777 3368 προσκέκρουκε
3810 3299 3895 3366 μὲν

631 3390 736 3443 Sed
800 3390 888 3445 ubi
947 3392 1171 3445 exitium
1222 3392 1353 3462 ipsis
1408 3396 1644 3451 minatus
1694 3405 1780 3450 est
1838 3398 2044 3461 semel,
2101 3409 2210 3451 tum

2316 3382 2669 3457 ἀναγκαίως-⁸
2723 3381 2910 3452 ἐπειδὴ
2954 3382 3011 3435 δὲ
3054 3382 3396 3455 ὀλοθρεύσειν
3441 3386 3641 3449 αὐτοὺς
3675 3389 3895 3453 εἰσάπαξ

628 3477 851 3547 supplex
899 3481 1151 3535 accidens
1186 3481 1398 3551 Moyses
1434 3485 1666 3553 rogavit,
1697 3495 1861 3555 atque
1898 3487 2061 3541 etiam
2098 3502 2217 3555 pcr-

628 3572 801 3627 suasit
840 3571 1057 3640 Opiﬁci,
1090 3582 1149 3627 ut
1188 3573 1293 3629 reis
1331 3576 1656 3643 ignosceret,
1684 3585 1737 3631 et
1770 3592 1984 3632 carmen
2016 3579 2217 3647 gratia-

628 3676 747 3715 rum
815 3663 1048 3717 actionis
1102 3662 1322 3731 obtulit,
1378 3667 1431 3720 in
1487 3666 1602 3721 haec
1660 3667 1823 3721 verba
1873 3685 1886 3722 :
1937 3687 1956 3719 ι
1995 3669 2219 3723 Domine

630 3753 774 3806 Deus
827 3753 1068 3810 clemens
1118 3764 1175 3810 et
1235 3758 1581 3824 misericors,
1648 3759 1860 3829 patiens
1922 3771 1977 3815 et
2033 3762 2215 3815 multa:

631 3842 1017 3905 miserationis,
1054 3854 1107 3897 et
1130 3844 1402 3913 justitiam
1437 3861 1679 3912 servans,
1711 3859 1765 3902 et
1788 3850 2214 3903 misericordiam

632 3932 837 3986 t’aciens
864 3933 917 3986 in
949 3934 1139 3997 millia,
1175 3934 1432 3991 auferens
1460 3938 1797 4007 iniquitates,
1822 3949 1875 3994 et
1906 3940 2214 4007 iujustitias,

629 4031 685 4075 et
717 4034 960 4091 peccata.
996 4025 1065 4079 Et
1097 4040 1251 4080 reum
1278 4043 1383 4083 non
1420 4030 1749 4098 puriﬁcabit,
1769 4030 1932 4103 254
1961 4034 2218 4087 inducens

632 4123 856 4181 peccata
887 4124 1099 4182 patrum
1129 4131 1292 4186 super
1324 4118 1484 4185 ﬁlios,
1519 4130 1573 4175 et
1620 4136 1781 4192 super
1814 4125 1951 4177 tilios
1984 4125 2214 4179 ﬁliorum

633 4206 689 4257 in
721 4205 936 4259 tertiam
984 4216 1039 4261 et
1064 4218 1310 4276 quartam
1340 4212 1810 4280 generationem’.
1848 4232 1867 4265 ι
1911 4213 2021 4269 lloc
2050 4230 2218 4284 poliu-

630 4296 715 4351 lus
745 4294 1056 4351 Judzeorum
1109 4314 1217 4353 non
1250 4301 1388 4356 bene
1417 4301 1705 4357 intellexit.
1758 4303 2024 4359 Putabant
2067 4308 2212 4361 enim

632 4388 797 4441 Deum
839 4404 959 4444 esse
1009 4391 1144 4444 adeo
1189 4392 1404 4459 durum,
1457 4404 1512 4448 et
1566 4394 1976 4461 inexorabilem,
2017 4408 2070 4451 et
2122 4400 2218 4454 iraa

632 4479 982 4545 retinentem,
1038 4491 1096 4535 ut
1134 4481 1257 4537 ﬁliis
1294 4482 1524 4538 ﬁliorum
1561 4486 1755 4540 delicta
1792 4496 2002 4555 patrum
2046 4490 2219 4558 impo-

634 4579 811 4624 neret.
852 4569 1215 4637 Quamobrem
1258 4574 1359 4644 ipsi
1394 4575 1447 4628 in
1489 4578 1832 4631 sermonibus
1866 4580 1964 4633 hoc
2003 4580 2216 4633 dictita-

630 4661 785 4725 bant,
816 4662 1024 4717 aieutes
1051 4680 1063 4716 :
1098 4681 1117 4714 ι
1151 4662 1342 4718 Patres
1369 4668 1723 4720 comederunt
1749 4682 1905 4720 uvam
1942 4670 2213 4733 acerbam,

2318 3474 2531 3545 ἠπείλει
2563 3473 2714 3538 Θεὸς,
2743 3470 2863 3527 εἶτα
2896 3474 3235 3545 προσέπιπτέ
3263 3493 3323 3528 τε
3373 3478 3469 3529 καὶ
3494 3478 3751 3547 ἐλιπάρει
3783 3479 3894 3531 Μω-

2321 3566 2440 3636 σῆς,
2458 3566 2549 3619 καὶ
2570 3566 2674 3637 μὴν
2691 3568 2784 3620 καὶ
2798 3567 3005 3620 ἀνεῖναι
3021 3569 3130 3630 τοῖς
3142 3569 3523 3638 ἡμαρτηκόσιν
3538 3569 3795 3622 ἀνέπειθε
3810 3569 3895 3639 τὴν

2317 3656 2473 3727 δίκην
2494 3656 2582 3709 τὸν
2598 3657 2962 3727 Δημιουργὸν,
2986 3658 3079 3710 καὶ
3094 3660 3479 3729 χαριστηρίους
3496 3659 3892 3730 ᾠδὰςάνετίθει,

2316 3747 2522 3816 λέγων·
2559 3767 2575 3799 ι
2612 3746 2817 3817 Κύριος
2861 3750 2889 3800 ὀ
2932 3748 3064 3811 Θεὸς
3111 3750 3433 3819 οἰκτίρμων,
3487 3751 3583 3802 καὶ
3635 3750 3892 3819 ἐλεήμων,

2321 3839 2706 3911 μακρόθυμος,
2754 3839 2847 3892 καὶ
2897 3839 3211 3904 πολυέλεος,
3253 3842 3349 3895 καὶ
3381 3840 3658 3912 ἀληθινὸς,
3692 3843 3788 3895 καὶ
3826 3842 3892 3895 δι-

2316 3930 2608 3999 καιοσύνην
2633 3929 2924 3999 διατηρῶν,
2958 3930 3051 3982 καὶ
3083 3929 3229 3993 ἕλεος
3253 3932 3335 3994 εἰς
3363 3930 3630 4001 χιλιάδας,
3660 3930 3893 4001 ἀφαιρῶν

2316 4023 2565 4091 ἀνομίας,
2593 4020 2689 4074 καὶ
2714 4019 2946 4083 ἀδικίας,
2976 4022 3070 4073 καί⁸
3100 4022 3395 4091 ἁμαρτίας.
3419 4022 3531 4074 Καὶ
3558 4024 3619 4074 οὐ
3656 4022 3895 4093 καθαριεῖ

2317 4114 2407 4167 τὸν
2433 4113 2639 4183 ἔνοχον,
2670 4111 2895 4179 ἐπάγων
2925 4112 3154 4181 ἀνομίας
3184 4113 3437 4183 πατέρων
3466 4115 3561 4167 ιιτι
3594 4114 3785 4179 τέκνα,
3814 4116 3893 4167 καὶ

2317 4206 2409 4259 ἐπὶ
2436 4205 2603 4259 τέκνα
2632 4204 2858 4268 τέκνων,
2879 4205 2970 4256 ἐπὶ
3004 4204 3197 4275 τρίτην
3214 4206 3306 4258 καὶ
3343 4208 3613 4278 τετάρτην
3642 4209 3848 4276 γενεάν.
3872 4226 3887 4257 ι

2316 4298 2486 4351 Τοῦτο
2514 4299 2831 4369 νενοήκασιν
2861 4296 2960 4349 οὐκ
2987 4295 3164 4366 ὀρθῶς
3191 4297 3298 4349 τῶν
3332 4296 3601 4351 Ἰουδαίων
3642 4301 3694 4351 οἱ
3727 4300 3889 4370 δῆμοι.

2320 4391 2508 4459 ’ῼοντο
2528 4389 2637 4461 γὰρ
2668 4385 2808 4442 εἶναι
2838 4388 2971 4441 Θεὸν
2989 4388 3220 4459 σκληρὸν
3246 4386 3407 4453 οὕτω,
3439 4389 3534 4441 καὶ
3567 4391 3891 4461 ἀτεράμονα,

2316 4486 2406 4538 καὶ
2438 4486 2645 4555 μακρὸν
2673 4487 2751 4549 είς
2787 4485 2977 4557 ὀργὰς,
3019 4486 3093 4549 ὠς
3137 4487 3346 4549 τέκνοις
3388 4486 3595 4539 τέκνων
3628 4488 3893 4559 ἐπιφέρειν

2314 4575 2382 4629 τὰ
2413 4576 2522 4630 τῶν
2555 4576 2808 4649 πατέρων
2850 4577 3192 4648 ἐγκλήματα.
3238 4580 3348 4632 Καὶ
3391 4577 3523 4645 γοῦν
3572 4578 3711 4631 αὐτὸ
3755 4579 3892 4631 τοῦτο

2315 4667 2721 4735 διαγγέλλοντες
2749 4668 3004 4736 ἔφασκον,
3035 4686 3053 4719 ι
3077 4670 3140 4721 Οί
3168 4669 3402 4740 πατέρες
3431 4669 3637 4737 ἔφαγον
3660 4670 3889 4739 ὄμφακα,

631 4762 686 4803 et
732 4751 919 4806 dentes
959 4754 1191 4807 liliorutn
1238 4755 1727 4825 obstupuerunt“.
1762 4776 1780 4810 ι
1820 4758 2026 4814 Idcirco
2071 4761 2211 4815 Deus

2316 4761 2411 4814 καὶ
2451 4762 2501 4813 oi
2536 4760 2747 4824 ὀδόντες
2791 4761 2901 4815 τῶν
2944 4761 3150 4815 τέκνων
3186 4761 3547 4831 ὲγομφίασαν.
3575 4781 3595 4814 ι
3635 4763 3891 4833 Ταύτῃτοι

631 4841 699 4895 ad
746 4843 1084 4899 Ezechielem
1144 4847 1512 4916 prophetam:
1549 4866 1567 4899 ι
1601 4847 1706 4902 Fili
1761 4850 2032 4912 hominis.
2084 4851 2213 4918 quid

630 4932 788 4989 vobis
839 4935 1093 5004 parabola
1127 4937 1245 4991 haec
1293 4939 1520 5000 interra
1557 4937 1764 4994 Israel?
1796 4942 2079 4995 dicentes:
2111 4941 2213 4995 Pa-

633 5036 748 5081 tres
782 5028 1137 5081 comederunt
1177 5044 1334 5083 uvam
1372 5030 1646 5094 acerbam,
1684 5038 1739 5084 et
1769 5032 1955 5085 dentes
1986 5030 2214 5086 ﬁliorum

630 5117 1079 5185 obstupuerunt?
1133 5119 1265 5175 Vivo
1298 5136 1421 5191 ego,
1471 5123 1604 5176 dicit
1650 5122 1926 5188 Dominus,
1961 5123 2215 5189 quoniam

632 5222 741 5261 non
769 5207 977 5263 dicetur
999 5210 1135 5264 ultra
1167 5213 1279 5266 haec
1303 5215 1555 5281 parabola
1581 5213 1631 5267 in
1659 5213 1844 5268 Israel.
1870 5213 2006 5279 Quia
2029 5229 2218 5269 omnes

631 5300 827 5355 animae
860 5316 989 5356 mea:
1022 5312 1169 5369 sunt,
1203 5305 1659 5373 quemadmodum
1694 5307 1872 5357 anima
1906 5304 2101 5374 patris,
2135 5304 2214 5360 sic

631 5401 689 5446 et
721 5393 900 5447 anima
935 5394 1053 5449 lilii.
1095 5397 1288 5448 Anima
1320 5412 1441 5464 qua:
1480 5397 1806 5464 peccaverit,
1856 5396 1967 5466 ipsa
2013 5397 2213 5451 morie-

633 5494 741 5541 tur.
769 5484 935 5540 Filius
973 5502 1079 5540 non
1117 5488 1355 5555 portabit
1390 5488 1726 5556 iniquitatem
1753 5489 1925 5557 patris
1969 5489 2076 5553 sui,
2111 5504 2212 5546 nec

632 5587 786 5646 pater
840 5577 1022 5632 lilii“.
1057 5595 1076 5629 ι
1134 5578 1416 5644 Quomodo
1462 5579 1606 5633 enim
1665 5579 1843 5634 adhuc
1898 5580 2110 5648 patiens
2156 5589 2210 5633 et

2313 4851 2443 4914 Θεὸς
2475 4851 2554 4921 τῷ
2587 4852 2841 4923 προφήτῃ
2887 4852 3050 4922 φησίν
3086 4852 3374 4922 Ἰεζεχιήλο
3414 4872 3432 4903 ι
3463 4852 3559 4904 Υἱὲ
3588 4852 3888 4923 ἀνθρώπου,

2313 4944 2365 4997 τί
2398 4944 2526 5015 ὑμῖν
2553 4946 2586 5015 ή
2632 4944 2917 5015 παραϐολὴ
2949 4944 3089 5015 αὕτη
3121 4946 3178 4997 ἐν
3206 4944 3285 5015 τῷ
3313 4944 3547 5015 Ἰσραὴλ,
3579 4965 3597 4995 ι
3629 4945 3889 5013 λέγοντες,

2321 5055 2340 5087 ι
2368 5038 2431 5089 0i.
2461 5037 2697 5107 πατέρες
2722 5035 2923 5105 ἔφαγον
2958 5036 3204 5106 ὄμφακα,
3236 5038 3328 5090 καὶ
3360 5039 3409 5089 oi.
3437 5036 3650 5100 ὀδόντες
3682 5038 3797 5090 τῶν
3822 5036 3891 5087 τέι

2316 5145 2458 5181 κνων
2482 5127 2862 5198 ἐγομφίασαν;
2897 5127 2983 5181 Ζῶ
3014 5126 3145 5195 ἐγὼ,
3181 5126 3329 5195 λέγει
3358 5128 3583 5196 Κύριος.
3616 5128 3704 5180 ὅτι
3735 5128 3800 5180 οὐ
3832 5125 3890 5196 μή

2316 5218 2541 5289 γένηται
2575 5218 2656 5271 ἔτι
2684 5217 2952 5289 λεγομένη
2999 5221 3033 5288 ἠ
3075 5218 3359 5290 παραϐολή
3395 5218 3534 5288 αὓτη
3581 5220 3639 5271 ἐν
3686 5218 3766 5286 τῷ
3806 5220 3886 5272 Ἰσ-

2319 5310 2477 5381 ραήλ.
2509 5309 2629 5363 Ὅτι
2659 5310 2833 5361 πᾶσαι
2863 5309 2917 5361 αἰ
2963 5308 3133 5378 ψυχαὶ
3177 5307 3306 5378 ἐμαί
3352 5308 3507 5368 εἰσιν,
3536 5307 3598 5359 ὃν
3632 5306 3887 5375 τρόπονή

2312 5399 2459 5469 ψυχὴ
2489 5396 2583 5451 τοῦ
2618 5396 2850 5467 Πατρὸς,
2896 5395 3039 5448 οὕτω
3082 5396 3175 5448 καὶ
3206 5394 3301 5448 τοῦ
3344 5393 3483 5448 υίοῦ.
3511 5393 3677 5462 Ψυχὴ
3725 5394 3889 5461 ἁμαρο

2311 5493 2578 5554 τάνουσα,
2614 5489 2754 5561 αὐτὴ
2794 5487 3165 5541 ἀποθανεῖται.
3203 5487 3261 5539 '0
3294 5487 3350 5539 δὲ
3388 5485 3502 5547 υἱὸς
3532 5484 3594 5536 οὺ
3632 5485 3708 5554 μὴ
3749 5481 3893 5551 λήψε-

2308 5602 2397 5639 ται
2429 5584 2529 5657 τὴν
2575 5584 2847 5655 ἁμαρτίαν
2876 5582 2970 5635 τοῦ
3007 5581 3210 5653 πατρὸς
3263 5579 3449 5644 αὑτοῦ,
3496 5577 3621 5632 οὐδὲ
3661 5579 3693 5631 ὀ
3725 5574 3920 5643 πατὴρΔ

708 5745 863 5806 'Jor.
893 5767 951 5820 ιι,
989 5753 1039 5807 7.
1114 5753 1135 5786 ⁸
1174 5754 1339 5810 Exod.
1378 5772 1547 5825 χχχιι,
1589 5756 1642 5811 4.
1718 5760 1737 5789 ⁹
1763 5759 1932 5816 Exod.
1972 5779 2154 5831 xxxiv,
2184 5768 2214 5817 ti

2318 5807 2330 5819 .
2412 5765 2453 5796 ‘°
2488 5765 2688 5820 [ξω-ιι.
2717 5778 2868 5831 mit,
2898 5761 2950 5815 2.
3032 5761 3070 5793 ¹¹
3101 5760 3230 5815 Ibid.
3267 5761 3319 5827 3,
3351 5758 3403 5820 4,
3433 5756 3525 5811 20.
