4068 6544
149 315 241 367 ιει

1110 310 1662 370 COMMENTARIUS
1701 312 1768 368 ῐΝ
1809 313 1994 370 AMOS
2034 315 2471 377 PROPIIETAM.

3312 333 3417 389 ιιι

145 428 233 481 τοῦ
263 428 412 481 υἱοῦ.
442 447 459 480 ι
493 429 614 493 Πῶς
644 430 752 501 γὰρ
792 431 869 484 ἔτι
899 432 1271 504 μακρὸθυμος,
1307 433 1400 485 καὶ
1442 433 1725 495 πολυέλεος

1833 434 2054 488 multum
2086 436 2397 493 misericors
2427 441 2798 497 universorum
2822 442 3102 512 Dominus,
3128 448 3174 503 si
3197 459 3416 518 peccata

146 522 170 569 ὁ
196 517 306 568 τῶν
339 517 483 571 ὅλων
526 519 823 589 Δεσπότης,
866 522 914 572 εί
957 520 1031 591 μὴ
1065 521 1275 590 ἀνίησιν
1311 522 1604 591 ἁμαρτίας,
1641 522 1735 575 κα¹ι

147 606 437 675 καθαρίζει
460 606 549 659 τὸν
582 607 783 678 ἔνοχον,
811 611 1127 679 παρατείνει
1150 610 1205 663 δὲ
1246 611 1444 680 μᾶλλον
1467 611 1564 681 τὴν
1606 613 1733 680 ἀγα-

128 684 412 775 ξνάκτησιν
451 697 539 749 ἐπὶ
568 698 776 768 τρίτην,
810 701 903 752 καὶ
933 702 1200 773 τετάρτην
1234 702 1454 769 γενεάν;
1501 702 1596 766 Τίς
1638 698 1730 755 οὖν

143 790 168 838 ὁ
199 788 391 855 λόγος;
434 789 585 841 Ἔστι
633 790 730 859 μὲν
781 786 873 843 οὖν
918 790 1276 855 ἁνεξίκακος,
1322 794 1396 856 ὼς
1442 792 1600 863 ἔφην,
1636 794 1730 847 καὶ

146 876 493 946 ἀσυγκρίτως
516 876 737 943 ἀγαθὸς,
767 880 859 931 καὶ
897 880 996 932 οὐκ
1022 880 1179 943 εὐθὺς
1213 885 1323 944 τοῖς
1355 866 1731 953 ἡμαρτηκόσιν

145 968 338 1035 ἐπάγει
364 969 465 1039 τὴν
498 969 738 1023 κόλασιν.
769 971 1114 1023 ’Υποτίθεται
1142 973 1218 1036 δὲ,
1245 973 1339 1026 καὶ
1372 976 1451 1036 είς
1475 973 1731 1043 δευτέραν

144 1057 356 1127 γενεὰν,
386 1062 434 1111 εί
466 1059 605 1129 τάχα
651 1078 734 1123 τις
766 1062 1204 1131 παρεισϐαλοῦσα
1242 1066 1576 1134 μετάγνωσις
1614 1068 1736 1120 ἀνα-

146 1149 327 1215 κόψειε
374 1150 473 1218 τὴν
508 1150 694 1219 ὀργήν.
739 1151 879 1203 Ἀλλ’
913 1153 961 1203 εί
994 1152 1069 1222 μὴ
1109 1152 1265 1205 τοῦτο
1300 1154 1511 1221 γένοιτο
1550 1156 1732 1223 τυχὸν,

144 1242 189 1292 oi
206 1240 260 1291 δὲ
284 1242 350 1291 ἐκ
376 1240 472 1292 τοῦ
501 1239 712 1311 πρώτου
734 1242 905 1311 τρίτοι
934 1261 990 1295 τε
1049 1245 1141 1297 καὶ
1168 1245 1416 1316 τέταρτοι
1444 1248 1554 1309 τοῖς
1579 1247 1732 1312 ἴσοις,

146 1333 177 1399 ἦ
212 1334 300 1383 καὶ
342 1334 458 1393 τοῖς
484 1331 563 1383 ἔτι
596 1333 834 1403 χείροσιν
876 1335 1113 1388 ὲναλοῖεν
1154 1342 1365 1400 κακοῖς,
1401 1339 1494 1391 καὶ
1530 1356 1732 1409 προγο-

144 1425 294 1489 νικῆς
339 1419 659 1485 δυσσεϐείας
691 1424 1027 1493 εὑρίσκοιντο
1060 1429 1314 1499 μιμηταὶ,
1357 1428 1479 1480 τότε
1517 1429 1580 1500 δὴ
1613 1430 1732 1483 τότε

144 1511 322 1562 λοιπὸν
347 1512 544 1579 ἐπάγει
570 1512 663 1575 τὰς
684 1513 859 1579 δίκας,
888 1516 1217 1587 ἀποχρῶσαν
1246 1518 1324 1587 τῷ
1350 1520 1495 1585 γένει
1518 1520 1616 1589 τὴν
1642 1520 1733 1574 ἐπὶ

143 1605 251 1664 τοῖς
294 1602 398 1672 ήδη
447 1606 834 1674 παρῳχηκόσιν
882 1608 1235 1676 ἀνεξικακίαν
1264 1611 1550 1677 ἐπιδιδοὺς,
1577 1630 1733 1666 τουτ-

145 1696 273 1758 έστι,
305 1697 367 1748 τὸ
391 1698 673 1766 ἐπιφέρειν
694 1701 970 1770 ἁμαρτίας
1002 1704 1253 1774 πατέρων
1282 1706 1373 1757 ἐπὶ
1396 1706 1605 1776 τρίτην,
1637 1708 1731 1759 καὶ

1842 541 1946 578 non
1980 526 2223 591 dimittit,
2261 545 2357 584 nec
2399 546 2551 585 reum
2592 545 2814 603 purgat;
2863 538 2955 591 sed
2991 539 3415 607 indignationem

1840 616 2018 685 potius
2055 618 2106 670 in
2142 621 2355 673 tertiam
2396 632 2447 675 et
2506 632 2752 689 quartam
2792 629 3193 693 generationem
3229 634 3417 684 exten-

1839 707 1959 763 dit?
1986 708 2117 775 Quze
2169 714 2306 766 ratio
2348 724 2432 767 est
2478 713 2679 781 igitur?
2706 714 2923 771 Patiens
2949 728 3058 783 est,
3089 731 3148 774 ut
3197 721 3329 785 dixi,
3363 730 3415 776 et

1842 800 2012 854 bonus
2039 803 2280 857 bonitate
2310 805 2738 873 incomparabili,
2763 810 2871 862 'nec
2897 821 3184 875 peccantes
3232 814 3414 866 statim

1841 894 2030 960 punit;
2079 896 2255 949 dilfert
2304 907 2481 951 autem
2531 900 2692 951 etiam
2750 901 2802 953 in
2853 900 3075 955 alteram
3111 906 3413 971 generatio-

1842 997 1980 1042 nem.
2016 985 2060 1037 si
2097 1001 2200 1054 qua
2253 986 2393 1042 forte
2440 990 2817 1057 resipiscenlia
2848 993 3226 1061 'snbingressa,
3271 996 3409 1051 iram

1839 1074 2073 1129 divinam
2098 1077 2408 1133 inltibuerit.
2443 1080 2496 1133 Id
2521 1082 2560 1134 si
2592 1097 2696 1136 non
2722 1082 3032 1151 contigerit,
3057 1087 3148 1137 sed
3174 1100 3202 1139 a
3228 1088 3415 1154 primis

1839 1166 1982 1219 tertii
2029 1177 2080 1222 et
2131 1170 2309 1236 quarti
2365 1173 2583 1239 paribus
2634 1183 2725 1226 aut
2802 1175 2964 1228 etiam
3020 1173 3312 1243 majoribus
3359 1179 3411 1232 in

1836 1256 2129 1313 sceleribus
2163 1260 2504 1327 deprehensi,
2553 1273 2607 1315 ct
2644 1264 2802 1317 avita:
2848 1265 3140 1334 impietatis
3177 1268 3413 1321 imitata-

1837 1363 1923 1402 res
1952 1349 2173 1413 fuerint,
2205 1361 2330 1406 tunc
2354 1354 2602 1407 nimirum
2625 1355 2736 1424 jam
2767 1371 2953 1422 poenas
2983 1358 3166 1421 infert,
3198 1369 3411 1426 postea-

1836 1455 1993 1509 quam
2026 1442 2206 1509 generi
2253 1442 2603 1498 suliicientem
2649 1458 2869 1515 propter
2900 1450 3169 1516 praeterita
3201 1451 3410 1519 patien-

1836 1533 1961 1587 tiam
2002 1534 2241 1588 indulsit.
2279 1534 2391 1590 lloc
2428 1545 2511 1590 est
2561 1538 2815 1593 inducere
2849 1552 3068 1608 peccata
3101 1552 3313 1610 patrum
3356 1544 3409 1598 in

1839 1625 2052 1679 tertiam
2094 1634 2146 1680 et
2179 1637 2425 1695 quartam
2478 1629 2901 1697 generationem.
2944 1631 3033 1682 Ait
3074 1632 3252 1699 igitur,
3285 1649 3408 1688 cum

1841 1711 2156 1764 Damascum
2188 1721 2498 1780 peccantem
2532 1731 2901 1783 smpenumero
2937 1718 3039 1772 leni
3073 1722 3253 1775 animo
3286 1738 3407 1791 pas-

144 1787 411 1858 τετάρτην
449 1790 662 1857 γενεάν.
690 1788 950 1863 Ἃρόῦν,
988 1798 1155 1866 φησὶ,
1203 1799 1633 1870 μακροθυμήσας
1669 1804 1728 1872 τῇ

1838 1816 1929 1855 sus
1974 1802 2098 1865 sint,
2153 1818 2332 1857 nonne
2370 1805 2671 1872 justissitne
2716 1806 2770 1860 in
2827 1819 3101 1875 posterum
3162 1812 3411 1882 indigner

144 1880 420 1949 Δαμασκῷ
450 1883 788 1947 πλειστάκις,
813 1886 911 1939 οῦκ
939 1888 1379 1960 ἁγανακτήσαιμι
1410 1890 1612 1954 λοιπὸν,
1642 1891 1736 1944 καὶ

146 1974 346 2043 σφόδρα
377 1976 627 2040 εἰκότως,
654 1978 747 2029 ἐπὶ
776 1980 921 2048 τρισὶ
946 1981 1038 2032 καὶ
1073 1982 1367 2051 τέσσαρσιν
1399 1983 1731 2053 ἀμαρτίαις;

143 2067 203 2117 Τί
245 2066 355 2136 γὰρ
386 2067 716 2139 δεδράκασι;
759 2070 935 2123 Πολλὰ
973 2073 1069 2141 μὲν
1102 2073 1195 2126 καὶ
1239 2074 1418 2144 ἔτερα.
1456 2075 1600 2145 ῐΙλὴν
1636 2076 1733 2145 τῆς

142 2160 274 2225 ἄγαν
310 2158 599 2230 ὠμότητος
630 2160 911 2214 ἀποτιοῦσι
950 2163 1104 2225 δίκας
1128 2179 1139 2191 ·
1179 2182 1197 2215 ι
1229 2164 1343 2215 Οὐκ
1381 2165 1734 2233 ἀποστραφή-

146 2268 300 2321 σομαι
327 2250 442 2322 γὰρ
483 2252 709 2316 αὐτοὺς,
746 2253 863 2306 ἀνθ’
898 2248 971 2307 ὧν
1001 2254 1222 2325 ἔπριζον
1273 2255 1454 2324 πρίοσι
1492 2255 1733 2326 σιδηροῖς

142 2343 235 2405 τὰς
260 2345 316 2396 ὲν
356 2345 560 2415 γαστρὶ
605 2344 836 2414 ἐχούσας
878 2346 983 2399 τῶν
1028 2348 1084 2398 ὲν
1132 2346 1362 2400 Γαλαάδ.
1386 2371 1405 2396 ι
1443 2348 1598 2399 Ἐστι
1634 2348 1732 2417 μὲν

144 2431 227 2489 οῦν
250 2437 283 2504 ή
310 2435 531 2488 Γαλαὰδ
565 2436 793 2507 πολίχνη
827 2438 924 2507 τῆς
965 2437 1246 2500 Ἰουδαίας,
1274 2438 1330 2489 ὲν
1371 2437 1602 2509 μεθορίῳ
1632 2439 1731 2508 τῆς

146 2529 516 2582 Παλαιστινῶν
553 2530 799 2600 κειμένη.
837 2529 1053 2599 Ταύτην
1092 2530 1141 2583 oi
1189 2530 1347 2601 Σύροι
1392 2528 1730 2600 προκατελά-

144 2614 308 2681 ϐοντο,
340 2618 441 2669 καὶ
473 2617 813 2688 πανωλεθρίᾳ
856 2619 1188 2688 διέφθειραν,
1223 2620 1405 2689 πρίοσι
1443 2620 1731 2690 τέμνοντες

147 2708 375 2777 σιδηροῖς
428 2709 526 2771 τὰς
568 2711 625 2761 ἐν
653 2711 854 2777 γαστρὶ
898 2712 1156 2781 ἐχούσας,
1201 2714 1295 2765 καὶ
1328 2710 1461 2782 ὁμοῦ
1511 2714 1727 2782 νηπίοις

144 2799 260 2868 ὼμά
290 2801 569 2866 γυναικῶν
610 2801 907 2866 κτείνοντες
953 2802 1184 2874 ἔμϐρυα.
1235 2803 1469 2875 Πρίονας
1502 2805 1555 2857 δὲ
1589 2805 1731 2877 σιδη-

148 2890 263 2958 ροῦς
306 2892 437 2953 τοὺς
477 2890 581 2945 τῶν
613 2894 836 2963 ἁμαξῶν
866 2894 1122 2964 ὀνομάζει
1157 2896 1409 2965 τροχοὺς,
1443 2890 1524 2958 οἷς
1565 2913 1729 2948 κατα-

144 2981 424 3035 λεπτύνειν
449 2984 566 3047 ἔθος
586 2985 683 3055 τὴν
715 2986 826 3039 at.»
854 2989 965 3049 τοῖς
990 2986 1201 3057 Σύροις.
1234 2988 1343 3041 Καὶ
1365 2988 1496 3055 γοῦν
1525 2989 1616 3041 καὶ
1640 2989 1728 3043 διὰ

144 3075 316 3144 φωνῆς
346 3077 571 3129 Ἡσαΐου
600 3079 732 3146 φησί
761 3097 861 3131 που
884 3079 1014 3142 Θεὸς
1045 3080 1182 3149 πρὸς
1205 3080 1302 3149 τὴν
1327 3080 1432 3132 τῶν
1458 3079 1726 3133 Ἰουδαίων
1753 3109 1795 3167 C

144 3166 492 3235 Συναγωγήν·
527 3188 543 3219 ι
587 3169 715 3223 Ἰδοὺ
746 3171 976 3241 ἐποίησά
1014 3188 1071 3224 σε
1113 3172 1189 3235 ὡς
1221 3172 1448 3242 τροχοὺς
1490 3170 1723 3242 ἁμάξης,

145 3256 436 3322 ἀλοῶντας,
486 3263 704 3324 καινοὺς
725 3304 739 3325 ,
796 3264 1244 3335 πριστηροειδεῖς.
1268 3283 1286 3316 ι
1319 3266 1541 3333 Ὅμοιον
1569 3264 1642 3327 ὠς
1679 3266 1726 3316 εί

144 3348 279 3416 λέγοι
308 3352 475 3420 τυχὸν
502 3353 637 3422 πρὸς
669 3354 765 3423 τὴν
796 3356 1105 3425 Δαμασκόν.
1138 3354 1475 3425 Καταλοήσω
1506 3372 1598 3408 σου
1627 3356 1726 3425 τὴν

143 3438 307 3509 δίκην,
336 3443 477 3495 καθὸ
506 3445 872 3516 κατηλόησας,
901 3448 993 3500 καὶ
1028 3446 1350 3517 συνέτριῲας
1382 3448 1508 3507 τοὺς
1537 3447 1593 3498 ὲν
1621 3448 1727 3498 Γα-

142 3531 296 3595 λαὰδ,
335 3535 415 3597 ὡς
459 3537 593 3604 μηδὲ
628 3538 805 3589 αὐτῶν
844 3538 1130 3606 φείσασθαι
1177 3539 1282 3591 τῶν
1322 3538 1400 3591 ἔτι
1435 3538 1578 3591 κατά
1625 3554 1726 3606 γα-

148 3624 316 3694 στρὸς,
343 3622 431 3689 οἷς
458 3630 485 3680 ὁ
524 3629 674 3699 παρά
704 3631 918 3683 πάντων
949 3629 1097 3694 ἕλεος
1123 3630 1423 3693 ἀκολουθεῖ,
1457 3632 1549 3683 καὶ
1576 3630 1725 3699 ὀφεί-

144 3711 303 3767 λεται.
332 3718 459 3769 ’Ὁτι
509 3718 563 3770 δὲ
608 3719 808 3788 ὠμῶς,
854 3718 948 3770 καὶ
985 3719 1191 3789 ἀγρίως
1221 3721 1329 3780 τοῖς
1373 3716 1431 3782 ἐξ
1478 3718 1723 3787 Ἰσραὴλ,

146 3808 546 3878 κατεχρήσαντο
572 3809 679 3861 τῶν
714 3810 777 3862 ὲκ
809 3808 1102 3879 Δαμασκοῦ
1137 3826 1296 3873 τινες,
1331 3808 1631 3879 ἀναμάθοις
1659 3808 1725 3861 ἂν

146 3898 342 3949 ἀκονιτὶ
406 3901 517 3961 τοῖς
551 3898 820 3951 Ἐλισσαιὲ
864 3900 958 3952 τοῦ
1003 3902 1280 3970 προφήτου
1333 3899 1509 3967 λόγοις
1561 3916 1726 3969 προσ-

148 3992 408 4059 εσχηκώς.
436 3991 685 4060 Ἀφίκετο
714 3992 811 4061 μὲν
834 3990 942 4063 γὰρ
965 3994 1043 4054 είς
1065 3992 1154 4043 τὸν
1176 3991 1480 4059 Δαμασκόν.
1511 3988 1724 4059 Ἐπειδὴ

147 4080 197 4131 δὲ
220 4084 515 4151 συνήντησε
538 4082 615 4153 τῷ
646 4082 863 4152 ’Λζαὴλ,
892 4080 1300 4153 ἁρῤωστοῦντος
1327 4082 1404 4133 ἔτι
1430 4081 1522 4133 τοῦ
1549 4081 1723 4151 Ἄδερ,

152 4189 170 4221 ι
200 4172 487 4235 Ἐπιλαυσε,
532 4174 715 4243 φησὶν,
756 4176 783 4227 ὁ
810 4173 1092 4245 ἄνθρωπος
1126 4172 1218 4224 τοῦ
1252 4173 1387 4225 Θεοῦ
1435 4173 1541 4224 Καὶ
1576 4168 1725 4225 εἶπεν

160 4261 364 4331 Ἀζαὴλ,
398 4265 462 4315 Τί
488 4266 568 4316 ὃτι
596 4265 843 4333 ὁΚύριός
877 4282 975 4333 μου
1006 4264 1217 4328 κλαίει;
1252 4265 1359 4316 Καὶ
1388 4260 1560 4327 εἶπεν,
1595 4259 1725 4316 Οἶδα

148 4351 237 4403 ὅσα
263 4356 510 4422 ποιήσεις
542 4357 653 4416 τοῖς
683 4356 821 4416 υἱοῖς
857 4353 1072 4423 Ἰσραὴλ
1098 4353 1261 4406 κακά.
1289 4353 1365 4404 Τὰ
1396 4351 1726 4421 ὀχυρώματα

1836 1909 1997 1962 super
2030 1894 2206 1948 tribus
2235 1904 2289 1950 et
2338 1907 2568 1963 quatuor
2598 1901 2874 1967 peccatis?
2902 1899 3039 1966 Quid
3081 1918 3239 1971 porro
3268 1904 3409 1960 fece-

1834 1986 1999 2039 runt?
2043 1985 2205 2040 Multa
2242 1989 2456 2056 quidem
2506 1999 2561 2043 et
2605 1991 2741 2057 alia;
2791 2006 3159 2047 verumtamen
3203 2011 3408 2064 magna:

1834 2074 2111 2143 cujusdam
2152 2079 2375 2131 smvitiae
2424 2093 2611 2148 pinnas
2644 2082 3007 2136 sustinebunt.
3046 2102 3062 2133 ι
3105 2083 3217 2137 Non
3262 2088 3406 2140 enim

1833 2178 2142 2222 convertam
2198 2183 2311 2232 eos,
2363 2171 2614 2237 quoniam
2664 2183 2957 2225 secuerunt
3007 2174 3171 2225 scrris
3218 2174 3409 2229 ferreis

1833 2267 2170 2326 pra‘gnanles
2220 2258 2442 2314 Galaad.
2481 2279 2500 2311 ι
2560 2258 2881 2331 Oppidulum
2939 2273 3020 2317 est
3085 2263 3285 2318 Calaad
3348 2265 3404 2319 in

1831 2349 2133 2405 confinibus
2182 2352 2477 2407 Palaestina}
2536 2355 2717 2409 sitmn.
2752 2354 2863 2409 lloc
2919 2356 3038 2427 Syri
3094 2372 3403 2427 occupave-

1832 2451 1976 2504 rant,
2005 2442 2352 2512 funditusque
2382 2445 2749 2513 perdiderant,
2788 2447 2932 2514 ipsas
2958 2448 3118 2501 etiam
3155 2449 3406 2517 gravidas

1831 2531 2083 2587 mulieres
2113 2534 2278 2588 serris
2303 2534 2657 2599 dissecantes,
2688 2544 2741 2588 et
2766 2551 2884 2588 cum
2916 2535 3214 2590 infantibus
3242 2537 3405 2590 etiam

1830 2620 1972 2677 fetus
2010 2624 2183 2679 adhuc
2230 2624 2575 2694 impetfectos
2610 2626 3002 2682 interimentes.
3059 2628 3249 2681 Serras
3291 2628 3402 2681 fer-

1830 2728 1949 2767 reas
1979 2730 2229 2768 curruum
2275 2726 2422 2769 rotas
2467 2715 2728 2781 nominat,
2774 2718 2970 2785 quibus
3005 2732 3188 2769 aream
3231 2726 3407 2771 terere

1831 2804 1980 2876 Syris
2028 2822 2143 2860 ntus
2189 2817 2292 2861 est.
2345 2808 2528 2876 Itaque
2584 2817 2638 2861 et
2688 2823 2780 2861 ore
2823 2807 2972 2861 Isaize
3020 2806 3215 2861 alicubi
3264 2808 3406 2863 Deus

1827 2892 2132 2950 Judreorunt
2161 2895 2504 2967 Synagogam
2534 2900 2611 2952 sie
2640 2897 2931 2965 alloquitur
2958 2915 2970 2950 :
3004 2894 3163 2966 255
3201 2915 3218 2947 ι
3262 2897 3402 2951 Ecce

1831 2986 1931 3041 feci
1982 2998 2032 3042 te
2075 2989 2230 3058 quasi
2284 2998 2434 3043 rotas
2488 2988 2711 3058 plaustri
2760 2988 3075 3041 triturantes
3118 3003 3302 3052 novas,
3348 2991 3402 3041 in

1829 3094 2104 3135 serrarum
2137 3081 2349 3134 modum
2377 3083 2444 3135 ".
2486 3100 2503 3133 ι
2553 3079 2714 3147 Quasi
2766 3081 3082 3133 Damascum
3133 3078 3202 3131 ita
3251 3094 3401 3133 com-

1828 3168 2009 3236 pellet.
2042 3166 2334 3222 Triturabo
2364 3183 2579 3237 pwnam
2618 3182 2759 3222 luant
2793 3169 2931 3221 sicut
2960 3178 3015 3221 tu
3054 3167 3313 3221 triturasti
3348 3178 3403 3222 et

1827 3256 2130 3311 contrivisti
2179 3256 2382 3311 incolas
2432 3257 2653 3322 Galaad,
2706 3266 2763 3311 ut
2814 3272 2915 3311 nec
2949 3258 2999 3310 in
3040 3267 3193 3309 utero
3229 3258 3405 3311 adhuc

1828 3349 2117 3403 latentibus
2148 3365 2420 3417 parceres,
2468 3350 2664 3417 quibus
2706 3350 2772 3402 ab
2801 3348 3048 3402 omnibus
3086 3348 3395 3403 misericor-

1828 3441 1911 3495 dia
1962 3440 2215 3495 tribuitur
2259 3449 2313 3495 et
2355 3440 2596 3495 debetur.
2645 3439 2955 3494 Crudeliter
2999 3448 3176 3492 autem
3209 3447 3263 3492 et
3297 3440 3401 3493 im-

1828 3533 2061 3586 maniter
2109 3548 2137 3585 a
2199 3533 2548 3587 Damascenis
2598 3531 2916 3599 quibusdam
2970 3540 3230 3584 tractatos
3280 3544 3403 3584 esse

1826 3622 2098 3679 israelitas
2149 3622 2306 3679 facile
2353 3625 2552 3688 discas,
2605 3624 2649 3677 si
2706 3622 2865 3677 Elisei
2903 3624 3179 3693 prOpheta:
3222 3622 3403 3677 verbis

1826 3713 2093 3766 attendas.
2134 3712 2289 3767 Venit
2312 3716 2453 3768 enim
2479 3711 2825 3766 Damascum.
2852 3713 2921 3768 Ut
2955 3722 3133 3767 autem
3160 3712 3403 3769 occurrit

1827 3802 2033 3865 Azaeli,
2068 3804 2243 3859 adhuc
2261 3814 2557 3871 aegrotante
2588 3803 2699 3859 ﬁlio
2724 3804 2869 3858 Ader
2893 3802 3211 3874 (Benadab),
3243 3822 3261 3855 ι
3287 3802 3404 3856 Fle-

1826 3894 1902 3947 vit
1960 3894 2119 3948 homo
2170 3894 2285 3959 Dei,
2322 3914 2341 3946 ›
2404 3904 2459 3949 ut
2516 3895 2795 3964 Scriptura
2855 3896 3050 3965 inquit.
3101 3894 3213 3947 ιΕι
3267 3894 3402 3948 dixit

1824 3985 2030 4050 Azael,
2086 4000 2251 4053 quare
2298 3986 2555 4039 Dominus
2594 4000 2745 4041 meus
2790 3984 2913 4039 flet?
2963 3985 3028 4038 Et
3078 3987 3397 4055 respondit.

1827 4076 1962 4142 Quia
2010 4077 2126 4131 scio
2155 4092 2491 4147 qumcuuque
2526 4077 2770 4132 faetnrus
2799 4093 2857 4131 es
2891 4078 3013 4131 filiis
3044 4078 3205 4131 Israel
3235 4078 3397 4131 mala.

1828 4171 1907 4225 Tu
1963 4171 2215 4225 civitates
2271 4184 2456 4224 eorum
2518 4170 2753 4223 munitas
2810 4171 3107 4223 succendes
3152 4171 3293 4239 igne,
3344 4184 3400 4226 et

1827 4262 2029 4317 electos
2053 4277 2240 4316 eorum
2277 4261 2572 4315 interficies
2602 4260 2800 4329 gladio,
2838 4270 2887 4313 et
2917 4262 3170 4330 parvulos
3210 4277 3396 4316 eorum

1828 4354 2037 4414 allides,
2071 4366 2125 4406 et
2173 4363 2511 4422 pratgnantes
2541 4366 2726 4405 eorum
2758 4352 3045 4405 divides”.
3077 4370 3095 4401 ι
3132 4352 3397 4417 Quoniam

151 4440 313 4492 αὐτῶν
348 4441 722 4505 ὲξαποστελεῖς
754 4442 811 4493 ἐν
846 4441 998 4511 πυρὶ,
1030 4441 1123 4492 καὶ
1151 4442 1278 4503 τοὺς
1308 4439 1594 4501 ἐκλεκτοὺς
1625 4441 1721 4491 αὑ·-

1830 4447 1989 4517 igitur
2041 4444 2241 4500 Galaad
2294 4445 2435 4498 hunc
2488 4445 2539 4497 in
2603 4446 2819 4497 modum
2869 4442 3044 4497 alTecit
3084 4443 3395 4509 Damascus,

151 4532 248 4584 τῶν
274 4534 329 4587 ἐν
364 4534 612 4603 ῥομφαίᾳ
638 4533 976 4594 ἀποκτενεῖς,
1010 4531 1104 4583 καὶ
1135 4531 1203 4583 τά
1233 4532 1398 4601 νήπια
1431 4530 1607 4582 αὐτῶν
1635 4530 1722 4581 ὲν-

154 4625 359 4689 σείσεις,
404 4627 621 4687 καὶτὰς
666 4627 721 4676 ὲν
758 4625 954 4693 γαστρὶ
998 4622 1226 4693 ἐχούσας
1268 4623 1442 4675 αὐτῶν
1481 4622 1722 4692 ἀναῤῥῆ⁹

154 4713 266 4777 ξεις.
295 4736 311 4765 ι
348 4716 567 4787 Ἐπειδὴ
596 4716 651 4768 δὲ
680 4715 851 4768 ταῦτα
880 4714 1102 4785 δέδρακε
1128 4714 1266 4766 κατὰ
1306 4714 1404 4783 τῆς
1446 4712 1657 4765 Γαλαὰδ
1688 4715 1721 4783 ή

153 4808 447 4875 Δαμασκὸς,
487 4807 684 4876 μᾶλλον
715 4806 770 4858 δὲ
799 4809 891 4858 καὶ
921 4804 1063 4858 κατά
1096 4806 1274 4875 πάσης
1314 4804 1411 4873 τῆς
1447 4803 1555 4855 τῶν
1596 4805 1724 4856 Ἰου-

151 4895 304 4949 δαίων
336 4898 543 4969 χώρας,
568 4896 923 4964 καταφλέξειν
953 4896 1167 4950 ἀπειλεῖ
1194 4895 1283 4947 τὸν
1316 4890 1463 4946 οἷκον
1501 4894 1718 4965 Ἀζαὴλ,

156 4988 239 5038 καὶ
275 4989 449 5059 Ἄδερ,
487 4989 579 5040 καὶ
630 4988 935 5059 συντρίψειν
987 4987 1216 5057 μοχλοὺς
1273 4986 1583 5055 Δαμασκοῦ.
1614 4986 1719 5040 Πέ-

156 5094 387 5147 πρακται
442 5080 541 5149 μὲν
587 5079 756 5131 ταῦτα
799 5079 887 5131 διὰ
931 5080 1029 5149 μὲν
1071 5078 1266 5143 Ὀζίου,
1313 5080 1407 5130 καὶ
1440 5078 1721 5148 Ἰεροόοάμ

156 5170 436 5241 ἀναμέρος,
466 5173 557 5223 καὶ
588 5171 727 5225 κατὰ
756 5170 979 5241 καιρούς
1007 5189 1020 5202 ι
1052 5166 1194 5223 εἷλον
1221 5188 1278 5222 τε
1309 5170 1413 5238 γὰρ
1446 5171 1539 5221 καὶ
1571 5171 1724 5223 αὐτοὶ

155 5261 243 5329 τήν
284 5263 505 5332 Συρίαν,
551 5264 641 5314 καὶ
680 5264 990 5330 νενικήκασι
1020 5261 1391 5332 κατακράτος’
1444 5261 1635 5331 χρόνου
1666 5261 1721 5314 δὲ

157 5354 445 5423 προϊόντος,
474 5354 566 5405 καὶ
594 5352 742 5423 παρά
767 5351 1029 5421 βασιλέως
1054 5351 1371 5420 Ἀσσυρίων.
1402 5345 1533 5402 Εἶτά
1567 5368 1718 5419 φησι,

162 5458 180 5493 ι
212 5444 311 5495 Καὶ
339 5442 699 5513 ἐξολοθρεῦσω
729 5440 1111 5503 κατοικοῦντας
1146 5442 1207 5492 ὲκ
1241 5438 1417 5492 πεδίου
1452 5434 1569 5492 Ὧν.
1596 5432 1720 5491 »Ὧν

159 5534 203 5584 οἱ
244 5535 515 5605 προᾳῆται
554 5536 650 5603 τὴν
679 5532 880 5602 Βαιθὴλ
921 5531 1293 5603 ὀνομάζουσιν,
1334 5531 1391 5583 ὲν
1500 5530 1595 5602 τὴν
1631 5531 1720 5584 δά-

229 5713 269 5742 ¹²
297 5711 398 5768 lsa.
432 5730 540 5779 xu,
572 5714 655 5767 15.
734 5713 778 5745 ¹²
808 5711 870 5765 IV
914 5709 1044 5783 Reg.
1076 5724 1194 5775 vm,
1229 5707 1309 5763 l2.

1827 4553 1919 4591 seu
1974 4546 2137 4589 totam
2173 4535 2477 4590 Judmnrum
2521 4537 2793 4606 regionem
2842 4536 3042 4605 potius,
3077 4546 3391 4590 exusturutn

1827 4628 2063 4680 minatur
2123 4626 2339 4681 domum
2381 4627 2546 4679 Azael
2591 4635 2644 4679 et
2688 4626 2869 4691 Ader,
2928 4635 2981 4679 et
3033 4626 3390 4679 contriturum

1825 4728 2006 4774 vectes
2049 4718 2290 4773 Damasci
2320 4735 2331 4771 :
2362 4732 2480 4786 qua:
2520 4716 2659 4770 facta
2706 4725 2832 4770 sunt
2874 4730 2969 4785 per
3002 4714 3187 4769 Oziam
3219 4725 3271 4769 et
3303 4714 3396 4769 Je-

1828 4808 2045 4860 roboam
2095 4822 2338 4861 seorsum
2387 4815 2440 4860 et
2486 4806 2716 4860 diversis
2770 4804 3121 4874 temporibus.
3168 4804 3300 4857 Nam
3340 4814 3394 4857 et

1827 4895 1926 4964 ipsi
1976 4894 2183 4964 Syriam
2225 4894 2556 4958 invaserunt,
2590 4904 2643 4949 et
2674 4895 2841 4948 armis
2886 4895 3217 4956 devicerunt,
3249 4895 3393 4961 quod

1824 4996 1879 5042 et
1910 5002 2195 5056 progressu
2228 4987 2487 5057 temporis
2512 4986 2860 5058 Assyriorum
2896 5001 2986 5039 rex
3022 4984 3164 5039 fecit.
3194 4985 3393 5039 Deinde

1827 5080 1941 5132 ait:
1983 5097 2000 5128 ι
2032 5079 2098 5132 Ει
2152 5080 2457 5148 disperdam
2508 5080 2823 5133 habitantes
2884 5092 2949 5131 ex
3014 5091 3203 5145 campo
3239 5074 3333 5130 ῶν.
3368 5097 3386 5128 ι

1824 5168 2105 5237 Propheta:
2141 5170 2243 5223 hoc
2288 5170 2503 5223 nomine
2534 5169 2721 5223 Bctbcl
2752 5168 3078 5238 significant,
3114 5168 3200 5221 ubi
3235 5184 3390 5222 exse-

1823 5264 2055 5315 crandus
2102 5260 2387 5317 Jet'oboam
2442 5262 2662 5315 vitulum
2711 5277 2929 5315 aureum
2976 5260 3240 5328 deposuit.
3286 5257 3389 5313 Sed

1823 5352 1944 5419 quia
1978 5367 2040 5406 ex
2075 5369 2139 5406 eo
2174 5364 2279 5406 tota
2322 5353 2466 5422 regio
2494 5355 2746 5422 deinceps
2773 5352 2908 5407 idola
2937 5351 3121 5414 coluit,
3155 5353 3232 5406 sic
3268 5366 3389 5403 eam

1822 5444 2101 5497 nominare
2145 5453 2563 5498 consueverunt.
2605 5443 2920 5497 llabitantes
2955 5442 3115 5511 igitur
3159 5440 3208 5493 in
3248 5451 3388 5493 terra

1820 5542 1874 5588 et
1898 5548 2086 5603 campo
2120 5534 2214 5599 ὼν,
2240 5534 2352 5589 sive
2382 5534 2651 5604 ματαίων,
2689 5548 2970 5598 vanorum,
3010 5532 3111 5586 ltoc
3142 5535 3249 5593 est,
3282 5528 3392 5581 ido-
