4068 6542
665 329 771 388 493

1689 326 1745 383 S.
1786 324 2063 384 CYBILLI
2104 324 2575 384 ALEXANDRINI
2614 324 2931 382 ARCHIEP.

3834 327 3943 381 43’»

666 446 842 503 lorum
883 444 982 515 (sic
1028 444 1170 499 enim
1219 445 1560 514 interpretati
1603 453 1730 500 sunt
1780 446 1917 518 alii),
1962 447 2150 503 delebo
2181 462 2219 503 el

2342 446 2502 516 μαλιν
2552 446 2785 499 ἀπέθετο
2830 445 2926 518 τὴν
2975 447 3187 517 χρυσῆν
3230 446 3259 499 δ
3304 448 3575 519 ἐπάρατος
3616 448 3942 519 Ἰεριῦσὶμ.

663 536 991 607 disperdam,
1024 535 1220 604 inquit.
1252 534 1609 592 Nihilominus
1632 539 1910 593 concidam
1943 539 2138 595 tribum
2167 556 2232 595 ex

662 630 795 683 viris
823 627 1089 691 Cliarran,
1139 643 1258 696 qua:
1292 637 1379 681 est
1427 630 1558 684 urbs
1607 644 1769 699 parva
1814 640 1866 685 et
1896 632 2236 701 propinquis-

662 720 798 774 siuta
830 719 1116 783 Damasco,
1171 720 1375 774 incolas
1428 720 1630 775 habens
1660 722 2128 780 bellicosissimas.
2176 723 2232 778 In

660 812 1032 879 captivitatem
1067 819 1329 879 praeterea
1365 813 1583 865 ductum
1617 811 1683 865 iri
1725 813 1967 881 prmdicit
2002 814 2234 884 ἐπίκλη-

657 917 751 955 τον
782 902 952 973 Syrize
981 901 1255 971 populum,
1298 911 1389 955 aut
1417 901 1571 956 valde
1597 902 1945 968 celebratum,
1974 913 2070 958 aut
2100 919 2234 958 con-

659 992 972 1053 ductitium,
1003 1002 1056 1045 et
1084 993 1149 1046 ab
1176 992 1306 1062 ipsis
1336 992 1400 1046 ad
1427 992 1627 1045 auxilia
1652 992 1954 1046 collectum.
1986 992 2234 1049 Mercede

663 1087 804 1139 enim
857 1086 1189 1154 alienigenas
1242 1084 1501 1140 ﬁnitimos
1547 1085 1946 1150 conducebant,
1995 1096 2052 1139 ut
2097 1086 2228 1151 dixi,

657 1175 856 1231 Iudaea:
914 1177 1109 1231 bellum
1176 1175 1396 1231 illaturi.
1449 1176 1588 1245 Ergo
1639 1176 1958 1247 ἐπίκλητον,
2013 1177 2065 1232 id
2127 1188 2230 1244 est,

658 1270 878 1323 aliunde
924 1269 1240 1323 advocatum
1295 1277 1349 1321 et
1416 1268 1698 1322 advenam.
1751 1267 2040 1323 Sciendum
2087 1270 2231 1324 enim

657 1361 935 1415 chrmam
958 1361 1246 1414 editionem
1276 1375 1392 1429 pro,
1424 1378 1442 1411 ι
1474 1360 1700 1430 pepnlus
1728 1360 1919 1430 Syriae,
1955 1378 1973 1411 ι
2010 1361 2228 1428 habere,

662 1470 680 1502 ι
710 1452 967 1522 Cyrenes.
1002 1471 1021 1504 ι
1081 1450 1202 1521 Syri
1250 1452 1391 1505 enim
1439 1450 1658 1504 fuerunt
1700 1450 2086 1523 Cyrenensium
2133 1467 2230 1507 co-

655 1543 788 1597 loni.
823 1542 1165 1598 Meminimus
1194 1553 1398 1605 autem,
1436 1543 1577 1597 sicut
1599 1543 1862 1613 scriptum
1897 1552 1981 1598 est
2010 1559 2227 1598 rursum

653 1644 848 1700 quarto
904 1632 1041 1686 libro
1083 1632 1310 1702 Regum,
1338 1632 1501 1703 256
1534 1647 1788 1703 regnasse
1842 1631 2228 1703 Hierosolymis

652 1724 851 1787 Achaz,
878 1722 1094 1777 Phacee
1123 1733 1303 1777 autem
1325 1732 1378 1778 et
1408 1725 1668 1789 ltaasson,
1697 1722 1868 1797 Syriae
1893 1735 1947 1779 et
1978 1724 2224 1779 Damasci

2351 538 2490 591 Ἀλλ’
2516 538 2592 602 ὡς
2618 538 2678 602 ἐξ
2723 538 2932 592 ἐκείνου
2976 538 3161 594 λοιπὸν
3194 542 3375 594 πᾶσαν
3421 540 3605 617 χώραν
3649 541 3945 594 εἰδωλολα-

2334 629 2589 701 τροῦσαν,
2620 630 2763 683 οὕτω
2804 630 2987 685 καλεῖν
3039 630 3158 697 ἔθος
3186 627 3255 703 ἦν
3301 633 3503 696 αὐτοῖς.
3550 633 3694 696 Τοὺς
3747 649 3944 685 καται-

2336 721 2569 785 κοῦντας
2588 722 2767 775 τοίνυν
2806 723 2865 775 ὲν
2903 725 2996 794 γῇ,
3029 724 3125 776 καὶ
3171 725 3340 795 πεδίῳ
3364 719 3485 788 Ὧν,
3523 725 3645 794 ητοι
3676 725 3789 776 τῶν
3834 743 3946 794 μα-

2334 811 2524 874 ταίων,
2557 811 2585 863 ὅ
2623 813 2771 864 ἐστιν
2816 811 3047 865 εἰδώλων
3093 813 3266 883 (οὕτω
3316 813 3426 885 γὰρ
3480 814 3844 883 ἡρμήνευσαν
3892 817 3943 867 οἱ

2338 900 2532 973 λοιποὶ)
2558 902 2870 975 καταφερῶ,
2900 905 2997 957 καὶ
3024 905 3411 976 ὲξολοθρεύσω,
3447 908 3601 977 φησὶ,
3631 905 3944 973 κατακάᾴω

2332 994 2388 1047 δὲ
2414 994 2565 1048 οὐδὲν
2594 990 2777 1066 ἦττον,
2806 996 2900 1048 κα)⁵
2937 995 3107 1067 φυλὴν
3134 997 3192 1063 ἐξ
3220 995 3429 1067 ἀνδρῶν
3456 998 3709 1067 Χαρρὰν,
3740 997 3779 1065 ἦ
3824 997 3944 1047 ἐστι

2333 1087 2559 1158 πολίχνη
2591 1104 2693 1139 που
2736 1087 2952 1151 πάντως
2982 1087 3345 1159 προσοικοῦσα
3379 1092 3445 1159 τῇ
3480 1088 3787 1157 Δαμασκῷ,
3836 1104 3941 1157 μα-

2332 1180 2673 1250 χιμωτάτους
2709 1178 2910 1250 ἔχουσα
2946 1183 3071 1242 τοὺς
3114 1181 3427 1250 οἰκήτορας.
3465 1179 3941 1250 Αἱχμαλωτισθὴ-

2333 1268 2521 1322 σεσθαι
2566 1269 2623 1322 δέ
2659 1286 2791 1339 φησι
2826 1269 2917 1323 καὶ
2958 1270 3047 1322 τὸν
3082 1269 3374 1339 ἐπίκλητον
3405 1270 3502 1338 τῆς
3535 1270 3737 1340 Συρίας
3778 1268 3936 1321 λαόν-

2330 1362 2619 1433 ἐπίκλητον
2674 1362 2869 1429 λέγων,
2927 1361 2961 1433 ἢ
3007 1362 3099 1415 τὸν
3146 1362 3353 1433 σφόδρα
3400 1361 3710 1432 διαϐόητον,
3756 1361 3793 1429 ἢ
3846 1360 3939 1410 τὸν

2332 1453 2682 1525 μισθοφόρον,
2726 1453 2823 1507 καὶ
2870 1452 3265 1524 συνηλεγμένον
3311 1453 3493 1514 αὐτοῖς
3528 1452 3666 1523 πρὸς
3707 1453 3941 1503 imm-so

2331 1546 2475 1616 ρίαν.
2522 1545 2965 1616 Κατεμισθοῦντο
2991 1546 3120 1617 γὰρ,
3150 1545 3226 1604 ὡς
3267 1545 3426 1615 ἔφην,
3466 1546 3595 1608 τοὺς
3630 1543 3739 1595 τῶν
3770 1542 3937 1595 ἀλλο.

2328 1636 2510 1705 φύλων
2553 1637 2817 1709 ὁμόρους,
2872 1638 2974 1707 τῆς
3031 1636 3297 1690 Ἰουδαίων
3356 1635 3939 1705 καταστρατευόμενοι

2327 1728 2542 1799 χώραιν
2578 1728 2748 1799 ἤγουν
2776 1728 3069 1800 ἐπίκλητον
3099 1728 3191 1782 τὸν
3216 1726 3414 1794 ἔξωθεν
3438 1726 3806 1797 κεκλημένον,
3839 1725 3939 1775 καὶ

651 1827 808 1884 reges
873 1811 1300 1885 Hierosolymam
1333 1816 1629 1870 exercitum
1683 1816 1994 1881 adduxisse,
2044 1825 2098 1870 et
2137 1815 2219 1870 Ju-

2336 1817 2603 1888 μέτοικον.
2648 1817 2843 1872 Ἰστέον
2875 1819 2983 1889 γὰρ
3027 1820 3108 1872 ὅτι
3146 1816 3253 1870 τῶν
3290 1817 3560 1887 Ἐϐραίων
3593 1817 3626 1885 ἡ
3680 1815 3935 1875 ἔκδυσις.

652 1903 783 1956 datae
835 1902 1089 1957 civitates
1132 1904 1184 1957 ei
1232 1904 1506 1974 subjectas
1557 1905 1906 1974 depopulatos
1966 1922 2107 1962 esse.
2162 1905 2227 1961 Et

649 1994 908 2063 quoniam
937 1994 1120 2048 Acbaz
1151 2010 1329 2065 regem
1347 1995 1373 2050 «Ι
1384 1997 1483 2049 uda
1511 2006 1688 2051 terror
1712 1998 1903 2068 ingens
1931 1998 2221 2064 invaserat,

2325 1909 2445 1961 ἀντὶ
2478 1907 2568 1961 τοῦ
2603 1927 2620 1960 ι
2650 1908 2779 1971 λαὸς
2804 1908 3027 1979 Συρίας,
3049 1928 3066 1960 ι
3106 1926 3124 1959 ι
3154 1909 3413 1980 Κυρήνης
3439 1926 3457 1959 ι
3490 1908 3680 1976 φησὶν,
3709 1905 3934 1958 ἄποικοι

2322 2002 2431 2073 γὰρ
2466 2000 2792 2073 Κυρηναίων
2820 2004 2868 2054 oi
2901 2000 3080 2073 Σύροι.
3125 2000 3470 2071 Μεμνήμεθα
3497 1999 3557 2059 δὲ
3578 2039 3592 2061 .
3620 1998 3707 2051 ὅτι
3746 1996 3935 2057 καθὼς

647 2084 879 2153 pecunia
915 2083 1402 2155 Tlteglatphalasar
1451 2087 1736 2158 Assyrium
1789 2090 2070 2144 conduxit.
2110 2109 2127 2142 ι
2158 2089 2219 2146 ΕΙ

2327 2092 2631 2163 γέγραπται
2663 2092 2825 2147 πάλιν
2852 2094 2910 2145 ἐν
2941 2096 3005 2164 τῇ
3034 2093 3270 2164 τετάρτῃ
3302 2092 3411 2145 τῶν
3443 2091 3776 2157 Βασιλειῶν,
3802 2090 3935 2142 ἑδα-

649 2176 858 2243 adjuvit
912 2190 1033 2231 eum
1089 2191 1181 2231 rex
1238 2178 1610 2249 Assyriorum,
1644 2188 1699 2235 et
1741 2182 1983 2237 ascendit
2017 2182 2070 2236 in
2118 2181 2223 2236 Da-

647 2282 910 2332 mascum,
961 2278 1015 2323 et
1074 2270 1217 2340 cepit
1267 2285 1409 2337 eam,
1458 2281 1513 2327 et
1567 2274 1844 2329 transtulit
1904 2276 2116 2343 urbem,
2164 2285 2219 2331 et

646 2358 893 2414 Baasson
920 2360 1189 2417 interfecit
1214 2362 1279 2419 ³⁵.
1308 2382 1327 2415 ι

2323 2184 2499 2236 σίλευε
2537 2184 2634 2253 μὲν
2677 2183 2877 2254 Ἀχὰτζ
2911 2184 3021 2237 τῶν
3055 2182 3466 2256 Ἰεροσολύμων,
3492 2183 3674 2235 Φακεὲ
3707 2180 3787 2245 δὲ,
3838 2180 3935 2232 καὶ

2336 2276 2618 2331 Ῥαασσὼν
2640 2280 2687 2330 οἱ
2719 2278 2915 2350 Συρίας
2944 2295 3004 2331 τε
3052 2279 3146 2331 καί
3168 2276 3460 2348 Δαμασκοῦ
3488 2276 3759 2348 βασιλεῖς,
3786 2273 3932 2327 κατὰ

2323 2367 2432 2421 τῶν
2463 2368 2852 2440 Ἰεροσολύμων
2892 2370 3085 2441 ᾔεσαν,
3130 2367 3523 2442 καταδῃοῦντες
3558 2369 3661 2430 τὰς
3713 2366 3806 2419 ὑπ’
3836 2366 3933 2418 αύ-

642 2454 770 2515 τοὺς
799 2453 899 2523 τῆς
932 2454 1190 2518 Ἰουδαίας
1218 2455 1420 2519 πόλεις.
1460 2456 1677 2529 Ἐπειδὴ
1705 2457 1762 2510 δὲ
1792 2452 1860 2529 ἦν
1894 2459 1953 2511 ὲν
2008 2458 2258 2529 δείμασιν
2290 2460 2349 2513 ού
2397 2463 2654 2531 φορητοῖς
2696 2461 2726 2513 ὁ
2761 2458 2992 2532 Ἀχὰτζ,
3071 2460 3371 2531 βασιλεύων
3415 2463 3507 2514 ἐπὶ
3563 2460 3659 2513 τὸν
3699 2458 3928 2517 Ἰούδαν,

643 2543 1042 2616 κατεμισθοῢτο
1087 2548 1332 2619 χρήμασι
1376 2546 1808 2621 Θεγλαφαλασὰρ
1868 2549 1959 2602 τὸν
2004 2551 2308 2623 Ἀσσύριον,
2362 2570 2381 2603 ι
2446 2552 2555 2605 Καὶ
2628 2552 2863 2623 ἦκουσεν
2931 2552 3121 2617 αὐτοῦ,
3196 2554 3360 2623 φησι,
3403 2552 3664 2625 βασιλεὺς
3728 2551 3929 2602 Ἀσσυ-

648 2637 799 2709 ρίων,
836 2639 933 2693 καὶ
984 2640 1151 2713 ἀνέὸη
1197 2643 1275 2706 είς
1311 2642 1622 2714 Δαμασκὸν,
1680 2646 1775 2697 καὶ
1851 2646 2142 2701 συνέλαϐεν
2203 2646 2394 2717 αὐτὴν,
2437 2648 2533 2701 καὶ
2585 2648 2865 2718 ἀπῴκισεν
2925 2647 3115 2719 αὐτὴν,
3167 2649 3262 2702 καὶ
3318 2650 3410 2703 τὸν
3476 2647 3771 2702 Ῥαασσὼν
3804 2645 3930 2699 ἐθα-

644 2728 877 2783 νάτωσε.
898 2749 918 2783 ι

721 2816 883 2874 Vens.
937 2820 1056 2877 6-8.
1112 2820 1241 2876 Ηιτο
1296 2824 1425 2877 dicit
1481 2824 1734 2880 Dominus
1777 2842 1798 2881 :
1841 2825 2012 2896 Super
2054 2830 2220 2884 tribus

644 2912 1001 2978 impietatibus
1039 2912 1216 2981 Gazw,
1258 2925 1308 2969 et
1339 2933 1495 2984 super
1524 2929 1754 2990 quatuor
1784 2936 1885 2973 non
1924 2932 2219 2977 convertam

2406 2825 2550 2880 Τάδε
2580 2825 2743 2895 λέγει
2774 2826 3021 2894 Κύριοςο
3067 2826 3191 2879 Ἐπὶ
3229 2826 3356 2893 ταῖς
3384 2828 3586 2896 τρισίν
3619 2829 3930 2896 ἀσεϐείαις

2326 2918 2538 2987 Γάζης,
2573 2917 2673 2971 καὶ
2715 2918 2815 2971 ἐπὶ
2846 2917 2977 2984 ταῖς
3013 2916 3348 2986 τέσσαρσιν
3374 2920 3487 2973 οὐκ
3523 2920 3929 2989 ἁποστριιςσήυ

643 3017 754 3067 eos,
783 3019 842 3056 eo
873 3005 1009 3073 quod
1039 3008 1422 3074 captivaverunt
1451 3008 1551 3077 ipsi
1579 3011 1924 3078 captivitate»:
1949 3010 2219 3080 Salomon,

2327 3020 2505 3075 σομαι
2532 2998 2774 3072 αὖτοὺς,
2805 3006 3013 3060 ἕνεκεν
3041 3007 3147 3061 τοῦ
3179 3008 3662 3077 αὶχμαλωτεῦσαι
3699 3012 3926 3076 αὐτοὺς

645 3105 701 3147 ιιι
744 3096 1109 3151 concluderent
1142 3100 1196 3152 in
1241 3097 1563 3157 ldumwam.
1606 3100 1674 3155 Et
1721 3103 1924 3157 mittant
1964 3104 2133 3176 ignem
2165 3106 2223 3159 iu

646 3202 826 3239 muros
862 3185 1046 3255 (ἔσται,
1075 3197 1127 3242 et
1159 3189 1426 3243 devorabit
1456 3192 1801 3261 fundamenta
1830 3199 1965 3264 ejus.
1998 3194 2063 3248 Et
2110 3197 2222 3250 dis-

644 3280 863 3347 perdam
894 3280 1192 3334 habitantes
1232 3283 1298 3337 de
1336 3285 1524 3338 Asoto.
1570 3283 1639 3337 Et
1676 3284 1915 3354 auferam
1956 3288 2122 3342 tribus
2157 3305 2222 3344 ex

645 3368 923 3436 Ascalone,
952 3380 999 3424 et
1047 3371 1293 3426 inducam
1326 3390 1537 3428 manuni
1586 3392 1757 3429 meam
1805 3393 1961 3446 super
1998 3379 2222 3432 Accaro-

642 3479 793 3527 nem,
845 3473 894 3518 et
945 3464 1186 3532 peribunt
1229 3465 1414 3537 reliqui
1455 3466 1906 3541 alienigenarum},
1949 3471 2073 3525 dicit
2113 3472 2221 3527 Do-

643 3568 839 3609 minus.

714 3726 780 3783 ν.
828 3729 969 3784 Ante
1001 3728 1103 3785 alia
1131 3730 1235 3787 hoc
1267 3732 1631 3788 necessarium
1662 3733 1811 3791 dictu
1837 3737 2091 3804 arbitror,
2121 3755 2219 3797 nec

643 3817 1039 3888 Hebraeorum,
1098 3837 1201 3878 nec
1257 3823 1484 3879 aliorum
1553 3826 1844 3882 editionem
1908 3831 2217 3888 meminisse

643 3908 971 3965 Salomonis.
1008 3909 1113 3965 Sed
1147 3912 1197 3965 in
1245 3911 1468 3968 Hebraea
1497 3917 1715 3986 quidem
1748 3927 1832 3973 est
1862 3937 1875 3975 :
1909 3936 1931 3971 ι
1966 3919 2044 3976 Eo
2073 3926 2215 3992 quod

643 4001 1055 4066 captivaverunt
1102 4017 1195 4058 eos
1256 4008 1588 4075 captivitate.
1623 4027 1641 4061 ι
1686 4009 1877 4066 Czeteri
1935 4027 2034 4082 pro
2090 4030 2217 4070 voce

649 4106 667 4137 ι
704 4088 956 4144 Salomon
1008 4109 1028 4143 ι
1084 4106 1450 4162 apposuerunt
1491 4099 1798 4167 perfectum,
1854 4116 1949 4157 seu
1999 4106 2213 4159 absolu-

640 4189 776 4233 tum.
816 4182 922 4237 Sed
955 4197 1052 4238 nos
1084 4183 1432 4257 Septuaginta
1470 4190 1961 4259 interpretationem
1992 4198 2213 4253 omnino

644 4284 958 4339 sequemur.
979 4275 1280 4332 Accusatur
1314 4279 1495 4349 itaque
1533 4281 1679 4336 Gaza
1718 4285 1847 4339 urbs
1899 4285 2208 4355 Pliilistiim,

642 4376 763 4429 quae
798 4363 957 4420 hodie
992 4365 1273 4423 Palaestina
1306 4379 1408 4435 est,
1446 4375 1588 4441 quod
1631 4376 1992 4443 captivaverit
2036 4381 2210 4449 capti-

642 4454 863 4509 vitatem
895 4456 1227 4524 Salomonis,
1260 4469 1318 4515 ut
1355 4463 1702 4521 concluderet
1734 4482 1854 4523 eam
1885 4469 1935 4524 in
1960 4470 2212 4529 ldumaea.

642 4544 797 4612 Quod
850 4548 893 4601 si
935 4549 1150 4618 quidem
1203 4552 1282 4607 sic
1328 4553 1714 4623 intelligamus,
1755 4562 2212 4630 quemadmodum

640 4639 823 4693 creteri
874 4640 1196 4711 interpretes
1250 4644 1659 4715 intellexerunt,
1707 4666 1814 4705 non
1865 4654 2214 4713 mediocriter

639 4729 878 4787 Judznam
942 4734 1324 4802 devastarunt,
1388 4741 1483 4794 sed
1540 4740 1811 4811 ingentem
1875 4747 2211 4815 captivorum

640 4838 923 4877 numerum
969 4824 1348 4894 abduxerunt,
1394 4845 1624 4898 eamque
1674 4832 1922 4891 Idumaeis
1971 4839 2215 4907 subjece-

639 4923 787 4967 runt.
821 4914 1042 4970 ldummi
1099 4920 1378 4989 prepagati
1412 4923 1628 4990 quidem
1668 4934 1826 4978 erant
1871 4942 1901 4981 e
1952 4931 2213 4999 sanguine

640 5004 782 5058 Esau
806 5022 821 5071 ;
844 5021 1029 5061 verum
1056 5007 1421 5065 Israelitarum
1450 5024 1708 5084 perpetuo
1735 5015 1962 5084 inimici,
1983 5036 2211 5089 quorum

641 5093 909 5164 adjutores
937 5107 990 5151 et
1022 5099 1227 5154 militiae
1274 5103 1405 5157 socii
1438 5103 1615 5160 ϐειιωί
1643 5118 1697 5162 et
1741 5109 1940 5175 Azotii,
1987 5112 2207 5170 Ascalo-

640 5182 765 5236 nitar
806 5192 861 5239 et
907 5187 998 5256 qui
1054 5188 1309 5245 dicuntur
1350 5194 1707 5263 Accaronitaa,
1754 5209 1807 5254 et
1852 5202 1941 5256 alii
1989 5205 2207 5274 quidam

641 5272 955 5344 alienigenae
988 5278 1053 5333 ad
1080 5284 1464 5350 expugnandas
1494 5284 1691 5344 iudica:
1724 5292 1885 5346 urbes
1917 5272 2206 5363 plurimum

639 5363 745 5418 illis
800 5368 1167 5426 contulerunt.
1218 5372 1369 5440 Quod
1431 5377 1475 5431 si
1529 5380 1821 5436 secundum
1870 5387 2206 5456 septuaginta

641 5454 925 5513 Seuiorum
959 5463 1363 5521 translationem
1394 5484 1488 5525 eos
1514 5473 1876 5540 captivitatem
1906 5454 2208 5533 Salomonis

636 5551 938 5621 captivasse
966 5552 1217 5622 dicimus,
1261 5558 1340 5615 sic
1374 5559 1734 5632 intelligamus
1779 5576 2012 5632 oportet.
2050 5568 2207 5625 Salo~

705 5726 752 5760 “
780 5727 845 5783 IV
879 5726 1007 5800 Reg.
1034 5746 1142 5795 xw,
1167 5730 1218 5785 9.

2324 3098 2739 3167 αἰχμαλωσίαν
2766 3096 2874 3151 τοῦ
2910 3096 3217 3166 Σολομὼν,
3259 3097 3368 3151 τοῦ
3414 3100 3794 3167 συγκλεῖσαι
3841 3105 3929 3168 εὶς

2323 3189 2437 3258 τὴν
2465 3189 2814 3260 Ἰδουμαίαν.
2837 3190 2945 3244 Καὶ
2971 3188 3360 3256 ἐξαποστελῶ
3383 3190 3502 3260 πῦρ
3524 3192 3625 3245 ἐπὶ
3654 3192 3732 3245 τὰ
3756 3195 3923 3262 τείχη

2323 3279 2534 3349 Γάζης,
2568 3282 2667 3336 καί
2712 3281 3114 3352 καταφάγεται
3162 3282 3235 3337 τὰ
3280 3282 3524 3351 θεμέλια
3555 3283 3780 3350 αὐτῆς.
3816 3287 3922 3338 Καὶ

2320 3373 2732 3442 ἐξολοθρεύσω
2766 3375 3194 3439 κατοικοῦντας
3216 3375 3285 3441 ἐξ
3322 3374 3578 3436 Ἀζώτου.
3604 3377 3719 3430 Καὶ
3756 3376 3927 3445 ἐξαρ-

2322 3464 2567 3531 θήσεται
2620 3464 2787 3535 φυλὴ
2832 3465 2901 3531 ἐξ
2943 3466 3347 3532 Ἀσκαλῶνος,
3401 3466 3500 3520 καί
3548 3466 3765 3530 ἐπάξω
3810 3470 3923 3533 τὴν

2321 3555 2489 3626 χεῖρά
2509 3574 2629 3627 μου
2652 3558 2745 3610 ἐπ’
2783 3558 3096 3626 Ἀκκαρὼν,
3127 3558 3225 3613 καὶ
3258 3558 3627 3613 ἀπολοῦνται
3653 3563 3713 3612 οι
3747 3560 3925 3611 κατὰ·

2318 3653 2521 3703 λοιποι
2554 3649 2673 3703 τῶν
2714 3650 3106 3719 ἀλλοφύλων,
3135 3649 3298 3718 λέγει
3329 3651 3563 3718 Κύριος.

2392 3739 2468 3793 Ε’.
2516 3740 2837 3808 Ἀναγκαῖον
2894 3739 3135 3811 ἡγοῦμαι
3186 3742 3281 3793 καὶ
3329 3742 3435 3811 πρό
3465 3760 3527 3811 γε
3587 3742 3698 3796 τῶν
3738 3744 3921 3797 ἄλλων

2318 3830 2493 3883 έκεῖνο
2519 3833 2712 3895 εἰπεῖν,
2741 3833 2817 3895 ὡς
2848 3830 2972 3885 οὔτε
3002 3835 3034 3903 ή
3064 3832 3173 3886 τῶν
3203 3833 3473 3906 Ἑϐραίων
3513 3835 3757 3901 ἔκδοσις,
3800 3839 3921 3891 οὔτε

2317 3923 2349 3992 ἡ
2376 3922 2484 3974 τῶν
2518 3923 2719 3994 ἑτέρων
2743 3925 3015 3995 μέμνηται
3040 3925 3133 3978 τοῦ
3163 3926 3435 3997 Σολομὼν,
3468 3928 3579 3982 ἀλλ’
3606 3932 3919 4001 εἰρήκασι,

2329 4013 2569 4085 Ἑϐραῖοι
2616 4016 2714 4086 μὲν
2761 4035 2779 4067 t
2813 4019 3042 4071 Ἕνεκεν
3074 4017 3169 4071 τοῦ
3212 4020 3649 4090 αίχμαλωτεῦσαι
3704 4025 3919 4087 αὐτοὺς

2316 4106 2692 4179 αἰχμαλωσίᾳ·
2721 4126 2740 4158 ι
2766 4108 2813 4160 οἱ
2841 4108 2898 4161 δὲ
2922 4109 3100 4162 λοιποὶ¹
3128 4111 3465 4181 προσέθεσαν
3489 4113 3607 4166 ἀντὶ
3634 4114 3737 4166 τοῦ
3777 4135 3800 4166 ι
3830 4117 3920 4168 Σο..

2314 4196 2496 4268 λομὼν
2525 4216 2543 4250 ι
2581 4198 3054 4269 ἀπηρτισμένην,
3104 4202 3220 4273 ἦτοι
3254 4205 3510 4258 τελείαν.
3547 4206 3841 4277 Ἑψῦμεϐα
3865 4208 3919 4261 δὲ

2316 4289 2629 4357 ἀναγκαίως
2674 4293 2837 4361 ἡμεῖς
2866 4293 2960 4345 καὶ
2994 4296 3059 4365 τῇ
3095 4294 3203 4347 τῶν
3242 4295 3641 4367 Ἐϐδομήκοντα
3683 4302 3915 4371 γραφῇ.

2335 4385 2675 4454 Ἐγκαλεῖται
2703 4386 2767 4457 δὴ
2800 4380 2894 4440 οὖν
2915 4387 3139 4459 Γάζα,
3173 4390 3324 4453 πόλις
3345 4391 3401 4444 δὲ
3431 4390 3564 4463 αὕτη
3598 4392 3707 4445 τῶν
3742 4395 3915 4447 Φυλι·

2325 4478 2525 4548 στιεὶμ,
2560 4478 2593 4548 ἢ
2620 4478 2713 4531 νῦν
2742 4482 2852 4532 ἐστι
2889 4480 3236 4554 Παλαιστίνη,
3263 4483 3337 4547 ὡς
3368 4484 3748 4555 αἰχμαλωσίαν
3788 4490 3899 4558 αίχ-

2326 4565 2724 4636 μαλωτεύσασα
2775 4566 2870 4620 τοῦ
2906 4569 3175 4640 Σολομὼν,
3212 4572 3305 4625 τοῦ
3348 4573 3658 4642 συγκλεῖσαι
3692 4578 3782 4641 είς
3815 4579 3911 4650 τὴν

2332 4655 2651 4726 Ἰδουμαίαν.
2686 4657 2805 4711 Κᾶν
2844 4658 2941 4730 μὲν
2969 4661 3109 4715 οὕτω
3137 4663 3367 4735 νοῶμεν,
3396 4666 3472 4730 ὡς
3502 4667 3552 4736 γ’
3580 4663 3673 4721 οὖν
3699 4671 3757 4721 οἱ
3798 4672 3909 4724 ἓτε-

2320 4761 2404 4816 ροι
2455 4749 2773 4817 νενοήκασιν
2818 4749 3182 4820 ὲρμηνευταὶ,
3227 4754 3289 4805 οὐ
3328 4755 3427 4825 τὴν
3480 4757 3755 4827 τυχοῦσαν
3808 4778 3906 4813 περ

2320 4834 2567 4903 ποίηνται
2611 4838 2750 4890 κατὰ
2791 4838 2888 4907 τῆς
2928 4838 3185 4905 Ἰουδαίας
3223 4842 3508 4916 πόρθησιν,
3548 4848 3662 4901 ἀλλ’
3694 4853 3905 4923 αἰχμαο

2318 4924 2519 4980 λωσίαν
2566 4928 2773 4995 ἑλόντες
2831 4929 3037 5001 ἱκανὴν,
3093 4933 3197 4985 ὑπὸ
3247 4937 3406 5005 χεῖρα
3459 4938 3720 4994 δεδώκασι
3795 4946 3906 4997 τῶν

2332 5018 2648 5090 Ἰδουμαίων
2691 5021 2881 5092 αὑτήν.
2924 5022 3207 5094 Ἰδουμαῖοι
3251 5028 3509 5096 γεγόνασι
3557 5032 3652 5100 μὲν
3699 5020 3766 5099 ἐξ
3822 5037 3906 5091 αῖ-

2319 5128 2483 5181 ματος
2520 5112 2713 5175 Ἠσαῦ,
2736 5112 2904 5185 ἐχθρά
2925 5131 2987 5183 γε
3021 5115 3127 5187 μὴν
3152 5121 3559 5191 πεφρονήκασιν
3582 5124 3668 5176 ἀεὶ
3696 5130 3820 5189 τοῖς
3845 5129 3900 5194 ἐξ

2327 5199 2561 5272 Ἰσραὴλ,
2589 5195 2668 5264 οἷς
2694 5203 3178 5275 συνεργασάμενοι,
3207 5209 3301 5259 καὶ
3334 5209 3585 5264 σύνοπλοι
3609 5216 3897 5282 γεγονότες

2315 5290 2536 5353 Γαζαῖοί
2562 5308 2619 5345 τε
2646 5293 2740 5345 καὶ
2772 5292 3014 5357 Ἀζώτιοι
3039 5296 3132 5349 καὶ
3157 5296 3569 5367 Ἀσκαλωνῖται,
3598 5304 3693 5356 καὶ
3722 5308 3769 5358 oi
3799 5310 3895 5378 τῆς

2315 5382 2616 5454 λεγομένης
2646 5384 2956 5459 Ἀκκαρὼν,
2996 5388 3089 5442 καὶ
3123 5390 3298 5462 ἕτεροι
3338 5393 3396 5446 δὲ
3437 5394 3546 5449 τῶν
3581 5396 3895 5465 ἀλλοφύλων

2314 5477 2477 5543 τινὲς,
2518 5476 2862 5550 κατακράτος
2911 5479 3051 5533 ἑλεῖν
3101 5482 3199 5554 τῆς
3248 5483 3509 5548 Ἰουδαίας
3560 5488 3660 5550 τὰς
3710 5491 3895 5554 πόλεις

2315 5568 2750 5638 παρεσκεύασαν.
2776 5571 2837 5623 ΕΞ
2874 5570 2929 5625 δὲ
2961 5571 3025 5626 δὴ
3056 5575 3195 5627 κατὰ
3229 5574 3325 5645 τὴν
3352 5575 3457 5628 τῶν
3491 5578 3891 5651 Ἑϐδομήκοντε
3967 5595 3972 5598 ’
