4068 6606
148 462 238 514 ίΞό

1088 444 1640 503 COMMENTARIUS
1676 440 1740 496 IN
1780 435 1966 493 ΑΜοὸ
2007 433 2451 490 Ριιοριιετλιι.

3214 472 3217 476 -
3297 441 3395 497 696

167 573 356 647 ’ραφῆν
388 567 826 643 αίχμαλωτεῦσαι
863 564 1093 638 λέγομεν
1121 567 1321 630 αὐτοὺς
1369 562 1721 636 αἰχμαλωσίᾳ

1838 573 1946 612 non
1994 571 2087 610 rex
2136 554 2339 608 viribus
2368 564 2670 624 pra-potens
2712 556 2834 622 fuit,
2885 569 2941 616 et
2980 560 3152 631 capils
3182 561 3404 617 invictis

150 668 227 721 τοῦ
265 663 534 736 Σολομὼν,
564 662 743 717 ἐκεῖνό
776 677 879 715 που
914 658 1134 722 πάντως
1166 660 1365 713 ἐννοεῖν
1394 659 1713 727 ἀναγκαῖον.

149 762 327 829 Γέγονε
362 759 460 828 μὲν
510 756 621 828 γάρ
663 753 1079 816 εὐσθενὼτατος
1117 752 1214 805 καὶ⁵
1251 750 1533 821 παναλκὴς
1567 750 1718 820 βασι-

146 854 257 914 λεὺς
281 852 308 902 ὁ
332 846 605 918 Σολομὼν,
634 845 1013 916 κατεκράτησε
1040 843 1098 897 δὲ
1122 841 1265 896 οὕτω
1290 841 1397 894 τῶν
1425 842 1718 911 περιοίκων

147 942 325 1004 ἐθνῶν,
377 941 453 1003 ὡς
512 939 609 992 καὶ
661 936 863 999 πολλὰς
906 934 1039 1005 παρ’
1084 932 1275 996 αὐτοῖς
1323 929 1721 1001 ἀναδείμασθαι

148 1036 350 1098 πόλεις,
391 1034 483 1086 καὶ
524 1033 582 1087 ἐν
630 1030 823 1092 αὐταῖς
864 1025 1079 1098 ἱδρῦσαι
1113 1025 1205 1079 τὸν
1256 1023 1507 1097 Ἰσραὴλ,
1539 1022 1720 1085 δόντος

149 1124 281 1195 αὐτῷ
310 1122 403 1178 τοῦ
432 1122 639 1194 Χιράμ.
674 1120 989 1191 Γέγραπται
1013 1117 1070 1171 δὲ
1099 1115 1244 1171 οὕτω
1275 1117 1333 1170 ἐν
1360 1112 1588 1185 δευτέρᾳ
1613 1113 1721 1167 τῶν

148 1214 653 1288 Παμιλειπομένωψ
695 1230 715 1263 ι
748 1211 861 1265 Καὶ
906 1209 1123 1279 ἐγένετο
1176 1207 1315 1280 μετὰ
1346 1207 1551 1261 εἴκοσιν
1592 1206 1721 1277 ἔτη,

150 1314 200 1364 ἐν
223 1306 300 1373 οἷς
327 1307 645 1380 ᾠκοδόμησε
674 1303 928 1375 Σολομὼν
961 1300 1053 1355 τὸν
1084 1296 1231 1355 οἶκον
1258 1299 1486 1371 Κυρίου,
1512 1299 1605 1352 καὶ
1630 1298 1725 1352 τὸν

148 1402 282 1457 οἷκον
308 1398 526 1460 ἑαυτοῦ,
553 1398 648 1452 καὶ
684 1395 782 1460 τὰς
816 1395 1001 1455 πόλεις
1039 1393 1208 1447 ἔδωκε
1239 1392 1429 1463 Χιράμ
1456 1390 1536 1462 τῷ
1564 1390 1721 1445 Σολο-

152 1494 277 1566 μὼν,
320 1490 673 1563 ᾠκοδόμησεν
718 1487 889 1551 αὑτὰς
952 1484 1228 1556 Σολομὼν,
1276 1484 1370 1537 καὶ
1417 1481 1724 1553 κατῴκισεν

149 1591 255 1643 ἐκεῖ
279 1587 405 1649 τοὺς
434 1585 582 1647 υἱοὺς
604 1582 845 1654 Ἰσραὴλ,
874 1580 969 1635 καὶ
996 1576 1129 1652 ἦλθε
1154 1576 1407 1649 Σολομὼν
1441 1578 1521 1641 είς
1544 1576 1723 1649 Δίμάθ

150 1678 319 1732 Md.
373 1676 483 1731 Kal.
526 1673 831 1744 κατῴκισεν
886 1672 1075 1745 αὐτὴν,
1123 1670 1220 1725 καὶ
1268 1668 1585 1741 ᾠκοδόμησε
1627 1670 1728 1741 τὴν

148 1770 348 1839 eam,»
394 1770 451 1821 ἐν
487 1769 557 1837 τῇ
608 1768 837 1837 ἐρήμῳ,
883 1765 980 1820 καὶ
1028 1764 1215 1827 πάσας
1250 1764 1350 1826 τὰς
1399 1762 1586 1826 πόλεις
1627 1761 1729 1825 τὰς

148 1862 337 1935 ὀχυρὰς
366 1860 718 1933 ᾠκοδόμησεν
739 1860 797 1912 ἐν
816 1857 1049 1929 Αίμάθ.»
1068 1856 1180 1912 Καὶ
1203 1855 1322 1928 μεθ’
1344 1856 1509 1928 ἔτερα
1539 1854 1728 1910 πάλιν·

154 1976 171 2008 ι
193 1956 297 2008 Καὶ
318 1954 422 2007 ὅσα
443 1950 757 2021 ἐπεθύμησε
777 1949 1030 2021 Σολομὼν
1045 1949 1188 2004 κατά
1198 1948 1297 2020 τὴν
1319 1947 1611 2019 ἐπιθυμίαν
1631 1946 1727 2000 τοῦ

147 2039 489 2110 οἰκοδομῆσαι
518 2040 578 2091 ἐν
616 2037 992 2109 Ἰερουσαλὴμ,
1024 2038 1120 2091 καὶ
1147 2038 1206 2091 ἐν
1234 2036 1313 2108 τῷ
1345 2037 1596 2108 Λιϐάνῳ,
1633 2035 1730 2090 καὶ

149 2132 289 2203 πάσῃ
316 2133 385 2201 τῇ
422 2128 671 2201 βασιλείᾳ
700 2127 887 2181 αὑτοῦ.
928 2130 1045 2191 Πᾶς
1068 2129 1098 2181 ὀ
1122 2128 1248 2194 λαὸς
1276 2129 1305 2183 ὁ
1347 2126 1731 2196 καταλειφθεὶς

148 2219 251 2273 ἀπὸ
271 2218 367 2273 τοῦ
406 2218 699 2281 Χετταίου,
738 2218 834 2272 καὶ
867 2217 962 2272 τοῦ
998 2217 1351 2290 Ἀμορραίου,
1378 2217 1472 2272 καὶ
1500 2215 1594 2270 τοῦ
1629 2217 1732 2269 Φε-

153 2309 381 2384 ρεςαίου,
412 2310 509 2364 καὶ
535 2307 633 2363 τοῦ
673 2307 895 2372 Εὐαίου,
929 2307 1025 2362 καὶ
1053 2308 1149 2362 τοῦ
1174 2307 1523 2373 Ἰεϐουσαίου,
1550 2307 1599 2361 οἳ
1631 2308 1733 2362 οὐκ

150 2402 277 2457 εἰσὶν
306 2402 373 2455 ἐκ
404 2399 497 2454 τοῦ
522 2399 764 2472 Ἰσραὴλ,
794 2394 935 2471 ἦσαν
964 2400 1029 2453 ὲκ
1055 2398 1167 2453 τῶν
1196 2399 1329 2453 υἱῶν
1355 2399 1537 2453 αὐτῶν
1572 2416 1735 2454 κατα-

148 2492 453 2563 λειφθέντες
488 2493 608 2563 μετ’
651 2491 846 2555 αὐτοὺς
886 2489 947 2545 ἐν
988 2492 1054 2562 τῇ
1110 2492 1213 2563 γῇ,
1258 2489 1354 2554 οὓς
1400 2491 1503 2545 οὐκ
1547 2490 1733 2556 ἐξωλὸο

151 2587 376 2659 θρευσαν
403 2585 515 2638 uici.
547 2582 788 2653 Ἰσραήλ.
809 2583 923 2635 Καὶ
948 2582 1226 2654 ἀνήγαγεν
1256 2581 1456 2646 αὐτοὺς
1482 2581 1734 2654 Σολομὼν

150 2682 222 2743 είς
249 2678 439 2750 φόρον,
465 2675 571 2739 ἕως
593 2675 695 2745 τῆς
720 2674 934 2745 ἡμέρας
961 2673 1183 2745 ταύτης,
1208 2693 1227 2725 ι
1266 2673 1731 2746 Συμφραξάμενοι

151 2771 317 2825 τοίνυν
356 2770 478 2833 τοῖς
507 2770 574 2822 ἐκ
610 2767 711 2839 τῆς
740 2766 1042 2838 Ἰδουμαίας
1078 2765 1302 2831 Γαζαῖοι
1334 2783 1396 2818 τε
1432 2767 1527 2820 καὶ
1565 2764 1738 2832 Ἀζώ-

150 2881 270 2930 τιοι,
298 2864 396 2917 καὶ
419 2862 472 2917 oi
494 2861 673 2915 λοιποὶ⁵
696 2858 901 2923 ταύτας
932 2876 1036 2913 που
1060 2858 1161 2922 τάς
1190 2859 1374 2923 πόλεις
1402 2859 1734 2930 ἀνῃρήκασι,

152 2956 243 3019 τὰς
266 2952 671 3025 ὠνομασμένας
690 2950 787 3005 τοῦ
814 2950 1087 3020 Σολομὼν,
1112 2950 1189 3013 ὡς
1216 2949 1415 3021 μηκέτι
1443 2950 1543 3020 μὲν
1564 2949 1739 3013 αὑτὰς

154 3048 252 3103 ὑπὸ
282 3046 381 3119 τὴν
411 3044 584 3099 Ἰούδα
621 3043 836 3098 κεῖσθαι
879 3042 1182 3114 βασιλείαν,
1213 3042 1655 3114 ἀπνενεμῆσθαι
1681 3041 1738 3096 δὲ

1819 649 2019 713 valuit,
2071 647 2385 716 vicinasque
2433 658 2622 717 gentos
2673 649 2745 703 ita
2785 652 3114 725 subiugavit,
3147 650 3311 727 257
3342 663 3403 711 nt

1816 739 1979 794 etiam
2009 738 2172 795 urbes
2199 741 2343 808 apud
2385 753 2480 793 eas
2508 740 2817 810 complures
2847 745 3218 812 aediﬁcaverit,
3262 758 3316 803 et
3344 748 3399 802 in

1820 831 1886 887 iis
1909 830 2183 887 lsraelitas
2221 830 2525 898 collocarit,
2573 833 2795 887 Cbiram
2843 836 2895 889 id
2930 836 3003 892 illi
3047 838 3398 894 concedente.

1821 921 1913 978 Sic
1955 922 2101 977 enim
2154 922 2317 978 liabet
2374 924 2646 980 secundus
2713 924 2851 981 liber
2900 926 3398 999 Paralipomenon:

1827 1035 1846 1069 ι
1880 1015 1945 1071 Et
1971 1015 2174 1071 factum
2202 1025 2287 1071 est
2318 1026 2438 1085 post
2462 1017 2652 1086 viginti
2687 1033 2883 1083 annos,
2925 1020 2977 1074 in
3006 1020 3206 1090 quibus
3229 1023 3401 1077 aedili-

1822 1108 1969 1164 cavit
2002 1108 2260 1164 Salomon
2294 1108 2513 1164 demum
2547 1109 2783 1177 Domini,
2807 1120 2863 1165 et
2895 1112 3112 1167 domum
3145 1129 3317 1174 suam,
3351 1126 3405 1169 et

1824 1198 2077 1256 civitates
2109 1215 2249 1269 quas
2288 1200 2440 1255 dedit
2487 1199 2707 1255 Cbiram
2763 1201 3064 1267 Salomoni,
3118 1204 3406 1258 mditlcavit

1824 1291 1970 1361 ipsas
1996 1292 2275 1364 Salomon,
2315 1301 2372 1347 et
2403 1292 2647 1348 habitare
2687 1292 2815 1348 fecit
2847 1295 2918 1349 ibi
2948 1294 3086 1350 li-lios
3116 1293 3301 1350 Israel.
3340 1295 3407 1349 Et

1825 1384 1974 1439 venit
2005 1383 2261 1439 Salomon
2303 1383 2354 1439 in
2386 1384 2577 1439 Emath
2625 1381 2791 1451 Suba,
2823 1393 2877 1440 et
2907 1386 3188 1456 praevaluit
3217 1398 3403 1441 contra

1826 1489 1971 1539 eam,
2020 1483 2075 1528 et
2112 1474 2401 1529 :edilicavit
2430 1472 2703 1530 Tbedmor
2749 1475 2803 1529 in
2834 1476 3070 1540 deserto,
3121 1485 3172 1531 et
3219 1491 3407 1534 omnes

1828 1569 2077 1625 civitates
2106 1568 2342 1622 munitas
2377 1580 2514 1637 quas
2556 1566 2845 1623 aediﬁcavit
2890 1567 2941 1622 in
2980 1568 3172 1622 Emath
3194 1569 3258 1621 ".
3291 1586 3308 1618 ι
3343 1566 3411 1620 Et

1829 1660 1991 1729 paulo
2045 1669 2207 1730 post:
2243 1678 2262 1713 ι
2298 1660 2363 1714 Et
2390 1674 2732 1730 quacunque
2778 1659 3110 1716 desideravit
3151 1659 3408 1715 Salomon

1829 1751 2127 1807 secundum
2154 1751 2481 1807 desiderium
2529 1766 2709 1817 suum,
2744 1758 2804 1805 ut
2843 1750 3139 1807 aadilicaret
3171 1755 3223 1804 in
3251 1750 3411 1805 Jeru-

1831 1843 2020 1907 salem,
2050 1851 2105 1899 et
2136 1843 2189 1898 in
2233 1842 2463 1907 Libano,
2487 1854 2541 1900 et
2566 1843 2621 1897 in
2654 1843 2801 1899 ornni
2830 1857 2999 1913 regno
3029 1857 3148 1897 suo.
3182 1840 3408 1897 Omnem

1831 1936 2085 2006 populum
2114 1935 2207 2005 qui
2224 1935 2517 1992 derelictus
2546 1934 2729 1991 fuerat
2753 1936 2819 1991 de
2845 1933 3108 2000 Hetbmis,
3136 1943 3192 1990 et
3218 1934 3413 1989 Amor-

1830 2029 2015 2097 rlneis,
2064 2037 2121 2085 et
2153 2027 2478 2092 Pherezzcis,
2518 2036 2575 2083 et
2623 2025 2855 2095 Hevazis,
2898 2035 2953 2081 et
2993 2026 3274 2092 Jebusmis,
3318 2029 3407 2095 qui

1831 2142 1939 2182 non
1971 2132 2127 2181 erant
2175 2126 2244 2179 de
2287 2122 2456 2193 stirpe
2504 2120 2690 2187 Israel,
2723 2122 2792 2178 de
2835 2121 2961 2177 ﬁliis
2995 2136 3209 2185 eorum,
3250 2132 3304 2176 et
3346 2125 3429 2174 de

1832 2217 2093 2291 posteris,
2126 2230 2266 2287 quos
2299 2231 2406 2270 non
2441 2214 2830 2271 interiecerant
2876 2213 2970 2269 ﬁlii
3002 2211 3185 2280 lsrael,
3228 2212 3414 2281 subju-

1833 2311 1980 2382 gavit
1995 2309 2252 2366 Salomon
2278 2308 2333 2362 in
2353 2306 2693 2372 tributarios,
2717 2322 2886 2377 usque
2908 2309 2960 2363 in
2979 2310 3119 2364 diem
3147 2310 3285 2363 hanc
3301 2307 3365 2360 ¹⁶.
3387 2324 3406 2358 ι

1834 2402 2043 2473 Itaque,
2073 2399 2401 2457 consociatis
2434 2400 2623 2466 armis,
2656 2396 2855 2468 δοιαὶ,
2885 2400 3083 2468 Azotii,
3132 2410 3188 2454 ct
3220 2398 3412 2467 reliqui

1834 2509 1956 2550 cum
1983 2493 2255 2559 Idumaais,
2280 2493 2441 2548 hasce
2464 2493 2626 2548 urbes
2647 2501 2961 2549 everterunt
2988 2510 3002 2547 :
3029 2508 3150 2563 quae
3177 2491 3417 2548 Salomo-

1836 2586 1922 2641 nis
1955 2585 2316 2657 appellantur,
2346 2584 2490 2654 quod
2520 2599 2628 2640 non
2678 2584 2911 2654 amplius
2947 2585 3048 2641 sub
3076 2598 3244 2654 regno
3275 2581 3415 2638 Juda

1836 2685 2037 2739 essent,
2080 2676 2176 2732 sed
2210 2675 2390 2746 impiis
2419 2674 2778 2730 Moabitarum
2817 2675 3043 2731 ducibus
3071 2667 3216 2731 velut
3256 2676 3418 2730 attri-

1836 2767 2000 2823 butae.
2024 2763 2371 2836 Quapropter
2401 2766 2603 2823 Gazam
2650 2782 2757 2822 una
2809 2781 2931 2821 cum
2977 2765 3099 2821 aliis
3134 2766 3242 2837 igni
3287 2780 3421 2821 con-

1837 2868 2113 2929 sumptum
2150 2859 2213 2913 iri
2243 2859 2395 2927 dicit,
2424 2867 2480 2915 et
2504 2858 2748 2916 funditus
2771 2859 3045 2930 perituros
3068 2859 3342 2923 Azoticos,
3367 2868 3422 2913 ct

1836 2949 2199 3018 Ascalonitas,
2224 2958 2278 3007 et
2298 2950 2547 3007 Accaron
2577 2953 2678 3007 sub
2704 2966 2869 3006 manu
2892 2951 3250 3020 percutientis
3282 2951 3420 3005 fore.

1839 3042 2072 3099 Prorsus
2099 3053 2283 3099 autem
2311 3058 2432 3099 cum
2480 3045 2612 3111 ipsis
2657 3046 2822 3101 etiam
2854 3043 3092 3116 reliquos
3133 3045 3202 3099 de
3232 3044 3423 3099 eadem

152 3138 333 3210 ὥσπερ
355 3140 475 3201 τοῖς
497 3135 804 3192 Μωαϐιτῶν
824 3134 1058 3198 ἀνοσίοις
1082 3135 1445 3206 καθηγηταῖς.
1467 3134 1738 3207 Ταύτῃτοι

1842 3140 2003 3205 gente
2036 3135 2390 3190 barbarorum
2415 3136 2746 3191 exstinctum
2788 3135 2878 3191 iri.
2915 3131 3074 3199 Nam,
3110 3143 3168 3188 ut
3192 3148 3425 3190 consen-

155 3232 282 3303 πυρὶ
331 3226 815 3299 δαπανηθήσεσθαι
864 3229 985 3290 ταῖς
1036 3225 1224 3290 ἄλλαις
1251 3225 1387 3298 ὁμοῦ
1433 3226 1532 3299 τὴν
1559 3225 1738 3290 Γάζαν

1850 3236 2069 3283 taneum
2114 3236 2219 3293 est,
2261 3227 2329 3284 ad
2374 3227 2637 3284 auxilium
2685 3227 2947 3300 quosdam
2983 3226 3203 3283 aliunde
3237 3240 3421 3282 accer-

153 3320 333 3393 φησίψ
356 3315 911 3390 ἐξολοθρευθήσεσθαι
929 3315 986 3369 δὲ
1008 3316 1104 3369 καὶ
1128 3312 1438 3380 Ἀζωτίους,
1458 3316 1553 3371 καὶ
1574 3315 1746 3387 φυλὴν

153 3456 157 3460 .
171 3410 517 3475 Δσκάλωνος,
533 3409 627 3463 καὶ
639 3408 744 3463 ὑπὸ
755 3410 915 3479 χεῖρα
929 3407 1300 3481 γεν[ήσ]ἐσθαι
1315 3407 1408 3462 τοῦ
1422 3409 1747 3480 πλήττοντος

154 3504 249 3575 τὴν
281 3500 594 3573 Ἀκκαρών.
638 3498 1033 3554 Συνδιολεῖσθαι
1066 3499 1125 3553 δὲ
1169 3500 1390 3564 πάντως
1429 3501 1623 3564 αὑταῖς
1652 3500 1748 3554 καὶ

156 3596 277 3658 τοὺς
312 3591 687 3655 καταλοίπους
728 3591 837 3645 τῶν
875 3591 1183 3663 ὁμοφύλων.
1217 3593 1748 3665 Μεμισθοφορήκασι

157 3687 287 3757 γὰρ,
317 3684 469 3740 κατά
511 3683 572 3738 τὸ
603 3684 770 3747 εἰκὸς,
802 3684 897 3739 καὶ
924 3683 1218 3756 κέκληνται
1260 3683 1398 3756 πρὸς
1429 3684 1750 3756 ἐπικουρίαν

158 3779 262 3833 τῶν
294 3776 538 3830 ἐποίκων
582 3774 872 3846 βαρϐάρων
904 3774 1068 3839 τινές.
1100 3774 1350 3828 Χαλεπὸν
1377 3770 1473 3829 οὖν
1498 3775 1626 3848 ἄρα,
1656 3775 1751 3830 καὶ

162 3867 404 3925 κινδύνου
444 3866 643 3931 παντὸς
674 3866 980 3938 ἀνάμεστον
1018 3867 1215 3937 ὁρᾶται
1257 3868 1467 3934 λοιπὸν,
1504 3868 1565 3921 τὸ
1608 3884 1752 3939 συμ-

163 3960 498 4032 φράττεσθαι
543 3959 819 4031 πονηροῖς,
852 3960 949 4012 xa‘t
979 3956 1400 4023 καθοπλίζεσθαι
1437 3958 1613 4029 φιλεῖν
1642 3957 1751 4012 τῶν

162 4050 537 4123 ἠγαπημὲνων
570 4049 721 4121 παρά
746 4047 900 4115 Θεὸν,
928 4048 1022 4102 καὶ
1047 4047 1265 4103 διώκειν
1298 4048 1509 4117 ἁγίους.
1542 4049 1605 4102 Εἰ
1642 4050 1752 4121 γὰρ

166 4144 257 4198 καὶ
284 4144 597 4213 πάσχοιμεν
633 4139 744 4193 ἐσθ’
767 4141 858 4193 ὅτε
886 4139 1247 4211 πταισμάτων
1280 4140 1466 4202 ἕνεκα,
1499 4140 1753 4194 παιδευό-

168 4234 306 4307 μεθα
340 4234 498 4305 παρά
526 4230 685 4298 Θεοῦ,
716 4230 831 4285 ἀλλ’
873 4232 974 4287 οὐκ
1020 4232 1280 4304 ἀλογήσει
1315 4231 1595 4296 παντελῶς
1642 4231 1754 4287 τῶν

166 4325 558 4380 οἱκειωθὲντων
584 4321 753 4394 αὐτῷ.
783 4322 1087 4386 Παιδεύσας
1109 4323 1166 4401 δὲ
1210 4323 1519 4394 χρησίμως,
1549 4322 1754 4395 ὀλέθρῳ

168 4418 455 4490 περιϐαλεῖ
480 4416 550 4471 τὰ
577 4416 677 4487 τῆς
703 4416 873 4487 ὀργῆς
906 4413 1098 4487 σκεύη,
1126 4415 1273 4469 τοῦτ’
1298 4415 1437 4483 ἔστι,
1466 4417 1595 4480 τοὺς
1620 4418 1756 4488 ἀχα-

1847 3318 2057 3375 sierant
2099 3326 2155 3376 et
2197 3320 2451 3376 mercede
2485 3320 2881 3377 conduxerant.
2924 3320 3128 3375 Durum
3171 3320 3337 3391 igitur
3370 3328 3430 3373 et

1847 3411 2075 3482 periculi
2111 3413 2325 3483 plenum
2366 3413 2600 3479 videtur,
2635 3428 2787 3469 arma
2823 3428 3022 3484 capere
3059 3427 3181 3468 cum
3228 3413 3430 3483 impro-

1849 3504 1955 3567 bis,
1993 3512 2050 3560 et
2076 3514 2445 3576 oppugnatum
2491 3504 2572 3561 ire
2602 3505 2737 3560 velle
2768 3505 2876 3561 Deo
2908 3506 3123 3572 charos,
3163 3512 3218 3559 et
3246 3517 3431 3574 perse-

1848 3594 1941 3664 qui
1984 3605 2222 3651 sanctos.
2267 3593 2403 3651 Nam
2443 3598 2543 3652 etsi
2575 3599 2846 3667 patiamur
2881 3598 3152 3654 interdum
3200 3596 3428 3668 aliquid,

1852 3694 2075 3755 propter
2098 3684 2281 3754 lapsus
2319 3696 2540 3741 nostros
2570 3686 2864 3741 multamur
2894 3701 2925 3740 a
2963 3685 3095 3751 Deo,
3128 3686 3219 3755 qui
3250 3694 3428 3740 tamen

1850 3777 1955 3832 sibi
1995 3785 2347 3832 consecratos
2381 3792 2488 3831 non
2535 3784 2849 3832 contemnet
2889 3777 3146 3846 penitus;
3177 3775 3272 3831 sed
3304 3788 3429 3829 cum

1852 3868 2061 3923 utiliter
2103 3870 2281 3939 poenis
2309 3868 2617 3940 castigarit,
2650 3870 2745 3925 ira:
2785 3883 2913 3925 rasa
2942 3869 3109 3924 exitio
3148 3868 3432 3933 mactabit,

1854 3959 1956 4015 hoc
1979 3966 2086 4026 est,
2107 3960 2198 4031 qui
2225 3958 2407 4016 furore
2446 3960 2708 4016 indomito
2747 3960 2800 4016 in
2829 3974 2925 4016 eos
2952 3960 3249 4025 irruerunt,
3274 3958 3434 4029 plane

1853 4051 2150 4106 secundum
2194 4050 2324 4106 illud
2353 4052 2497 4121 quod
2542 4052 2610 4107 ad
2640 4051 2968 4121 Babylonem
3001 4051 3069 4105 de
3117 4050 3242 4105 [iliis
3269 4036 3455 4104 Israel

1854 4143 2113 4215 praeclare
2143 4143 2347 4199 dictum
2367 4152 2484 4199 est:
2516 4162 2535 4196 ι
2565 4143 2679 4215 Ego
2704 4143 2825 4199 dedi
2855 4157 2951 4199 eos
2990 4142 3042 4197 in
3069 4156 3263 4197 manus
3292 4150 3433 4205 tuas,

1854 4245 1911 4290 tu
1946 4246 2125 4291 autem
2154 4238 2235 4293 eis
2263 4236 2696 4294 misericordiam
2745 4251 2851 4291 non
2891 4235 3085 4291 dedisti
3110 4234 3173 4290 ".
3207 4252 3226 4287 ι
3266 4233 3439 4287 Aver-

1856 4338 2010 4386 satur
2029 4330 2174 4385 enim
2205 4330 2584 4393 vehementer,
2630 4339 2685 4387 et
2729 4329 3046 4400 indignatur
3079 4327 3221 4382 Deus
3247 4339 3436 4381 eorum

1856 4419 2224 4485 insolentiam,
2277 4420 2443 4475 etiam
2494 4435 2668 4490 usque
2721 4420 2791 4475 ad
2830 4419 3081 4489 iniuriam
3132 4416 3437 4488 plagarum,

167 4512 295 4582 λίνῳ
320 4509 483 4582 θυμῷ
514 4510 636 4563 κατ’
665 4506 844 4562 αὐτῶν
869 4507 1243 4579 ὁρμήσαντας,
1271 4509 1392 4562 κατ’
1421 4509 1597 4562 ἐκεῖνο
1628 4509 1737 4564 πάν

1859 4512 2058 4582 quibus
2079 4525 2204 4567 esse
2231 4511 2643 4581 castigationem
2676 4511 3048 4566 mandaverat.

168 4620 272 4665 τως
307 4601 373 4655 τὸ
418 4600 554 4670 πρὸς
585 4597 879 4653 Βαϐυλῶνα
947 4597 1127 4663 καλῶς
1180 4598 1471 4671 εἰρημένον
1516 4600 1647 4672 περὶ
1711 4602 1822 4657 τῶν
1857 4604 1990 4658 υἱῶν
2030 4603 2245 4676 Ἰσραήλ
2268 4620 2283 4634 ·
2308 4620 2328 4655 ι
2368 4601 2508 4672 Ἐγὼ
2546 4602 2720 4657 ἔδωκα
2761 4602 2959 4665 αὐτοὺς
2991 4602 3070 4664 είς
3110 4598 3212 4662 τὰς
3253 4596 3444 4668 χεῖράς

172 4716 284 4763 σου,
320 4699 388 4752 σὺ
436 4696 495 4751 δὲ
524 4698 625 4749 οὐκ
666 4695 876 4759 ἔδωκας
912 4695 1098 4759 αὐτοῖς
1141 4694 1309 4760 ἔλεος.
1340 4713 1361 4748 ι
1402 4696 1625 4768 ’Δπᾴδει
1659 4698 1766 4771 γὰρ
1804 4699 1925 4754 λίαν
1953 4701 2046 4755 καὶ
2085 4698 2480 4769 ἀγανακτοῦντι
2508 4696 2588 4768 τῷ
2645 4696 2765 4768 Θεῷ
2787 4696 2849 4749 τὸ
2875 4693 3131 4768 φορτικὸν
3158 4694 3237 4755 είς
3260 4689 3444 4751 αἰκίας

172 4792 275 4846 τῶν
308 4790 472 4845 τοῦτο
497 4790 631 4861 δρᾷν
656 4789 1120 4860 ἐπιτεταγμένων.

243 4887 393 4941 Τάδε
420 4887 586 4955 λέγει
615 4885 849 4954 Κύριος
900 4884 1031 4938 Ἐπὶ
1070 4882 1201 4951 ταῖς
1225 4884 1429 4953 τρισίν
1453 4886 1761 4953 ἀσεϐείαις

179 4980 388 5047 Τύρου,
415 4977 515 5031 καὶ
543 4975 642 5031 ἐπὶ
672 4976 804 5043 ταῖς
838 4975 1196 5045 τέσσαρσιν,
1232 4978 1345 5031 οὐκ
1372 4977 1765 5049 ἀποστραφή-

177 5091 357 5142 σομαι
394 5070 614 5140 αὐτὴν,
654 5072 785 5126 ἀνθ’
830 5064 918 5126 ὧν
966 5070 1378 5127 συνέκλεισαν
1432 5071 1549 5140 τὴν
1592 5075 1768 5140 abut-

1933 4882 2096 4939 Vens.
2146 4880 2202 4947 9,
2238 4880 2328 4935 10.
2384 4878 2515 4934 Han:
2559 4879 2690 4934 dicit
2736 4878 2994 4934 Dominus
3021 4878 3231 4947 :Super
3275 4879 3445 4933 tribus

1861 4973 2217 5042 impietatibus
2260 4970 2408 5042 Tyri,
2450 4979 2499 5025 et
2544 4983 2701 5038 super
2744 4977 2972 5039 quatuor
3002 4982 3106 5022 non
3129 4965 3295 5039 258
3317 4983 3445 5022 con-

1863 5073 2062 5120 vertam
2104 5077 2243 5129 eant,
2286 5077 2380 5130 pro
2404 5076 2465 5116 eo
2508 5060 2648 5130 quod
2691 5058 3059 5114 concluserunt
3093 5060 3453 5129 captivitatem

176 5164 453 5219 ιιυῑωσίαν
506 5161 791 5232 Σολομὼν
825 5166 912 5230 εὶς
948 5161 1065 5230 τὴν
1117 5161 1469 5228 Ἰδουμαίαν,
1525 5162 1623 5216 καὶ
1657 5164 1738 5216 ob:

1869 5154 2173 5212 Salomonis
2206 5154 2259 5208 in
2284 5152 2603 5217 Idunmam,
2642 5159 2692 5207 et
2721 5166 2827 5206 non
2853 5150 3114 5206 recordati
3143 5160 3262 5204 sunt
3292 5161 3461 5205 testa-

179 5256 577 5326 ἐμνήσθησαν
619 5254 908 5323 διαθήκης
948 5252 1247 5324 ἀδελφῶν.
1299 5253 1413 5308 Καὶ
1448 5251 1738 5307 ἀποστελέ

1869 5249 2032 5303 ruenti
2073 5247 2320 5317 fratrum.
2356 5242 2426 5299 Et
2458 5245 2665 5299 mittam
2708 5244 2883 5315 ignem
2923 5244 2979 5297 in
3015 5258 3195 5297 muros
3226 5239 3375 5312 Tyri,
3402 5254 3458 5295 ει·

182 5352 297 5419 πῦρ
357 5351 459 5405 ἐπὶ
505 5352 577 5405 τὰ
617 5350 787 5419 τείχη
844 5349 1059 5417 Τύρου,
1102 5349 1202 5403 καί
1251 5346 1651 5419 καταφαίνεται
1694 5363 1738 5401 τι

1872 5335 2138 5391 devorabit
2169 5335 2513 5406 fundamenta
2535 5332 2672 5403 ejus.

185 5444 426 5514 Ίεμέλια
445 5441 656 5510 αὐτῆς.

248 5540 344 5605 G”.
391 5535 582 5607 Τύριοι
612 5535 667 5589 δὲ
694 5535 856 5590 πάλιν
891 5534 1027 5608 πρὸς
1051 5536 1165 5597 τοῖς
1201 5531 1311 5588 ἀπὸ
1334 5532 1436 5604 τῆς
1457 5529 1773 5603 Δαμασκοῦ,

175 5631 273 5687 καὶ
319 5629 507 5700 μέντοι
551 5629 645 5682 καὶ⁸
686 5629 998 5694 ’Δζωτίοιθ
1060 5625 1314 5691 Γαζαίοις
1355 5641 1415 5678 τε
1448 5625 1543 5679 καὶ
1581 5626 1778 5678 Ἀσκα-

1946 5520 2035 5577 γι.
2080 5519 2228 5594 Tyrii
2265 5535 2504 5593 quoque,
2539 5521 2633 5593 qui
2662 5535 2785 5577 cum
2814 5517 3189 5581 Damascenis,
3221 5515 3450 5579 Azotiis,

1873 5616 2103 5681 Gazaris,
2137 5615 2467 5671 Ascalonitis
2495 5626 2548 5669 et
2578 5613 2921 5670 Accaronitis
2959 5614 3198 5669 divinam
3244 5608 3454 5679 patien-

181 5723 461 5790 λωνίταις,
505 5722 600 5776 καὶ
645 5725 760 5786 τοῖς
813 5718 1103 5792 ’Δκκαρὼν
1145 5719 1244 5791 τὴν
1298 5717 1417 5789 Θεῷ
1459 5717 1738 5789 πρέπουσα

1877 5711 2006 5766 tiam
2039 5708 2249 5768 scelere
2293 5717 2674 5778 excesserunt,
2702 5717 2758 5765 et
2808 5706 3147 5777 impietatnm
3183 5699 3447 5769 magnitu-

252 5902 300 5935 "
335 5900 381 5956 Il
420 5900 595 5957 Paral.
639 5914 757 5962 vm,
794 5897 907 5952 ι-ιι.
987 5896 1031 5928 ¹⁶
1073 5893 1209 5948 Ibid.
1253 5891 1307 5959 6,
1348 5893 1407 5949 8.
1484 5894 1525 5926 ¹⁷
1560 5891 1664 5947 Isa.
1703 5908 1867 5958 xutt,
1905 5892 1961 5945 ϐ.

510 5997 783 6057 Puncta
827 5992 945 6051 lia.
997 5989 1220 6050 LXXI.

3101 5980 3174 6041 14
