4068 6540
628 393 735 451 427

1654 384 1712 441 S.
1752 382 2024 441 CYRILLI
2066 384 2532 441 ALEXANDRINI
2574 384 2895 441 ARClllEP.

3783 382 3903 439 428

626 514 753 569 dine
783 518 989 565 tantum
1034 521 1141 563 non
1190 512 1609 577 exsuperarunt,
1638 501 1797 569 juxta
1830 504 2033 559 oraculi
2074 520 2198 557 sen-

2305 504 2658 569 ἀνεξικακίαν
2680 503 3129 575 ὑπερϐαλόμενοι,
3165 504 3261 557 καὶ
3296 503 3495 573 τρόπον
3518 505 3642 558 τινὰ
3665 520 3915 577 νενικησπ

626 602 849 657 tentiam
880 613 1073 671 ptenas
1110 599 1391 662 sutierent,
1443 604 1501 652 et
1529 596 1849 667 supplicium
1893 595 2199 666 expendent

626 692 867 747 omnium
910 691 1224 745 maximum.
1259 690 1475 744 Crimen
1505 702 1716 753 eorum,
1739 686 1882 758 quod
1914 684 2199 757 captivita-

634 793 739 840 tem
779 784 1086 839 Salomonis
1115 782 1170 837 in
1200 781 1484 836 ldumteam
1525 778 1909 841 concluserint,
1942 787 1998 832 et
2024 784 2198 832 testa-

631 874 795 930 menti
833 874 1059 929 fratrum
1109 874 1455 927 immemores
1484 870 1704 925 fuerint.
1735 868 1865 935 Quae
1896 869 2009 937 ipsa
2042 867 2199 921 Salo-

632 965 804 1020 monis
831 964 1113 1035 captivitas
1144 962 1325 1027 fuerit,
1365 962 1613 1032 superius
1647 958 1975 1015 sufﬁcienter
2011 968 2193 1014 osten-

631 1070 748 1109 sum
791 1063 893 1109 est.
931 1054 1212 1120 Quomodo
1240 1061 1421 1107 autem
1449 1061 1503 1106 et
1537 1066 1565 1105 a
1592 1051 1774 1121 Tyriis
1810 1050 1863 1105 in
1910 1049 2195 1105 ldumzeam

631 1144 881 1201 conclusa
938 1146 1010 1200 sit
1063 1145 1246 1200 dicere
1278 1158 1505 1198 necesse
1553 1152 1653 1197 est.
1703 1141 1839 1196 Cum
1874 1156 1940 1196 ex
1980 1140 2113 1194 Juda
2145 1150 2199 1194 et

630 1234 796 1291 lsrael
841 1234 1284 1291 innumerabilem
1337 1233 1736 1288 multitudinem
1769 1231 2031 1288 servitute
2069 1230 2199 1284 affe—

631 1326 869 1391 cissent,
922 1325 1167 1381 Idumaeis
1225 1324 1603 1379 vendiderunt.
1650 1322 1751 1389 Qui
1812 1323 1878 1378 de
1940 1322 2199 1392 sanguine

630 1417 855 1472 fratrum
902 1425 1212 1486 prognatos,
1258 1424 1312 1469 et
1362 1429 1530 1484 nuper
1583 1415 1804 1480 liberos,
1847 1414 2034 1467 eodem
2080 1413 2200 1467 loco

630 1524 736 1578 quo
790 1507 929 1562 bello
963 1516 1151 1577 captos
1200 1507 1479 1571 habentes,
1533 1506 1729 1559 acerbo
1771 1506 2049 1559 servitutis
2072 1503 2200 1573 iugo

632 1608 967 1669 presserunt,
1010 1608 1063 1653 et
1089 1597 1396 1653 Cra-corum
1427 1596 1637 1667 legibus
1670 1597 1854 1651 vivere
1882 1606 2197 1667 coegerunt,

630 1692 856 1761 gloriam
909 1690 999 1744 Dei
1038 1704 1175 1759 pene
1217 1688 1479 1743 conviciis
1524 1688 1849 1753 lacerantes,
1897 1690 1988 1757 qui
2028 1703 2201 1758 neque

2299 594 2456 658 κότες
2495 593 2757 654 ταῖς.τῶν
2790 592 3155 665 ἀσεϐημάτων
3188 594 3535 664 ὑπερϐολαῖς,
3576 594 3903 665 ὑπωχθή-
3928 634 3933 663 η.

2302 701 2486 739 σονται
2514 685 2753 750 ποιναῖς,
2771 683 2915 738 κατά
2929 701 2992 752 γε
3009 684 3103 737 τὸν
3120 683 3214 737 τοῦ
3231 685 3529 756 χρησμῳδή
3539 701 3707 755 ματος
3733 684 3898 745 νοῦν,
3925 670 3935 699 ³

2299 774 2395 829 καὶ
2421 774 2614 844 ποινὴν
2665 774 2998 845 ὑπομενοῦσι
3030 775 3130 846 τὴν
3166 776 3392 829 ἁπασῶν
3433 777 3689 847 ἐσχάτην.
3732 776 3902 829 Ἐπί-

2300 866 2483 938 κλημα
2502 865 2559 919 δὲ
2592 866 2798 931 αὐτοῖς,
2830 866 2911 920 ὅτι
2943 866 3043 936 τὴν
3080 867 3457 937 αἰχμαλωσίαν
3501 867 3594 921 τοῦ
3628 866 3901 937 Σολομὼν

2303 956 2653 1011 συνέκλεισαν
2678 959 2759 1021 είς
2788 958 2888 1028 τὴν
2928 958 3252 1029 Ἰδουμαίαν,
3269 961 3759 1031 ἀμνημονήσαντες
3792 960 3899 1029 τῆς

2300 1048 2410 1099 τῶν
2447 1046 2697 1116 ἀδελφῶν
2722 1048 3008 1120 διαθήκης.
3058 1051 3155 1114 Τίς
3189 1052 3288 1121 μὲν
3319 1047 3412 1105 οὖν
3464 1054 3500 1122 ἡ
3533 1051 3899 1122 αίχμαλωσία

2301 1136 2395 1191 τοῦ
2422 1136 2696 1208 Σολομὼν,
2720 1137 3086 1210 ἀποχρώντως
3115 1140 3248 1209 ἡμῖν
3278 1138 3502 1204 διέδειξε
3530 1140 3709 1210 λόγος.
3750 1141 3898 1193 Συν-

2299 1226 2551 1299 εκλείσθη
2577 1229 2634 1283 δὲ
2655 1230 2803 1294 ὅπως
2831 1231 2912 1293 είς
2938 1230 3038 1302 τὴν
3074 1231 3379 1302 Ἰδουμαίαν
3405 1235 3499 1287 καὶ
3521 1234 3659 1303 πρός
3684 1252 3749 1303 γε
3790 1235 3901 1287 Τυ-

2302 1318 2454 1389 ρίων,
2512 1322 2687 1375 εἰπεῖν
2726 1322 3042 1391 ἀναγκαῖον.
3101 1323 3712 1395 Ἐξανδραποδισάμενοι
3776 1326 3897 1397 γὰρ

2298 1412 2400 1466 οὐκ
2427 1412 2792 1485 εὐαρίθμητον
2826 1414 3034 1485 πληθὺν
3065 1414 3173 1469 τῶν
3217 1415 3278 1481 ἐξ
3316 1416 3487 1470 Ἰούδα
3541 1418 3635 1470 καὶ
3680 1418 3896 1487 Ἰερου-

2303 1502 2503 1574 σαλὴμ,
2546 1505 3041 1573 καταπεπράκασιν
3076 1503 3408 1577 Ἰδουμαίοις.
3462 1510 3523 1561 0i
3564 1508 3618 1562 δὲ
3654 1512 3788 1571 τοὺς
3829 1510 3890 1575 ἐξ

2302 1597 2532 1667 αἵματος
2550 1596 2818 1665 ἀδελφῶν,
2841 1598 2935 1651 καὶ
2958 1596 3164 1652 ἄνωθεν
3192 1598 3510 1670 ἐλευθέρους
3534 1602 3592 1654 ὲν
3612 1603 3892 1673 δορυκτή-

2300 1705 2409 1741 των
2442 1688 2608 1760 μοίρᾳ
2639 1687 3018 1760 πεποιημένοι,
3062 1690 3243 1761 πικρῷ
3272 1692 3518 1757 δουλείας
3560 1693 3891 1747 κατέθλιδον

631 1783 859 1851 patriam
913 1781 1042 1850 ipsis
1097 1781 1402 1835 libertatem
1463 1788 1858 1845 conservasset,
1917 1795 2090 1848 neque
2143 1781 2195 1834 in

2302 1777 2474 1848 ζυγῷ,
2505 1779 2603 1833 καὶ
2639 1780 2754 1841 τοῖς
2797 1778 3069 1850 Ἑλλήνων
3109 1781 3293 1851 νόμοις
3329 1781 3716 1845 κατεδιάζοντο
3758 1782 3889 1852 ζῇν,

628 1848 843 1928 ilorenti
876 1848 1018 1927 statu
1049 1885 1143 1925 eos
1184 1869 1320 1924 tueri
1351 1870 1633 1939 potuisset.
1664 1868 1897 1924 Proinde
1932 1869 2198 1925 universo-

2307 1869 2590 1940 μονονουχὶ
2619 1848 3156 1943 κατακερτομοῦντες
3174 1848 3226 1925 οἱ
3249 1872 3470 1927 δείλαιοι
3496 1873 3597 1945 τὴν
3622 1873 3722 1926 τοῦ
3745 1848 3889 1927 Θεοῦ

631 1978 752 2016 rum
781 1962 924 2016 Deus
964 1961 1187 2015 alterius
1213 1973 1344 2013 voce
1377 1958 1569 2027 inquit,
1598 1973 1692 2014 eos
1710 1960 1804 2027 qui
1834 1958 2200 2028 captivitatem

632 2054 937 2110 Salomonis
988 2054 1041 2108 in
1103 2052 1334 2107 ldumzea
1387 2052 1790 2113 concluserunt,
1843 2066 1949 2105 non
2010 2051 2203 2106 leviter

631 2158 892 2199 accusans
917 2160 930 2195 :
959 2160 977 2193 ι
1004 2141 1143 2208 Quid
1172 2140 1299 2196 mihi
1335 2148 1388 2195 et
1411 2141 1583 2203 vobis,
1616 2140 1811 2211 Tyrus,
1844 2150 1897 2196 et
1925 2138 2121 2204 Sidon,
2147 2150 2201 2195 et

629 2233 807 2287 omnis
858 2232 1076 2287 Galilaaa
1131 2230 1597 2302 alienigenarum?
1649 2230 1900 2300 Nunquid
1944 2229 2199 2286 ultionem

626 2340 725 2381 vos
777 2325 1012 2378 reddetis
1067 2324 1233 2389 mihi,
1301 2331 1394 2377 aut
1454 2322 1589 2377 iram
1656 2323 1708 2376 in
1770 2322 1932 2377 corde
1996 2323 2199 2376 retine-

629 2416 698 2470 tis
746 2414 920 2468 milii?
961 2412 1231 2470 Velociter
1272 2422 1327 2468 et
1355 2414 1466 2468 cito
1518 2413 1738 2467 reddam
1781 2413 2197 2467 retributionem

625 2514 860 2560 vestram
908 2505 959 2559 in
1010 2505 1183 2575 capita
1228 2513 1429 2568 vestra,
1484 2518 1580 2574 pro
1622 2518 1688 2558 eo
1731 2505 1871 2572 quod
1922 2514 2199 2572 argentum

628 2594 806 2653 meum
858 2606 913 2651 et
946 2612 1138 2651 aurum
1180 2612 1357 2653 meum
1416 2595 1636 2661 tulistis,
1669 2605 1722 2650 et
1755 2595 1924 2650 electa
1962 2610 2104 2660 mea,
2148 2605 2202 2649 et

627 2690 769 2742 bona
818 2687 1076 2742 intulistis
1119 2688 1171 2740 in
1222 2686 1416 2756 templa
1450 2696 1651 2750 vestra,
1690 2693 1741 2740 et
1793 2684 1932 2740 filios
1962 2684 2120 2749 Juda,
2149 2694 2203 2739 et

630 2779 768 2834 lilios
800 2778 961 2834 lsrael
993 2777 1307 2832 vendidistis
1338 2776 1461 2830 filiis
1486 2774 1818 2844 Graecorum,
1853 2786 1909 2830 ut
1934 2776 2202 2846 ejiceretis

626 2882 723 2923 eos
772 2884 838 2922 ex
896 2868 1092 2922 finibus
1148 2868 1259 2922 suis
1280 2867 1341 2921 ⁸⁸.
1376 2885 1395 2917 ι
1432 2866 1713 2936 Tanquam
1766 2867 1909 2921 enim
1964 2866 2086 2919 linis
2136 2881 2200 2920 ac

630 2959 897 3014 terminus
923 2958 1292 3014 lsraelitarum
1323 2974 1614 3028 corporeus
1642 2958 1856 3027 quidem
1887 2968 1967 3011 est
1992 2956 2198 3022 Judtea,

629 3048 930 3117 spiritualis
948 3059 1126 3103 autem
1147 3048 1252 3112 lex,
1276 3048 1470 3118 quibus
1499 3048 1674 3101 exacti
1708 3055 1856 3109 sunt,
1886 3044 2195 3100 Grmcorum

628 3138 757 3195 filiis
798 3140 1013 3209 indigne
1053 3139 1276 3193 venditi.
1331 3138 1596 3193 Fecerunt
1635 3148 1810 3193 autem
1863 3137 2004 3192 istud
2045 3135 2192 3208 Tyrii

2301 1959 2481 2027 δόξαν,
2511 1960 2587 2023 ὡς
2618 1961 2755 2032 μήτε
2796 1961 2893 2033 τὴν
2938 1964 3003 2016 ὲκ
3047 1961 3298 2031 πατέρων
3344 1964 3529 2028 αὐτοῖς
3566 1964 3889 2037 ἐλευθερίαν

2300 2051 2663 2121 τηρήσαντος,
2706 2053 2845 2124 μήτε
2890 2052 2999 2123 μὴν
3036 2052 3355 2124 ἰσχύσαντος
3388 2057 3699 2127 παρασχεῖν
3740 2058 3806 2110 τὸ
3829 2059 3887 2110 ἐν

2302 2140 2454 2214 καλῷ
2480 2143 2696 2198 κεῖσθαι
2725 2145 2825 2213 τῆς
2858 2144 3176 2216 εὐημερίας.
3225 2147 3334 2199 Καὶ
3374 2146 3506 2216 γοῦν
3532 2150 3563 2202 ό
3599 2149 3712 2201 τῶν
3744 2150 3886 2201 ὅλων

2302 2233 2435 2299 Θεὸς
2459 2234 2547 2289 διὰ
2573 2235 2758 2306 φωνῆς
2788 2235 2975 2307 ἑτέρου
3003 2236 3157 2307 φησὶ,
3189 2238 3312 2301 τοὺς
3340 2239 3776 2308 συγκλείσαντας
3802 2242 3883 2303 εἰς

2300 2325 2399 2397 τὴν
2452 2326 2758 2397 Ἰδουμαίαν
2798 2326 2899 2397 τὴν
2948 2327 3324 2398 αἰχμαλωσίαν
3362 2328 3457 2383 τοῦ
3496 2329 3774 2400 Σολομὼν,
3818 2333 3882 2383 οὐ

2305 2418 2540 2488 μετρίως
2596 2416 3046 2486 καταιτιώμενος.
3105 2420 3255 2472 «Kal
3303 2418 3356 2472 τί
3404 2420 3527 2491 ἐμοὶ
3566 2422 3678 2481 καὶ
3730 2422 3882 2491 ὑμῖν,

2302 2508 2500 2579 Τύρος,
2536 2508 2631 2562 καὶ
2664 2508 2853 2573 Σιδὼν,
2893 2510 2988 2564 καὶ
3029 2512 3179 2565 πᾶσα
3225 2511 3481 2566 Γαλιλαία
3521 2514 3885 2583 ἀλλοφύλωη

2302 2599 2394 2669 Μὴ
2420 2598 2763 2668 ἀνταπόδομα
2785 2600 2943 2670 ὑμεῖς
2986 2600 3364 2657 ἀνταποδίδοτέ
3400 2621 3513 2675 μοι,
3539 2604 3573 2675 ἢ
3609 2624 3881 2677 μνησικαο

2302 2692 2447 2743 κεῖτε
2480 2690 2638 2759 ὑμεῖς
2685 2691 2772 2744 ἐπ’
2804 2690 2959 2760 spei;
3013 2691 3209 2757 Ὀξέως
3242 2694 3337 2747 καὶ
3389 2696 3603 2766 ταχέως
3643 2699 3884 2751 ἀνταπο-

2300 2780 2456 2835 δώσω
2480 2782 2541 2835 τὸ
2562 2782 2910 2853 ἀνταπόδομα
2941 2784 3094 2854 ὑμῶν
3121 2786 3201 2849 είς
3239 2785 3485 2855 κεφαλὰς
3510 2788 3695 2857 ὑμῶν.
3739 2790 3881 2843 ’Δνθ’

2299 2858 2375 2919 ὧν
2408 2867 2468 2918 τὸ
2506 2866 2770 2938 ἀργύριόν
2813 2885 2917 2938 μου
2978 2870 3074 2923 καὶ
3113 2870 3175 2924 τὸ
3221 2874 3442 2942 χρυσίον
3491 2892 3596 2946 μου
3630 2878 3881 2941 ἐλάϐετε,

2301 2958 2395 3011 καὶ⁸
2425 2958 2491 3012 τὰ
2522 2958 2783 3013 ἐπίλεκτά
2813 2977 2937 3031 μου,
2967 2962 3060 3015 καὶ
3088 2963 3155 3017 τὰ
3182 2963 3325 3019 καλὰ
3351 2966 3621 3035 ἠνέγκατε
3649 2971 3734 3034 εἰς
3753 2973 3881 3035 τοὺς

2300 3047 2462 3112 ναοὺς
2495 3048 2671 3118 ὑμῶν,
2722 3049 2969 3112 καὶτοὺς
3004 3051 3152 3115 υἱοὺς
3206 3050 3376 3105 Ἰούδα
3407 3055 3500 3106 καὶ
3533 3055 3758 3126 Ἰσραὴλ
3776 3058 3881 3108 ἀπο

2301 3137 2483 3191 έδοσθε
2510 3140 2623 3200 τοῖς
2651 3138 2785 3202 υἱοῖς
2819 3138 2928 3191 τῶν
2940 3138 3228 3210 Ἑλλήνων,
3249 3139 3397 3204 ὅπως
3421 3140 3659 3214 ὲξώσητε
3682 3146 3880 3209 αὐτοὺς

629 3232 937 3286 testamenti
999 3229 1225 3284 fratrum
1273 3230 1643 3286 immemores.
1703 3228 1816 3285 Hoc
1858 3228 2118 3285 trifariam
2167 3243 2195 3282 a

2304 3230 2369 3284 ἐκ
2414 3229 2522 3284 τῶν
2569 3228 2734 3302 ὁρίων
2790 3228 2993 3284 αὐτῶν.
3022 3249 3043 3282 ι
3088 3202 3288 3301 ’Ὅριον
3328 3202 3389 3286 δέ
3429 3202 3622 3307 ωσπερ
3664 3235 3776 3289 τῶν
3820 3202 3879 3300 ἐξ

626 3321 784 3377 nobis
813 3332 990 3391 potest
1019 3324 1261 3394 intelligi.

2319 3320 2558 3392 Ἰσραὴλ,
2618 3321 2927 3391 σωματικὸν
2986 3321 3085 3391 μὲν
3148 3320 3400 3388 Ἰουδαία,
3442 3324 3675 3396 ψυχικὸν
3740 3326 3797 3380 δὲ
3846 3329 3881 3379 ὀ

625 3416 810 3488 νόμος,
841 3413 915 3473 ὧν
953 3418 1059 3485 ἔξω
1104 3420 1359 3488 γεγόνασι
1400 3423 1523 3485 τοῖς
1576 3420 1687 3474 τῶν
1751 3419 2019 3490 Ἑλλήνων
2065 3418 2199 3481 υἱοῖς
2236 3414 2483 3479 ἐκτόπως
2542 3414 3047 3486 καταπωλοὺμενοι.
3073 3414 3374 3486 Δεδράκασι
3429 3418 3485 3471 δὲ
3513 3418 3672 3472 τοῦτο
3690 3419 3879 3491 Τύριοι

624 3513 1107 3584 ἀμνημονήσειντες
1137 3514 1233 3584 τῆς
1269 3513 1377 3567 τῶν
1405 3512 1646 3582 ἀδελφῶν
1677 3511 1960 3582 διαθήκης.
2008 3511 2196 3564 Νοοῖτο
2232 3509 2274 3561 δ’
2306 3508 2372 3562 ἂν
2439 3506 2573 3579 πρὸς
2599 3507 2756 3578 ἡμῶν
2781 3507 2876 3561 καὶ
2905 3506 3063 3560 τοῦτο
3090 3511 3270 3579 τριχῇ.

699 3607 801 3675 Qui
831 3608 971 3662 enim
1013 3608 1123 3663 sint
1176 3608 1263 3662 isti
1306 3608 1522 3670 fratres,
1553 3606 1698 3677 quod
1752 3606 1854 3661 hoc
1908 3616 2198 3661 testamen-

2371 3600 2527 3666 Τίνες
2556 3602 2664 3671 γὰρ
2691 3602 2739 3654 οἱ
2771 3600 3009 3670 ἀδελφοὶ,
3039 3602 3121 3665 τίς
3148 3603 3203 3656 δὲ
3229 3604 3261 3675 ἡ
3292 3603 3551 3675 διαθήκη,
3597 3606 3757 3676 φέρε,
3787 3605 3876 3659 λέ-

627 3709 763 3765 tum,
788 3714 906 3770 age,
939 3700 1202 3765 dicamus,
1232 3700 1399 3753 sacris
1436 3699 1601 3753 etiam
1652 3696 1872 3753 Litteris
1898 3699 1964 3752 ad
2004 3697 2195 3752 horum

2300 3708 2510 3763 γωμεν,
2541 3692 2634 3746 καὶ
2664 3690 2814 3764 [ὑπὸ]
2844 3691 2951 3744 τῶν
2987 3692 3147 3761 ἱερῶν
3179 3693 3527 3765 Γραμματων
3558 3697 3643 3759 είς
3662 3697 3763 3758 τὰς
3786 3697 3877 3750 ἐπὶ

625 3806 845 3846 sensum
892 3800 946 3845 et
991 3790 1394 3860 intelligentiam
1425 3792 1581 3859 quasi
1633 3807 1793 3846 manu
1856 3790 2193 3845 ducentibus.

2300 3784 2457 3837 τοῦτο
2510 3784 2716 3847 ἑννοίας
2776 3782 3295 3855 χειραγωγούμενοι.
3347 3784 3537 3856 Χιρὰμ
3576 3788 3608 3841 ό
3663 3788 3877 3858 Τυρίων

626 3882 848 3939 Cbiram
889 3882 1156 3951 quondam
1186 3880 1470 3951 Tyriorum
1493 3897 1591 3936 rex
1646 3883 1743 3937 fuit
1772 3882 1956 3936 divino
2012 3880 2196 3935 Davidi

2300 3874 2440 3929 κατὰ
2464 3876 2687 3945 καιροὺς
2716 3873 3137 3944 βεϐασιλευκὼς,
3167 3875 3276 3928 τῶν
3301 3877 3381 3929 ὅτι
3416 3878 3661 3947 μάλιστα
3691 3879 3877 3949 φιλτά-

627 3976 797 4031 multo
826 3976 1177 4029 eliarissimus
1207 3975 1268 4027 ¹⁹.
1284 3973 1459 4044 ,259
1476 3975 1672 4030 Deinde
1688 3976 1755 4027 ab
1780 3973 1894 4041 ejus
1918 3974 2026 4028 (ilio
2047 3973 2198 4029 Salo-

2300 3985 2406 4022 των
2449 3962 2517 4038 ἦν
2543 3966 2620 4037 τῷ
2652 3966 2922 4036 θεσπεσίῳ
2962 3966 3146 4021 Δαϐίδ.
3194 3961 3330 4022 Εἶτα
3371 3969 3489 4038 μετ’
3541 3970 3756 4025 ἐκεῖνον
3799 3970 3876 4042 τῷ

624 4084 787 4125 mone
818 4069 1048 4123 dilectus
1098 4076 1182 4122 es‘t
1244 4068 1345 4134 sic,
1402 4078 1457 4121 ut
1508 4070 1809 4125 concordia}
1846 4080 1901 4125 et
1947 4070 2197 4125 amicitia:

2300 4059 2546 4130 Σολομὼν
2576 4059 2769 4128 γέγονε
2801 4059 3112 4130 ἀγαπητὸς,
3162 4059 3238 4123 ὡς
3269 4060 3543 4131 συνθήκας
3568 4064 3875 4133 ὁμοψυκίας

628 4161 806 4215 foedus
857 4175 977 4214 cum
1025 4174 1088 4213 eo
1124 4159 1495 4228 paciscerctur
1533 4160 1603 4224 ὀ,
1654 4169 1709 4215 ει
1750 4161 2030 4231 adiuvaret
2073 4176 2193 4215 eum

2300 4152 2625 4223 ποιήσασθαι
2656 4153 2792 4224 πρὸς
2820 4154 3004 4220 αὐτὸν,
3043 4155 3363 4228 συμπρᾶξαι
3394 4173 3451 4211 τε
3482 4157 3622 4228 πρὸς
3660 4160 3876 4212 ᾶπαντα

624 4252 681 4306 in
735 4251 1008 4317 omnibus,
1058 4259 1111 4305 et
1160 4250 1459 4321 symbolam
1530 4250 1581 4305 ei
1633 4251 1873 4304 divinum
1940 4250 2192 4320 templum

2300 4243 2464 4315 αὐτῷ,
2518 4245 2614 4297 καὶ
2670 4247 2925 4316 ς’)ροντίδα
2978 4246 3079 4319 τὴν
3115 4248 3338 4301 δέουσαν
3383 4252 3736 4317 συνενεγκεῖν
3788 4251 3872 4303 τὸν

627 4340 917 4397 aedificanti
948 4358 1047 4413 pro
1080 4340 1256 4395 cilicio
1298 4339 1569 4396 conferret
1591 4341 1658 4407 ²¹,
1682 4348 1737 4396 et
1766 4357 1989 4397 munera
2041 4344 2196 4411 longe

2300 4335 2435 4389 θεῖον
2471 4335 2822 4391 ἁποτελοῦντι
2866 4339 3007 4393 ναόν.
3052 4340 3161 4393 Καὶ
3204 4340 3429 4393 πλεῖστα
3461 4339 3562 4410 μὲν
3585 4342 3691 4395 ὅσα
3712 4359 3875 4412 προσ-

624 4434 853 4507 plurima
893 4435 964 4488 illi
1017 4435 1269 4502 mitteret,
1328 4435 1526 4504 quibus
1563 4436 1675 4503 ipse
1715 4434 1917 4503 majora
1948 4442 2003 4487 et
2063 4448 2195 4500 opu-

2300 4427 2561 4497 κεκόμικε
2615 4428 2787 4499 δῶρα,
2844 4430 3142 4502 κεκέρδακε
3196 4430 3253 4483 δὲ
3303 4429 3397 4483 καὶ
3452 4431 3620 4495 αὐτὸς
3675 4435 3746 4486 τὰ
3799 4434 3873 4486 ἐτι

625 4527 854 4583 lentiora
894 4526 1093 4581 retulit.
1128 4528 1233 4580 Ant
1272 4525 1435 4595 igitur
1476 4527 1575 4581 hoc
1608 4525 1763 4588 dicit,
1808 4523 1997 4595 Tyrios
2052 4524 2193 4581 bello

2300 4516 2470 4587 μείζω
2522 4518 2617 4572 καὶ
2672 4517 3068 4591 πλουσιώτειρα.
3128 4520 3200 4573 Ἢ
3249 4518 3429 4573 τοίνυν
3474 4523 3655 4576 ἐκεῖνό
3689 4540 3871 4593 φησιν,

625 4633 848 4674 vexasse
877 4608 1173 4679 lsra’elitas,
1198 4616 1392 4671 oblitos
1419 4617 1732 4672 testamenti
1760 4632 1948 4673 eorum
1976 4618 2065 4685 qui
2096 4616 2190 4687 ip-

2300 4609 2375 4661 ’ότι
2434 4610 2620 4679 Τύριοι
2672 4613 3086 4684 πεπολεμήκασι
3122 4612 3214 4668 τὸν
3266 4611 3505 4683 Ἰσραὴλ,
3555 4614 3871 4685 ἀμνημονή-

626 4724 720 4765 sos
748 4719 807 4763 ut
825 4708 1018 4763 fratres
1038 4707 1311 4771 amabant,
1328 4706 1527 4776 quique
1549 4706 1740 4762 allectu
1759 4719 1813 4761 et
1832 4707 2097 4762 cltaritate
2118 4706 2190 4761 ita

2300 4718 2488 4765 σαντες
2511 4703 2774 4775 διαθήκης
2800 4705 2908 4757 τῶν
2939 4704 2999 4771 ἐξ
3024 4706 3245 4775 ἀγάπης
3269 4704 3345 4768 ὡς
3374 4705 3648 4775 ἀδελφῶν,
3675 4712 3771 4762 καὶ
3796 4709 3871 4770 εἰς

623 4799 1046 4863 consentiebant,
1105 4808 1164 4852 ut
1195 4798 1357 4852 etiam
1414 4797 1794 4869 consanguinei
1844 4797 2191 4862 viderentur;

2300 4793 2455 4846 τοῦτο
2492 4793 2678 4848 λοιπὸν
2733 4796 3026 4861 διαθέσεως
3071 4798 3169 4852 καὶ
3218 4798 3603 4870 φιλοστοργίας
3648 4816 3870 4869 συνενη-

622 4889 757 4952 sive,
796 4888 921 4957 quia
961 4888 1028 4941 ab
1069 4886 1207 4941 Esau
1243 4901 1416 4956 genus
1440 4886 1698 4942 ducentes
1726 4886 1965 4954 ldumaai,
1996 4888 2190 4944 fratres

2300 4886 2593 4957 νεγμένων,
2622 4885 2697 4950 ὡς
2721 4888 2897 4941 δοκεῖν
2923 4885 3070 4942 εἶναι
3100 4890 3193 4942 καὶ
3220 4889 3525 4959 ὁμαίμονας
3549 4906 3563 4919 ⁸
3600 4891 3775 4960 {now
3796 4892 3873 4943 δτι

622 4988 778 5033 erant
820 4978 1209 5041 lsraelitarum,
1260 4992 1396 5048 quos
1444 4985 1642 5044 tamen,
1667 4988 1973 5047 contempto
2023 4988 2190 5034 testa-

2300 4977 2580 5046 γεγονότες
2625 4978 2684 5044 ἐξ
2725 4979 2896 5032 Ἥσαῦ
2946 4979 3258 5048 Ἰδουμαῖοι,
3316 4980 3537 5048 ἀδελφοὶ
3580 4981 3683 5050 μὲν
3736 4977 3872 5051 ἦσαν

627 5080 827 5133 ιηεηιο,
873 5070 1040 5124 armis
1079 5069 1468 5138 appetiverunt.
1501 5069 1622 5123 Fuit
1658 5069 1801 5123 enim
1850 5069 2032 5123 animo
2084 5084 2190 5124 non

2300 5072 2405 5133 τοῖς
2435 5070 2493 5133 ἐξ
2529 5069 2766 5142 Ἰσραὴλ,
2798 5070 3158 5135 πεπολεμήκα
3189 5117 3211 5138 ,
3245 5070 3321 5136 δὲ,
3369 5072 3467 5140 τῆς
3492 5070 3601 5123 τῶν
3629 5072 3872 5139 ἀδελφῶν

626 5162 765 5215 bono
789 5172 843 5215 et
870 5160 1048 5215 hostili
1104 5159 1243 5213 Esau
1294 5160 1347 5212 in
1376 5156 1563 5224 Jacob,
1592 5158 1945 5228 primogenita
2008 5155 2193 5212 dolens

2300 5161 2562 5234 διαθήκης
2615 5161 2994 5233 ὴφειδηκότες.
3048 5163 3398 5232 Πεφρονηκε²
3418 5163 3517 5233 μὲν
3556 5162 3671 5233 γὰρ
3707 5162 3870 5232 ἐχθρὰ

624 5252 905 5322 principio.
940 5252 1131 5306 Verum
1167 5265 1197 5304 e
1218 5250 1376 5303 domo
1404 5247 1584 5303 Laban
1624 5249 1917 5306 discedenti
1950 5248 2194 5318 aliquan-

2300 5253 2390 5307 καὶ
2437 5253 2506 5306 τὰ
2555 5252 2830 5325 πολεμίων
2865 5255 2893 5307 ὀ
2940 5252 3112 5306 ’Πσαῦ
3159 5252 3297 5305 κατὰ
3348 5252 3442 5305 τοῦ
3504 5252 3725 5315 Ἰακὼϐ,
3772 5253 3871 5304 τῶν

624 5344 723 5409 tio,
759 5352 814 5397 et
851 5346 1065 5400 domum
1128 5344 1323 5399 reverti
1361 5342 1595 5412 cupienti
1649 5358 1767 5396 cum
1833 5341 2092 5396 uxoribus
2137 5349 2189 5395 et

2300 5343 2657 5415 πρωτοτόκων
2686 5344 2849 5397 ἓνεκα
2892 5343 3264 5416 λελυπημένος
3288 5346 3344 5397 ὲν
3376 5345 3594 5414 ἀρχαῖς.
3634 5345 3775 5397 Ἀλλ’
3811 5347 3868 5395 ὲκ

624 5436 824 5500 liberis,
854 5436 899 5491 ei
932 5446 989 5491 ut
1017 5436 1184 5492 frater
1211 5437 1480 5500 occurrit;
1512 5433 1773 5502 complexi
1796 5435 1938 5488 enim
1958 5441 2013 5487 et
2033 5447 2190 5487 oscu-

2300 5435 2387 5504 τῆς
2410 5434 2595 5489 Λάϐαν
2629 5436 2813 5499 ἑστίας
2848 5435 3134 5506 ἀπαίροντι
3166 5434 3305 5489 κατὰ
3339 5437 3588 5505 καιροὺς,
3615 5437 3712 5488 καὶ
3736 5437 3867 5486 οἶκοι

624 5525 713 5578 lati
754 5537 877 5580 sunt
908 5527 1044 5582 inter
1072 5542 1151 5590 se,
1179 5537 1235 5581 et
1272 5527 1569 5580 amicorum
1614 5522 1785 5579 oflicia
1830 5532 2014 5577 mutuo
2046 5536 2186 5591 prae--

2300 5527 2454 5580 πάλιν
2514 5528 2830 5581 ὑπονοστεῖν
2890 5527 3128 5580 ἐθέλοντι
3196 5526 3410 5595 γυναιξί
3459 5543 3519 5579 τε
3588 5527 3727 5597 ὁμοῦ
3783 5529 3865 5578 καί

622 5618 893 5687 ειὶιετιιηι,
930 5620 1203 5689 veterique
1252 5618 1470 5675 dissidio
1512 5616 1839 5688 posthabito,
1889 5615 2190 5670 concordia:

2300 5618 2520 5683 τέκνοις,
2560 5620 2891 5689 συνήντησεν
2917 5618 2992 5682 ὡς
3025 5617 3269 5687 ἁδελφός.
3306 5617 3746 5687 Κατησπασαντο
3767 5617 3863 5685 γὰρ

693 5808 739 5846 ιε
776 5811 886 5869 ,ιεηιΙ
925 5827 1004 5878 ιιι,
1048 5811 1163 5865 ἄσϐ.
1247 5811 1286 5843 ⁸⁸
1324 5808 1408 5865 lll.
1454 5809 1583 5879 Reg.
1630 5826 1677 5872 ν.
1721 5811 1765 5865 1.
1844 5810 1887 5844 ’⁸
1920 5809 2049 5867 Ibid.
2098 5814 2180 5868 19..

2300 5819 2302 5847 ν
2348 5816 2477 5873 ibid.
2516 5817 2549 5873 5
