4068 6542
108 460 120 475 ,
141 398 265 461 ιεο

1129 409 1687 471 COMMENTARIUS
1725 412 1794 469 IN
1833 413 2024 471 AMOS
2062 416 2505 479 ΡΒΟΡΗΕΤΑΜ.

3262 451 3266 454 ·
3348 430 3449 484 όῗιυ

148 517 455 591 ἀλλήλους,
492 520 587 575 καὶ
641 521 1000 593 περιέφυσαν,
1030 526 1125 579 καὶ
1157 527 1228 581 τά
1262 528 1438 598 φίλοις
1477 530 1730 602 πρέποντι

1859 540 1917 587 et
1948 533 2096 603 pacis
2126 533 2301 592 foedus
2333 538 2669 609 pepigerunt.
2707 539 2771 596 Et
2796 542 2910 599 hare
2935 544 3154 615 quidem
3178 545 3276 600 illi.
3298 543 3446 618 Tyrii

143 608 521 682 λελαλήκασι,
564 613 661 665 xui.
687 613 789 685 τὴν
832 615 1067 688 ἀρχαίαν
1110 619 1411 685 πατοῦντες
1463 621 1750 694 διαφορὰν,

142 702 423 771 ὁμονοίας
476 704 571 757 καὶ⁵
625 705 852 776 εἰρήνης
890 707 1216 780 πεποίηνται
1262 710 1554 784 διαθήκας.
1612 714 1753 768 Ἀλλ’

140 792 342 845 ἐκεῖνο
368 793 465 864 μὲν
504 795 565 847 ἐν
600 795 831 857 τούτοις.
883 797 1074 870 Τύριοι
1125 800 1183 854 δὲ
1225 806 1325 875 τῆς
1361 804 1471 857 τῶν
1507 806 1752 876 ἀδελφῶν

136 881 430 955 διαθήκης
464 884 978 957 ἀμνημονήσαντες,
1016 890 1088 944 τά
1125 894 1258 964 γένη
1308 896 1623 963 συνέϐαλον,
1654 901 1752 954 καὶ

141 973 382 1040 δούλους
423 976 489 1030 ἂν
534 976 677 1048 ἔχειν
723 978 940 1035 ἔπειθον
988 983 1116 1047 τοὺς
1160 984 1218 1052 ἐξ
1273 987 1506 1058 αἵματός
1549 1007 1611 1043 τε
1654 991 1752 1045 καὶ

136 1063 448 1133 ἀδελφοὺς,
494 1071 613 1132 ταῖς
652 1070 804 1142 παρὰ
854 1072 1006 1141 σφῶν
1059 1079 1384 1147 συμπονίαις
1441 1081 1577 1135 πολὺ
1628 1081 1750 1137 λίαν

138 1154 615 1229 εύσθενεστέρους
702 1162 810 1215 τῶν
879 1167 1302 1238 κεκρατηκότων
1370 1171 1750 1243 ἀποφήναντες

149 1242 522 1315 Ἰδουμαίους.
556 1249 692 1320 Ἤδη
719 1250 776 1304 δέ
810 1269 895 1316 τις
920 1254 1017 1307 καὶ
1067 1256 1156 1310 ἐπ’
1198 1259 1380 1312 αὐτῶν
1412 1242 1573 1315 τοῦτο
1612 1262 1746 1336 λέγῃ

133 1333 254 1386 τῶν
294 1337 630 1405 Μωαϐιτῶν,
660 1340 711 1393 οἳ
737 1341 796 1406 ἑξ
825 1344 1058 1414 αἵματος
1085 1347 1182 1400 τοῦ
1210 1346 1355 1417 Λὼτ,
1399 1352 1482 1405 ὅτι
1514 1333 1748 1426 λελυπήξ

132 1443 277 1481 κασι
334 1429 526 1500 Τύριοι
555 1432 821 1506 διαθήκην
865 1436 1133 1509 ἀδελφῶν,
1179 1440 1337 1513 δῆλον
1361 1443 1418 1497 δὲ
1443 1445 1525 1499 ὅτι
1557 1447 1656 1518 τὴν
1686 1446 1747 1513 ἐξ

145 1518 420 1592 ’Δόραάμ
456 1523 591 1594 πρὸς
616 1525 710 1578 τὸν
735 1528 879 1581 Λώτ.
915 1530 1136 1600 Ἐπειδὴ
1163 1533 1272 1605 γὰρ
1296 1536 1345 1589 οἱ
1378 1536 1581 1607 ἀμφοῖν
1615 1541 1747 1610 ὲμα-

128 1610 384 1680 χέσαντο
442 1617 734 1687 ποιμένες,
788 1639 807 1672 ι
873 1617 1030 1690 Εἷπε,
1068 1626 1235 1697 φησὶν
1282 1628 1315 1699 ή
1363 1627 1481 1683 θεία
1512 1631 1741 1705 Γραφὴ,

144 1704 381 1776 Ἀὃράμ
438 1708 518 1779 τῷ
543 1708 696 1763 Λώτ·
722 1712 813 1783 Μὴ
848 1713 987 1768 έστω
1015 1716 1163 1789 μάχη
1197 1718 1469 1789 ἀναμέσον
1497 1721 1631 1792 ἐμοῦ
1652 1704 1745 1779 xui.

131 1796 260 1861 σοῦ,
285 1800 387 1851 καὶ
423 1801 699 1871 ἀναμέσον
726 1803 833 1858 τῶν
870 1808 1145 1878 ποιμένων
1172 1827 1295 1881 μου,
1330 1812 1423 1867 καὶ
1467 1814 1741 1885 ἀναμέσον

1860 633 2063 690 autem,
2099 625 2322 683 foederis
2362 628 2522 700 hujus
2545 629 2769 687 fraterni
2804 649 2910 688 non
2959 636 3250 703 recordati,
3292 651 3445 693 com-

1859 715 2121 773 miserunt
2191 716 2447 786 familias,
2486 734 2985 795 persuaserantque
3060 727 3329 793 ldnmmis,
3383 742 3443 782 ιιι

1855 809 2285 881 consanguineos
2304 819 2360 866 et
2386 812 2586 871 fratres
2613 814 2813 870 habere
2840 831 3028 872 servos
3063 820 3282 883 vellent.
3304 836 3443 890 quos

1855 898 2072 955 auxiliis
2109 901 2224 958 suis
2258 904 2451 975 seipsis
2499 906 2588 976 qui
2631 906 2874 961 vicerant
2901 907 3061 977 longe
3100 912 3439 977 potentiores

1853 988 2161 1048 eﬂ'ecerunt.
2176 992 2293 1049 Jam
2310 1011 2440 1051 vero
2455 997 2594 1053 idem
2620 997 2726 1053 boc
2747 997 3014 1068 quispiam
3033 1008 3088 1053 et
3104 1002 3170 1054 de
3193 1001 3440 1057 Moabitis

1854 1081 2108 1152 accipiat,
2139 1084 2277 1154 quia
2323 1085 2425 1141 Lot
2463 1087 2889 1153 descendebant,
2938 1089 3132 1159 Tyrios
3190 1093 3439 1150 videlicet

1853 1171 2078 1228 fratrum
2115 1182 2496 1232 testamentum
2523 1180 2896 1246 conturbasse,
2919 1196 3112 1250 nempe
3139 1183 3434 1239 Abrahami

1850 1280 1970 1319 cum
1995 1264 2119 1323 Lot.
2146 1268 2281 1324 Cum
2308 1270 2451 1325 enim
2485 1270 2764 1325 amborum
2791 1282 3035 1340 pastores
3062 1274 3431 1346 jurgarcntur,

1855 1376 1874 1408 ι
1908 1357 2069 1425 Dixit,
2120 1359 2294 1429 inquit
2348 1359 2652 1430 Scriptura,
2703 1364 2975 1420 Abraham
3048 1366 3190 1424 Lot:
3245 1368 3325 1426 Ne
3364 1373 3434 1426 sit

1842 1449 2078 1521 iurgium
2117 1453 2261 1508 inter
2305 1470 2391 1510 me
2427 1465 2481 1508 et
2509 1466 2581 1520 te,
2613 1465 2666 1511 et
2704 1458 2846 1513 inter
2870 1468 3111 1527 pastores
3156 1477 3307 1519 meos
3365 1480 3429 1519 ac

1848 1554 2095 1613 pastores
2122 1553 2263 1614 tuos,
2287 1547 2411 1615 quia
2439 1549 2638 1607 fratres
2661 1546 2848 1607 suinus
2876 1554 2977 1609 ³⁸.»
3013 1552 3247 1610 Proinde
3275 1557 3432 1611 meri-

1848 1643 1903 1687 to
1931 1645 2201 1703 exustum,
2242 1646 2296 1693 et
2327 1639 2394 1694 ab
2432 1640 2561 1709 ipsis
2618 1641 2983 1699 fundamentis
3049 1658 3303 1700 eversum
3359 1646 3427 1702 iri

1844 1725 1940 1782 ait.
1972 1724 2107 1781 Nam
2160 1728 2312 1796 illud,
2339 1729 2455 1786 Non
2504 1733 2614 1789 eris
2656 1748 2778 1790 cum
2810 1734 3075 1806 pluribus,
3121 1738 3321 1809 ubique
3372 1739 3426 1795 in

1845 1818 2118 1890 improbos
2143 1823 2305 1879 valet.

130 1886 251 1941 τῶν
296 1892 577 1962 ποιμένων
610 1912 704 1948 σου
731 1935 746 1960 ,
786 1896 869 1951 ὅτι
914 1898 1195 1971 ἄνθρωποι
1228 1902 1446 1973 ἀδελφοὶ
1472 1907 1634 1977 ἡμεῖς
1661 1908 1882 1978 ἐσμεν.»
1922 1886 2456 1987 -Έμπρησθήσεσθαι
2480 1917 2544 1990 δὴ
2571 1914 2664 1973 οὖν
2685 1920 2941 1996 ταύτῃτοι
2991 1922 3215 1989 δικαίως
3261 1925 3427 1997 φησὶν

124 1984 338 2059 αὐτὴν,
366 1990 459 2043 καὶ
492 1989 557 2077 ἐξ
585 1992 765 2047 αὐτῶν
811 1997 1343 2071 κατασεισθήσεσθαι
1380 2001 1618 2076 βάθρων.
1659 2004 1735 2061 Τὸ
1771 2009 1897 2081 γὰρ,
1932 2012 2048 2066 Οὐκ
2102 2013 2202 2088 ἔσῃ
2240 1984 2379 2087 μετά
2408 1984 2691 2089 πλειόνων,
2720 1984 3039 2087 ὲπὶικακίας
3076 1984 3425 2095 χρησάμενον

126 2084 454 2154 πανταχοῦ.

202 2174 371 2231 Τάδε
405 2179 567 2250 λέγει
599 2178 817 2252 Κύριος
836 2199 849 2213 ·
897 2185 1021 2241 Ἐπὶ
1045 2188 1175 2256 ταῖς
1199 2190 1396 2258 τρισὶν
1426 2192 1726 2261 ἀσεϐείαις

1900 2194 2063 2250 Vens.
2115 2195 2202 2251 ll.
2284 2196 2411 2252 "(cc
2468 2200 2595 2254 dicit
2645 2200 2942 2258 Dominus:
3014 2204 3187 2275 Super
3254 2207 3424 2263 tribu!

125 2267 243 2336 τῆς
313 2271 674 2342 Ἰδουμαίας,
728 2278 828 2331 καὶ
886 2279 985 2333 ἐπὶ
1036 2280 1170 2347 ταῖς
1225 2282 1581 2354 τέσσαρσιν,
1619 2288 1732 2341 οὐκ

125 2364 688 2437 ἀποστραφήσομαι
718 2370 961 2438 αὐτοὺς,
990 2372 1196 2428 ἕνεκεν
1230 2377 1339 2430 τοῦ
1372 2376 1730 2444 καταδιῶεαι

126 2455 369 2522 αὐτοὺς
396 2458 469 2510 ἐν
488 2460 757 2529 ῥομφαίᾳ
781 2464 891 2517 τὸν
914 2463 1182 2533 ἀδελφὸν
1223 2466 1442 2522 αὐτῶν.

199 2549 280 2600 Ζ’.
326 2548 586 2603 Μέτεισιν
607 2552 637 2604 ὀ
662 2551 819 2622 λόγος
848 2554 935 2607 ἐπ’
969 2555 1131 2609 αὑτὸν
1156 2556 1258 2629 ἤδη
1291 2557 1383 2612 τὸν
1410 2558 1728 2631 Ἰδουμαῖον,

122 2634 294 2705 δῆλον
326 2637 386 2690 δὲ
417 2638 501 2692 ὅτι
530 2640 659 2704 τοὺς
690 2641 749 2709 ἐξ
782 2642 978 2698 Ἠσαῦ.
1022 2644 1524 2720 ’Υπενεχθήσεσθαι
1556 2650 1613 2705 δὲ
1634 2652 1731 2704 καὶ

124 2729 341 2794 αὐτοὺς
388 2734 501 2796 τοῖς
530 2732 590 2798 ὲξ
615 2734 787 2805 ὀργῆς
839 2737 1232 2809 συμϐαίνουσιν
1284 2736 1343 2796 εὖ
1390 2741 1535 2813 μάλα
1572 2744 1726 2815 φησί.

124 2822 566 2896 Πεπολεμήκασί
622 2826 731 2898 γὰρ
771 2827 1001 2898 ἀδελφὸν
1044 2830 1175 2886 ὄντα
1215 2830 1309 2887 τὸν
1346 2832 1581 2906 Ἰσραὴλ,
1634 2837 1730 2891 καὶ

124 2914 245 2977 τοῖς
282 2915 462 2982 ἐγγὺς
514 2917 611 2971 καὶ
649 2918 708 2983 ἐξ
737 2918 971 2991 αἵματος
1017 2921 1079 2975 τὺ
1115 2922 1291 2995 θρασὺ
1326 2924 1420 2979 καὶ
1455 2926 1730 3000 ἀνήμερον

122 3005 188 3057 οὐ
214 3006 548 3062 κατέδεισαν
582 3010 934 3068 ὲπανατεῖναι
964 3013 1141 3083 ξίφος,
1187 3015 1248 3069 ού
1298 3016 1466 3088 νόμου
1512 3018 1728 3089 φύσεως

124 3100 584 3169 πεφροντικότες,
642 3102 704 3156 οὐ
767 3106 1194 3179 πεφροντικότες
1243 3124 1298 3162 τι
1355 3109 1466 3166 τῶν
1513 3111 1727 3185 ἀνθρω-

123 3190 330 3255 πίνων,
376 3191 517 3246 ἀλλά
563 3194 690 3258 τοὺς
724 3194 828 3260 ἔξω
888 3197 984 3250 καὶ
1018 3197 1459 3270 πολεμιωτάτους
1495 3206 1616 3267 ταῖς
1647 3206 1726 3269 είς

122 3281 398 3351 ἀδελφοὺς
432 3285 773 3363 δυσμενείαις
801 3290 959 3361 νικᾷν
985 3290 1299 3362 εἰθισμένοι,
1342 3293 1439 3346 καὶ
1463 3311 1730 3367 πεφρονη-

121 3374 288 3439 κότες
326 3393 433 3429 που
461 3377 603 3449 τάχα
632 3379 725 3433 καὶ
746 3381 839 3433 ἐπὶ
876 3381 1051 3452 τούτῳ
1078 3383 1241 3453 μέγα.
1274 3383 1484 3439 Οὐκοῦν
1510 3387 1729 3441 ἀκουόν-

121 3481 234 3518 των
268 3467 370 3519 καὶ
394 3469 534 3539 πρὸς
563 3471 740 3541 ήμῶν·
780 3489 798 3522 ι
824 3471 890 3525 Τί
932 3475 1182 3546 ὲγκαυχᾷ
1206 3475 1265 3528 ὲν
1290 3477 1461 3549 κακίᾳ
1488 3478 1518 3531 ό
1560 3478 1722 3532 δυνα-

1835 2284 2184 2353 impietatibus
2220 2285 2495 2351 Idumaeas.
2534 2300 2583 2345 et
2617 2307 2773 2361 super
2805 2303 3034 2365 quatuor
3070 2312 3173 2351 non
3202 2314 3418 2354 conver-

1835 2387 1943 2429 tam
1973 2394 2081 2443 eos,
2140 2396 2199 2435 eo
2247 2381 2387 2452 quod
2432 2385 2687 2452 persecuti
2741 2388 2947 2440 suntin
2979 2387 3158 2456 gladio
3201 2390 3419 2459 fratrem

1830 2485 2006 2522 8111"".

1906 2558 2013 2615 Vll.
2049 2559 2203 2617 Nunc
2241 2578 2420 2618 sermo
2447 2567 2512 2621 ad
2542 2565 2710 2636 ipsam
2747 2567 3032 2625 ldumaaam
3075 2574 3305 2647 transit,
3332 2574 3416 2629 ni-

1831 2651 2030 2707 mirum
2074 2655 2140 2708 ad
2167 2654 2306 2709 Esau
2335 2666 2600 2726 posteros.
2643 2659 2750 2715 Eos
2782 2676 2997 2732 quoque
3022 2654 3303 2734 suppliciis
3340 2680 3412 2722 ex

1830 2742 1910 2797 ira
1936 2742 2117 2799 divina
2166 2744 2471 2817 infligendis
2521 2748 2823 2818 subjectum
2851 2751 2917 2807 iri
2943 2752 3220 2823 praedicat.
3279 2754 3416 2810 Fra-

1838 2844 1949 2889 tres
1979 2835 2122 2890 enim
2152 2852 2281 2893 suos
2317 2839 2587 2895 lsraelitas
2613 2854 3014 2912 oppugnarunt,
3052 2845 3403 2915 pr0pinquis--

1828 2940 1935 2994 que
1986 2936 2041 2981 et
2100 2930 2361 2999 sanguine
2418 2930 2724 2999 conjunctis
2777 2933 3015 3005 gladium
3050 2939 3308 2994 audacem
3358 2948 3414 2995 et

1830 3016 2101 3072 crudelem
2154 3019 2428 3076 intentare
2464 3037 2567 3078 non
2626 3022 3068 3091 reformidarunt.
3104 3030 3269 3102 260
3303 3046 3409 3089 non

1830 3119 2035 3164 natura:
2087 3109 2279 3180 legem,
2310 3128 2416 3167 non
2452 3113 2576 3184 jura
2631 3116 2983 3175 humanitatis
3030 3124 3265 3187 reveriti,
3315 3124 3411 3178 sed

1828 3209 2047 3255 exteros
2060 3212 2112 3256 et
2132 3202 2526 3261 infensissimos
2542 3207 2681 3263 odiis
2707 3209 2921 3265 vincere
2942 3211 3107 3278 soliti,
3133 3223 3188 3267 et
3217 3216 3286 3269 ob
3308 3214 3410 3271 hoc

1830 3289 1996 3344 etiam
2034 3292 2214 3346 forsan
2250 3296 2472 3364 Spiritus
2490 3313 2715 3369 magnos
2742 3313 3012 3371 gerentes.
3045 3304 3281 3359 Audiant
3312 3306 3410 3377 igi-

1829 3390 1917 3435 tur
1948 3396 1978 3436 a
1999 3384 2187 3438 nobis:
2212 3404 2229 3436 ι
2271 3385 2408 3453 Quid
2438 3390 2701 3457 gloriaris,
2736 3401 2927 3461 potens
2972 3395 3023 3449 in
3056 3396 3356 3454 malitia“?
3383 3417 3404 3452 ι

1825 3472 1903 3523 Ac
1939 3472 2006 3525 de
2056 3472 2123 3526 iis
2171 3476 2449 3541 aptissime
2510 3478 2801 3534 dicaturzc
2838 3481 3077 3548 Quorum
3137 3483 3304 3554 gloria
3352 3486 3405 3540 in

120 3558 247 3624 τός;
278 3578 299 3610 ›
358 3561 470 3613 Καὶ
495 3562 625 3633 περὶ
657 3562 838 3617 αὐτῶν
875 3564 943 3619 ἂν
972 3565 1204 3635 λέγοιτο,
1244 3567 1341 3622 καὶ
1388 3568 1535 3641 μάλα
1580 3571 1716 3623 είκό-

1836 3562 2135 3619 :out'usioue
2163 3565 2399 3633 ipsorum
2427 3567 2528 3621 “.i
2560 3568 2691 3636 Quae
2713 3571 2855 3625 enim
2898 3574 3245 3640 praestitisset
3269 3577 3409 3632 velle

122 3661 257 3714 τως⁴
298 3670 318 3704 ι
348 3645 507 3724 Ὦνὴ
535 3652 663 3719 δόξα
687 3654 746 3707 ὲν
779 3657 845 3728 τῇ
871 3657 1102 3730 αἰσχύνῃ
1131 3656 1331 3715 αὐτῶν.
1358 3677 1379 3711 ι
1426 3661 1495 3714 Ἀ
1516 3660 1623 3732 γὰρ
1651 3656 1720 3732 ἦν

123 3745 360 3814 ἄμεινον
408 3747 482 3811 ὡ,
538 3748 797 3804 ἀποτάτω
857 3750 1133 3805 ποιεῖσθαι
1198 3751 1396 3821 φιλεῖν,
1446 3753 1605 3807 ταυτὶ
1655 3753 1719 3825 δὴ

129 3837 396 3910 παγκάλῃ
424 3839 695 3910 τιμῶντες
720 3840 910 3913 ψήφῳ,
941 3842 1105 3896 πάλιν
1136 3842 1485 3899 ἀκούσονται*
1536 3862 1555 3897 ι
1586 3845 1721 3899 Οὐαὶ

123 3929 175 3980 οἱ
203 3927 463 3996 λέγοντες
479 3931 540 3998 τὸ
570 3934 807 4004 πονηρὸν
842 3935 1024 4002 καλὸν,
1055 3954 1073 3989 ι
1106 3936 1199 3991 καὶ
1222 3937 1367 4008 ἑξῆς.

195 4021 314 4073 Καὶ
348 4021 692 4090 ἐλυμήνατο
714 4025 954 4094 μήτραν
976 4025 1075 4080 ἐπὶ
1099 4027 1211 4096 τῆς
1246 4025 1380 4097 γῆς.

197 4111 288 4164 H’.
356 4112 778 4185 Ἀπαριθμεῖται
837 4118 1130 4189 χρησίμως
1188 4116 1258 4171 τά
1293 4117 1403 4172 τῶν
1453 4118 1720 4173 Ἰουδαίων

128 4203 305 4275 έγκλή
315 4221 483 4274 ματα,
510 4206 605 4258 καὶ
625 4206 711 4259 ἐπ’
740 4207 902 4261 αὐτὸν
924 4208 1107 4280 ἀνίησι
1129 4207 1427 4274 τδνἭσαῦ,
1444 4208 1720 4278 δυσγενεῖς

124 4296 297 4360 δντας
347 4297 443 4351 καὶ
467 4295 529 4363 ἐξ
554 4298 769 4352 ἀνοσίου
804 4298 1007 4368 φύντας
1038 4301 1243 4373 πατρὸς
1281 4301 1620 4370 ἀποφαίνων,
1654 4302 1718 4354 ἵν’

123 4387 309 4443 ἐκεῖνό
336 4406 439 4442 που
469 4390 614 4460 τάχα
645 4391 879 4463 νοῶμεν,
909 4392 970 4446 τὸ
993 4391 1081 4446 διὰ
1112 4392 1297 4464 φωνῆς
1325 4393 1549 4448 Ἡσαΐου
1582 4395 1719 4447 πλα-

124 4480 265 4550 γίως
322 4481 777 4554 ιῖδποδηλούμενον⁹
833 4502 853 4535 ι
892 4483 989 4538 Ἐκ
1028 4484 1139 4556 γὰρ
1179 4485 1495 4556 σπέρματος
1541 4485 1719 4554 ὄφεων

126 4573 510 4641 ἐξελεύσονται
539 4575 756 4645 ἔγγονοι
794 4576 1064 4631 ἀσπίδων.
1096 4596 1115 4629 ι
1168 4576 1487 4649 Ἀφηγεῖται
1512 4578 1577 4649 δὴ
1601 4575 1715 4645 οῦν,

124 4665 207 4718 ὅτι
249 4666 353 4719 καὶ
389 4666 417 4718 ὀ
460 4666 763 4739 προπάτωρ
793 4667 976 4731 αὐτοῖς
997 4666 1238 4736 γεγονὼς
1287 4668 1459 4721 Ἦσαῦ
1507 4671 1619 4732 τοῖς
1651 4672 1717 4723 ὲκ

127 4757 352 4828 μήτρας
400 4757 495 4809 καὶ
527 4758 797 4827 γενέσεως
839 4757 1065 4827 ἀγαθοῖς
1114 4759 1538 4830 προσγεγονόσιν
1566 4759 1716 4830 αὐτῷ

125 4850 418 4919 μονονουχὶ
445 4851 537 4902 καὶ
564 4849 944 4922 διελυμήνατο,
983 4851 1080 4904 καὶ
1118 4851 1448 4924 κατέρριψεν
1491 4853 1571 4915 εἰς
1608 4852 1714 4921 γῆν

1830 3665 2030 3710 remota
2058 3672 2216 3726 quam
2248 3658 2578 3730 longissime,
2606 3661 2719 3718 inec
2734 3663 3124 3721 honestissimo
3148 3667 3407 3739 suffragio

1828 3745 2172 3815 honorantes,
2204 3749 2382 3805 denuo
2409 3754 2662 3807 audient:
2692 3773 2711 3806 ι
2744 3753 2837 3812 Vae
2865 3756 2957 3827 qui
2993 3758 3171 3815 dicitis
3204 3760 3404 3816 malum

1826 3836 2025 3894 bonum
2056 3839 2125 3905 ",
2154 3857 2172 3891 ι
2215 3849 2271 3895 et
2299 3841 2506 3914 reliqua
2531 3843 2783 3915 deinceps

1899 4013 1966 4069 Et
2004 4017 2211 4072 violavit
2245 4019 2446 4074 vulvam
2473 4022 2527 4076 in
2562 4031 2723 4078 terra.

1902 4105 2030 4164 Vltl.
2075 4108 2294 4166 Utiliter
2317 4109 2623 4169 Judteorum
2669 4118 2876 4173 scelera
2927 4130 3190 4189 recenset,
3232 4139 3405 4197 eaque

1829 4199 1897 4254 ad
1936 4200 2110 4271 ipsum
2148 4199 2289 4257 Esau
2324 4203 2511 4272 refert,
2538 4210 2897 4276 pronuntians
2939 4212 3222 4284 ignobiles,
3253 4227 3307 4273 et
3334 4234 3401 4274 ex

1826 4300 1982 4361 patre
2011 4291 2177 4362 impio
2204 4299 2542 4365 progenitos,
2575 4310 2636 4353 ut
2663 4300 2794 4356 illud
2822 4301 2963 4358 forte
3013 4306 3398 4379 intelligamus,

1825 4384 1968 4453 quod
2000 4398 2097 4454 per
2126 4386 2277 4441 Isaia:
2306 4400 2490 4444 vocem
2512 4390 2815 4447 insinuatur
2838 4411 2854 4447 :
2874 4411 2894 4446 ι
2925 4393 3002 4448 Ex
3028 4398 3235 4452 semine
3256 4401 3401 4453 enim

1824 4485 2139 4546 serpentum
2199 4478 2428 4534 exsistet
2485 4482 2768 4551 progenies
2852 4486 3155 4554 aspidum.»
3199 4488 3401 4544 Narrat

1826 4567 2012 4636 igitur,
2029 4568 2191 4623 etiam
2224 4569 2457 4639 primum
2483 4582 2760 4641 parentem
2783 4582 3130 4631 etauctorem
3159 4578 3399 4649 ipsorum

1824 4659 1965 4715 bona
1998 4660 2068 4716 ab
2098 4669 2253 4715 utero
2292 4671 2540 4718 materno
2567 4672 2623 4719 et
2645 4665 2761 4735 ipso
2790 4677 2912 4722 ortu
2940 4667 3043 4722 sibi
3065 4681 3257 4739 agnata
3285 4684 3401 4727 tau-

1826 4760 1936 4806 tum
1972 4767 2080 4806 non
2105 4754 2437 4825 corrupisse,
2466 4765 2522 4811 et
2553 4754 2607 4809 in
2646 4766 2845 4811 terram
2887 4761 3182 4829 proiecisse
3225 4764 3400 4834 digni-

1827 4850 1990 4897 tatem
2031 4844 2486 4914 primogenitum,
2515 4846 2723 4902 minimi
2751 4862 2863 4902 rem
2918 4850 3227 4917 facientem,
3277 4872 3405 4925 pro-

121 4940 184 4993 τὸ
212 4941 281 4993 ὲκ
313 4940 422 4992 τῶν
458 4942 820 5013 πρωτοτόκων
870 4942 1090 5013 ἀξίωμα
1113 4980 1130 5005 .
1177 4942 1378 5015 μικροῦ
1434 4942 1711 5007 παντελῶς

1836 4940 1942 4997 iter
1991 4946 2309 5002 corpoream
2360 4935 2711 5006 voluptatem.
2750 4936 3000 4993 Eduliutn
3052 4943 3196 4996 enim
3244 4944 3403 5001 lentis

132 5030 372 5096 ίιξιώσας
404 5031 463 5084 τὸ
500 5032 690 5103 χρῆμα
724 5032 883 5101 λόγου
908 5037 1121 5105 τρυφῆς
1144 5032 1309 5088 ἕνεκα
1350 5033 1673 5105 σωματικῆς
1693 5049 1707 5063 °

135 5120 322 5191 ἰψημα
354 5121 464 5192 γάρ
494 5120 675 5193 ἐζήτει
704 5121 904 5192 φακοῦ,
950 5123 1047 5177 καὶ
1076 5123 1259 5177 λαϐὼν
1306 5123 1479 5177 ἐδίδου
1518 5124 1578 5177 τὸ
1613 5123 1713 5193 τῆς

1814 5023 2096 5093 quaesivit:
2144 5039 2253 5095 quo
2304 5035 2567 5095 accepto,
2613 5029 2760 5084 dedit
2819 5031 3118 5090 nativitatis
3176 5036 3400 5090 donum.

1823 5133 1843 5167 ι
1891 5113 2122 5186 Propter
2188 5115 2312 5185 hoc,
2365 5118 2559 5190 inquit,
2616 5132 2868 5177 vocatum
2925 5133 3011 5179 est
3055 5139 3251 5181 nomen
3284 5126 3403 5196 ejus

136 5212 348 5279 ρύσεως
393 5213 584 5285 δῶρον.
642 5234 661 5267 ι
685 5215 891 5270 Ἕνεκα
916 5215 1129 5279 τούτου,
1165 5218 1352 5288 φησὶν,
1380 5215 1585 5287 ἐκλήθη
1641 5216 1701 5269 τὸ

1836 5210 1987 5265 Edam
2006 5211 2073 5266 “.
2100 5230 2120 5264 ι
2152 5209 2307 5268 Unde
2336 5214 2573 5270 arbitror
2598 5225 2654 5271 et
2678 5215 2942 5272 Idumaeos
2970 5226 3156 5286 postea
3190 5233 3258 5272 ex
3287 5218 3402 5288 ipso

136 5310 303 5377 ινομα
347 5306 513 5360 αὑτοῦ
562 5307 815 5379 Ἐδὼμο»
870 5308 1015 5375 ὅθεν,
1064 5304 1241 5381 οἶμαι,
1277 5310 1371 5363 καὶ
1424 5309 1714 5379 Ἰδουμαῖοι

1836 5302 2146 5360 tominatos.
2176 5304 2431 5370 Violavit,
2461 5305 2656 5377 inquit,
2674 5307 3010 5379 dignitatem,
3035 5322 3195 5378 quam
3220 5323 3251 5363 e
3276 5324 3403 5377 par-

136 5400 427 5472 ιέκληνται
472 5401 659 5456 λοιπὸν
714 5402 766 5455 οἱ
819 5402 877 5469 ἐξ
924 5402 1089 5456 αὑτοῦ
1142 5402 1448 5472 γεγονότες.
1504 5401 1714 5456 Οὐκοῦν

1836 5405 1875 5441 ,ιι
1894 5398 1950 5443 et
1978 5399 2160 5447 ventre
2190 5401 2435 5448 materno
2458 5406 2783 5453 consecutus
2803 5405 2943 5463 erat,
2960 5397 3012 5452 iu
3037 5405 3204 5463 terra,
3223 5411 3321 5466 pro
3341 5411 3401 5452 re

129 5493 186 5546 τὸ
223 5494 293 5546 ὲκ
334 5493 429 5545 τοῦ
472 5493 632 5548 τόκου
704 5494 801 5548 καὶ
859 5496 1073 5567 μήτρας
1120 5493 1341 5567 ἀξίωμα
1402 5493 1711 5564 κατελυμή-

128 5601 257 5639 suto
309 5586 494 5655 φησιν,
525 5586 604 5650 είς
658 5585 785 5657 γῆν,
819 5586 941 5640 ἀντὶ
983 5586 1099 5651 τοῦ,
1146 5586 1338 5657 γηῖνου
1387 5585 1712 5657 πράγματος

121 5676 419 5749 ἠλλάξατο.
1110 5694 1113 5703 ‘

1822 5492 2035 5538 terrena
2062 5486 2440 5541 commutavit.

189 5860 239 5894 ⁸³
270 5856 411 5914 Gen.
439 5872 557 5926 xm,
598 5857 650 5913 8.
727 5859 772 5891 ’³
803 5856 943 5914 Psal.
987 5873 1064 5916 ιι.
1104 5856 1158 5910 5.
1235 5854 1280 5887 ’⁸
1314 5853 1544 5927 Philipp.
1585 5870 1666 5923 ιιι,
1709 5854 1730 5909 l

1874 5854 1918 5889 ³³
1955 5851 2057 5909 lsa.
2095 5866 2147 5920 ν,
2188 5851 2279 5909 20.
2358 5853 2402 5885 ’θ
2437 5851 2573 5910 Gen.
2615 5867 2741 5923 xxv,
2784 5854 2874 5912 δι).
