4068 6584
629 422 727 476 ιδι

700 531 873 590 Simili
939 529 1145 586 scelere
1201 528 1445 587 obstricti
1502 539 1789 597 tenentur,
1826 531 1916 600 qui
1964 531 2209 584 carnales
2237 536 2283 594 Α

628 622 1015 679 oblectationes
1052 621 1421 691 spiritualibus
1456 630 1815 690 anteponunt,
1859 630 2206 689 temporanea

630 731 737 787 prae
767 714 985 770 aeternis
1012 713 1239 783 eligunt,
1278 721 1332 768 et
1351 710 1492 766 ﬂuxa
1524 729 1621 783 pro
1647 713 1954 773 stabiiibus.
1986 712 2053 767 Et
2098 711 2208 782 glo-

631 808 761 863 riam
828 820 948 876 qute
977 821 1007 859 a
1045 803 1153 860 Deo
1187 813 1271 858 est
1304 814 1734 871 contemnentes,
1765 820 1884 874 quae
1919 804 2059 873 apud
2112 805 2208 858 bo-

630 899 799 953 mines
833 897 1007 966 magni
1044 896 1199 963 fiunt,
1248 894 1693 964 insipientissitne
1748 893 2059 964 praeferunt,
2088 909 2206 962 qure

629 1002 686 1046 ιιι
723 993 926 1045 umbra:
953 988 1213 1044 habentes
1255 997 1605 1059 praetereunt.
1631 988 1777 1044 Bene
1820 989 2113 1049 admodum
2151 998 2206 1041 et

627 1080 839 1136 divinus
870 1079 1103 1133 Paulus:
1131 1095 1151 1130 ι
1189 1076 1267 1131 Ne
1313 1077 1437 1146 quis
1469 1077 1764 1132 fornicator
1794 1086 1882 1131 aut
1928 1076 2203 1146 profanus,

628 1172 821 1241 inquit,
856 1179 911 1224 ut
939 1171 1103 1237 Esau,
1132 1170 1221 1239 qui
1252 1183 1349 1238 pro
1380 1184 1485 1225 una
1502 1184 1628 1226 esea
1655 1169 1898 1225 vendidit
1927 1170 2201 1239 primoge-

626 1265 735 1321 nita
767 1279 863 1321 sua
893 1264 993 1318 ³⁷.»

692 1445 763 1500 Et
815 1445 990 1513 rapuit
1023 1444 1078 1498 t'n
1108 1442 1460 1498 testimonium
1500 1443 1771 1496 horrorem
1809 1456 1987 1494 suum.

692 1535 784 1592 IX.
816 1534 1052 1591 Alterius
1075 1535 1250 1590 adhuc
1275 1534 1402 1589 facti
1432 1531 1700 1596 meminit,
1721 1529 2040 1586 insimulaus
2068 1544 2202 1600 qua-

624 1632 668 1687 si
706 1629 1017 1693 ldumteum,
1049 1636 1110 1684 ut
1149 1626 1240 1697 qui
1274 1640 1489 1696 semper
1532 1623 1694 1679 fuerit
1730 1622 1958 1678 stolidus
1993 1630 2048 1676 et
2096 1622 2199 1676 im-

621 1720 846 1793 probus,
885 1727 940 1773 et
972 1716 1390 1787 consanguineis
1413 1715 1575 1771 etiam
1628 1724 1789 1785 atque
1820 1713 1982 1769 etiam
2029 1712 2200 1768 male-

622 1814 771 1872 volus
811 1823 972 1884 atque
1001 1812 1417 1867 infestissimus.
1455 1810 1644 1864 Exstat
1673 1809 1835 1879 igitur
1863 1808 1916 1863 in
1950 1806 2201 1862 Numeris

1646 416 1715 472 's.
1759 378 2039 471 CYRILLI
2081 411 2553 469 ALEXANDRINI
2593 384 2915 470 ARCIIIEP.

3806 413 3908 473 632

2395 527 2730 597 Ἐνσχεθεῖεν
2778 527 2823 582 δ’
2864 529 2930 582 ἂν
2962 527 3074 591 τοῖς
3119 527 3255 593 ίσοις
3299 526 3640 600 ἐγκλήμασιν
3682 531 3737 582 οἱ
3798 527 3908 581 ’.τῶν

2306 620 2588 690 σαρκικῶν
2619 619 2718 691 τὴν
2743 620 3044 676 ἀπόλαυσιν
3065 621 3462 694 προτάττοντες
3496 623 3604 676 τῶν
3651 640 3903 693 πνευμασ

2305 712 2493 772 τικῶν,
2514 714 2611 777 καὶ
2633 713 2893 784 ἀνθαιρού
2902 728 3057 783 μενοι
3071 715 3183 769 τῶν
3203 716 3441 770 αἰωνίων
3466 716 3534 770 τά
3556 717 3903 789 πρόσκαιρα,

2306 805 2402 859 καὶ
2428 805 2538 858 τῶν
2571 807 2647 877 μὴ
2688 806 3069 878 σαλευομένων
3099 810 3167 862 τά
3197 810 3555 880 σαλευόμενα.
3583 812 3694 863 Καὶ
3724 826 3903 863 κατα-

2306 899 2629 970 φρονοῦντες
2662 899 2758 969 μέν
2787 898 2947 968 δόξης
2966 898 3068 969 τῆς
3097 899 3249 970 παρὰ
3274 900 3434 963 Θεοῦ,
3468 900 3820 954 ἀϐουλότατά
3845 916 3900 953 τε

2306 990 2774 1061 προ-τετιμηκότες
2806 990 2874 1043 τά
2912 991 2970 1042 ἐν
3007 990 3317 1061 ἀνθρώποις
3351 992 3595 1062 λαμπρὰ,
3636 991 3675 1045 ἃ
3707 992 3818 1046 καὶ
3846 991 3901 1042 ἐν

2308 1081 2407 1150 ῑσῳ
2443 1082 2622 1143 σκιαῖς
2649 1078 2987 1151 παρελαύνει
3024 1080 3154 1143 τοὺς
3196 1080 3445 1150 ἔχοντας.
3491 1080 3805 1152 Χρησίμως
3847 1080 3900 1131 δὲ

2304 1172 2423 1224 λίαν
2452 1172 2548 1224 καὶ
2575 1172 2603 1223 6
2638 1170 2928 1234 θεσπέσιος
2957 1170 3196 1235 Παῦλος,
3234 1190 3255 1222 ι
3280 1174 3371 1241 Μή
3406 1189 3491 1235 τις
3530 1171 3753 1243 πόρνος,
3793 1188 3900 1241 (ἕπτ’

2306 1261 2468 1332 σὶν,ἧ
2502 1261 2728 1333 βέϐηλος
2756 1260 3038 1325 ὼςἯσαῦ,
3064 1262 3123 1325 ὃς
3165 1262 3287 1315 ἀντὶ
3334 1261 3585 1334 βρώσεως
3619 1265 3755 1333 μιᾶς
3794 1264 3901 1317 άπ-

2303 1355 2452 1407 ἐδοτο
2482 1355 2550 1408 τά
2572 1354 2893 1425 πρωτότοκα
2924 1352 3110 1407 αὐτοῦ.

2358 1446 2489 1500 ίΚαὶ
2526 1446 2807 1515 ἥρπασεν
2839 1446 3288 1515 εις-μαρτύριον
3324 1448 3546 1517 φρίκην
3564 1448 3787 1504 αὑτοῦ.

2373 1540 2451 1595 8’.
2497 1539 2724 1611 Ἐτέρας
2753 1538 2920 1593 πάλιν
2949 1538 3320 1611 διαμέμνηται
3348 1540 3624 1613 πράξεως,
3672 1542 3895 1595 διαϐάλσ

2304 1632 2417 1685 λων
2444 1625 2557 1685 οἷον
2598 1631 2690 1684 τὸν
2730 1631 3048 1701 Ἰδουμαίον,
3068 1630 3147 1696 ὡς
3187 1632 3276 1686 ἀεὶ
3312 1632 3574 1701 γεγονότα
3608 1635 3807 1687 σκαιόν
3839 1651 3895 1687 τε

2300 1720 2397 1774 καὶ
2437 1720 2695 1791 πονηρὸν,
2719 1721 2815 1774 καὶ
2848 1722 2960 1785 τοῖς
2990 1721 3051 1785 ἐξ
3083 1721 3317 1791 αἵματος
3359 1723 3443 1775 ὅτι
3486 1721 3727 1792 μάλιστα
3766 1723 3897 1775 δυσ.

2306 1812 2439 1883 μενῆ
2499 1812 2596 1865 καὶ
2636 1810 3062 1883 πολεμιώτατον.
3107 1812 3422 1885 Γέγραπται
3459 1814 3640 1867 τοίνυν
3682 1815 3740 1866 ἐν
3784 1817 3896 1878 toi;

619 1907 773 1963 sicu
812 1906 885 1962 Et
928 1905 1076 1960 misit
1106 1904 1317 1975 Moyses
1354 1902 1570 1958 nuntios
1590 1916 1657 1956 ex
1688 1901 1864 1957 Gades
1906 1899 1974 1954 ad
2018 1913 2197 1969 regem

2316 1902 2617 1975 Ἀριθμοῖςο
2631 1922 2650 1956 ι
2663 1905 2772 1958 Ka‘t
2796 1904 3082 1958 ἀπέστειλε
3108 1905 3314 1977 Μωσῆς
3347 1906 3611 1975 ἀγγέλους
3625 1907 3697 1959 ἐκ
3709 1906 3896 1975 Κάδηας

617 1996 811 2063 Edom,
854 1996 1067 2051 dicens:
1091 1994 1214 2048 Haec
1242 1993 1401 2069 261
1438 1993 1571 2048 dicit
1598 1990 1773 2049 frater
1813 2002 1936 2047 tuus
1979 1991 2191 2047 Israel:

617 2088 697 2144 Tu
737 2088 845 2143 scis
872 2100 1083 2141 omnem
1124 2084 1360 2139 laborem
1388 2085 1479 2152 qui
1509 2084 1714 2138 invenit
1738 2098 1856 2141 nos.
1884 2082 1952 2138 Et
1973 2084 2198 2138 descen-

615 2182 810 2234 derunt
834 2187 1015 2247 patres
1048 2175 1218 2230 nostri
1249 2175 1300 2229 in
1327 2174 1644 2245 Atlgyptum,
1663 2190 1725 2230 et
1751 2174 2114 2230 habitavimus
2142 2173 2194 2228 in

612 2269 847 2341 Egypto
884 2270 999 2323 dies
1045 2266 1247 2336 plures,
1275 2275 1331 2321 et
1360 2265 1665 2321 atilixerunt
1716 2280 1815 2320 nos
1861 2263 2103 2336 Egyptii
2142 2274 2197 2320 et

611 2372 795 2432 patres
818 2370 1054 2425 nostros,
1086 2367 1142 2414 et
1165 2358 1519 2413 clamavimus
1548 2361 1614 2411 ad
1650 2358 1955 2422 Dominum,
1981 2366 2035 2411 et
2061 2357 2195 2411 edu-

612 2454 692 2508 xit
721 2466 839 2519 nos,
857 2459 912 2505 et
936 2464 1078 2504 nunc
1105 2450 1499 2518 praeteribimus
1524 2464 1620 2520 per
1653 2457 1849 2503 terrain
1876 2458 2044 2502 tuam.
2076 2447 2195 2502 Non

614 2545 967 2603 transibimus
991 2556 1087 2613 per
1136 2557 1317 2613 agros,
1351 2555 1528 2610 neque
1549 2555 1644 2610 per
1667 2540 1877 2605 vineas,
1907 2553 2081 2608 neque
2111 2539 2196 2593 bi-

610 2636 802 2691 liemus
843 2649 1039 2704 aquam
1071 2647 1102 2688 e
1131 2633 1250 2688 lacu
1309 2641 1423 2687 tuo.
1462 2631 1529 2686 Et
1558 2631 1691 2686 dixit
1727 2632 1792 2685 ad
1826 2646 1949 2684 eum
1984 2630 2148 2685 Edom
2177 2648 2192 2685 :

611 2724 730 2783 Non
782 2722 1035 2779 transibis
1069 2736 1166 2792 per
1211 2736 1317 2788 me,
1370 2720 1571 2790 alioqui
1614 2729 1854 2774 armatus
1912 2733 2193 2774 occurram

612 2812 734 2869 tibi.
762 2812 829 2867 Et
850 2813 982 2869 exiit
1015 2813 1068 2866 in
1101 2811 1259 2871 turba
1283 2810 1457 2878 gravi.
1495 2808 1563 2863 Et
1594 2808 1886 2863 declinavit
1918 2807 2084 2862 Israel
2122 2809 2190 2864 ab

608 2919 678 2962 eo
711 2904 812 2959 ³⁸.»
843 2903 1079 2959 Rursum
1115 2904 1199 2959 bis
1228 2902 1408 2959 verbis
1432 2915 1684 2971 expressa
1718 2902 1928 2956 intuere
1966 2902 2193 2965 atrocia,

607 3006 666 3054 et
690 3010 852 3068 supra
868 3010 1028 3067 quam
1054 2995 1156 3051 dici
1184 3004 1357 3066 poteSt
1389 2993 1794 3049 inbumanitatis
1825 2993 1979 3063 plena
2014 2992 2196 3048 crimi-

610 3105 700 3145 na.
744 3088 912 3145 lsrael
944 3103 1051 3144 non
1105 3087 1320 3159 petebat
1354 3102 1549 3157 aquam
1568 3086 1635 3142 ab
1668 3086 1834 3142 Edoni
1880 3086 2068 3158 gratis.
2096 3087 2196 3141 Ast

611 3180 724 3248 ille,
755 3180 930 3235 armis
952 3180 1207 3249 sumptis,
1233 3179 1403 3233 aciem
1454 3188 1639 3233 contra
1675 3192 1768 3233 eos
1814 3176 2108 3248 dirigebat,
2140 3190 2195 3232 et

2307 1994 2443 2067 πρὸς
2474 1995 2568 2049 τὸν
2600 1995 2827 2065 βασιλέα
2868 1995 3065 2067 Ἐδὼμ,
3096 1996 3290 2066 λέγων’
3326 1997 3465 2051 Τάδε
3496 1998 3647 2066 λέγει
3668 1999 3705 2051 6
3741 1999 3894 2052 ἀδελ-

2304 2086 2403 2154 φός
2446 2103 2540 2139 σου
2585 2086 2836 2159 Ἰσραήλ·
2872 2088 2944 2141 Σὺ
2984 2088 3181 2159 ἐπίστῃ
3224 2088 3320 2141 ἐπὶ
3358 2089 3538 2142 πάντα
3566 2090 3663 2142 τὸν
3695 2089 3893 2161 μόχθον

2303 2174 2393 2227 τὸν
2420 2175 2649 2246 εὑρόντα
2688 2178 2858 2248 ἡμᾶς.
2891 2177 3003 2231 Ka't
3027 2176 3338 2247 κατέϐησαν
3365 2179 3415 2230 οὶ
3450 2178 3693 2251 πατέρες
3739 2181 3894 2251 ἡμῶν

2304 2264 2385 2327 εἰς
2415 2264 2713 2333 Αἴγυπτον,
2743 2268 2838 2321 καὶ
2863 2268 3281 2339 παρῳκήσαμεν
3316 2268 3375 2321 ἐν
3394 2268 3659 2340 Αἰγύπτῳ
3680 2271 3893 2341 ἡμέρας

2303 2355 2540 2422 πλείους.
2574 2358 2684 2413 Ka‘t
2711 2361 3000 2415 ἐκάκωσαν
3032 2363 3180 2433 ἡμᾶς
3209 2362 3259 2415 οἱ
3283 2361 3574 2432 Αἰγύπτιοι
3621 2364 3723 2418 καὶ
3768 2366 3890 2426 τοὺς

2303 2449 2548 2520 πατέρας
2580 2450 2756 2522 ἡμῶν.
2794 2452 2902 2505 Καὶ
2932 2452 3310 2525 ἀνεὸοήσαμεν
3344 2453 3481 2525 πρὸς
3516 2453 3751 2523 Κύριον,
3800 2457 3890 2508 καὶ

2305 2539 2581 2611 ἐξήγαγεν
2608 2542 2774 2612 ἡμᾶς.
2812 2544 2923 2598 Καὶ
2942 2542 3037 2598 νῦν
3065 2544 3516 2616 παρελευσόμεθα
3540 2545 3630 2599 διὰ
3661 2546 3766 2616 τῆς
3791 2546 3890 2616 γῆς

2305 2650 2420 2686 σου.
2458 2635 2533 2687 Οὐ
2564 2635 2947 2707 διελευσόμεθα
2968 2636 3035 2691 δι’
3058 2636 3269 2708 ἀγρῶν,
3290 2636 3413 2691 οὐδὲ
3433 2638 3501 2691 δι’
3524 2627 3888 2707 ἀμπελώνων,

2301 2723 2423 2777 οὐδὲ
2453 2725 2695 2797 πιόμεθα
2722 2726 2866 2798 ὓδωρ
2901 2729 2964 2780 ἐκ
2998 2727 3201 2782 λάκκου
3246 2744 3363 2781 σου.
3410 2727 3521 2781 Καὶ
3550 2723 3716 2781 εἶπεν
3744 2729 3891 2798 αὐτῷ

2313 2816 2512 2887 Ἐδὼμ·
2545 2820 2618 2874 Οὐ
2664 2819 2911 2892 διελεύσῃ
2950 2821 3020 2875 δι’
3052 2819 3211 2894 ἐμοῦ,
3264 2821 3313 2875 εί
3349 2821 3407 2875 δέ
3430 2819 3536 2892 μὴ,
3578 2820 3636 2875 ἐν
3669 2821 3891 2891 πολέμῳ

2302 2908 2658 2982 ἐξελεύσομαι
2713 2912 2794 2976 είς
2845 2913 3169 2983 συνάντησίν
3229 2930 3345 2966 σου.
3406 2912 3517 2967 Καὶ
3563 2910 3794 2984 ἐξῆλθεν
3835 2915 3888 2966 ἐν

2290 2998 2445 3071 δχλῳ
2475 3000 2652 3073 βαρεῖ.
2719 3002 2779 3056 ’0
2834 3003 2892 3059 δὲ
2947 3003 3165 3075 Ἰσραὴλ
3192 3003 3463 3070 ἐξέκλινεν
3508 3003 3605 3057 ἀπ’
3644 3004 3838 3059 αὑτοῦ.
3865 3024 3883 3056 ι

2304 3090 2499 3164 Ἀθρει
2542 3092 2607 3165 δὴ
2654 3092 2819 3153 πάλιν
2876 3094 2935 3147 ἐν
2979 3096 3211 3162 τούτοις,
3380 3095 3527 3149 δεινά
3601 3098 3703 3150 καὶ
3746 3097 3891 3166 πέρα

2300 3182 2461 3253 λόγου
2506 3186 2708 3250 παντὸς
2748 3186 2819 3240 τά
2856 3186 2957 3258 τῆς
2990 3188 3415 3259 ἀφιλοστοργίας
3439 3190 3791 3262 ἐγκλήματα.
3830 3193 3888 3246 Ὁ

608 3274 784 3331 solum
820 3273 1106 3330 transitum
1148 3272 1401 3340 improbe
1430 3272 1722 3337 invidebat,
1761 3285 1933 3341 eoque
1985 3268 2196 3325 stolidi-

2302 3277 2401 3348 μὲν
2444 3273 2553 3350 γὰρ
2602 3279 2837 3352 Ἰσραὴλ,
2885 3283 2986 3334 οὐκ
3023 3281 3335 3353 ἀνάργυρον
3377 3282 3520 3354 ὓδωρ
3563 3284 3752 3356 ἐζήτει
3796 3285 3888 3339 τὸν

611 3366 737 3423 tatis
752 3380 1092 3436 progressum
1111 3364 1428 3433 apparebat,
1448 3373 1503 3417 ut
1531 3363 1633 3418 nisi
1659 3362 1980 3418 declinasset
2007 3359 2193 3427 Israel,

608 3472 712 3514 nec
749 3456 994 3526 sanguini
1025 3470 1223 3511 eorum
1252 3472 1513 3527 parsurus
1541 3455 1723 3510 fuerit.
1752 3474 1769 3506 ι
1810 3453 2006 3524 Rapuit
2034 3453 2198 3524 igitur

607 3548 664 3604 in
698 3547 1065 3603 testimonium
1121 3546 1401 3602 horrorem
1443 3562 1618 3601 suum.
1643 3564 1660 3597 I
1697 3544 1775 3599 Illi
1826 3545 1969 3599 enim
2009 3557 2197 3613 preca-

606 3640 808 3696 bantur
830 3648 888 3694 et
906 3636 1368 3693 contraitebantur
1393 3637 1590 3691 animis
1614 3635 1964 3690 formidantes
2007 3648 2196 3687 manus

608 3744 918 3796 conserere,
970 3744 1037 3784 ne
1088 3728 1408 3784 charitatem
1459 3728 1512 3781 iu
1568 3728 1764 3782 fratres
1804 3725 2197 3797 ﬂoccipendere

606 3822 942 3878 viderentur.
965 3822 1035 3874 At
1070 3820 1173 3875 iste
1202 3822 1626 3875 contractionem
1670 3819 1835 3884 illaut,
1877 3819 1991 3873 sive
2040 3818 2197 3887 hujus

608 3914 689 3971 rei
728 3909 1289 3984 formidinem(quam
1318 3912 1558 3967 horroris
1600 3910 1863 3966 vocabula
1903 3912 2194 3981 signiﬁcat)

610 4005 764 4060 durat
810 4005 963 4073 quasi
993 4004 1386 4059 testiﬁcationis
1428 4003 1479 4058 in
1511 4002 1631 4057 illos
1650 4006 1987 4057 occasionem
2019 4002 2193 4056 facie-

606 4096 724 4152 bat.
756 4093 990 4155 Minatus
1019 4104 1105 4153 est
1150 4097 1293 4150 enim
1346 4095 1604 4164 graviter,
1645 4094 1744 4149 nisi
1773 4092 1941 4150 Israel
1981 4093 2049 4147 ab
2078 4094 2195 4164 ejus

610 4185 810 4243 ﬁnibus
840 4189 1132 4254 recederet,
1172 4201 1230 4243 se
1261 4187 1428 4241 armis
1473 4187 1647 4257 ipsum
1691 4185 2062 4255 depulsurum.
2106 4184 2189 4239 Ab

610 4300 798 4342 amore
826 4286 990 4357 igitur
1013 4296 1199 4342 mutuo
1230 4286 1439 4341 alienus
1468 4285 1662 4352 Edom,
1687 4295 1743 4341 et
1768 4285 1875 4341 odii
1906 4286 1961 4341 itt
1993 4284 2193 4341 fratres

609 4394 870 4455 perquam
899 4397 1027 4438 reus
1043 4382 1164 4448 fuit,
1191 4382 1420 4450 ideoque
1461 4396 1568 4434 non
1598 4377 1930 4448 injuriaDeo
1962 4380 2191 4435 Invisus.

617 4492 638 4526 ι
666 4473 807 4530 Deus
849 4474 992 4529 enim
1039 4474 1418 4538 eharitasest,
1450 4490 1471 4525 ›
1490 4473 1646 4543 juxta
1681 4472 1903 4531 verbum
1944 4471 2190 4539 Joannis,

615 4583 636 4618 ι
663 4576 721 4621 et
751 4564 845 4636 qui
883 4574 1067 4621 manet
1106 4567 1159 4619 in
1198 4566 1487 4632 cbaritate,
1519 4565 1573 4621 in
1605 4564 1715 4620 Deo
1756 4573 1938 4619 manet
1960 4564 2060 4619 ⁸³.»
2088 4562 2189 4631 Qui

2311 3368 2514 3442 Ἐδώμ’
2550 3371 2581 3424 6
2630 3371 2689 3425 δέ
2720 3367 2789 3443 ἦν
2835 3374 2893 3427 ἐν
2939 3373 3145 3441 ὅπλοις,
3197 3374 3292 3429 καὶ
3348 3377 3744 3446 παρετάττετο,
3792 3379 3889 3432 καὶ

2302 3461 2470 3533 μόνης
2523 3463 2759 3534 παρόδου
2814 3463 3081 3533 διεφθόνει
3142 3466 3364 3533 κακῶς,
3440 3468 3539 3521 καὶ
3591 3470 3675 3532 είς
3731 3469 3890 3524 τοῦτο

2300 3552 2619 3624 σκαιότητος
2654 3553 2854 3619 ἐλάσας
2881 3555 3215 3627 διηλέγχετικ
3243 3557 3322 3622 ὡς
3352 3559 3401 3611 εί
3440 3558 3516 3629 μὴ
3562 3560 3888 3615 ἐκκέκλικεν

2297 3643 2326 3695 6
2361 3642 2598 3715 Ἰσραὴλ,
2622 3644 2733 3698 οὐδ’
2769 3645 2836 3700 ἂν
2861 3646 3047 3701 αὐτῶν
3071 3647 3322 3719 αίμάτων
3360 3649 3642 3718 ἐφείσατο.
3699 3669 3719 3703 ι
3752 3653 3887 3725 Ἥρ-

2298 3752 2438 3789 πασε
2467 3736 2646 3790 τοίνυν
2676 3738 2759 3801 είς
2791 3739 3098 3810 μαρτυρίαν
3129 3741 3333 3811 φρίκην
3372 3742 3560 3798 αὑτοῦ.
3596 3762 3616 3796 ι
3673 3747 3741 3797 οι
3789 3745 3885 3815 μὲν

2296 3825 2406 3897 γὰρ
2481 3827 2828 3901 παρῃτοῦντο
2887 3830 2985 3884 καὶ
3040 3831 3467 3899 ὑπεστέλλοντο,
3510 3833 3574 3887 τὸ
3628 3835 3886 3907 πολεμεῖν

2295 3916 2548 3983 δεδιότες,
2601 3919 2687 3972 ἵνα
2720 3919 2796 3990 μὴ
2840 3922 2941 3991 τῆς
2977 3923 3058 3988 είς
3100 3923 3366 3993 ἀδελφοὺς
3408 3924 3618 3978 δοκοῖεν
3665 3926 3884 3994 ἀλογεῖν

2295 4008 2536 4080 ἀγάπης.
2583 4010 2640 4063 '0
2679 4010 2738 4063 δέ
2780 4012 2880 4081 τὴν
2920 4012 3241 4086 ὑποστολὴν,
3282 4016 3403 4087 ἤτοι
3447 4015 3546 4086 τὴν
3595 4018 3680 4080 είς
3728 4018 3888 4070 τοῦτο

2293 4100 2516 4169 δειλίαν,
2555 4103 2622 4175 ἣν
2668 4104 2763 4157 καὶ
2793 4102 2868 4173 τῷ
2911 4103 3012 4175 τῆς
3056 4106 3259 4177 φρίκης
3302 4108 3523 4178 ὀνόματι
3566 4109 3887 4180 καταδηλοῖ.

2295 4193 2572 4264 πρόφασιν
2620 4193 2861 4247 ἐποιεῖτο
2929 4193 3172 4267 σκληρᾶς
3224 4197 3419 4270 ὥσπερ
3480 4199 3891 4270 διαμαρτυρίας

2294 4286 2499 4348 αὐτοῖς.
2546 4277 2837 4356 Ἠπείλησε
2870 4284 2977 4356 γὰρ
2997 4287 3267 4359 ἐναργῶς,
3301 4288 3376 4353 ὡς
3410 4290 3459 4341 εἰ
3499 4289 3574 4360 μὴ
3614 4289 3893 4359 βούλοιντο

2292 4375 2402 4430 τῶν
2435 4376 2583 4447 αύτῷ
2618 4375 3005 4447 προσηκόντων
3041 4378 3206 4448 όρίων
3247 4380 3573 4450 ἀποφοιτᾷν,
3605 4380 3891 4447 ἐξελεύσε-

2292 4487 2382 4524 ται
2422 4470 2540 4524 κατ’
2590 4470 2780 4525 αὑτοῦ.
2817 4471 3027 4525 Οὐκοῦν
3064 4472 3425 4543 ἀφιλάλληλος
3454 4474 3484 4526 6
3523 4472 3749 4544 Ἐδὼμ,
3799 4475 3894 4527 καὶ

2292 4565 2407 4626 τοῖς
2435 4563 2533 4633 τῆς
2562 4564 2922 4634 μισαδελφίας
2946 4564 3291 4637 ἐγκλήμασιν
3313 4566 3374 4619 οὐ
3408 4566 3652 4636 μετρίως
3678 4568 3891 4637 ἔνοχος.

607 4670 739 4731 ergo
765 4626 1049 4715 charitatis
1081 4673 1276 4729 expers
1318 4660 1486 4714 vitam
1537 4657 1735 4728 degere
1777 4655 2027 4720 instituit,
2081 4626 2186 4711 non

2299 4626 2574 4726 Ταύτῃτοι-
2594 4626 2820 4720 δικαίως
2845 4626 2940 4709 καὶ
2967 4626 3087 4727 θεῷ
3104 4626 3611 4729 κατεστυγημένος.
3630 4626 3668 4709 ν(
3692 4659 3757 4711 Ὀ

609 4749 664 4805 in
715 4751 827 4806 Deo
878 4750 1136 4816 conlidit,
1194 4750 1287 4805 sed
1333 4749 1512 4820 potius
1554 4757 1709 4803 extra
1748 4744 1843 4803 Dei
1890 4745 2187 4813 amicitiam

608 4846 743 4899 situs
774 4850 880 4900 est.

2292 4745 2425 4811 θεὸς
2455 4748 2645 4818 ἀγάπη
2674 4748 2812 4813 ἐστὶ,
2838 4767 2857 4800 ι
2902 4750 3044 4804 κατά
3068 4750 3167 4821 τὴν
3200 4750 3446 4804 Ἰωάννου
3480 4751 3691 4822 φωνὴν,
3734 4770 3754 4801 ι
3788 4751 3889 4804 καὶ

2290 4839 2320 4891 6
2355 4839 2533 4909 μένων
2566 4842 2624 4893 ἐν
2652 4842 2718 4912 τῇ
2757 4840 2966 4913 ἀγάπῃ,
2996 4841 3054 4896 ἐν
3078 4841 3156 4913 τῷ
3184 4842 3303 4913 Θεῷ
3341 4844 3513 4914 μένει.
3545 4861 3564 4896 ι
3606 4843 3825 4897 υύκοῦν
3859 4844 3890 4896 6

606 4936 829 5007 ἀγάπης
859 4935 996 5007 δίχα
1041 4936 1232 5008 διαζῇν
1280 4934 1576 5008 ᾑρημένος,
1620 4934 1720 4988 οὐκ
1768 4933 1828 4986 ἐν
1863 4931 1941 5003 τῷ
2007 4930 2129 5002 Θεῷ
2197 4932 2480 4999 πέποιθεν,
2535 4934 2653 4989 ἀλλ’
2702 4935 2809 5000 ἐξω
2857 4937 3095 4992 κείσεται
3147 4937 3347 5010 μᾶλλον
3402 4939 3502 5010 τῆς
3558 4940 3701 5011 πρὸς
3756 4939 3890 4992 Θεὸν

607 5030 963 5100 οἰκειότητος.

682 5123 748 5177 Et
778 5126 1029 5194 impetum
1065 5142 1218 5180 suum
1244 5126 1467 5180 servavit
1503 5125 1558 5179 in
1588 5123 1998 5178 contentionem.

684 5216 753 5273 Χ.
786 5216 1026 5272 Tertium
1070 5220 1171 5274 hoc
1206 5227 1290 5274 est
1335 5218 1679 5272 Esauitarum
1717 5224 2022 5286 peccaturo.
2081 5212 2190 5269 lm-

614 5318 789 5379 getum
844 5310 988 5364 enim
1021 5311 1186 5379 ipsius
1225 5310 1387 5375 Esau,
1423 5308 1490 5363 ad
1525 5307 1709 5363 odium
1743 5303 1988 5360 videlicet
2012 5312 2068 5357 et
2092 5303 2194 5358 im-

613 5399 859 5466 pietatem
901 5407 1206 5466 servarunt,
1237 5413 1405 5467 usque
1443 5396 1570 5451 dum
1622 5396 1917 5461 vincerent,
1955 5407 2187 5463 seraper.

614 5487 929 5558 Neutiquam
975 5490 1119 5545 enim
1177 5489 1383 5545 scelera
1436 5496 1655 5555 patrare
1690 5485 1989 5549 desierunt,
2017 5499 2193 5553 quan-

611 5594 769 5647 quam
801 5580 945 5634 Esau
977 5587 1213 5634 veterem
1260 5577 1406 5633 illam
1458 5576 1790 5646 impietatem
1827 5591 1978 5630 suam
2029 5575 2195 5644 depo-

614 5673 800 5740 suerit,
832 5682 887 5727 et
932 5670 1102 5727 Jacob
1139 5671 1264 5728 odio
1308 5670 1563 5742 prosequi
1627 5669 1872 5737 desierit,
1906 5667 2194 5738 potiusque

683 5846 727 5878 ⁸⁷
770 5845 931 5901 ilelir.
966 5862 1061 5913 xu,
1100 5844 1184 5902 16.
1262 5846 1307 5921 ’ἔ
1332 5845 1490 5902 Num.
1534 5861 1624 5912 xx,
1667 5845 1854 5899 H-‘ll.

2365 5119 2475 5175 Καὶ
2500 5118 2567 5173 τὸ
2596 5118 2833 5190 ὅρμημα
2859 5119 3047 5175 αὑτοῦ
3080 5120 3386 5190 ἐφύλαξεν
3418 5127 3505 5190 εὶς
3525 5124 3760 5193 νεῖκος.

2368 5210 2424 5264 I'.
2467 5208 2663 5279 Τρίτον
2700 5210 2766 5279 δὴ
2803 5208 2963 5263 τοῦτο
3014 5210 3124 5264 τῶν
3174 5210 3235 5276 ἐξ
3275 5212 3445 5266 Ἠσαῦ
3479 5214 3892 5288 πλημμέλημα.

2290 5298 2365 5350 Τὸ
2394 5298 2502 5369 γὰρ
2537 5299 2768 5369 ὅρμημα
2802 5297 2991 5363 αὑτοῦ,
3019 5300 3080 5352 τὸ
3112 5300 3247 5370 πρὸς
3269 5301 3469 5373 ἔχθραν
3511 5303 3762 5375 δηλονότι
3796 5308 3893 5359 καὶ

2290 5390 2635 5460 ἀνοσιότητα,
2671 5388 2944 5460 ἐφύλαξαν
2976 5394 3058 5456 είς
3082 5393 3381 5463 ἐκνίκησιν,
3420 5395 3515 5446 καὶ
3561 5395 3728 5466 μέχρι
3756 5414 3891 5449 παν-

2289 5479 2402 5543 τός.
2435 5479 2893 5554 Κατέληξαν,γὰρ
2933 5482 3184 5553 οὐδαμῶς
3209 5483 3318 5557 τῶν
3351 5483 3583 5537 ἀνοσίων
3629 5486 3888 5555 ἐγχειρη-

2295 5571 2502 5641 μάτων,
2549 5571 2727 5626 καίτοι
2766 5574 3235 5644 ἀποφοιτήσαντος
3276 5573 3378 5645 ἤδη
3433 5575 3527 5628 τοῦ
3568 5575 3748 5629 Ἡσαῦ
3792 5577 3888 5645 τῆς
3940 5645 3944 5647 Α

2291 5664 2525 5735 ἀρχαίας
2558 5666 2775 5738 ἐκείνης
2803 5666 3169 5738 ἀνοσιότητος,
3210 5667 3304 5720 καὶ
3339 5667 3611 5737 φονῶντος
3649 5669 3753 5739 μὲν
3787 5667 3883 5721 οὐκ

1969 5847 2010 5878 ³³
2050 5848 2061 5897 l
2095 5842 2251 5898 Joau.
2285 5859 2357 5911 tv,
2406 5842 2485 5896 lii.
