4068 6542
152 431 286 490 εὖ

1142 428 1687 488 COMMENTARIUS
1729 431 1792 486 IN
1832 431 2018 488 AMOS
2056 432 2495 490 PROPHETAM.

3236 446 3239 448 ’
3330 449 3440 506 ιδι

160 551 256 604 ἔτι
280 548 429 605 κατά
455 546 548 601 τοῦ
565 543 778 608 Ἰακὼϐ,
811 543 1263 615 μετατεθειμένου
1294 545 1348 599 δὲ
1378 546 1578 617 μᾶλλον
1596 548 1676 611 είς
1700 547 1761 617 ἡ·

1864 548 1930 603 ad
1964 548 2236 604 lenitatem
2264 564 2580 617 conversus,
2614 561 2801 609 mutuo
2844 554 2989 610 illum
3028 554 3299 613 dilexerit.
3333 559 3441 617 ile—

164 643 483 715 μερότητα,
522 638 614 691 καὶ
634 633 1057 707 φιλαλλ[ηλ]ίαν.
1090 636 1514 707 Ἐπιστρέφοντα
1544 635 1654 707 γὰρ
1697 636 1763 687 ἐκ

161 735 278 802 τῆς
309 732 494 786 Λάὁαν
517 730 724 794 ἑστίας,
740 729 1131 800 κατησπάσατο
1155 727 1291 799 μετά
1304 728 1602 798 κλαυθμοῦ.
1618 727 1766 781 Φιλεί

162 821 230 874 δέ
252 839 364 875 που
395 820 489 874 καὶ⁵
510 821 630 882 ταῖς
654 818 792 886 ἄγαν
820 817 1106 887 εὐθυμίαις
1131 818 1484 887 ἐκκεῖσθαιτὸ
1508 818 1759 889 δάκρυον.

166 912 421 983 Σκληροὶ
460 911 518 964 δὲ
549 910 668 964 λίαν
693 910 740 963 oi
771 908 829 974 ἐξ
862 908 1049 972 αὐτοῦ,
1097 912 1166 980 τῇ
1200 910 1307 963 τῶν
1332 909 1550 981 τρόπων
1581 908 1764 963 σκαιό-

163 1018 309 1072 τητι
350 1002 456 1054 ’καὶ
502 999 675 1069 αὐτὴν
714 996 1146 1069 ὑπερϐαλόμενοι
1190 999 1289 1069 τὴν
1343 997 1437 1051 τοῦ
1495 998 1761 1068 προγόνου

168 1093 519 1163 φαυλότηταο
576 1091 691 1144 ἀλλ’
742 1088 889 1142 εστιν
939 1088 1160 1158 ἀληθὲς,
1212 1091 1295 1143 ὅτι
1339 1090 1524 1160 Πάντη
1552 1107 1612 1143 τε
1667 1090 1763 1144 καὶ

167 1185 408 1248 πάντως
460 1182 569 1237 ὁδοὶ
621 1180 974 1253 μνησικάκων
1040 1182 1121 1245 είς
1185 1180 1433 1238 θάνατον.
1493 1181 1760 1253 Ταύτῃτοί

169 1295 354 1348 φησιν
376 1295 389 1308 ·

244 1370 367 1422 Kal
403 1366 791 1431 ἐξαποστελῶ
817 1367 937 1436 πῦρ
969 1369 1057 1433 εὶς
1089 1364 1334 1436 Θωμᾶν,
1371 1364 1473 1421 xal
1501 1366 1762 1438 καταφά-

166 1476 352 1529 ratae
377 1459 618 1529 θεμέλια
647 1458 895 1529 τειχέων
915 1458 1128 1528 αὐτῆς.

244 1551 356 1606 IA'.
399 1550 747 1623 Μητρόπολις
782 1550 838 1604 δὲ
880 1550 981 1622 τῆς
1040 1549 1344 1622 Ἰδουμαίας
1382 1548 1550 1623 αὕτηο
1590 1552 1763 1624 ἐμπέ-

169 1660 425 1715 πρησται
456 1643 562 1715 γὰρ
596 1641 867 1713 πολεμίων
897 1641 1335 1713 κεκρατηκότων,
1364 1640 1458 1696 καὶ
1480 1641 1616 1714 ὁμοῦ
1642 1646 1761 1710 ταῖς

166 1735 377 1798 ἄλλαις
434 1734 683 1787 διόλωλεν
732 1734 766 1803 ή
809 1732 1045 1804 Θαιμάν.
1112 1731 1521 1804 Ἐκτελευτήσει
1562 1734 1626 1799 δὴ
1667 1729 1761 1790 οὖν

166 1826 257 1888 εἰς
302 1824 413 1895 πῦρ
461 1841 521 1876 τε
572 1823 666 1876 καὶ
716 1822 921 1892 φλόγας
970 1822 1031 1875 τὸ
1077 1825 1254 1891 μισεῖν
1298 1823 1597 1893 ἀδελφοὺς,
1665 1825 1759 1880 καὶ

167 1914 675 1981 κατεξανίστασθαι
722 1912 830 1966 τῶν
887 1913 945 1978 ἐξ
994 1912 1247 1985 αἵματος,
1304 1915 1339 1987 ἥ
1400 1916 1491 1969 καὶ
1544 1915 1653 1970 τῶν
1700 1916 1761 1982 ἐξ
1792 1930 1834 1986 Β

165 2008 515 2079 οἰκειότητος
553 2005 930 2076 πνευματικῆς
973 2004 1402 2075 συνειλεγμένων
1456 2008 1534 2071 είς
1568 2008 1762 2061 ἕνωσιν

167 2099 274 2151 καὶ
304 2096 630 2168 ὁμοψυχίαν.
675 2094 1047 2167 Ἀπήλλακται
1070 2095 1127 2148 δὲ
1158 2096 1267 2151 τῶν
1290 2097 1547 2151 τοιούτων
1575 2098 1643 2152 τὰ
1664 2098 1762 2169 τῆς

166 2189 407 2257 ἀγάπης
434 2188 749 2259 αὐχήματα.

255 2278 409 2333 Τάδε
429 2278 589 2348 λέγει
614 2280 827 2347 Κύριος
853 2295 867 2311 ³
914 2279 1040 2332 Ἐπὶ
1072 2278 1203 2345 ταῖς
1238 2277 1438 2349 τρισίν
1462 2278 1763 2347 ἀσεϐείαις

169 2371 333 2426 υἱῶν
370 2371 624 2441 Ἀμμὼν,
655 2371 755 2426 καὶ
795 2370 895 2425 ἐπὶ
938 2370 1067 2437 ταῖς
1100 2370 1436 2440 τέσσαρσιν
1472 2374 1584 2427 οὐκ
1615 2373 1763 2427 ἀπο-

169 2462 606 2533 στραφήσομαι
637 2462 882 2528 αὐτοὺς,
916 2462 1046 2517 ἀνθ’
1079 2458 1165 2517 ὦν
1202 2454 1520 2534 ἀνέσχιζον
1556 2468 1663 2531 τὰς
1693 2464 1765 2519 ἐν

167 2554 396 2626 γαστρί
430 2553 695 2626 ἐχούσας
737 2554 858 2609 τῶν
892 2555 1312 2622 Γαλααδιτῶν,
1345 2556 1506 2624 ὅπως
1530 2556 1761 2627 ἐμπλα-

167 2647 448 2701 τύνωσιν
474 2646 546 2701 τὰ
577 2646 710 2716 ὅρια
737 2646 954 2702 αὐτῶν.
1001 2647 1111 2703 Kal
1143 2648 1359 2718 ἀνάψω
1388 2649 1508 2718 πῦρ
1539 2649 1639 2703 ἐπὶ
1688 2650 1765 2704 τὰ

168 2738 352 2806 τείχη
386 2735 668 2803 Ῥαὸϐὰθ,
710 2736 812 2790 καὶ
862 2738 1261 2810 καταφάγεται
1294 2736 1537 2808 θεμέλια
1574 2736 1763 2808 αὐτῆς

163 2827 331 2900 μετὰ
366 2828 655 2899 κραυγῆς,
685 2829 753 2883 ἐν
776 2829 967 2899 ἡμέρᾳ
989 2829 1284 2900 πολέμου,
1313 2830 1414 2885 καὶ
1448 2831 1766 2900 σεισθήσε-

170 2936 271 2975 ται
326 2919 397 2973 ἐν
430 2920 619 2989 ἡμέρᾳ
655 2921 1073 2989 συντελέσεως
1114 2920 1326 2990 αὐτῆς.
1387 2922 1499 2976 Kal
1546 2922 1764 2991 πορεύ-

169 3025 355 3065 σεται
393 3011 429 3063 ό
453 3009 755 3076 βασιλεὺς
777 3008 969 3079 αὐτῆς
988 3011 1058 3064 ἐν
1077 3012 1472 3080 αἰχμαλωσίᾳ,
1507 3014 1563 3067 οί
1591 3012 1763 3082 ἱερεῖς

170 3100 383 3156 αὐτῶν
426 3101 525 3155 καί
552 3105 605 3157 ol
629 3101 920 3171 ἄρχοντες
951 3100 1150 3157 αὐτῶν
1176 3102 1274 3158 ἐπὶ
1302 3103 1370 3158 τὸ
1395 3103 1563 3170 αὐτὸ,
1603 3106 1765 3176 λέγει

168 3193 420 3259 Κύριος.

1865 648 2163 694 vertentem
2237 639 2432 709 quippe
2483 655 2514 696 e
2564 641 2946 709 Mesopotamia
2977 659 3007 699 e
3054 646 3210 702 domo
3254 647 3437 708 Laban

1864 744 1984 782 cum
2021 728 2275 800 lacrymis
2297 731 2568 786 osculatus
2592 742 2675 788 est
2707 733 2786 802 ’°;
2824 737 2995 792 solent
3049 742 3192 796 enim
3231 744 3284 800 in
3326 760 3438 800 ma-

1863 838 1965 891 gna
1995 837 2208 892 quoque
2243 823 2425 879 laetitia
2455 825 2705 895 profundi
2740 827 3017 900 lacrymm.
3065 832 3190 901 Ejus
3232 838 3434 905 posteri

1865 911 2106 968 difﬁciles
2133 923 2187 968 et
2210 916 2385 985 asperi
2418 915 2656 981 luerunt,
2698 926 2755 972 et
2779 934 2987 973 morum
3040 923 3437 984 inhumanitate

1866 1003 2033 1072 ipsam
2067 1006 2224 1075 primi
2276 1008 2513 1076 parentis
2542 1011 2622 1063 sui
2651 1012 3053 1078 perversitatem
3082 1030 3431 1088 superarunt;

1864 1097 2030 1167 262
2052 1097 2145 1152 sed
2178 1112 2359 1151 verum
2378 1109 2461 1153 est
2484 1100 2633 1164 illud,
2658 1098 2920 1158 Omnibus
2950 1105 3121 1161 modis
3152 1107 3250 1162 via:
3283 1111 3436 1165 mali-

1862 1190 2141 1259 gnantium
2183 1189 2249 1243 ad
2278 1201 2524 1247 mortem.
2563 1192 2687 1248 ldeo
2731 1194 2836 1249 ait:

1935 1360 2098 1419 Vens.
2138 1363 2225 1418 12.
2255 1362 2325 1419 Et
2357 1368 2558 1420 mittam
2596 1368 2763 1437 ignem
2795 1370 2847 1424 in
2874 1365 3123 1440 Theman,
3146 1384 3192 1429 et
3216 1374 3436 1431 devora-

1863 1454 1935 1508 bit
1972 1454 2314 1524 fundamenta
2343 1444 2609 1512 murorum
2638 1460 2772 1529 ejus.
2800 1448 2806 1460 ’

1932 1538 2023 1595 XI.
2082 1542 2207 1597 llaec
2263 1552 2343 1597 est
2383 1546 2696 1613 metropolis
2750 1547 3031 1621 Idumaeas;
3080 1554 3297 1612 incensa
3350 1564 3435 1613 est

1862 1632 2026 1695 enim,
2066 1634 2133 1688 ab
2164 1634 2403 1690 hostibus
2434 1636 2670 1704 devicta,
2705 1649 2762 1696 et
2800 1658 2903 1696 una
2935 1658 3056 1697 cum
3102 1644 3220 1700 aliis
3252 1647 3429 1717 periit.

1862 1722 2120 1778 Des‘ineut
2167 1724 2332 1794 igitur
2381 1727 2595 1783 tandem
2649 1729 2699 1783 in
2738 1731 2911 1800 ignem
2946 1743 2999 1789 et
3028 1734 3294 1802 flammas,
3339 1740 3431 1809 qui

1864 1811 2059 1867 fratres
2109 1816 2358 1895 oderunt,
2397 1825 2451 1872 et
2506 1818 2559 1872 in
2602 1824 3032 1892 consanguineos
3102 1827 3428 1899 insurgunt,

1862 1914 1953 1958 aut
1998 1905 2053 1973 in
2091 1919 2186 1961 eos
2246 1908 2337 1977 qui
2377 1922 2441 1963 ex
2474 1908 2844 1970 familiaritate
2888 1916 3152 1983 spirituali
3202 1933 3431 1975 concor-

1861 1997 2057 2067 diaque
2087 1998 2293 2053 collecti
2319 2010 2477 2068 sunt;
2511 2017 2607 2059 nec
2643 2006 2775 2062 tales
2806 2006 2977 2062 honor
3005 2016 3060 2063 et
3087 2010 3251 2066 decus
3294 2011 3421 2067 cha-

1861 2089 1901 2143 ri
1913 2090 2036 2144 tatis
2069 2091 2372 2146 comitatur.

1929 2267 2095 2322 Vens.
2138 2269 2317 2323 15-15.
2361 2269 2486 2324 "(re
2540 2273 2663 2325 dicit
2705 2272 2959 2327 Dominus
2994 2291 3013 2328 :
3060 2274 3230 2344 Super
3267 2276 3430 2333 tribus

1860 2361 2140 2415 sceleribus
2172 2362 2406 2430 filiorum
2477 2363 2724 2429 Ammon,
2760 2375 2807 2418 et
2846 2382 3002 2434 super
3038 2374 3266 2436 quatuor
3326 2384 3431 2423 non

1858 2464 2153 2508 convertam
2208 2471 2318 2519 eos,
2347 2470 2406 2508 eo
2454 2455 2591 2524 quod
2647 2456 2975 2511 dissecabant
3009 2458 3064 2512 in
3112 2466 3286 2512 ventre
3329 2458 3431 2512 Ita-

1861 2543 2031 2598 bentes
2068 2561 2135 2599 ea:
2166 2543 2480 2612 Galaaditis,
2516 2555 2571 2600 ut
2609 2547 2893 2602 dilatarent
2956 2549 3206 2603 terminos
3283 2566 3427 2603 suos.

1863 2633 1931 2688 Et
1958 2638 2267 2690 succendunt
2292 2636 2461 2707 ignem
2493 2637 2549 2691 in
2598 2654 2775 2693 muros
2806 2638 3065 2705 Rabbath,
3090 2650 3138 2693 et
3163 2640 3431 2694 devorabit

1861 2725 2201 2799 fundamenta
2233 2729 2346 2797 ejus
2384 2746 2501 2783 cunt
2538 2729 2765 2785 clamore
2812 2732 2868 2784 in
2918 2730 3002 2785 die
3047 2730 3188 2796 belli,
3217 2740 3264 2785 et
3287 2746 3431 2784 com-

1860 2819 2147 2873 movebitur
2196 2820 2250 2874 in
2281 2820 2368 2874 die
2402 2812 2868 2876 consummationis
2900 2823 3036 2893 ejus.
3072 2820 3139 2876 Et
3188 2823 3283 2877 ibit
3338 2835 3432 2877 rex

1859 2925 2040 2966 eorum
2080 2911 2135 2965 in
2168 2912 2539 2979 captivitatem,
2578 2913 2873 2967 sacerdotes
2914 2929 3094 2967 eorum
3138 2923 3190 2969 et
3233 2912 3433 2967 critici-

1860 3016 1948 3069 pes
1990 3016 2170 3057 eorum
2206 3003 2262 3058 in
2299 3004 2683 3071 idipsum,dicit
2724 3003 3000 3060 Dominus.

242 3281 355 3335 lB’.
404 3281 838 3354 Καταγράφεται
870 3282 966 3334 κοιλ⁸
997 3280 1346 3352 Ἀμμανιτῶν
1373 3279 1450 3346 ὡς
1473 3283 1761 3353 Δαμασκη-

1932 3284 2043 3340 Xli.
2084 3286 2413 3342 Describitur
2453 3287 2613 3342 etiam
2648 3286 3079 3342 Ammonitarum
3123 3296 3181 3343 ut
3228 3286 3426 3343 Dama-

169 3370 284 3426 νῶν
327 3372 607 3444 ἀγριότης.
653 3372 1011 3426 Ἀπεκτόνασι
1037 3373 1131 3427 καὶ
1160 3373 1317 3426 αὐτοὶ
1335 3372 1436 3438 τὰς
1468 3374 1527 3428 ὲν
1564 3373 1763 3443 γαστρὶ

170 3462 414 3534 ἐχούσας
441 3462 551 3517 τῶν
588 3463 951 3528 Γαλααδιτῶν,
996 3465 1094 3535 οὐχ
1127 3465 1335 3536 ἑτέροις
1374 3465 1518 3520 τισὶν
1549 3466 1763 3536 ὲπαμύυ

167 3572 381 3619 νοντες,
406 3553 530 3608 οὔτε
559 3554 666 3626 μὴν
705 3554 931 3619 ὀθνείοις
960 3554 1290 3620 δανείζοντες
1310 3553 1410 3618 τὰς
1436 3555 1622 3627 όργάς,
1646 3556 1760 3608 ἀλλ’

174 3646 284 3700 ὑπέ
293 3664 329 3718 ρ
350 3663 416 3715 γε
442 3646 593 3715 σφῶν
624 3646 823 3708 αὐτῶν,
847 3646 914 3698 ἵν’
933 3646 991 3698 εὑ
1004 3646 1125 3716 ρυτέ
1136 3662 1231 3718 ραν
1258 3645 1423 3717 ἔχωσι
1449 3647 1549 3718 τὴν
1563 3647 1757 3718 ἀρχὴν,

171 3737 273 3791 καὶ
334 3736 494 3807 μέχρι
562 3735 759 3789 πολλοῦ
817 3736 1101 3807 διήκοντας
1154 3740 1252 3809 τῆς
1307 3736 1583 3806 βασιλείας
1636 3737 1762 3800 τοὺς

168 3830 358 3900 ὄρους,
390 3828 834 3899 καταδῃωθείσης
867 3827 1084 3899 ἀπάσης
1106 3831 1205 3899 τῆς
1244 3828 1501 3893 Ἰουδαίας
1527 3829 1650 3899 γῆς,
1668 3829 1763 3881 καὶ

167 3920 670 3991 ἀνατετραμμένων
696 3919 930 3974 είσάπαν
966 3921 1076 3975 τῶν
1100 3920 1158 3987 ἐξ
1185 3921 1425 3993 Ἰσραὴλ,
1454 3921 1531 3984 ὡς
1556 3938 1760 3975 πεπον-

170 4010 333 4074 θότος
365 4009 503 4064 Θεοῦ
533 4012 595 4064 τὸ
627 4010 849 4076 ἇναλκι,
878 4011 971 4065 καὶ
1012 4011 1377 4083 ῆσθενηκότος
1407 4010 1624 4081 ἀληθῶς
1664 4010 1771 4065 τοῦ

167 4102 465 4165 διασώζειν
480 4101 912 4173 ὲπηγγελμένου,
934 4103 1030 4155 καὶ
1062 4103 1175 4167 τοῖς
1202 4102 1459 4173 πολεμεῖν
1484 4101 1761 4155 ἐθέλουσιν

169 4195 451 4249 ἀνάλωτον
481 4193 893 4263 ἀποφαίνοντος.
937 4194 1181 4259 Ἐλόντες
1219 4193 1285 4266 δὴ
1336 4190 1431 4249 οὖν
1471 4194 1569 4248 καὶ
1611 4186 1758 4248 οὗτοι

165 4286 270 4350 τὰς
329 4286 532 4350 πόλεις,
588 4286 947 4359 καταμειδιᾷν
993 4286 1316 4357 ἀπετόλμων
1350 4285 1445 4340 τοῦ
1486 4286 1761 4357 προασπί-

168 4376 361 4441 ζοντος
392 4376 546 4442 Θεοῦ,
580 4377 809 4441 καὶτοῖς
839 4376 1208 4449 ψευδωνύμοις
1247 4376 1386 4441 θεοῖς
1416 4376 1658 4448 ἀνῆπτον
1689 4376 1759 4430 τὰ

169 4460 511 4540 χαριστήρια
560 4468 655 4521 καὶ
697 4468 839 4539 osa;
903 4468 1225 4531 ἐπινικίους.
1284 4467 1552 4540 Ταύτῃτοί
1594 4483 1758 4538 φησιν

168 4558 665 4630 ὲμπρησθήσεσθαι
693 4560 792 4629 τὴν
837 4558 1097 4613 Ῥα66ἀο.
1131 4561 1479 4631 Μητρόπολις
1520 4561 1577 4614 δὲ
1614 4559 1754 4632 αὕτη

167 4622 269 4722 τῆς
294 4622 427 4703 ,τιῖιν
458 4622 815 4721 ’Ἄμμανιτέῦν
849 4653 967 4704 ἐστι
1011 4622 1221 4723 χώρας..
1260 4622 1651 4724 δΑπολέίησθαι
1696 4622 1755 4705 δέ
1786 4622 1829 4678 D

169 4742 347 4813 αὐτὴν
406 4742 544 4813 μετὰ
595 4741 862 4814 κραυγῆς,
923 4743 1203 4808 τουτέστιν,
1270 4742 1755 4807 καταλαλαζόντων

170 4836 349 4905 αὒτῆς
396 4834 489 4887 τδν
546 4834 642 4887 τοῦ
708 4834 949 4904 πολέμου
1001 4836 1164 4905 νόμον
1213 4835 1323 4889 τῶν
1376 4834 1750 4890 Βαϐυλωνίων.

180 4924 461 4999 ᾘρήκασι
488 4925 599 4996 γὰρ
646 4926 802 4979 αὐτοὶ
840 4928 1205 4998 πανστρατιᾷ,
1244 4928 1604 4990 καταθέοντος
1644 4926 1757 4981 τῶν

181 5017 538 5088 Ἀμμανιτῶν
581 5017 685 5070 τοῦ
711 5016 1199 5088 Ναϐουχοδονόσορ.
1237 5017 1552 5072 Βαδιοῢνται
1574 5018 1632 5072 δὲ
1660 5020 1755 5073 καὶ

170 5109 533 5179 αῑχμάλωτοι,
559 5108 742 5179 φησιν,
773 5108 907 5179 ὁμοῦ
932 5111 1044 5174 τοῖς
1071 5110 1361 5181 κρατοῦσιν
1374 5111 1424 5163 οἱ
1442 5110 1545 5163 ὑπὸ
1571 5111 1749 5182 χεῖρα,

171 5204 268 5254 καὶ
311 5204 423 5265 τοῖς
451 5201 601 5264 ίδίοις
630 5201 771 5267 θεοῖς
794 5203 844 5256 οἱ
871 5204 1119 5275 ἱερᾶσθαι
1141 5204 1416 5275 λαχόντες,
1485 5204 1638 5259 οὐδὲν
1701 5205 1829 5275 παρ’

169 5294 444 5364 δράσειεν,
478 5293 510 5364 ἢ
541 5293 658 5356 πῶς
686 5293 750 5367 ᾃν
781 5294 1041 5363 ὀνήσοιτό
1072 5314 1225 5360 τινας
1264 5298 1483 5369 ἄγαλμα
1514 5296 1754 5366 κοῦφον;

255 5385 501 5439 Ἐοίκασι.
555 5385 613 5439 δὲ
650 5386 743 5438 καὶ
784 5386 834 5437 oi
878 5386 989 5439 τῶν
1041 5389 1305 5460 αἱρέσεων
1353 5389 1753 5461 προεστηκότες

168 5478 287 5539 τοῖς
328 5476 697 5547 ἀνατέμνουσιν
721 5477 822 5543 τὰς
855 5480 1086 5551 ἐχούσας
1114 5481 1171 5533 ἐν
1204 5481 1425 5551 γαστρὶ,
1465 5481 1615 5544 ὅπως
1649 5482 1750 5550 ὲμο

172 5565 576 5621 πλατύνωσιτά
603 5568 730 5638 ὅρια
765 5568 965 5623 αὐτῶν.
1003 5570 1122 5624 Ἵνα
1155 5570 1265 5641 γὰρ
1289 5569 1586 5639 φαίνωνται
1623 5569 1753 5623 πολ-

172 5654 284 5711 λῶν
337 5656 661 5728 ἡγούμενοι,
718 5659 1139 5725 καταϐιάζονται
1181 5660 1361 5732 ψυχὰς
1405 5660 1616 5728 ἀθλίας,
1658 5660 1754 5716 καὶ

242 5830 294 5864 ⁸⁸
330 5830 465 5887 Gen.
490 5848 685 5897 χχχιιι,
722 5832 776 5886 6.

1863 3392 2146 3432 scenorum
2182 3379 2507 3434 immanitas.
2546 3378 2675 3433 Nam
2700 3389 2757 3435 et
2786 3379 2885 3449 ipsi
2936 3390 3146 3435 uterum
3194 3380 3429 3437 ferentes

1862 3466 2263 3523 Galaaditarum
2300 3468 2691 3536 dissecuerunt,
2730 3484 2833 3524 non
2862 3478 2920 3525 ut
2948 3470 3067 3525 aliis
3097 3469 3430 3539 Opitularen-

1862 3566 1969 3623 tur,
2007 3574 2179 3627 neque
2216 3568 2270 3613 ut
2318 3558 2519 3615 exteris
2558 3559 2664 3614 iras
2703 3576 2829 3617 suas
2875 3562 3302 3625 commodarent,
3335 3562 3430 3615 sed
3506 3547 3517 3559 ’

1862 3664 1957 3703 sua
1993 3649 2228 3718 ipsorum
2262 3664 2447 3715 causa,
2478 3659 2536 3704 ut
2576 3650 2832 3706 ditionem
2862 3650 3122 3705 haberent
3161 3648 3426 3716 latiorem,

1863 3749 1917 3795 et
1968 3741 2116 3811 regni
2157 3741 2237 3796 sui
2276 3740 2410 3797 ﬁnes
2460 3742 2668 3813 longius
2720 3743 3037 3813 proferrent.
3078 3751 3186 3797 tota
3244 3740 3429 3797 Judtett

1863 3839 2088 3894 vastata,
2120 3839 2172 3885 et
2206 3831 2411 3886 eversis
2434 3831 2690 3887 lsraelitis
2718 3831 2985 3897 omnibus,
3010 3839 3065 3883 ut
3097 3830 3205 3883 Deo
3253 3829 3429 3883 imbe-

1862 3920 1969 3976 cilli
2004 3929 2064 3976 et
2093 3921 2385 3991 impotente
2419 3937 2504 3989 eo,
2550 3922 2639 3992 qni
2673 3923 2879 3991 seipsos
2909 3930 3246 3976 servaturum
3301 3931 3431 3988 pro-

1861 4013 2105 4079 miserat,
2135 4028 2200 4069 ac
2220 4030 2281 4069 se
2307 4014 2550 4069 hostibus
2579 4014 2690 4069 suis
2713 4014 2979 4082 captivum
3018 4012 3286 4066 tradente.
3318 4008 3428 4064 Ca-

1858 4105 1967 4175 ptis
1994 4105 2154 4175 igitur
2185 4112 2239 4159 et
2269 4105 2356 4160 liis
2385 4103 2715 4168 civitatibus,
2751 4102 2917 4157 Deum
2976 4106 3427 4170 propugnatorem

1860 4195 2089 4252 irridere
2133 4196 2249 4251 ausi
2290 4195 2573 4262 sunt,.diis
2599 4194 2749 4250 falsis
2775 4193 2979 4264 gratias
3003 4201 3241 4261 agentes,
3278 4200 3332 4245 et
3358 4189 3450 4242 vim

1859 4287 2081 4343 ctoralia
2147 4288 2386 4343 carmina
2426 4288 2753 4342 accinentes.
2812 4285 3169 4352 Quamobrem
3221 4282 3423 4336 conﬂa-

1858 4389 2131 4451 graturam
2169 4378 2301 4433 dicit
2342 4376 2583 4433 Rabbath
2633 4375 2968 4445 metropolim
3014 4372 3247 4440 regionis
3296 4374 3427 4425 Am-

1862 4470 2149 4535 moniticae,
2182 4478 2381 4524 etcum
2412 4468 2647 4521 clamore
2674 4466 2965 4535 perituram
2991 4480 3005 4518 :
3041 4476 3232 4532 nempe
3256 4460 3427 4531 Baby-

1860 4561 2018 4616 loniis
2047 4574 2196 4614 more
2226 4559 2444 4612 militari
2475 4556 2651 4611 laetum
2688 4558 2740 4609 in
2786 4554 3012 4608 victoria
3084 4550 3425 4605 vociferanti-

1862 4657 1979 4707 bus.
2032 4648 2249 4705 Subacti
2305 4657 2434 4703 sunt
2485 4647 2677 4712 enim,
2718 4643 3237 4699 Nabucliodonosore
3298 4640 3425 4693 totis

1862 4743 2032 4813 cepiis
2065 4740 2402 4795 Ammonitas
2441 4739 2771 4792 incursante.
2796 4734 2950 4789 Ibunt
2998 4732 3160 4787 etiam
3203 4728 3422 4798 captivi,

1863 4833 2056 4903 inquit,
2102 4846 2226 4887 cum
2261 4828 2595 4899 principibus
2630 4826 2851 4892 subditi,
2888 4832 2943 4879 et
2995 4838 3116 4879 cum
3152 4820 3255 4875 diis
3312 4820 3425 4873 suis

1861 4922 2112 4985 sacrifici,
2132 4919 2275 4975 nullo
2291 4919 2359 4973 ab
2396 4918 2463 4973 iis
2489 4915 2690 4972 auxilio
2736 4913 2925 4985 adjuti.
2948 4911 3087 4980 Quid
3140 4910 3282 4965 enim
3344 4908 3427 4961 fa-

1861 5017 1989 5078 ciat,
2023 5023 2115 5069 aut
2145 5010 2413 5084 quomodo
2477 5009 2708 5080 cuipiam
2737 5005 2910 5079 prosit
2937 5004 3159 5061 surdum
3207 5000 3426 5057 simula-

1858 5123 2009 5165 crum
2033 5107 2079 5160 τι

1868 5203 2089 5257 ἐκείνων
2136 5200 2349 5271 ἔχοντες
2400 5198 2479 5261 είς
2531 5194 2869 5265 ἐπικουρίαν.
2935 5191 3001 5244 Τί
3055 5189 3164 5261 γὰρ
3225 5186 3291 5241 ἂν
3337 5184 3426 5238 καὶ

1918 5381 2077 5453 263
2093 5378 2306 5435 Similes
2325 5390 2484 5447 porro
2496 5384 2622 5429 sunt
2642 5373 2905 5427 haeresum
2918 5368 3407 5439 patroni,pra:gnan

1856 5483 1936 5529 tes
1964 5474 2031 5526 ad
2063 5471 2194 5523 lines
2216 5464 2514 5521 dilatandos
2539 5459 2947 5516 dissecantibus.
2984 5454 3054 5511 Ut
3074 5456 3215 5511 enim
3246 5454 3425 5509 multis

1854 5576 2087 5634 praeesse
2139 5559 2445 5619 videantur,
2485 5553 2713 5609 miseras
2762 5551 2971 5605 animas
3002 5549 3050 5602 vi
3082 5548 3323 5615 adigunt,
3370 5550 3422 5596 et

1855 5657 2141 5712 verborum
2170 5648 2378 5705 fallacia
2406 5644 2559 5716 quasi
2586 5642 2803 5699 crudam
2835 5649 2891 5697 et
2913 5639 3253 5695 immaturam
3284 5635 3424 5703 ipsos
