  <div class='ocr_page' id='page_1' title='image "/cluster/home/n/w/nwhite01/storage/ocr_20150623/71/hvd.32044019207885/239.png"; bbox 0 0 4068 6540; ppageno 0'>
   <div class='ocr_carea' id='block_1_1' title="bbox 624 442 734 501">
    <p class='ocr_par' dir='ltr' id='par_1_1' title="bbox 624 442 734 501">
     <span class='ocr_line' id='line_1_1' title="bbox 624 442 734 501; baseline 0 -1"><span class='ocrx_word' id='word_1_1' title='bbox 624 442 734 501; x_wconf 74' lang='grc'><strong>4⁸55</strong></span> 
     </span>
    </p>
   </div>
   <div class='ocr_carea' id='block_1_2' title="bbox 1659 436 2905 499">
    <p class='ocr_par' dir='ltr' id='par_1_2' title="bbox 1659 436 2905 499">
     <span class='ocr_line' id='line_1_2' title="bbox 1659 436 2905 499; baseline 0.001 -2"><span class='ocrx_word' id='word_1_2' title='bbox 1659 442 1717 498; x_wconf 89' lang='lat' dir='ltr'><strong>S.</strong></span> <span class='ocrx_word' id='word_1_3' title='bbox 1756 436 2029 495; x_wconf 76' lang='lat' dir='ltr'>CYI&#39;IILLI</span> <span class='ocrx_word' id='word_1_4' title='bbox 2071 436 2539 497; x_wconf 75' lang='lat' dir='ltr'><strong>ALEXANDBINI</strong></span> <span class='ocrx_word' id='word_1_5' title='bbox 2583 443 2905 499; x_wconf 79' lang='lat' dir='ltr'>ARCIIIEP.</span> 
     </span>
    </p>
   </div>
   <div class='ocr_carea' id='block_1_3' title="bbox 3811 438 3928 495">
    <p class='ocr_par' dir='ltr' id='par_1_3' title="bbox 3811 438 3928 495">
     <span class='ocr_line' id='line_1_3' title="bbox 3811 438 3928 495; baseline 0 0"><span class='ocrx_word' id='word_1_6' title='bbox 3811 438 3928 495; x_wconf 63' lang='lat' dir='ltr'><strong>63f»</strong></span> 
     </span>
    </p>
   </div>
   <div class='ocr_carea' id='block_1_4' title="bbox 620 554 2212 634">
    <p class='ocr_par' dir='ltr' id='par_1_4' title="bbox 620 558 2204 632">
     <span class='ocr_line' id='line_1_4' title="bbox 620 558 2204 632; baseline -0.004 -14"><span class='ocrx_word' id='word_1_7' title='bbox 620 562 784 618; x_wconf 84' lang='lat' dir='ltr'><strong>tidem</strong></span> <span class='ocrx_word' id='word_1_8' title='bbox 811 558 1036 617; x_wconf 88' lang='lat' dir='ltr'><strong>abortirl</strong></span> <span class='ocrx_word' id='word_1_9' title='bbox 1074 558 1300 625; x_wconf 80' lang='lat' dir='ltr'><strong>faciunt,</strong></span> <span class='ocrx_word' id='word_1_10' title='bbox 1338 558 1620 632; x_wconf 78' lang='lat' dir='ltr'><strong>loquentes</strong></span> <span class='ocrx_word' id='word_1_11' title='bbox 1673 560 1802 632; x_wconf 82' lang='lat' dir='ltr'><strong>ipsis</strong></span> <span class='ocrx_word' id='word_1_12' title='bbox 1852 573 2110 632; x_wconf 83' lang='lat' dir='ltr'><strong>perversa</strong></span> <span class='ocrx_word' id='word_1_13' title='bbox 2136 558 2204 626; x_wconf 77' lang='lat'><strong>“,</strong></span> 
     </span>
    </p>
   </div>
   <div class='ocr_carea' id='block_1_5' title="bbox 2317 554 3929 634">
    <p class='ocr_par' dir='ltr' id='par_1_5' title="bbox 2317 554 3929 634">
     <span class='ocr_line' id='line_1_5' title="bbox 2317 554 3929 634; baseline -0.002 -23"><span class='ocrx_word' id='word_1_14' title='bbox 2317 561 2431 625; x_wconf 83' lang='grc' dir='ltr'>ταῖς</span> <span class='ocrx_word' id='word_1_15' title='bbox 2454 560 2520 613; x_wconf 83' lang='grc' dir='ltr'>ὲκ</span> <span class='ocrx_word' id='word_1_16' title='bbox 2549 561 2724 631; x_wconf 86' lang='grc' dir='ltr'>λόγων</span> <span class='ocrx_word' id='word_1_17' title='bbox 2764 563 3004 628; x_wconf 80' lang='grc' dir='ltr'>ἀπάταις</span> <span class='ocrx_word' id='word_1_18' title='bbox 3033 563 3193 634; x_wconf 77' lang='grc' dir='ltr'>ὠμὴν</span> <span class='ocrx_word' id='word_1_19' title='bbox 3229 561 3420 632; x_wconf 79' lang='grc' dir='ltr'>ὥσπερ</span> <span class='ocrx_word' id='word_1_20' title='bbox 3456 558 3581 614; x_wconf 77' lang='grc' dir='ltr'>τινὰ</span> <span class='ocrx_word' id='word_1_21' title='bbox 3648 556 3744 612; x_wconf 88' lang='lat' dir='ltr'><strong>xui</strong></span> <span class='ocrx_word' id='word_1_22' title='bbox 3792 554 3929 610; x_wconf 72' lang='grc' dir='ltr'><strong>ἁτε-</strong></span> 
     </span>
    </p>
   </div>
   <div class='ocr_carea' id='block_1_6' title="bbox 618 652 2206 719">
    <p class='ocr_par' dir='ltr' id='par_1_6' title="bbox 618 652 2206 719">
     <span class='ocr_line' id='line_1_6' title="bbox 618 652 2206 719; baseline -0.003 -8"><span class='ocrx_word' id='word_1_23' title='bbox 618 662 933 711; x_wconf 81' lang='lat' dir='ltr'><strong>eructantes</strong></span> <span class='ocrx_word' id='word_1_24' title='bbox 972 654 1039 710; x_wconf 89' lang='lat' dir='ltr'><strong>de</strong></span> <span class='ocrx_word' id='word_1_25' title='bbox 1088 653 1345 710; x_wconf 86' lang='lat' dir='ltr'><strong>cordibus</strong></span> <span class='ocrx_word' id='word_1_26' title='bbox 1400 654 1537 719; x_wconf 87' lang='lat' dir='ltr'><strong>suis,</strong></span> <span class='ocrx_word' id='word_1_27' title='bbox 1569 669 1674 711; x_wconf 89' lang='lat' dir='ltr'><strong>non</strong></span> <span class='ocrx_word' id='word_1_28' title='bbox 1723 670 1790 709; x_wconf 87' lang='lat' dir='ltr'><strong>ex</strong></span> <span class='ocrx_word' id='word_1_29' title='bbox 1829 668 1924 709; x_wconf 90' lang='lat' dir='ltr'><strong>ore</strong></span> <span class='ocrx_word' id='word_1_30' title='bbox 1973 652 2206 708; x_wconf 85' lang='lat' dir='ltr'><strong>Domini.</strong></span> 
     </span>
    </p>
   </div>
   <div class='ocr_carea' id='block_1_7' title="bbox 625 742 2209 814">
    <p class='ocr_par' dir='ltr' id='par_1_7' title="bbox 625 742 2209 814">
     <span class='ocr_line' id='line_1_7' title="bbox 625 742 2209 814; baseline -0.001 -16"><span class='ocrx_word' id='word_1_31' title='bbox 625 765 645 798; x_wconf 87' lang='grc'><em>‹</em></span> <span class='ocrx_word' id='word_1_32' title='bbox 684 744 857 801; x_wconf 79' lang='lat' dir='ltr'><strong>Nemo</strong></span> <span class='ocrx_word' id='word_1_33' title='bbox 885 745 1029 801; x_wconf 91' lang='lat' dir='ltr'><strong>enim</strong></span> <span class='ocrx_word' id='word_1_34' title='bbox 1083 745 1235 809; x_wconf 91' lang='lat' dir='ltr'><strong>dicit,</strong></span> <span class='ocrx_word' id='word_1_35' title='bbox 1275 743 1531 801; x_wconf 84' lang='lat' dir='ltr'><strong>Dominus</strong></span> <span class='ocrx_word' id='word_1_36' title='bbox 1571 743 1752 813; x_wconf 80' lang='lat' dir='ltr'><strong>Jesus,</strong></span> <span class='ocrx_word' id='word_1_37' title='bbox 1780 744 1881 800; x_wconf 91' lang='lat' dir='ltr'><strong>nisi</strong></span> <span class='ocrx_word' id='word_1_38' title='bbox 1917 744 1969 799; x_wconf 92' lang='lat' dir='ltr'><strong>in</strong></span> <span class='ocrx_word' id='word_1_39' title='bbox 2001 742 2209 814; x_wconf 90' lang='lat' dir='ltr'><strong>Spiritu</strong></span> 
     </span>
    </p>
   </div>
   <div class='ocr_carea' id='block_1_8' title="bbox 620 834 2208 910">
    <p class='ocr_par' dir='ltr' id='par_1_8' title="bbox 620 834 2208 910">
     <span class='ocr_line' id='line_1_8' title="bbox 620 834 2208 910; baseline -0.002 -17"><span class='ocrx_word' id='word_1_40' title='bbox 620 848 810 895; x_wconf 76' lang='lat' dir='ltr'><strong>sancto</strong></span> <span class='ocrx_word' id='word_1_41' title='bbox 840 837 905 893; x_wconf 82' lang='grc'><strong>³¹.</strong></span> <span class='ocrx_word' id='word_1_42' title='bbox 931 857 949 891; x_wconf 80' lang='grc' dir='ltr'><strong>ι</strong></span> <span class='ocrx_word' id='word_1_43' title='bbox 986 836 1095 894; x_wconf 90' lang='lat' dir='ltr'><strong>Sed</strong></span> <span class='ocrx_word' id='word_1_44' title='bbox 1142 851 1318 910; x_wconf 87' lang='lat' dir='ltr'><strong>neque</strong></span> <span class='ocrx_word' id='word_1_45' title='bbox 1346 836 1631 894; x_wconf 90' lang='lat' dir='ltr'><strong>anathema</strong></span> <span class='ocrx_word' id='word_1_46' title='bbox 1669 836 1798 895; x_wconf 77' lang='lat' dir='ltr'><strong>Jesu</strong></span> <span class='ocrx_word' id='word_1_47' title='bbox 1829 837 1979 904; x_wconf 92' lang='lat' dir='ltr'><strong>dicit,</strong></span> <span class='ocrx_word' id='word_1_48' title='bbox 2020 837 2121 891; x_wconf 86' lang='lat' dir='ltr'><strong>nisi</strong></span> <span class='ocrx_word' id='word_1_49' title='bbox 2154 834 2208 890; x_wconf 91' lang='lat' dir='ltr'><strong>in</strong></span> 
     </span>
    </p>
   </div>
   <div class='ocr_carea' id='block_1_9' title="bbox 624 929 924 987">
    <p class='ocr_par' dir='ltr' id='par_1_9' title="bbox 624 929 924 987">
     <span class='ocr_line' id='line_1_9' title="bbox 624 929 924 987; baseline 0.003 -3"><span class='ocrx_word' id='word_1_50' title='bbox 624 929 924 987; x_wconf 81' lang='lat' dir='ltr'><strong>Beelzebub</strong></span> 
     </span>
    </p>
   </div>
   <div class='ocr_carea' id='block_1_10' title="bbox 1315 1218 1575 1275">
    <p class='ocr_par' dir='ltr' id='par_1_10' title="bbox 1315 1218 1575 1275">
     <span class='ocr_line' id='line_1_10' title="bbox 1315 1218 1575 1275; baseline 0 0"><span class='ocrx_word' id='word_1_51' title='bbox 1315 1218 1471 1275; x_wconf 83' lang='lat' dir='ltr'><strong>CAP.</strong></span> <span class='ocrx_word' id='word_1_52' title='bbox 1510 1219 1575 1275; x_wconf 95' lang='lat' dir='ltr'>II.</span> 
     </span>
    </p>
   </div>
   <div class='ocr_carea' id='block_1_11' title="bbox 695 1310 2212 1381">
    <p class='ocr_par' dir='ltr' id='par_1_11' title="bbox 695 1310 2212 1381">
     <span class='ocr_line' id='line_1_11' title="bbox 695 1310 2212 1381; baseline -0.002 -13"><span class='ocrx_word' id='word_1_53' title='bbox 695 1314 862 1371; x_wconf 74' lang='lat' dir='ltr'><strong>Vens.</strong></span> <span class='ocrx_word' id='word_1_54' title='bbox 878 1316 899 1370; x_wconf 86' lang='lat' dir='ltr'><strong>l</strong></span> <span class='ocrx_word' id='word_1_55' title='bbox 915 1314 989 1369; x_wconf 70' lang='grc' dir='ltr'><strong>οὗ.</strong></span> <span class='ocrx_word' id='word_1_56' title='bbox 1026 1312 1153 1369; x_wconf 66' lang='lat' dir='ltr'><strong>llaec</strong></span> <span class='ocrx_word' id='word_1_57' title='bbox 1168 1312 1295 1367; x_wconf 84' lang='lat' dir='ltr'><strong>dicit</strong></span> <span class='ocrx_word' id='word_1_58' title='bbox 1328 1313 1593 1369; x_wconf 76' lang='lat' dir='ltr'><strong>Dominus</strong></span> <span class='ocrx_word' id='word_1_59' title='bbox 1615 1328 1633 1367; x_wconf 93' lang='lat'><strong><em>:</em></strong></span> <span class='ocrx_word' id='word_1_60' title='bbox 1657 1310 2015 1381; x_wconf 79' lang='lat' dir='ltr'><strong>Supertribus</strong></span> <span class='ocrx_word' id='word_1_61' title='bbox 2036 1310 2212 1380; x_wconf 88' lang='lat' dir='ltr'><strong>impie-</strong></span> 
     </span>
    </p>
   </div>
   <div class='ocr_carea' id='block_1_12' title="bbox 626 1404 2212 1477">
    <p class='ocr_par' dir='ltr' id='par_1_12' title="bbox 626 1404 2212 1477">
     <span class='ocr_line' id='line_1_12' title="bbox 626 1404 2212 1477; baseline -0.003 -15"><span class='ocrx_word' id='word_1_62' title='bbox 626 1408 825 1463; x_wconf 78' lang='lat' dir='ltr'><strong>tatibus</strong></span> <span class='ocrx_word' id='word_1_63' title='bbox 864 1404 1038 1473; x_wconf 81' lang='lat' dir='ltr'><strong>Moab,</strong></span> <span class='ocrx_word' id='word_1_64' title='bbox 1072 1416 1119 1460; x_wconf 87' lang='lat' dir='ltr'><strong>et</strong></span> <span class='ocrx_word' id='word_1_65' title='bbox 1139 1422 1296 1476; x_wconf 78' lang='lat' dir='ltr'><strong>super</strong></span> <span class='ocrx_word' id='word_1_66' title='bbox 1323 1416 1553 1477; x_wconf 87' lang='lat' dir='ltr'><strong>quatuor</strong></span> <span class='ocrx_word' id='word_1_67' title='bbox 1578 1422 1681 1458; x_wconf 86' lang='lat' dir='ltr'><strong>non</strong></span> <span class='ocrx_word' id='word_1_68' title='bbox 1708 1414 2001 1459; x_wconf 71' lang='lat' dir='ltr'><strong>convertam</strong></span> <span class='ocrx_word' id='word_1_69' title='bbox 2020 1419 2128 1468; x_wconf 77' lang='lat' dir='ltr'><strong>eos,</strong></span> <span class='ocrx_word' id='word_1_70' title='bbox 2151 1418 2212 1457; x_wconf 89' lang='lat' dir='ltr'><strong>eo</strong></span> 
     </span>
    </p>
   </div>
   <div class='ocr_carea' id='block_1_13' title="bbox 622 1492 2207 1569">
    <p class='ocr_par' dir='ltr' id='par_1_13' title="bbox 622 1492 2207 1569">
     <span class='ocr_line' id='line_1_13' title="bbox 622 1492 2207 1569; baseline -0.003 -17"><span class='ocrx_word' id='word_1_71' title='bbox 622 1499 764 1569; x_wconf 86' lang='lat' dir='ltr'><strong>quod</strong></span> <span class='ocrx_word' id='word_1_72' title='bbox 808 1496 1203 1552; x_wconf 78' lang='lat' dir='ltr'><strong>combusserunt</strong></span> <span class='ocrx_word' id='word_1_73' title='bbox 1245 1513 1365 1552; x_wconf 75' lang='lat' dir='ltr'><strong>ossa</strong></span> <span class='ocrx_word' id='word_1_74' title='bbox 1405 1497 1544 1566; x_wconf 79' lang='lat' dir='ltr'><strong>regis</strong></span> <span class='ocrx_word' id='word_1_75' title='bbox 1584 1493 1838 1550; x_wconf 76' lang='lat' dir='ltr'><strong>Idumtea:</strong></span> <span class='ocrx_word' id='word_1_76' title='bbox 1883 1494 1939 1548; x_wconf 85' lang='lat' dir='ltr'><strong>in</strong></span> <span class='ocrx_word' id='word_1_77' title='bbox 1962 1492 2207 1548; x_wconf 75' lang='lat' dir='ltr'><strong>cinerem.</strong></span> 
     </span>
    </p>
   </div>
   <div class='ocr_carea' id='block_1_14' title="bbox 626 1585 2211 1657">
    <p class='ocr_par' dir='ltr' id='par_1_14' title="bbox 626 1585 2211 1657">
     <span class='ocr_line' id='line_1_14' title="bbox 626 1585 2211 1657; baseline 0 -16"><span class='ocrx_word' id='word_1_78' title='bbox 626 1586 695 1642; x_wconf 83' lang='lat' dir='ltr'><strong>Et</strong></span> <span class='ocrx_word' id='word_1_79' title='bbox 735 1588 933 1642; x_wconf 88' lang='lat' dir='ltr'><strong>mittam</strong></span> <span class='ocrx_word' id='word_1_80' title='bbox 968 1588 1139 1657; x_wconf 82' lang='lat' dir='ltr'><strong>ignem</strong></span> <span class='ocrx_word' id='word_1_81' title='bbox 1179 1588 1233 1642; x_wconf 82' lang='lat' dir='ltr'><strong>in</strong></span> <span class='ocrx_word' id='word_1_82' title='bbox 1274 1585 1460 1653; x_wconf 77' lang='lat' dir='ltr'><strong>Moab,</strong></span> <span class='ocrx_word' id='word_1_83' title='bbox 1492 1595 1543 1642; x_wconf 87' lang='lat' dir='ltr'><strong>et</strong></span> <span class='ocrx_word' id='word_1_84' title='bbox 1569 1587 1834 1641; x_wconf 73' lang='lat' dir='ltr'><strong>devorabit</strong></span> <span class='ocrx_word' id='word_1_85' title='bbox 1861 1586 2211 1656; x_wconf 74' lang='lat' dir='ltr'><strong>fundamenta</strong></span> 
     </span>
    </p>
   </div>
   <div class='ocr_carea' id='block_1_15' title="bbox 627 1677 2212 1750">
    <p class='ocr_par' dir='ltr' id='par_1_15' title="bbox 627 1677 2212 1750">
     <span class='ocr_line' id='line_1_15' title="bbox 627 1677 2212 1750; baseline 0.001 -18"><span class='ocrx_word' id='word_1_86' title='bbox 627 1680 835 1733; x_wconf 85' lang='lat' dir='ltr'><strong>urbium</strong></span> <span class='ocrx_word' id='word_1_87' title='bbox 882 1679 1018 1749; x_wconf 80' lang='lat' dir='ltr'><strong>ejus.</strong></span> <span class='ocrx_word' id='word_1_88' title='bbox 1047 1688 1099 1734; x_wconf 90' lang='lat' dir='ltr'><strong>et</strong></span> <span class='ocrx_word' id='word_1_89' title='bbox 1143 1680 1398 1735; x_wconf 87' lang='lat' dir='ltr'><strong>morietur</strong></span> <span class='ocrx_word' id='word_1_90' title='bbox 1432 1679 1486 1734; x_wconf 86' lang='lat' dir='ltr'><strong>in</strong></span> <span class='ocrx_word' id='word_1_91' title='bbox 1540 1679 1851 1750; x_wconf 75' lang='lat' dir='ltr'><strong>impotentia</strong></span> <span class='ocrx_word' id='word_1_92' title='bbox 1891 1677 2212 1743; x_wconf 73' lang='lat' dir='ltr'><strong>Moab,cum</strong></span> 
     </span>
    </p>
   </div>
   <div class='ocr_carea' id='block_1_16' title="bbox 626 1770 2213 1843">
    <p class='ocr_par' dir='ltr' id='par_1_16' title="bbox 626 1770 2213 1843">
     <span class='ocr_line' id='line_1_16' title="bbox 626 1770 2213 1843; baseline 0.001 -18"><span class='ocrx_word' id='word_1_93' title='bbox 626 1787 749 1826; x_wconf 72' lang='lat' dir='ltr'><strong>voce</strong></span> <span class='ocrx_word' id='word_1_94' title='bbox 802 1782 850 1825; x_wconf 86' lang='lat' dir='ltr'><strong>et</strong></span> <span class='ocrx_word' id='word_1_95' title='bbox 903 1789 1019 1825; x_wconf 85' lang='lat' dir='ltr'><strong>cum</strong></span> <span class='ocrx_word' id='word_1_96' title='bbox 1087 1772 1318 1826; x_wconf 74' lang='lat' dir='ltr'><strong>clamore</strong></span> <span class='ocrx_word' id='word_1_97' title='bbox 1385 1770 1548 1828; x_wconf 76' lang='lat' dir='ltr'><strong>tubte.</strong></span> <span class='ocrx_word' id='word_1_98' title='bbox 1617 1772 1688 1826; x_wconf 84' lang='lat' dir='ltr'><strong>Et</strong></span> <span class='ocrx_word' id='word_1_99' title='bbox 1724 1771 2023 1841; x_wconf 77' lang='lat' dir='ltr'><strong>disperdam</strong></span> <span class='ocrx_word' id='word_1_100' title='bbox 2059 1773 2213 1843; x_wconf 85' lang='lat' dir='ltr'><strong>judi-</strong></span> 
     </span>
    </p>
   </div>
   <div class='ocr_carea' id='block_1_17' title="bbox 625 1860 2211 1932">
    <p class='ocr_par' dir='ltr' id='par_1_17' title="bbox 625 1860 2211 1932">
     <span class='ocr_line' id='line_1_17' title="bbox 625 1860 2211 1932; baseline -0.001 -16"><span class='ocrx_word' id='word_1_101' title='bbox 625 1876 739 1917; x_wconf 84' lang='lat' dir='ltr'><strong>cem</strong></span> <span class='ocrx_word' id='word_1_102' title='bbox 771 1878 836 1916; x_wconf 77' lang='lat' dir='ltr'><strong>ea:</strong></span> <span class='ocrx_word' id='word_1_103' title='bbox 874 1879 955 1930; x_wconf 82' lang='lat' dir='ltr'><strong>ea,</strong></span> <span class='ocrx_word' id='word_1_104' title='bbox 996 1870 1046 1916; x_wconf 86' lang='lat' dir='ltr'><strong>et</strong></span> <span class='ocrx_word' id='word_1_105' title='bbox 1069 1876 1247 1916; x_wconf 80' lang='lat' dir='ltr'><strong>omnes</strong></span> <span class='ocrx_word' id='word_1_106' title='bbox 1272 1861 1531 1932; x_wconf 77' lang='lat' dir='ltr'><strong>principes</strong></span> <span class='ocrx_word' id='word_1_107' title='bbox 1563 1862 1681 1932; x_wconf 76' lang='lat' dir='ltr'><strong>ejus</strong></span> <span class='ocrx_word' id='word_1_108' title='bbox 1716 1860 2030 1929; x_wconf 78' lang='lat' dir='ltr'><strong>interﬁciant</strong></span> <span class='ocrx_word' id='word_1_109' title='bbox 2090 1877 2211 1915; x_wconf 78' lang='lat' dir='ltr'><strong>cum</strong></span> 
     </span>
    </p>
   </div>
   <div class='ocr_carea' id='block_1_18' title="bbox 624 1954 1176 2020">
    <p class='ocr_par' dir='ltr' id='par_1_18' title="bbox 624 1954 1176 2020">
     <span class='ocr_line' id='line_1_18' title="bbox 624 1954 1176 2020; baseline -0.004 -10"><span class='ocrx_word' id='word_1_110' title='bbox 624 1971 710 2020; x_wconf 73' lang='lat' dir='ltr'><strong>ea,</strong></span> <span class='ocrx_word' id='word_1_111' title='bbox 742 1955 867 2009; x_wconf 85' lang='lat' dir='ltr'><strong>dicit</strong></span> <span class='ocrx_word' id='word_1_112' title='bbox 896 1954 1176 2010; x_wconf 76' lang='lat' dir='ltr'><strong>Dominus.</strong></span> 
     </span>
    </p>
   </div>
   <div class='ocr_carea' id='block_1_19' title="bbox 703 2216 2211 2289">
    <p class='ocr_par' dir='ltr' id='par_1_19' title="bbox 703 2216 2211 2289">
     <span class='ocr_line' id='line_1_19' title="bbox 703 2216 2211 2289; baseline -0.003 -14"><span class='ocrx_word' id='word_1_113' title='bbox 703 2218 841 2276; x_wconf 80' lang='lat' dir='ltr'>XIII.</span> <span class='ocrx_word' id='word_1_114' title='bbox 864 2217 1111 2275; x_wconf 71' lang='lat' dir='ltr'><strong>Moabitae</strong></span> <span class='ocrx_word' id='word_1_115' title='bbox 1138 2217 1360 2289; x_wconf 79' lang='lat' dir='ltr'><strong>insuper</strong></span> <span class='ocrx_word' id='word_1_116' title='bbox 1387 2233 1492 2274; x_wconf 86' lang='lat' dir='ltr'><strong>non</strong></span> <span class='ocrx_word' id='word_1_117' title='bbox 1526 2217 1820 2288; x_wconf 82' lang='lat' dir='ltr'><strong>vulgariter</strong></span> <span class='ocrx_word' id='word_1_118' title='bbox 1843 2217 2091 2274; x_wconf 78' lang='lat' dir='ltr'><strong>scelerati</strong></span> <span class='ocrx_word' id='word_1_119' title='bbox 2113 2216 2211 2286; x_wconf 85' lang='lat' dir='ltr'><strong>ipsi</strong></span> 
     </span>
    </p>
   </div>
   <div class='ocr_carea' id='block_1_20' title="bbox 626 2308 2214 2385">
    <p class='ocr_par' dir='ltr' id='par_1_20' title="bbox 626 2308 2214 2385">
     <span class='ocr_line' id='line_1_20' title="bbox 626 2308 2214 2385; baseline -0.004 -16"><span class='ocrx_word' id='word_1_120' title='bbox 626 2327 845 2385; x_wconf 72' lang='lat' dir='ltr'><strong>quoque</strong></span> <span class='ocrx_word' id='word_1_121' title='bbox 877 2311 1344 2367; x_wconf 81' lang='lat' dir='ltr'><strong>mansuetudinem</strong></span> <span class='ocrx_word' id='word_1_122' title='bbox 1370 2318 1423 2366; x_wconf 91' lang='lat' dir='ltr'><strong>et</strong></span> <span class='ocrx_word' id='word_1_123' title='bbox 1450 2309 1771 2379; x_wconf 81' lang='lat' dir='ltr'><strong>patientiam</strong></span> <span class='ocrx_word' id='word_1_124' title='bbox 1805 2308 1896 2366; x_wconf 88' lang='lat' dir='ltr'><strong>Dei</strong></span> <span class='ocrx_word' id='word_1_125' title='bbox 1932 2310 2214 2365; x_wconf 85' lang='lat' dir='ltr'><strong>universo-</strong></span> 
     </span>
    </p>
   </div>
   <div class='ocr_carea' id='block_1_21' title="bbox 628 2394 2212 2476">
    <p class='ocr_par' dir='ltr' id='par_1_21' title="bbox 628 2394 2212 2476">
     <span class='ocr_line' id='line_1_21' title="bbox 628 2394 2212 2476; baseline -0.004 -15"><span class='ocrx_word' id='word_1_126' title='bbox 628 2422 746 2461; x_wconf 91' lang='lat' dir='ltr'><strong>rum</strong></span> <span class='ocrx_word' id='word_1_127' title='bbox 771 2406 883 2476; x_wconf 86' lang='lat' dir='ltr'><strong>jam</strong></span> <span class='ocrx_word' id='word_1_128' title='bbox 923 2412 1337 2473; x_wconf 79' lang='lat' dir='ltr'><strong>superaverant,</strong></span> <span class='ocrx_word' id='word_1_129' title='bbox 1368 2403 1568 2472; x_wconf 84' lang='lat' dir='ltr'><strong>quibus</strong></span> <span class='ocrx_word' id='word_1_130' title='bbox 1602 2394 1850 2458; x_wconf 74' lang='lat' dir='ltr'><strong>criminis</strong></span> <span class='ocrx_word' id='word_1_131' title='bbox 1906 2401 2023 2457; x_wconf 92' lang='lat' dir='ltr'><strong>loco</strong></span> <span class='ocrx_word' id='word_1_132' title='bbox 2076 2400 2212 2470; x_wconf 82' lang='lat' dir='ltr'><strong>obji-</strong></span> 
     </span>
    </p>
   </div>
   <div class='ocr_carea' id='block_1_22' title="bbox 625 2491 2216 2562">
    <p class='ocr_par' dir='ltr' id='par_1_22' title="bbox 625 2491 2216 2562">
     <span class='ocr_line' id='line_1_22' title="bbox 625 2491 2216 2562; baseline -0.001 -13"><span class='ocrx_word' id='word_1_133' title='bbox 625 2494 773 2550; x_wconf 92' lang='lat' dir='ltr'><strong>citur</strong></span> <span class='ocrx_word' id='word_1_134' title='bbox 818 2502 1100 2562; x_wconf 88' lang='lat' dir='ltr'><strong>peccatum</strong></span> <span class='ocrx_word' id='word_1_135' title='bbox 1135 2493 1186 2547; x_wconf 93' lang='lat' dir='ltr'><strong>in</strong></span> <span class='ocrx_word' id='word_1_136' title='bbox 1239 2502 1541 2548; x_wconf 87' lang='lat' dir='ltr'><strong>mortuum.</strong></span> <span class='ocrx_word' id='word_1_137' title='bbox 1574 2491 1953 2547; x_wconf 82' lang='lat' dir='ltr'><strong>Combussisse</strong></span> <span class='ocrx_word' id='word_1_138' title='bbox 1992 2506 2086 2547; x_wconf 87' lang='lat' dir='ltr'><strong>eos</strong></span> <span class='ocrx_word' id='word_1_139' title='bbox 2138 2491 2216 2547; x_wconf 85' lang='lat' dir='ltr'><strong>ait</strong></span> 
     </span>
    </p>
   </div>
   <div class='ocr_carea' id='block_1_23' title="bbox 626 2582 2211 2656">
    <p class='ocr_par' dir='ltr' id='par_1_23' title="bbox 626 2582 2211 2656">
     <span class='ocr_line' id='line_1_23' title="bbox 626 2582 2211 2656; baseline -0.003 -13"><span class='ocrx_word' id='word_1_140' title='bbox 626 2601 751 2643; x_wconf 78' lang='lat' dir='ltr'><strong>ossa</strong></span> <span class='ocrx_word' id='word_1_141' title='bbox 785 2584 928 2656; x_wconf 87' lang='lat' dir='ltr'><strong>regis</strong></span> <span class='ocrx_word' id='word_1_142' title='bbox 981 2584 1246 2648; x_wconf 67' lang='lat' dir='ltr'><strong>ldumaaaa,</strong></span> <span class='ocrx_word' id='word_1_143' title='bbox 1269 2594 1322 2638; x_wconf 92' lang='lat' dir='ltr'><strong>et</strong></span> <span class='ocrx_word' id='word_1_144' title='bbox 1358 2582 1440 2639; x_wconf 90' lang='lat' dir='ltr'><strong>sic</strong></span> <span class='ocrx_word' id='word_1_145' title='bbox 1491 2583 1880 2648; x_wconf 85' lang='lat' dir='ltr'><strong>combussisse,</strong></span> <span class='ocrx_word' id='word_1_146' title='bbox 1916 2590 1976 2637; x_wconf 91' lang='lat' dir='ltr'><strong>ut</strong></span> <span class='ocrx_word' id='word_1_147' title='bbox 2014 2584 2071 2640; x_wconf 88' lang='lat' dir='ltr'><strong>in</strong></span> <span class='ocrx_word' id='word_1_148' title='bbox 2097 2592 2211 2638; x_wconf 79' lang='lat' dir='ltr'><strong>ter-</strong></span> 
     </span>
    </p>
   </div>
   <div class='ocr_carea' id='block_1_24' title="bbox 629 2675 2214 2747">
    <p class='ocr_par' dir='ltr' id='par_1_24' title="bbox 629 2675 2214 2747">
     <span class='ocr_line' id='line_1_24' title="bbox 629 2675 2214 2747; baseline -0.001 -14"><span class='ocrx_word' id='word_1_149' title='bbox 629 2694 747 2733; x_wconf 88' lang='lat' dir='ltr'><strong>ram</strong></span> <span class='ocrx_word' id='word_1_150' title='bbox 777 2693 841 2733; x_wconf 91' lang='lat' dir='ltr'><strong>ac</strong></span> <span class='ocrx_word' id='word_1_151' title='bbox 870 2676 1148 2747; x_wconf 82' lang='lat' dir='ltr'><strong>pulverem</strong></span> <span class='ocrx_word' id='word_1_152' title='bbox 1194 2678 1594 2747; x_wconf 88' lang='lat' dir='ltr'><strong>redigerentur.</strong></span> <span class='ocrx_word' id='word_1_153' title='bbox 1628 2675 1768 2744; x_wconf 84' lang='lat' dir='ltr'><strong>Quid</strong></span> <span class='ocrx_word' id='word_1_154' title='bbox 1806 2676 1972 2747; x_wconf 80' lang='lat' dir='ltr'><strong>igitur</strong></span> <span class='ocrx_word' id='word_1_155' title='bbox 2034 2675 2214 2731; x_wconf 78' lang='lat' dir='ltr'><strong>scelus</strong></span> 
     </span>
    </p>
   </div>
   <div class='ocr_carea' id='block_1_25' title="bbox 627 2754 2216 2833">
    <p class='ocr_par' dir='ltr' id='par_1_25' title="bbox 627 2754 2216 2833">
     <span class='ocr_line' id='line_1_25' title="bbox 627 2754 2216 2833; baseline -0.001 -7"><span class='ocrx_word' id='word_1_156' title='bbox 627 2770 1017 2833; x_wconf 69' lang='lat' dir='ltr'><strong>hociodium,</strong></span> <span class='ocrx_word' id='word_1_157' title='bbox 1046 2777 1102 2824; x_wconf 89' lang='lat' dir='ltr'><strong>et</strong></span> <span class='ocrx_word' id='word_1_158' title='bbox 1154 2768 1545 2833; x_wconf 89' lang='lat' dir='ltr'><strong>inhumanitas,</strong></span> <span class='ocrx_word' id='word_1_159' title='bbox 1600 2779 1655 2823; x_wconf 91' lang='lat' dir='ltr'><strong>et</strong></span> <span class='ocrx_word' id='word_1_160' title='bbox 1710 2768 1971 2824; x_wconf 85' lang='lat' dir='ltr'><strong>indomita</strong></span> <span class='ocrx_word' id='word_1_161' title='bbox 2016 2754 2216 2824; x_wconf 21' lang='lat' dir='ltr'><strong>Iferitas</strong></span> 
     </span>
    </p>
   </div>
   <div class='ocr_carea' id='block_1_26' title="bbox 627 2860 2214 2922">
    <p class='ocr_par' dir='ltr' id='par_1_26' title="bbox 627 2860 2214 2922">
     <span class='ocr_line' id='line_1_26' title="bbox 627 2860 2214 2922; baseline -0.004 -1"><span class='ocrx_word' id='word_1_162' title='bbox 627 2874 819 2922; x_wconf 82' lang='lat' dir='ltr'><strong>contra</strong></span> <span class='ocrx_word' id='word_1_163' title='bbox 868 2864 1158 2921; x_wconf 86' lang='lat' dir='ltr'><strong>lsraclitas.</strong></span> <span class='ocrx_word' id='word_1_164' title='bbox 1205 2860 1500 2916; x_wconf 88' lang='lat' dir='ltr'><strong>Combusta</strong></span> <span class='ocrx_word' id='word_1_165' title='bbox 1562 2860 1704 2915; x_wconf 90' lang='lat' dir='ltr'><strong>enim</strong></span> <span class='ocrx_word' id='word_1_166' title='bbox 1766 2874 1888 2915; x_wconf 89' lang='lat' dir='ltr'><strong>esse</strong></span> <span class='ocrx_word' id='word_1_167' title='bbox 1931 2860 2214 2916; x_wconf 85' lang='lat' dir='ltr'><strong>memorati</strong></span> 
     </span>
    </p>
   </div>
   <div class='ocr_carea' id='block_1_27' title="bbox 629 2951 2213 3029">
    <p class='ocr_par' dir='ltr' id='par_1_27' title="bbox 629 2951 2213 3029">
     <span class='ocr_line' id='line_1_27' title="bbox 629 2951 2213 3029; baseline -0.006 -14"><span class='ocrx_word' id='word_1_168' title='bbox 629 2959 775 3029; x_wconf 85' lang='lat' dir='ltr'><strong>regis</strong></span> <span class='ocrx_word' id='word_1_169' title='bbox 804 2973 927 3015; x_wconf 88' lang='lat' dir='ltr'><strong>ossa</strong></span> <span class='ocrx_word' id='word_1_170' title='bbox 964 2972 1070 3012; x_wconf 87' lang='lat' dir='ltr'><strong>non</strong></span> <span class='ocrx_word' id='word_1_171' title='bbox 1101 2955 1172 3011; x_wconf 90' lang='lat' dir='ltr'><strong>ob</strong></span> <span class='ocrx_word' id='word_1_172' title='bbox 1200 2952 1342 3010; x_wconf 90' lang='lat' dir='ltr'><strong>aliud</strong></span> <span class='ocrx_word' id='word_1_173' title='bbox 1375 2952 1641 3023; x_wconf 83' lang='lat' dir='ltr'><strong>quispiam</strong></span> <span class='ocrx_word' id='word_1_174' title='bbox 1701 2951 2016 3019; x_wconf 85' lang='lat' dir='ltr'><strong>alIirmarit,</strong></span> <span class='ocrx_word' id='word_1_175' title='bbox 2050 2968 2213 3023; x_wconf 87' lang='lat' dir='ltr'><strong>quam</strong></span> 
     </span>
    </p>
   </div>
   <div class='ocr_carea' id='block_1_28' title="bbox 626 3046 2212 3115">
    <p class='ocr_par' dir='ltr' id='par_1_28' title="bbox 626 3046 2212 3115">
     <span class='ocr_line' id='line_1_28' title="bbox 626 3046 2212 3115; baseline -0.005 -10"><span class='ocrx_word' id='word_1_176' title='bbox 626 3052 699 3107; x_wconf 84' lang='lat' dir='ltr'><strong>ob</strong></span> <span class='ocrx_word' id='word_1_177' title='bbox 735 3051 1009 3107; x_wconf 82' lang='lat' dir='ltr'><strong>Israelitas</strong></span> <span class='ocrx_word' id='word_1_178' title='bbox 1040 3058 1273 3104; x_wconf 84' lang='lat' dir='ltr'><strong>tantum.</strong></span> <span class='ocrx_word' id='word_1_179' title='bbox 1313 3046 1504 3101; x_wconf 82' lang='lat' dir='ltr'><strong>Notam</strong></span> <span class='ocrx_word' id='word_1_180' title='bbox 1533 3046 1816 3102; x_wconf 79' lang='lat' dir='ltr'><strong>historiam</strong></span> <span class='ocrx_word' id='word_1_181' title='bbox 1842 3046 2030 3115; x_wconf 85' lang='lat' dir='ltr'><strong>paucis</strong></span> <span class='ocrx_word' id='word_1_182' title='bbox 2083 3061 2212 3099; x_wconf 84' lang='lat' dir='ltr'><strong>nar-</strong></span> 
     </span>
    </p>
   </div>
   <div class='ocr_carea' id='block_1_29' title="bbox 626 3138 2211 3213">
    <p class='ocr_par' dir='ltr' id='par_1_29' title="bbox 626 3138 2211 3213">
     <span class='ocr_line' id='line_1_29' title="bbox 626 3138 2211 3213; baseline -0.006 -14"><span class='ocrx_word' id='word_1_183' title='bbox 626 3143 782 3199; x_wconf 82' lang='lat' dir='ltr'><strong>rabo.</strong></span> <span class='ocrx_word' id='word_1_184' title='bbox 822 3140 880 3198; x_wconf 88' lang='lat' dir='ltr'><strong>In</strong></span> <span class='ocrx_word' id='word_1_185' title='bbox 936 3151 1131 3213; x_wconf 88' lang='lat' dir='ltr'><strong>quarto</strong></span> <span class='ocrx_word' id='word_1_186' title='bbox 1204 3139 1408 3211; x_wconf 78' lang='lat' dir='ltr'><strong>Regum</strong></span> <span class='ocrx_word' id='word_1_187' title='bbox 1470 3138 1781 3193; x_wconf 86' lang='lat' dir='ltr'><strong>mandatum</strong></span> <span class='ocrx_word' id='word_1_188' title='bbox 1837 3148 1920 3194; x_wconf 89' lang='lat' dir='ltr'><strong>est</strong></span> <span class='ocrx_word' id='word_1_189' title='bbox 1982 3139 2211 3202; x_wconf 85' lang='lat' dir='ltr'><strong>litteris,</strong></span> 
     </span>
    </p>
   </div>
   <div class='ocr_carea' id='block_1_30' title="bbox 629 3229 2216 3303">
    <p class='ocr_par' dir='ltr' id='par_1_30' title="bbox 629 3229 2216 3303">
     <span class='ocr_line' id='line_1_30' title="bbox 629 3229 2216 3303; baseline -0.004 -14"><span class='ocrx_word' id='word_1_190' title='bbox 629 3242 841 3291; x_wconf 90' lang='lat' dir='ltr'><strong>mortuo</strong></span> <span class='ocrx_word' id='word_1_191' title='bbox 882 3232 1092 3300; x_wconf 82' lang='lat' dir='ltr'><strong>Achab,</strong></span> <span class='ocrx_word' id='word_1_192' title='bbox 1124 3248 1303 3303; x_wconf 88' lang='lat' dir='ltr'><strong>regem</strong></span> <span class='ocrx_word' id='word_1_193' title='bbox 1332 3229 1487 3286; x_wconf 86' lang='lat' dir='ltr'><strong>Moab</strong></span> <span class='ocrx_word' id='word_1_194' title='bbox 1524 3230 1931 3301; x_wconf 61' lang='lat' dir='ltr'><strong>praevaricatum</strong></span> <span class='ocrx_word' id='word_1_195' title='bbox 1963 3244 2082 3286; x_wconf 86' lang='lat' dir='ltr'><strong>esse</strong></span> <span class='ocrx_word' id='word_1_196' title='bbox 2115 3229 2216 3284; x_wconf 76' lang='lat' dir='ltr'><strong>fte-</strong></span> 
     </span>
    </p>
   </div>
   <div class='ocr_carea' id='block_1_31' title="bbox 2319 650 3926 728">
    <p class='ocr_par' dir='ltr' id='par_1_31' title="bbox 2319 650 3926 728">
     <span class='ocr_line' id='line_1_31' title="bbox 2319 650 3926 728; baseline -0.003 -22"><span class='ocrx_word' id='word_1_197' title='bbox 2319 652 2654 725; x_wconf 79' lang='grc' dir='ltr'>λεσφόρητον</span> <span class='ocrx_word' id='word_1_198' title='bbox 2698 656 2881 721; x_wconf 81' lang='grc' dir='ltr'>αὐτοῖς</span> <span class='ocrx_word' id='word_1_199' title='bbox 2910 655 3008 728; x_wconf 78' lang='grc' dir='ltr'>τὴν</span> <span class='ocrx_word' id='word_1_200' title='bbox 3043 655 3229 709; x_wconf 81' lang='grc' dir='ltr'>πίστιν</span> <span class='ocrx_word' id='word_1_201' title='bbox 3257 650 3689 724; x_wconf 78' lang='grc' dir='ltr'>ἀπαμὸλώσκειν</span> <span class='ocrx_word' id='word_1_202' title='bbox 3726 663 3926 717; x_wconf 73' lang='grc' dir='ltr'>παρα·</span> 
     </span>
    </p>
   </div>
   <div class='ocr_carea' id='block_1_32' title="bbox 2322 740 3926 822">
    <p class='ocr_par' dir='ltr' id='par_1_32' title="bbox 2322 740 3926 822">
     <span class='ocr_line' id='line_1_32' title="bbox 2322 740 3926 822; baseline -0.007 -21"><span class='ocrx_word' id='word_1_203' title='bbox 2322 747 2670 813; x_wconf 73' lang='grc' dir='ltr'>σκευάζουσι,</span> <span class='ocrx_word' id='word_1_204' title='bbox 2699 747 2987 812; x_wconf 79' lang='grc' dir='ltr'><strong>λαλοῦντες</strong></span> <span class='ocrx_word' id='word_1_205' title='bbox 3014 748 3199 822; x_wconf 62' lang='grc' dir='ltr'>αὐτοῖς</span> <span class='ocrx_word' id='word_1_206' title='bbox 3216 744 3287 800; x_wconf 84' lang='grc' dir='ltr'>τὰ</span> <span class='ocrx_word' id='word_1_207' title='bbox 3307 743 3735 816; x_wconf 73' lang='grc' dir='ltr'><strong>διεστραμμένα,</strong></span> <span class='ocrx_word' id='word_1_208' title='bbox 3769 740 3926 808; x_wconf 75' lang='grc' dir='ltr'>ἐρευ-</span> 
     </span>
    </p>
   </div>
   <div class='ocr_carea' id='block_1_33' title="bbox 2319 831 3923 913">
    <p class='ocr_par' dir='ltr' id='par_1_33' title="bbox 2319 831 3923 913">
     <span class='ocr_line' id='line_1_33' title="bbox 2319 831 3923 913; baseline -0.01 -17"><span class='ocrx_word' id='word_1_209' title='bbox 2319 841 2541 912; x_wconf 84' lang='grc' dir='ltr'>γόμενοί</span> <span class='ocrx_word' id='word_1_210' title='bbox 2560 858 2621 894; x_wconf 92' lang='grc' dir='ltr'><strong>τε</strong></span> <span class='ocrx_word' id='word_1_211' title='bbox 2647 841 2716 895; x_wconf 82' lang='grc' dir='ltr'>τά</span> <span class='ocrx_word' id='word_1_212' title='bbox 2748 840 2855 894; x_wconf 81' lang='grc' dir='ltr'>άπὸ</span> <span class='ocrx_word' id='word_1_213' title='bbox 2885 840 3114 913; x_wconf 75' lang='grc' dir='ltr'><strong>καρδίας</strong></span> <span class='ocrx_word' id='word_1_214' title='bbox 3142 837 3343 904; x_wconf 77' lang='grc' dir='ltr'>αὐτῶν,</span> <span class='ocrx_word' id='word_1_215' title='bbox 3369 837 3471 891; x_wconf 75' lang='grc' dir='ltr'><strong>οὐκ</strong></span> <span class='ocrx_word' id='word_1_216' title='bbox 3498 834 3605 889; x_wconf 81' lang='grc' dir='ltr'>άπὸ</span> <span class='ocrx_word' id='word_1_217' title='bbox 3637 831 3923 900; x_wconf 80' lang='grc' dir='ltr'>στόματος</span> 
     </span>
    </p>
   </div>
   <div class='ocr_carea' id='block_1_34' title="bbox 2320 920 3921 1005">
    <p class='ocr_par' dir='ltr' id='par_1_34' title="bbox 2320 920 3921 1005">
     <span class='ocr_line' id='line_1_34' title="bbox 2320 920 3921 1005; baseline -0.002 -17"><span class='ocrx_word' id='word_1_218' title='bbox 2320 933 2549 1005; x_wconf 86' lang='grc' dir='ltr'>Κυρίου.</span> <span class='ocrx_word' id='word_1_219' title='bbox 2588 952 2605 985; x_wconf 86' lang='grc' dir='ltr'><strong>ι</strong></span> <span class='ocrx_word' id='word_1_220' title='bbox 2632 932 2794 1000; x_wconf 81' lang='grc' dir='ltr'><strong>Λέγει</strong></span> <span class='ocrx_word' id='word_1_221' title='bbox 2827 933 2937 1005; x_wconf 78' lang='grc' dir='ltr'>γάρ</span> <span class='ocrx_word' id='word_1_222' title='bbox 2976 932 3173 996; x_wconf 72' lang='grc' dir='ltr'>οὐδεὶς,</span> <span class='ocrx_word' id='word_1_223' title='bbox 3213 932 3298 984; x_wconf 79' lang='grc' dir='ltr'><strong>ὅτι</strong></span> <span class='ocrx_word' id='word_1_224' title='bbox 3341 927 3547 999; x_wconf 79' lang='grc' dir='ltr'>Κύριος</span> <span class='ocrx_word' id='word_1_225' title='bbox 3590 921 3827 991; x_wconf 73' lang='grc' dir='ltr'><strong>Ἰησοῦς,</strong></span> <span class='ocrx_word' id='word_1_226' title='bbox 3870 920 3921 971; x_wconf 75' lang='grc' dir='ltr'><strong>εί</strong></span> 
     </span>
    </p>
   </div>
   <div class='ocr_carea' id='block_1_35' title="bbox 2323 1012 3918 1098">
    <p class='ocr_par' dir='ltr' id='par_1_35' title="bbox 2323 1012 3918 1098">
     <span class='ocr_line' id='line_1_35' title="bbox 2323 1012 3918 1098; baseline -0.011 -16"><span class='ocrx_word' id='word_1_227' title='bbox 2323 1025 2399 1098; x_wconf 80' lang='grc' dir='ltr'>μὴ</span> <span class='ocrx_word' id='word_1_228' title='bbox 2435 1028 2491 1079; x_wconf 78' lang='grc' dir='ltr'>ὲν</span> <span class='ocrx_word' id='word_1_229' title='bbox 2518 1024 2798 1094; x_wconf 83' lang='grc' dir='ltr'>Πνεύματι</span> <span class='ocrx_word' id='word_1_230' title='bbox 2843 1026 3005 1097; x_wconf 82' lang='grc' dir='ltr'>ἁγίῳ,</span> <span class='ocrx_word' id='word_1_231' title='bbox 3043 1043 3060 1076; x_wconf 82' lang='grc' dir='ltr'><strong>ι</strong></span> <span class='ocrx_word' id='word_1_232' title='bbox 3108 1023 3222 1079; x_wconf 81' lang='grc' dir='ltr'>ἀλλ’</span> <span class='ocrx_word' id='word_1_233' title='bbox 3262 1021 3387 1075; x_wconf 75' lang='grc' dir='ltr'>οὐδὲ</span> <span class='ocrx_word' id='word_1_234' title='bbox 3415 1018 3666 1088; x_wconf 82' lang='grc' dir='ltr'><strong>ἀνάθεμα</strong></span> <span class='ocrx_word' id='word_1_235' title='bbox 3708 1012 3918 1086; x_wconf 74' lang='grc' dir='ltr'><strong>Ἰησοῦ.</strong></span> 
     </span>
    </p>
   </div>
   <div class='ocr_carea' id='block_1_36' title="bbox 2321 1115 2939 1190">
    <p class='ocr_par' dir='ltr' id='par_1_36' title="bbox 2321 1115 2939 1190">
     <span class='ocr_line' id='line_1_36' title="bbox 2321 1115 2939 1190; baseline 0.002 -20"><span class='ocrx_word' id='word_1_236' title='bbox 2321 1120 2369 1172; x_wconf 82' lang='grc' dir='ltr'><strong>εί</strong></span> <span class='ocrx_word' id='word_1_237' title='bbox 2401 1117 2476 1190; x_wconf 78' lang='grc' dir='ltr'>μὴ</span> <span class='ocrx_word' id='word_1_238' title='bbox 2505 1119 2562 1171; x_wconf 85' lang='grc' dir='ltr'>ὲν</span> <span class='ocrx_word' id='word_1_239' title='bbox 2588 1115 2939 1181; x_wconf 74' lang='grc' dir='ltr'>Βεελζεὸούλ.</span> 
     </span>
    </p>
   </div>
   <div class='ocr_carea' id='block_1_37' title="bbox 2924 1204 3301 1262">
    <p class='ocr_par' dir='ltr' id='par_1_37' title="bbox 2924 1204 3301 1262">
     <span class='ocr_line' id='line_1_37' title="bbox 2924 1204 3301 1262; baseline -0.011 0"><span class='ocrx_word' id='word_1_240' title='bbox 2924 1207 3180 1262; x_wconf 80' lang='grc' dir='ltr'><strong>ΚΕΦᾹΛ.</strong></span> <span class='ocrx_word' id='word_1_241' title='bbox 3226 1204 3301 1258; x_wconf 83' lang='lat' dir='ltr'><strong>B&#39;.</strong></span> 
     </span>
    </p>
   </div>
   <div class='ocr_carea' id='block_1_38' title="bbox 2397 1293 3920 1372">
    <p class='ocr_par' dir='ltr' id='par_1_38' title="bbox 2397 1293 3920 1372">
     <span class='ocr_line' id='line_1_38' title="bbox 2397 1293 3920 1372; baseline -0.008 -16"><span class='ocrx_word' id='word_1_242' title='bbox 2397 1300 2542 1357; x_wconf 79' lang='grc' dir='ltr'>Τάδε</span> <span class='ocrx_word' id='word_1_243' title='bbox 2570 1300 2733 1372; x_wconf 76' lang='grc' dir='ltr'>λέγει</span> <span class='ocrx_word' id='word_1_244' title='bbox 2763 1300 2978 1370; x_wconf 78' lang='grc' dir='ltr'>Κύριος</span> <span class='ocrx_word' id='word_1_245' title='bbox 2997 1315 3012 1331; x_wconf 80' lang='grc' dir='ltr'><strong>ο</strong></span> <span class='ocrx_word' id='word_1_246' title='bbox 3055 1299 3186 1353; x_wconf 76' lang='grc' dir='ltr'><strong>Ἐπὶ</strong></span> <span class='ocrx_word' id='word_1_247' title='bbox 3214 1296 3346 1365; x_wconf 85' lang='grc' dir='ltr'><em>ταῖς</em></span> <span class='ocrx_word' id='word_1_248' title='bbox 3375 1295 3577 1365; x_wconf 74' lang='grc' dir='ltr'>τρισίν</span> <span class='ocrx_word' id='word_1_249' title='bbox 3602 1293 3920 1359; x_wconf 73' lang='grc' dir='ltr'>ἀσεϐείαις</span> 
     </span>
    </p>
   </div>
   <div class='ocr_carea' id='block_1_39' title="bbox 2317 1383 3923 1461">
    <p class='ocr_par' dir='ltr' id='par_1_39' title="bbox 2317 1383 3923 1461">
     <span class='ocr_line' id='line_1_39' title="bbox 2317 1383 3923 1461; baseline -0.007 -12"><span class='ocrx_word' id='word_1_250' title='bbox 2317 1395 2515 1459; x_wconf 78' lang='grc' dir='ltr'>Μωὰό,</span> <span class='ocrx_word' id='word_1_251' title='bbox 2550 1393 2648 1447; x_wconf 79' lang='grc' dir='ltr'>καὶ</span> <span class='ocrx_word' id='word_1_252' title='bbox 2682 1391 2781 1446; x_wconf 80' lang='grc' dir='ltr'><strong>ἐπὶ</strong></span> <span class='ocrx_word' id='word_1_253' title='bbox 2826 1391 2957 1457; x_wconf 81' lang='grc' dir='ltr'><em>ταῖς</em></span> <span class='ocrx_word' id='word_1_254' title='bbox 2988 1389 3325 1461; x_wconf 79' lang='grc' dir='ltr'><strong>τέσσαρσιν</strong></span> <span class='ocrx_word' id='word_1_255' title='bbox 3365 1390 3478 1443; x_wconf 80' lang='grc' dir='ltr'><strong>οὐκ</strong></span> <span class='ocrx_word' id='word_1_256' title='bbox 3515 1383 3923 1455; x_wconf 54' lang='grc' dir='ltr'><strong>ἀποστραρ-ήο</strong></span> 
     </span>
    </p>
   </div>
   <div class='ocr_carea' id='block_1_40' title="bbox 2320 1475 3923 1555">
    <p class='ocr_par' dir='ltr' id='par_1_40' title="bbox 2320 1475 3923 1555">
     <span class='ocr_line' id='line_1_40' title="bbox 2320 1475 3923 1555; baseline -0.009 -11"><span class='ocrx_word' id='word_1_257' title='bbox 2320 1503 2501 1555; x_wconf 87' lang='grc' dir='ltr'>σοιιαι</span> <span class='ocrx_word' id='word_1_258' title='bbox 2560 1485 2803 1552; x_wconf 85' lang='grc' dir='ltr'><strong>αὐτοὺς,</strong></span> <span class='ocrx_word' id='word_1_259' title='bbox 2860 1484 2992 1539; x_wconf 81' lang='grc' dir='ltr'><strong>ἀνθ’</strong></span> <span class='ocrx_word' id='word_1_260' title='bbox 3041 1476 3130 1537; x_wconf 85' lang='grc' dir='ltr'><strong>ὧν</strong></span> <span class='ocrx_word' id='word_1_261' title='bbox 3182 1480 3573 1537; x_wconf 80' lang='grc' dir='ltr'><strong>κατέκαυσαν</strong></span> <span class='ocrx_word' id='word_1_262' title='bbox 3628 1478 3707 1533; x_wconf 82' lang='grc' dir='ltr'><em>τὰ</em></span> <span class='ocrx_word' id='word_1_263' title='bbox 3756 1475 3923 1531; x_wconf 75' lang='grc' dir='ltr'><em>ὀστᾶ</em></span> 
     </span>
    </p>
   </div>
   <div class='ocr_carea' id='block_1_41' title="bbox 2314 1566 3922 1643">
    <p class='ocr_par' dir='ltr' id='par_1_41' title="bbox 2314 1566 3922 1643">
     <span class='ocr_line' id='line_1_41' title="bbox 2314 1566 3922 1643; baseline -0.008 -11"><span class='ocrx_word' id='word_1_264' title='bbox 2314 1576 2623 1643; x_wconf 76' lang='grc' dir='ltr'><strong>βασιλέως</strong></span> <span class='ocrx_word' id='word_1_265' title='bbox 2654 1573 2992 1643; x_wconf 81' lang='grc' dir='ltr'><strong>Ἰδουμαίας</strong></span> <span class='ocrx_word' id='word_1_266' title='bbox 3011 1575 3098 1640; x_wconf 81' lang='grc' dir='ltr'><strong>εις</strong></span> <span class='ocrx_word' id='word_1_267' title='bbox 3120 1572 3354 1627; x_wconf 78' lang='grc' dir='ltr'><strong>κονίαν.</strong></span> <span class='ocrx_word' id='word_1_268' title='bbox 3378 1570 3487 1627; x_wconf 85' lang='lat' dir='ltr'><strong>Kal</strong></span> <span class='ocrx_word' id='word_1_269' title='bbox 3514 1566 3922 1634; x_wconf 74' lang='grc' dir='ltr'>ἐξαποστελῶ</span> 
     </span>
    </p>
   </div>
   <div class='ocr_carea' id='block_1_42' title="bbox 2320 1657 3922 1737">
    <p class='ocr_par' dir='ltr' id='par_1_42' title="bbox 2320 1657 3922 1737">
     <span class='ocr_line' id='line_1_42' title="bbox 2320 1657 3922 1737; baseline -0.01 -12"><span class='ocrx_word' id='word_1_270' title='bbox 2320 1669 2441 1737; x_wconf 83' lang='grc' dir='ltr'>πῦρ</span> <span class='ocrx_word' id='word_1_271' title='bbox 2492 1668 2581 1733; x_wconf 83' lang='grc' dir='ltr'><strong>εις</strong></span> <span class='ocrx_word' id='word_1_272' title='bbox 2636 1665 2836 1730; x_wconf 79' lang='grc' dir='ltr'>Μωὰϐ,</span> <span class='ocrx_word' id='word_1_273' title='bbox 2886 1664 2987 1718; x_wconf 78' lang='grc' dir='ltr'><strong>καὶ</strong></span> <span class='ocrx_word' id='word_1_274' title='bbox 3043 1662 3441 1734; x_wconf 66' lang='grc' dir='ltr'>καταφάγεται</span> <span class='ocrx_word' id='word_1_275' title='bbox 3496 1660 3743 1732; x_wconf 76' lang='grc' dir='ltr'>θεμέλια</span> <span class='ocrx_word' id='word_1_276' title='bbox 3795 1657 3922 1711; x_wconf 78' lang='grc' dir='ltr'><strong>τῶν</strong></span> 
     </span>
    </p>
   </div>
   <div class='ocr_carea' id='block_1_43' title="bbox 2320 1750 3919 1828">
    <p class='ocr_par' dir='ltr' id='par_1_43' title="bbox 2320 1750 3919 1828">
     <span class='ocr_line' id='line_1_43' title="bbox 2320 1750 3919 1828; baseline -0.011 -10"><span class='ocrx_word' id='word_1_277' title='bbox 2320 1765 2558 1818; x_wconf 76' lang='grc' dir='ltr'>πόλεων</span> <span class='ocrx_word' id='word_1_278' title='bbox 2612 1758 2823 1828; x_wconf 81' lang='grc' dir='ltr'><strong>αὐτῆς,</strong></span> <span class='ocrx_word' id='word_1_279' title='bbox 2883 1758 2983 1812; x_wconf 75' lang='grc' dir='ltr'><strong>καὶ</strong></span> <span class='ocrx_word' id='word_1_280' title='bbox 3041 1755 3425 1813; x_wconf 80' lang='grc' dir='ltr'><strong>ἀποθανεῖται</strong></span> <span class='ocrx_word' id='word_1_281' title='bbox 3480 1754 3552 1807; x_wconf 78' lang='grc' dir='ltr'><strong>ὲν</strong></span> <span class='ocrx_word' id='word_1_282' title='bbox 3606 1750 3919 1821; x_wconf 76' lang='grc' dir='ltr'>ἀδυναμίᾳ</span> 
     </span>
    </p>
   </div>
   <div class='ocr_carea' id='block_1_44' title="bbox 2320 1842 3921 1921">
    <p class='ocr_par' dir='ltr' id='par_1_44' title="bbox 2320 1842 3921 1921">
     <span class='ocr_line' id='line_1_44' title="bbox 2320 1842 3921 1921; baseline -0.009 -11"><span class='ocrx_word' id='word_1_283' title='bbox 2320 1852 2519 1917; x_wconf 78' lang='grc' dir='ltr'>Μωὰσ,</span> <span class='ocrx_word' id='word_1_284' title='bbox 2552 1851 2705 1921; x_wconf 82' lang='grc' dir='ltr'>μετὰ</span> <span class='ocrx_word' id='word_1_285' title='bbox 2740 1847 2945 1920; x_wconf 67' lang='grc' dir='ltr'><em>φωνῆς</em></span> <span class='ocrx_word' id='word_1_286' title='bbox 3004 1848 3104 1903; x_wconf 76' lang='grc' dir='ltr'><strong>καὶ</strong></span> <span class='ocrx_word' id='word_1_287' title='bbox 3140 1846 3295 1919; x_wconf 83' lang='grc' dir='ltr'>μετὰ</span> <span class='ocrx_word' id='word_1_288' title='bbox 3338 1842 3609 1916; x_wconf 75' lang='grc' dir='ltr'>κραυγῆς</span> <span class='ocrx_word' id='word_1_289' title='bbox 3650 1842 3921 1910; x_wconf 70' lang='grc' dir='ltr'><strong>σάλπιγ-</strong></span> 
     </span>
    </p>
   </div>
   <div class='ocr_carea' id='block_1_45' title="bbox 2244 1928 3919 2020">
    <p class='ocr_par' dir='ltr' id='par_1_45' title="bbox 2244 1928 3919 2020">
     <span class='ocr_line' id='line_1_45' title="bbox 2244 1928 3919 2020; baseline -0.01 -16"><span class='ocrx_word' id='word_1_290' title='bbox 2244 1928 2287 1985; x_wconf 73' lang='lat' dir='ltr'><strong>B</strong></span> <span class='ocrx_word' id='word_1_291' title='bbox 2315 1966 2440 2020; x_wconf 75' lang='grc' dir='ltr'>γος.</span> <span class='ocrx_word' id='word_1_292' title='bbox 2496 1946 2605 2001; x_wconf 86' lang='lat' dir='ltr'><strong>Kal</strong></span> <span class='ocrx_word' id='word_1_293' title='bbox 2670 1944 3085 2013; x_wconf 73' lang='grc' dir='ltr'><strong>ἐξολοθρεύσω</strong></span> <span class='ocrx_word' id='word_1_294' title='bbox 3139 1940 3355 2010; x_wconf 78' lang='grc' dir='ltr'>κριτὴν</span> <span class='ocrx_word' id='word_1_295' title='bbox 3403 1938 3473 2003; x_wconf 78' lang='grc' dir='ltr'><strong>ἐξ</strong></span> <span class='ocrx_word' id='word_1_296' title='bbox 3530 1935 3757 2003; x_wconf 83' lang='grc' dir='ltr'><strong>αὐτῆς,</strong></span> <span class='ocrx_word' id='word_1_297' title='bbox 3815 1934 3919 1987; x_wconf 73' lang='grc' dir='ltr'>και</span> 
     </span>
    </p>
   </div>
   <div class='ocr_carea' id='block_1_46' title="bbox 2314 2023 3921 2107">
    <p class='ocr_par' dir='ltr' id='par_1_46' title="bbox 2314 2023 3921 2107">
     <span class='ocr_line' id='line_1_46' title="bbox 2314 2023 3921 2107; baseline -0.011 -11"><span class='ocrx_word' id='word_1_298' title='bbox 2314 2042 2548 2106; x_wconf 80' lang='grc' dir='ltr'><em>πάντας</em></span> <span class='ocrx_word' id='word_1_299' title='bbox 2567 2037 2710 2105; x_wconf 87' lang='grc' dir='ltr'><em>τοὺς</em></span> <span class='ocrx_word' id='word_1_300' title='bbox 2727 2036 3025 2107; x_wconf 80' lang='grc' dir='ltr'><em>ἄρχοντας</em></span> <span class='ocrx_word' id='word_1_301' title='bbox 3040 2030 3351 2090; x_wconf 78' lang='grc' dir='ltr'><strong>ἀποκτενῶ</strong></span> <span class='ocrx_word' id='word_1_302' title='bbox 3369 2030 3495 2100; x_wconf 82' lang='grc' dir='ltr'>μετ’</span> <span class='ocrx_word' id='word_1_303' title='bbox 3510 2025 3730 2095; x_wconf 80' lang='grc' dir='ltr'><strong>αὐτῆς,</strong></span> <span class='ocrx_word' id='word_1_304' title='bbox 3749 2023 3921 2097; x_wconf 52' lang='grc' dir='ltr'>λέγει</span> 
     </span>
    </p>
   </div>
   <div class='ocr_carea' id='block_1_47' title="bbox 2314 2138 2550 2206">
    <p class='ocr_par' dir='ltr' id='par_1_47' title="bbox 2314 2138 2550 2206">
     <span class='ocr_line' id='line_1_47' title="bbox 2314 2138 2550 2206; baseline -0.013 -14"><span class='ocrx_word' id='word_1_305' title='bbox 2314 2138 2550 2206; x_wconf 80' lang='grc' dir='ltr'><strong>Κύριος.</strong></span> 
     </span>
    </p>
   </div>
   <div class='ocr_carea' id='block_1_48' title="bbox 2385 2208 3917 2288">
    <p class='ocr_par' dir='ltr' id='par_1_48' title="bbox 2385 2208 3917 2288">
     <span class='ocr_line' id='line_1_48' title="bbox 2385 2208 3917 2288; baseline -0.012 -6"><span class='ocrx_word' id='word_1_306' title='bbox 2385 2228 2486 2282; x_wconf 85' lang='lat' dir='ltr'>II&quot;.</span> <span class='ocrx_word' id='word_1_307' title='bbox 2527 2224 2816 2282; x_wconf 78' lang='grc' dir='ltr'>Μωαϐῖται</span> <span class='ocrx_word' id='word_1_308' title='bbox 2856 2220 3020 2276; x_wconf 89' lang='grc' dir='ltr'>πάλιν</span> <span class='ocrx_word' id='word_1_309' title='bbox 3052 2216 3511 2288; x_wconf 78' lang='grc' dir='ltr'>δεδυσσεϐήκασιν</span> <span class='ocrx_word' id='word_1_310' title='bbox 3549 2211 3611 2267; x_wconf 80' lang='grc' dir='ltr'>οὐ</span> <span class='ocrx_word' id='word_1_311' title='bbox 3645 2208 3917 2283; x_wconf 73' lang='grc' dir='ltr'>μετρίως,</span> 
     </span>
    </p>
   </div>
   <div class='ocr_carea' id='block_1_49' title="bbox 2312 2302 3919 2387">
    <p class='ocr_par' dir='ltr' id='par_1_49' title="bbox 2312 2302 3919 2387">
     <span class='ocr_line' id='line_1_49' title="bbox 2312 2302 3919 2387; baseline -0.013 -12"><span class='ocrx_word' id='word_1_312' title='bbox 2312 2320 2388 2387; x_wconf 84' lang='grc' dir='ltr'>ὡς</span> <span class='ocrx_word' id='word_1_313' title='bbox 2420 2318 2679 2374; x_wconf 75' lang='grc' dir='ltr'><strong>ἐπέκεινα</strong></span> <span class='ocrx_word' id='word_1_314' title='bbox 2709 2314 2895 2371; x_wconf 80' lang='grc' dir='ltr'>λοιπὸν</span> <span class='ocrx_word' id='word_1_315' title='bbox 2925 2313 3019 2367; x_wconf 87' lang='lat' dir='ltr'><strong>xui</strong></span> <span class='ocrx_word' id='word_1_316' title='bbox 3057 2310 3258 2374; x_wconf 78' lang='grc' dir='ltr'>αὐτοὺς</span> <span class='ocrx_word' id='word_1_317' title='bbox 3293 2308 3487 2362; x_wconf 75' lang='grc' dir='ltr'>ἐλάσαι</span> <span class='ocrx_word' id='word_1_318' title='bbox 3530 2305 3634 2374; x_wconf 76' lang='grc' dir='ltr'>τῆς</span> <span class='ocrx_word' id='word_1_319' title='bbox 3683 2302 3919 2371; x_wconf 71' lang='grc' dir='ltr'>ἐνούσης</span> 
     </span>
    </p>
   </div>
   <div class='ocr_carea' id='block_1_50' title="bbox 2312 2391 3903 2483">
    <p class='ocr_par' dir='ltr' id='par_1_50' title="bbox 2312 2391 3903 2483">
     <span class='ocr_line' id='line_1_50' title="bbox 2312 2391 3903 2483; baseline -0.014 -17"><span class='ocrx_word' id='word_1_320' title='bbox 2312 2408 2653 2483; x_wconf 73' lang='grc' dir='ltr'>ἡμερότητος</span> <span class='ocrx_word' id='word_1_321' title='bbox 2688 2424 2749 2460; x_wconf 90' lang='grc' dir='ltr'><strong>τε</strong></span> <span class='ocrx_word' id='word_1_322' title='bbox 2780 2406 2876 2460; x_wconf 89' lang='lat' dir='ltr'><strong>xui</strong></span> <span class='ocrx_word' id='word_1_323' title='bbox 2918 2400 3271 2471; x_wconf 74' lang='grc' dir='ltr'><strong>ἀνεξικακίας</strong></span> <span class='ocrx_word' id='word_1_324' title='bbox 3300 2396 3380 2469; x_wconf 87' lang='grc' dir='ltr'>τῷ</span> <span class='ocrx_word' id='word_1_325' title='bbox 3422 2397 3531 2450; x_wconf 83' lang='grc' dir='ltr'><strong>τῶν</strong></span> <span class='ocrx_word' id='word_1_326' title='bbox 3576 2394 3722 2467; x_wconf 82' lang='grc' dir='ltr'>ὅλων</span> <span class='ocrx_word' id='word_1_327' title='bbox 3756 2391 3903 2462; x_wconf 81' lang='grc' dir='ltr'><strong>Θεῷ.</strong></span> 
     </span>
    </p>
   </div>
   <div class='ocr_carea' id='block_1_51' title="bbox 2329 2484 3921 2571">
    <p class='ocr_par' dir='ltr' id='par_1_51' title="bbox 2329 2484 3921 2571">
     <span class='ocr_line' id='line_1_51' title="bbox 2329 2484 3921 2571; baseline -0.013 -16"><span class='ocrx_word' id='word_1_328' title='bbox 2329 2500 2642 2571; x_wconf 86' lang='grc' dir='ltr'>Ἐπίκλημα</span> <span class='ocrx_word' id='word_1_329' title='bbox 2675 2498 2732 2553; x_wconf 79' lang='grc' dir='ltr'>δὲ</span> <span class='ocrx_word' id='word_1_330' title='bbox 2769 2497 2951 2559; x_wconf 79' lang='grc' dir='ltr'>αὐτοῖς</span> <span class='ocrx_word' id='word_1_331' title='bbox 2991 2497 3026 2565; x_wconf 82' lang='grc' dir='ltr'>ἡ</span> <span class='ocrx_word' id='word_1_332' title='bbox 3062 2493 3143 2556; x_wconf 82' lang='grc' dir='ltr'>εἰς</span> <span class='ocrx_word' id='word_1_333' title='bbox 3185 2490 3383 2562; x_wconf 77' lang='grc' dir='ltr'>νεκρὸν</span> <span class='ocrx_word' id='word_1_334' title='bbox 3413 2486 3686 2560; x_wconf 82' lang='grc' dir='ltr'>ἁμαρτία,</span> <span class='ocrx_word' id='word_1_335' title='bbox 3723 2484 3786 2537; x_wconf 73' lang='grc' dir='ltr'>τὸ</span> <span class='ocrx_word' id='word_1_336' title='bbox 3821 2486 3921 2553; x_wconf 76' lang='grc' dir='ltr'><strong>ἐμ-</strong></span> 
     </span>
    </p>
   </div>
   <div class='ocr_carea' id='block_1_52' title="bbox 2317 2576 3917 2667">
    <p class='ocr_par' dir='ltr' id='par_1_52' title="bbox 2317 2576 3917 2667">
     <span class='ocr_line' id='line_1_52' title="bbox 2317 2576 3917 2667; baseline -0.014 -18"><span class='ocrx_word' id='word_1_337' title='bbox 2317 2596 2546 2667; x_wconf 83' lang='grc' dir='ltr'>πρῆσαι,</span> <span class='ocrx_word' id='word_1_338' title='bbox 2576 2592 2819 2663; x_wconf 74' lang='grc' dir='ltr'>φησὶ,τά</span> <span class='ocrx_word' id='word_1_339' title='bbox 2846 2589 2983 2643; x_wconf 74' lang='grc' dir='ltr'>ὀστᾶ</span> <span class='ocrx_word' id='word_1_340' title='bbox 3003 2586 3097 2641; x_wconf 83' lang='grc' dir='ltr'>τοῦ</span> <span class='ocrx_word' id='word_1_341' title='bbox 3127 2584 3393 2658; x_wconf 80' lang='grc' dir='ltr'>βασιλέως</span> <span class='ocrx_word' id='word_1_342' title='bbox 3421 2581 3523 2652; x_wconf 81' lang='grc' dir='ltr'>τῆς</span> <span class='ocrx_word' id='word_1_343' title='bbox 3567 2576 3917 2651; x_wconf 73' lang='grc' dir='ltr'>Ἰδουμαίων·</span> 
     </span>
    </p>
   </div>
   <div class='ocr_carea' id='block_1_53' title="bbox 2317 2671 3919 2759">
    <p class='ocr_par' dir='ltr' id='par_1_53' title="bbox 2317 2671 3919 2759">
     <span class='ocr_line' id='line_1_53' title="bbox 2317 2671 3919 2759; baseline -0.013 -16"><span class='ocrx_word' id='word_1_344' title='bbox 2317 2688 2605 2759; x_wconf 67' lang='grc' dir='ltr'>ἐμπρῆσαι.</span> <span class='ocrx_word' id='word_1_345' title='bbox 2657 2684 2715 2737; x_wconf 81' lang='grc' dir='ltr'>δὲ</span> <span class='ocrx_word' id='word_1_346' title='bbox 2785 2680 3001 2747; x_wconf 73' lang='grc' dir='ltr'>οὕτως,</span> <span class='ocrx_word' id='word_1_347' title='bbox 3054 2679 3130 2743; x_wconf 83' lang='grc' dir='ltr'>ὡς</span> <span class='ocrx_word' id='word_1_348' title='bbox 3178 2675 3550 2746; x_wconf 82' lang='grc' dir='ltr'>κατισχνῶσαι</span> <span class='ocrx_word' id='word_1_349' title='bbox 3603 2671 3800 2726; x_wconf 76' lang='grc' dir='ltr'>λοιπὸν</span> <span class='ocrx_word' id='word_1_350' title='bbox 3840 2672 3919 2731; x_wconf 71' lang='grc' dir='ltr'>εἰς</span> 
     </span>
    </p>
   </div>
   <div class='ocr_carea' id='block_1_54' title="bbox 2316 2761 3923 2852">
    <p class='ocr_par' dir='ltr' id='par_1_54' title="bbox 2316 2761 3923 2852">
     <span class='ocr_line' id='line_1_54' title="bbox 2316 2761 3923 2852; baseline -0.014 -17"><span class='ocrx_word' id='word_1_351' title='bbox 2316 2781 2445 2852; x_wconf 76' lang='grc' dir='ltr'>χοῦν</span> <span class='ocrx_word' id='word_1_352' title='bbox 2467 2779 2564 2833; x_wconf 88' lang='lat' dir='ltr'><strong>xui</strong></span> <span class='ocrx_word' id='word_1_353' title='bbox 2596 2778 2803 2832; x_wconf 81' lang='grc' dir='ltr'>κονίαν.</span> <span class='ocrx_word' id='word_1_354' title='bbox 2838 2774 2904 2830; x_wconf 83' lang='grc' dir='ltr'>Τί</span> <span class='ocrx_word' id='word_1_355' title='bbox 2936 2773 3118 2827; x_wconf 82' lang='grc' dir='ltr'><em>τοίνυν</em></span> <span class='ocrx_word' id='word_1_356' title='bbox 3146 2770 3209 2825; x_wconf 79' lang='grc' dir='ltr'>τὸ</span> <span class='ocrx_word' id='word_1_357' title='bbox 3236 2768 3524 2839; x_wconf 74' lang='grc' dir='ltr'>ἐγκλημα;</span> <span class='ocrx_word' id='word_1_358' title='bbox 3568 2765 3778 2827; x_wconf 81' lang='grc' dir='ltr'>Μῖσος,</span> <span class='ocrx_word' id='word_1_359' title='bbox 3824 2761 3923 2815; x_wconf 84' lang='grc' dir='ltr'>καὶ</span> 
     </span>
    </p>
   </div>
   <div class='ocr_carea' id='block_1_55' title="bbox 2317 2854 3912 2944">
    <p class='ocr_par' dir='ltr' id='par_1_55' title="bbox 2317 2854 3912 2944">
     <span class='ocr_line' id='line_1_55' title="bbox 2317 2854 3912 2944; baseline -0.014 -16"><span class='ocrx_word' id='word_1_360' title='bbox 2317 2869 2705 2944; x_wconf 79' lang='grc' dir='ltr'>άπανθρωπία,</span> <span class='ocrx_word' id='word_1_361' title='bbox 2753 2868 2850 2922; x_wconf 90' lang='lat' dir='ltr'><strong>xui</strong></span> <span class='ocrx_word' id='word_1_362' title='bbox 2882 2865 3136 2937; x_wconf 81' lang='grc' dir='ltr'>άχάλινος</span> <span class='ocrx_word' id='word_1_363' title='bbox 3178 2861 3443 2931; x_wconf 83' lang='grc' dir='ltr'>ἀγριότης</span> <span class='ocrx_word' id='word_1_364' title='bbox 3492 2856 3639 2911; x_wconf 81' lang='grc' dir='ltr'>κατὰ</span> <span class='ocrx_word' id='word_1_365' title='bbox 3686 2854 3803 2909; x_wconf 79' lang='grc' dir='ltr'><strong>τῶν</strong></span> <span class='ocrx_word' id='word_1_366' title='bbox 3854 2854 3912 2918; x_wconf 77' lang='grc' dir='ltr'>ἐξ</span> 
     </span>
    </p>
   </div>
   <div class='ocr_carea' id='block_1_56' title="bbox 2330 2947 3923 3039">
    <p class='ocr_par' dir='ltr' id='par_1_56' title="bbox 2330 2947 3923 3039">
     <span class='ocr_line' id='line_1_56' title="bbox 2330 2947 3923 3039; baseline -0.014 -18"><span class='ocrx_word' id='word_1_367' title='bbox 2330 2964 2570 3039; x_wconf 80' lang='grc' dir='ltr'>Ἰσραήλ.</span> <span class='ocrx_word' id='word_1_368' title='bbox 2617 2959 3039 3034; x_wconf 75' lang='grc' dir='ltr'>Ἐμπεπρῆσθαι</span> <span class='ocrx_word' id='word_1_369' title='bbox 3075 2956 3183 3029; x_wconf 85' lang='grc' dir='ltr'>γάρ</span> <span class='ocrx_word' id='word_1_370' title='bbox 3232 2957 3331 3026; x_wconf 80' lang='grc' dir='ltr'><strong>οὐχ</strong></span> <span class='ocrx_word' id='word_1_371' title='bbox 3375 2952 3566 3025; x_wconf 77' lang='grc' dir='ltr'>ἑτέρου</span> <span class='ocrx_word' id='word_1_372' title='bbox 3615 2965 3714 3003; x_wconf 85' lang='grc' dir='ltr'><strong>του</strong></span> <span class='ocrx_word' id='word_1_373' title='bbox 3756 2947 3923 3019; x_wconf 76' lang='grc' dir='ltr'>χάριν</span> 
     </span>
    </p>
   </div>
   <div class='ocr_carea' id='block_1_57' title="bbox 2315 3039 3918 3129">
    <p class='ocr_par' dir='ltr' id='par_1_57' title="bbox 2315 3039 3918 3129">
     <span class='ocr_line' id='line_1_57' title="bbox 2315 3039 3918 3129; baseline -0.014 -15"><span class='ocrx_word' id='word_1_374' title='bbox 2315 3061 2385 3116; x_wconf 78' lang='grc' dir='ltr'><strong>τὰ</strong></span> <span class='ocrx_word' id='word_1_375' title='bbox 2414 3057 2510 3113; x_wconf 79' lang='grc' dir='ltr'><strong>τοῦ</strong></span> <span class='ocrx_word' id='word_1_376' title='bbox 2548 3053 3011 3129; x_wconf 74' lang='grc' dir='ltr'>μνημονευθέντος</span> <span class='ocrx_word' id='word_1_377' title='bbox 3047 3048 3309 3122; x_wconf 81' lang='grc' dir='ltr'>βασιλέως</span> <span class='ocrx_word' id='word_1_378' title='bbox 3350 3047 3488 3100; x_wconf 80' lang='grc' dir='ltr'>ὀστᾶ</span> <span class='ocrx_word' id='word_1_379' title='bbox 3523 3043 3657 3113; x_wconf 84' lang='grc' dir='ltr'>φαίη</span> <span class='ocrx_word' id='word_1_380' title='bbox 3694 3059 3789 3105; x_wconf 87' lang='grc' dir='ltr'><strong>τις</strong></span> <span class='ocrx_word' id='word_1_381' title='bbox 3832 3039 3918 3102; x_wconf 81' lang='grc' dir='ltr'>ἂν,</span> 
     </span>
    </p>
   </div>
   <div class='ocr_carea' id='block_1_58' title="bbox 2316 3130 3917 3225">
    <p class='ocr_par' dir='ltr' id='par_1_58' title="bbox 2316 3130 3917 3225">
     <span class='ocr_line' id='line_1_58' title="bbox 2316 3130 3917 3225; baseline -0.014 -19"><span class='ocrx_word' id='word_1_382' title='bbox 2316 3153 2348 3225; x_wconf 79' lang='grc' dir='ltr'>ἢ</span> <span class='ocrx_word' id='word_1_383' title='bbox 2392 3152 2550 3222; x_wconf 87' lang='grc' dir='ltr'>μόνον</span> <span class='ocrx_word' id='word_1_384' title='bbox 2575 3149 2740 3203; x_wconf 69' lang='grc' dir='ltr'>ἕνεκα</span> <span class='ocrx_word' id='word_1_385' title='bbox 2765 3146 2874 3200; x_wconf 83' lang='grc' dir='ltr'><strong>τῶν</strong></span> <span class='ocrx_word' id='word_1_386' title='bbox 2900 3145 2960 3210; x_wconf 71' lang='grc' dir='ltr'><strong>ἐξ</strong></span> <span class='ocrx_word' id='word_1_387' title='bbox 3008 3141 3245 3215; x_wconf 76' lang='grc' dir='ltr'>Ἰσραήλ.</span> <span class='ocrx_word' id='word_1_388' title='bbox 3306 3138 3463 3209; x_wconf 83' lang='grc' dir='ltr'><strong>Σαφῆ</strong></span> <span class='ocrx_word' id='word_1_389' title='bbox 3504 3137 3561 3191; x_wconf 82' lang='grc' dir='ltr'>δὲ</span> <span class='ocrx_word' id='word_1_390' title='bbox 3613 3130 3789 3189; x_wconf 78' lang='grc' dir='ltr'>οὖσαν</span> <span class='ocrx_word' id='word_1_391' title='bbox 3818 3134 3917 3205; x_wconf 74' lang='grc' dir='ltr'>τὴν</span> 
     </span>
    </p>
   </div>
   <div class='ocr_carea' id='block_1_59' title="bbox 2323 3225 3918 3315">
    <p class='ocr_par' dir='ltr' id='par_1_59' title="bbox 2323 3225 3918 3315">
     <span class='ocr_line' id='line_1_59' title="bbox 2323 3225 3918 3315; baseline -0.013 -17"><span class='ocrx_word' id='word_1_392' title='bbox 2323 3243 2564 3315; x_wconf 81' lang='grc' dir='ltr'><strong>ἱστορίαν</strong></span> <span class='ocrx_word' id='word_1_393' title='bbox 2605 3241 2693 3296; x_wconf 83' lang='grc' dir='ltr'>διὰ</span> <span class='ocrx_word' id='word_1_394' title='bbox 2718 3225 2990 3312; x_wconf 57' lang='grc' dir='ltr'>’βραχέων</span> <span class='ocrx_word' id='word_1_395' title='bbox 3016 3236 3392 3307; x_wconf 76' lang='grc' dir='ltr'><strong>ἀφηγήσομαι.</strong></span> <span class='ocrx_word' id='word_1_396' title='bbox 3436 3229 3526 3284; x_wconf 86' lang='grc' dir='ltr'>Ἐν</span> <span class='ocrx_word' id='word_1_397' title='bbox 3552 3232 3624 3300; x_wconf 75' lang='grc' dir='ltr'><strong>τῇ</strong></span> <span class='ocrx_word' id='word_1_398' title='bbox 3673 3226 3918 3298; x_wconf 76' lang='grc' dir='ltr'><em>τετάρτῃ</em></span> 
     </span>
    </p>
   </div>
   <div class='ocr_carea' id='block_1_60' title="bbox 626 3318 2212 3405">
    <p class='ocr_par' dir='ltr' id='par_1_60' title="bbox 626 3319 2212 3397">
     <span class='ocr_line' id='line_1_60' title="bbox 626 3319 2212 3397; baseline -0.005 -14"><span class='ocrx_word' id='word_1_399' title='bbox 626 3326 729 3383; x_wconf 91' lang='lat' dir='ltr'><strong>dus</strong></span> <span class='ocrx_word' id='word_1_400' title='bbox 760 3326 901 3397; x_wconf 92' lang='lat' dir='ltr'><strong>quod</strong></span> <span class='ocrx_word' id='word_1_401' title='bbox 928 3324 1159 3381; x_wconf 84' lang='lat' dir='ltr'><strong>habebat</strong></span> <span class='ocrx_word' id='word_1_402' title='bbox 1188 3339 1312 3379; x_wconf 90' lang='lat' dir='ltr'><strong>cum</strong></span> <span class='ocrx_word' id='word_1_403' title='bbox 1364 3336 1488 3394; x_wconf 89' lang='lat' dir='ltr'><strong>rege</strong></span> <span class='ocrx_word' id='word_1_404' title='bbox 1530 3320 1715 3377; x_wconf 83' lang='lat' dir='ltr'><strong>Israel.</strong></span> <span class='ocrx_word' id='word_1_405' title='bbox 1742 3319 1924 3377; x_wconf 84' lang='lat' dir='ltr'><strong>Joram</strong></span> <span class='ocrx_word' id='word_1_406' title='bbox 1981 3330 2158 3375; x_wconf 86' lang='lat' dir='ltr'><strong>autem</strong></span> <span class='ocrx_word' id='word_1_407' title='bbox 2186 3338 2212 3375; x_wconf 86' lang='lat' dir='ltr'><strong>e</strong></span> 
     </span>
    </p>
   </div>
   <div class='ocr_carea' id='block_1_61' title="bbox 2317 3318 3917 3405">
    <p class='ocr_par' dir='ltr' id='par_1_61' title="bbox 2318 3318 3917 3405">
     <span class='ocr_line' id='line_1_61' title="bbox 2318 3318 3917 3405; baseline -0.014 -15"><span class='ocrx_word' id='word_1_408' title='bbox 2318 3338 2633 3405; x_wconf 80' lang='grc' dir='ltr'>γέγραπται</span> <span class='ocrx_word' id='word_1_409' title='bbox 2678 3330 2787 3385; x_wconf 84' lang='grc' dir='ltr'>τῶν</span> <span class='ocrx_word' id='word_1_410' title='bbox 2830 3328 3106 3384; x_wconf 84' lang='grc' dir='ltr'>Βασιλεῶν</span> <span class='ocrx_word' id='word_1_411' title='bbox 3131 3366 3146 3392; x_wconf 88' lang='grc'><strong>,</strong></span> <span class='ocrx_word' id='word_1_412' title='bbox 3191 3328 3277 3380; x_wconf 76' lang='grc' dir='ltr'>ὅτι</span> <span class='ocrx_word' id='word_1_413' title='bbox 3322 3322 3460 3396; x_wconf 78' lang='grc' dir='ltr'>μετὰ</span> <span class='ocrx_word' id='word_1_414' title='bbox 3508 3321 3569 3375; x_wconf 79' lang='grc' dir='ltr'>τὸ</span> <span class='ocrx_word' id='word_1_415' title='bbox 3615 3318 3917 3374; x_wconf 74' lang='grc' dir='ltr'><strong>ἀποθανεῖν</strong></span> 
     </span>
    </p>
   </div>
   <div class='ocr_carea' id='block_1_62' title="bbox 630 3410 2214 3484">
    <p class='ocr_par' dir='ltr' id='par_1_62' title="bbox 630 3410 2214 3484">
     <span class='ocr_line' id='line_1_62' title="bbox 630 3410 2214 3484; baseline -0.006 -11"><span class='ocrx_word' id='word_1_416' title='bbox 630 3418 878 3474; x_wconf 80' lang='lat' dir='ltr'><strong>Satraria</strong></span> <span class='ocrx_word' id='word_1_417' title='bbox 922 3416 1136 3472; x_wconf 84' lang='lat' dir='ltr'><strong>misisse</strong></span> <span class='ocrx_word' id='word_1_418' title='bbox 1158 3416 1225 3470; x_wconf 89' lang='lat' dir='ltr'><strong>ad</strong></span> <span class='ocrx_word' id='word_1_419' title='bbox 1259 3414 1520 3484; x_wconf 81' lang='lat' dir='ltr'><strong>Josaphat</strong></span> <span class='ocrx_word' id='word_1_420' title='bbox 1550 3427 1730 3484; x_wconf 84' lang='lat' dir='ltr'><strong>regem</strong></span> <span class='ocrx_word' id='word_1_421' title='bbox 1757 3410 1893 3467; x_wconf 81' lang='lat' dir='ltr'><strong>Juda</strong></span> <span class='ocrx_word' id='word_1_422' title='bbox 1943 3412 2214 3478; x_wconf 88' lang='lat' dir='ltr'><strong>nuntium,</strong></span> 
     </span>
    </p>
   </div>
   <div class='ocr_carea' id='block_1_63' title="bbox 629 3504 2215 3575">
    <p class='ocr_par' dir='ltr' id='par_1_63' title="bbox 629 3504 2215 3575">
     <span class='ocr_line' id='line_1_63' title="bbox 629 3504 2215 3575; baseline -0.005 -11"><span class='ocrx_word' id='word_1_423' title='bbox 629 3509 684 3564; x_wconf 85' lang='lat' dir='ltr'><strong>in</strong></span> <span class='ocrx_word' id='word_1_424' title='bbox 717 3510 836 3566; x_wconf 51' lang='lat' dir='ltr'><strong>haec</strong></span> <span class='ocrx_word' id='word_1_425' title='bbox 866 3510 1060 3564; x_wconf 82' lang='lat' dir='ltr'><strong>verba:</strong></span> <span class='ocrx_word' id='word_1_426' title='bbox 1085 3526 1105 3560; x_wconf 78' lang='grc' dir='ltr'><strong>ι</strong></span> <span class='ocrx_word' id='word_1_427' title='bbox 1152 3506 1269 3563; x_wconf 76' lang='lat' dir='ltr'><strong>Rex</strong></span> <span class='ocrx_word' id='word_1_428' title='bbox 1299 3505 1456 3561; x_wconf 89' lang='lat' dir='ltr'><strong>Moab</strong></span> <span class='ocrx_word' id='word_1_429' title='bbox 1499 3504 1884 3575; x_wconf 68' lang='lat' dir='ltr'><strong>praevaricatus</strong></span> <span class='ocrx_word' id='word_1_430' title='bbox 1908 3512 1993 3559; x_wconf 87' lang='lat' dir='ltr'><strong>est</strong></span> <span class='ocrx_word' id='word_1_431' title='bbox 2021 3504 2074 3558; x_wconf 94' lang='lat' dir='ltr'><strong>in</strong></span> <span class='ocrx_word' id='word_1_432' title='bbox 2109 3518 2215 3557; x_wconf 91' lang='lat' dir='ltr'><strong>me.</strong></span> 
     </span>
    </p>
   </div>
   <div class='ocr_carea' id='block_1_64' title="bbox 629 3596 2217 3669">
    <p class='ocr_par' dir='ltr' id='par_1_64' title="bbox 629 3596 2217 3669">
     <span class='ocr_line' id='line_1_64' title="bbox 629 3596 2217 3669; baseline -0.006 -9"><span class='ocrx_word' id='word_1_433' title='bbox 629 3602 688 3660; x_wconf 82' lang='lat' dir='ltr'><strong>Si</strong></span> <span class='ocrx_word' id='word_1_434' title='bbox 730 3604 832 3659; x_wconf 91' lang='lat' dir='ltr'><strong>ibis</strong></span> <span class='ocrx_word' id='word_1_435' title='bbox 859 3617 1071 3658; x_wconf 90' lang='lat' dir='ltr'><strong>mecum</strong></span> <span class='ocrx_word' id='word_1_436' title='bbox 1100 3611 1290 3657; x_wconf 86' lang='lat' dir='ltr'><strong>contra</strong></span> <span class='ocrx_word' id='word_1_437' title='bbox 1322 3600 1475 3654; x_wconf 83' lang='lat' dir='ltr'><strong>Moab</strong></span> <span class='ocrx_word' id='word_1_438' title='bbox 1502 3598 1569 3653; x_wconf 90' lang='lat' dir='ltr'><strong>ad</strong></span> <span class='ocrx_word' id='word_1_439' title='bbox 1592 3597 1833 3669; x_wconf 66' lang='lat' dir='ltr'><strong>praelium</strong></span> <span class='ocrx_word' id='word_1_440' title='bbox 1852 3599 1879 3652; x_wconf 67' lang='grc' dir='ltr'><strong>’ἲ</strong></span> <span class='ocrx_word' id='word_1_441' title='bbox 1901 3596 1967 3651; x_wconf 84' lang='lat' dir='ltr'><strong>Et</strong></span> <span class='ocrx_word' id='word_1_442' title='bbox 1991 3611 2217 3666; x_wconf 87' lang='lat' dir='ltr'><strong>respon-</strong></span> 
     </span>
    </p>
   </div>
   <div class='ocr_carea' id='block_1_65' title="bbox 629 3686 2217 3753">
    <p class='ocr_par' dir='ltr' id='par_1_65' title="bbox 629 3686 2217 3753">
     <span class='ocr_line' id='line_1_65' title="bbox 629 3686 2217 3753; baseline -0.008 0"><span class='ocrx_word' id='word_1_443' title='bbox 629 3696 749 3753; x_wconf 84' lang='lat' dir='ltr'><strong>dit:</strong></span> <span class='ocrx_word' id='word_1_444' title='bbox 800 3695 1127 3750; x_wconf 82' lang='lat' dir='ltr'><strong>Ascendam.</strong></span> <span class='ocrx_word' id='word_1_445' title='bbox 1167 3692 1232 3746; x_wconf 84' lang='lat' dir='ltr'><strong>Et</strong></span> <span class='ocrx_word' id='word_1_446' title='bbox 1258 3692 1393 3745; x_wconf 87' lang='lat' dir='ltr'><strong>abiit</strong></span> <span class='ocrx_word' id='word_1_447' title='bbox 1420 3705 1511 3745; x_wconf 89' lang='lat' dir='ltr'><strong>rex</strong></span> <span class='ocrx_word' id='word_1_448' title='bbox 1544 3688 1731 3753; x_wconf 89' lang='lat' dir='ltr'><strong>Israel,</strong></span> <span class='ocrx_word' id='word_1_449' title='bbox 1759 3697 1813 3742; x_wconf 91' lang='lat' dir='ltr'><strong>et</strong></span> <span class='ocrx_word' id='word_1_450' title='bbox 1856 3703 1946 3742; x_wconf 87' lang='lat' dir='ltr'><strong>rex</strong></span> <span class='ocrx_word' id='word_1_451' title='bbox 1974 3686 2133 3750; x_wconf 78' lang='lat' dir='ltr'><strong>.luda,</strong></span> <span class='ocrx_word' id='word_1_452' title='bbox 2161 3697 2217 3742; x_wconf 92' lang='lat' dir='ltr'><strong>et</strong></span> 
     </span>
    </p>
   </div>
   <div class='ocr_carea' id='block_1_66' title="bbox 633 3780 2215 3851">
    <p class='ocr_par' dir='ltr' id='par_1_66' title="bbox 633 3780 2215 3851">
     <span class='ocr_line' id='line_1_66' title="bbox 633 3780 2215 3851; baseline -0.005 -10"><span class='ocrx_word' id='word_1_453' title='bbox 633 3802 728 3841; x_wconf 87' lang='lat' dir='ltr'><strong>rex</strong></span> <span class='ocrx_word' id='word_1_454' title='bbox 782 3785 951 3840; x_wconf 87' lang='lat' dir='ltr'><strong>Edom</strong></span> <span class='ocrx_word' id='word_1_455' title='bbox 980 3784 1048 3839; x_wconf 85' lang='grc'><strong>³³.</strong></span> <span class='ocrx_word' id='word_1_456' title='bbox 1078 3803 1096 3835; x_wconf 78' lang='grc' dir='ltr'><strong>ι</strong></span> <span class='ocrx_word' id='word_1_457' title='bbox 1129 3783 1424 3838; x_wconf 84' lang='lat' dir='ltr'><strong>Considera</strong></span> <span class='ocrx_word' id='word_1_458' title='bbox 1452 3781 1616 3851; x_wconf 87' lang='lat' dir='ltr'><strong>igitur</strong></span> <span class='ocrx_word' id='word_1_459' title='bbox 1642 3780 1913 3849; x_wconf 83' lang='lat' dir='ltr'><strong>quomodo</strong></span> <span class='ocrx_word' id='word_1_460' title='bbox 1949 3796 2072 3833; x_wconf 86' lang='lat' dir='ltr'><strong>cum</strong></span> <span class='ocrx_word' id='word_1_461' title='bbox 2130 3795 2215 3833; x_wconf 83' lang='lat' dir='ltr'><strong>re-</strong></span> 
     </span>
    </p>
   </div>
   <div class='ocr_carea' id='block_1_67' title="bbox 629 3872 2216 3949">
    <p class='ocr_par' dir='ltr' id='par_1_67' title="bbox 629 3872 2216 3949">
     <span class='ocr_line' id='line_1_67' title="bbox 629 3872 2216 3949; baseline -0.004 -16"><span class='ocrx_word' id='word_1_462' title='bbox 629 3879 785 3949; x_wconf 80' lang='lat' dir='ltr'><strong>gibus</strong></span> <span class='ocrx_word' id='word_1_463' title='bbox 840 3877 963 3931; x_wconf 86' lang='lat' dir='ltr'><strong>istis</strong></span> <span class='ocrx_word' id='word_1_464' title='bbox 1016 3875 1179 3931; x_wconf 89' lang='lat' dir='ltr'><strong>etiam</strong></span> <span class='ocrx_word' id='word_1_465' title='bbox 1224 3889 1323 3928; x_wconf 87' lang='lat' dir='ltr'><strong>rex</strong></span> <span class='ocrx_word' id='word_1_466' title='bbox 1364 3872 1553 3937; x_wconf 87' lang='lat' dir='ltr'><strong>Edom,</strong></span> <span class='ocrx_word' id='word_1_467' title='bbox 1609 3872 1661 3926; x_wconf 92' lang='lat' dir='ltr'><strong>id</strong></span> <span class='ocrx_word' id='word_1_468' title='bbox 1696 3880 1779 3926; x_wconf 86' lang='lat' dir='ltr'><strong>est</strong></span> <span class='ocrx_word' id='word_1_469' title='bbox 1832 3872 2092 3938; x_wconf 64' lang='lat' dir='ltr'><strong>ldnmm,</strong></span> <span class='ocrx_word' id='word_1_470' title='bbox 2125 3888 2216 3927; x_wconf 85' lang='lat' dir='ltr'><strong>ar—</strong></span> 
     </span>
    </p>
   </div>
   <div class='ocr_carea' id='block_1_68' title="bbox 633 3965 2214 4034">
    <p class='ocr_par' dir='ltr' id='par_1_68' title="bbox 633 3965 2214 4034">
     <span class='ocr_line' id='line_1_68' title="bbox 633 3965 2214 4034; baseline -0.003 -11"><span class='ocrx_word' id='word_1_471' title='bbox 633 3985 719 4023; x_wconf 87' lang='lat' dir='ltr'><strong>ma</strong></span> <span class='ocrx_word' id='word_1_472' title='bbox 784 3966 1089 4022; x_wconf 67' lang='lat' dir='ltr'><strong>satiaverit.</strong></span> <span class='ocrx_word' id='word_1_473' title='bbox 1151 3965 1488 4021; x_wconf 76' lang='lat' dir='ltr'><strong>Laborantes</strong></span> <span class='ocrx_word' id='word_1_474' title='bbox 1526 3973 1708 4019; x_wconf 88' lang='lat' dir='ltr'><strong>autem</strong></span> <span class='ocrx_word' id='word_1_475' title='bbox 1770 3979 1923 4033; x_wconf 73' lang='lat' dir='ltr'><strong>aqua:</strong></span> <span class='ocrx_word' id='word_1_476' title='bbox 1968 3965 2214 4034; x_wconf 85' lang='lat' dir='ltr'><strong>penuria,</strong></span> 
     </span>
    </p>
   </div>
   <div class='ocr_carea' id='block_1_69' title="bbox 631 4054 2213 4126">
    <p class='ocr_par' dir='ltr' id='par_1_69' title="bbox 631 4054 2213 4126">
     <span class='ocr_line' id='line_1_69' title="bbox 631 4054 2213 4126; baseline -0.004 -11"><span class='ocrx_word' id='word_1_477' title='bbox 631 4061 997 4116; x_wconf 82' lang='lat' dir='ltr'><strong>accersiernnt</strong></span> <span class='ocrx_word' id='word_1_478' title='bbox 1030 4058 1282 4113; x_wconf 69' lang='lat' dir='ltr'><strong>Elismum</strong></span> <span class='ocrx_word' id='word_1_479' title='bbox 1303 4097 1318 4122; x_wconf 94' lang='lat'><strong>,</strong></span> <span class='ocrx_word' id='word_1_480' title='bbox 1349 4063 1598 4126; x_wconf 76' lang='lat' dir='ltr'><strong>rogantes</strong></span> <span class='ocrx_word' id='word_1_481' title='bbox 1650 4064 1709 4109; x_wconf 91' lang='lat' dir='ltr'><strong>ut</strong></span> <span class='ocrx_word' id='word_1_482' title='bbox 1741 4054 1963 4109; x_wconf 90' lang='lat' dir='ltr'><strong>daretur</strong></span> <span class='ocrx_word' id='word_1_483' title='bbox 1997 4054 2128 4123; x_wconf 84' lang='lat' dir='ltr'><strong>ipsis</strong></span> <span class='ocrx_word' id='word_1_484' title='bbox 2184 4072 2213 4109; x_wconf 80' lang='grc' dir='ltr'><strong>ιι</strong></span> 
     </span>
    </p>
   </div>
   <div class='ocr_carea' id='block_1_70' title="bbox 635 4142 2215 4220">
    <p class='ocr_par' dir='ltr' id='par_1_70' title="bbox 635 4142 2215 4220">
     <span class='ocr_line' id='line_1_70' title="bbox 635 4142 2215 4220; baseline -0.006 -11"><span class='ocrx_word' id='word_1_485' title='bbox 635 4150 861 4208; x_wconf 83' lang='grc' dir='ltr'>υοιιιίιιο</span> <span class='ocrx_word' id='word_1_486' title='bbox 888 4149 1029 4220; x_wconf 83' lang='lat' dir='ltr'><strong>quod</strong></span> <span class='ocrx_word' id='word_1_487' title='bbox 1061 4149 1333 4218; x_wconf 81' lang='lat' dir='ltr'><strong>petebant.</strong></span> <span class='ocrx_word' id='word_1_488' title='bbox 1376 4146 1496 4213; x_wconf 83' lang='lat' dir='ltr'><strong>Quo</strong></span> <span class='ocrx_word' id='word_1_489' title='bbox 1530 4144 1702 4210; x_wconf 80' lang='lat' dir='ltr'><strong>facto,</strong></span> <span class='ocrx_word' id='word_1_490' title='bbox 1725 4142 1971 4199; x_wconf 74' lang='lat' dir='ltr'><strong>Moabitae</strong></span> <span class='ocrx_word' id='word_1_491' title='bbox 2022 4144 2075 4199; x_wconf 89' lang='lat' dir='ltr'><strong>in</strong></span> <span class='ocrx_word' id='word_1_492' title='bbox 2122 4160 2215 4214; x_wconf 83' lang='lat' dir='ltr'><strong>po-</strong></span> 
     </span>
    </p>
   </div>
   <div class='ocr_carea' id='block_1_71' title="bbox 632 4234 2213 4310">
    <p class='ocr_par' dir='ltr' id='par_1_71' title="bbox 632 4234 2213 4310">
     <span class='ocr_line' id='line_1_71' title="bbox 632 4234 2213 4310; baseline -0.001 -13"><span class='ocrx_word' id='word_1_493' title='bbox 632 4251 881 4297; x_wconf 87' lang='lat' dir='ltr'><strong>testatem</strong></span> <span class='ocrx_word' id='word_1_494' title='bbox 927 4247 1211 4305; x_wconf 80' lang='lat' dir='ltr'><strong>venerunt,</strong></span> <span class='ocrx_word' id='word_1_495' title='bbox 1247 4234 1413 4310; x_wconf 58' lang='lat'><strong>265.</strong></span> <span class='ocrx_word' id='word_1_496' title='bbox 1447 4246 1505 4291; x_wconf 92' lang='lat' dir='ltr'><strong>ut</strong></span> <span class='ocrx_word' id='word_1_497' title='bbox 1533 4235 1673 4291; x_wconf 81' lang='lat' dir='ltr'><strong>inl‘ra</strong></span> <span class='ocrx_word' id='word_1_498' title='bbox 1722 4238 2027 4307; x_wconf 79' lang='lat' dir='ltr'><strong>exponitur.</strong></span> <span class='ocrx_word' id='word_1_499' title='bbox 2086 4239 2213 4297; x_wconf 87' lang='lat' dir='ltr'><strong>lrati</strong></span> 
     </span>
    </p>
   </div>
   <div class='ocr_carea' id='block_1_72' title="bbox 629 4328 2211 4404">
    <p class='ocr_par' dir='ltr' id='par_1_72' title="bbox 629 4328 2211 4404">
     <span class='ocr_line' id='line_1_72' title="bbox 629 4328 2211 4404; baseline -0.002 -15"><span class='ocrx_word' id='word_1_500' title='bbox 629 4348 758 4404; x_wconf 89' lang='lat' dir='ltr'><strong>ergo</strong></span> <span class='ocrx_word' id='word_1_501' title='bbox 780 4331 1025 4387; x_wconf 62' lang='lat' dir='ltr'><strong>Moabitae</strong></span> <span class='ocrx_word' id='word_1_502' title='bbox 1062 4329 1343 4396; x_wconf 87' lang='lat' dir='ltr'><strong>Israelitis,</strong></span> <span class='ocrx_word' id='word_1_503' title='bbox 1370 4347 1398 4382; x_wconf 79' lang='grc' dir='ltr'><strong>ιι</strong></span> <span class='ocrx_word' id='word_1_504' title='bbox 1423 4329 1619 4397; x_wconf 90' lang='lat' dir='ltr'><strong>quibus</strong></span> <span class='ocrx_word' id='word_1_505' title='bbox 1658 4328 1787 4383; x_wconf 85' lang='lat' dir='ltr'><strong>olim</strong></span> <span class='ocrx_word' id='word_1_506' title='bbox 1838 4332 1964 4386; x_wconf 79' lang='lat' dir='ltr'><strong>victi</strong></span> <span class='ocrx_word' id='word_1_507' title='bbox 2008 4344 2211 4401; x_wconf 85' lang='lat' dir='ltr'><strong>essent,</strong></span> 
     </span>
    </p>
   </div>
   <div class='ocr_carea' id='block_1_73' title="bbox 630 4416 2211 4491">
    <p class='ocr_par' dir='ltr' id='par_1_73' title="bbox 630 4416 2211 4491">
     <span class='ocr_line' id='line_1_73' title="bbox 630 4416 2211 4491; baseline -0.001 -14"><span class='ocrx_word' id='word_1_508' title='bbox 630 4421 800 4478; x_wconf 75' lang='lat' dir='ltr'><strong>Edam</strong></span> <span class='ocrx_word' id='word_1_509' title='bbox 841 4437 968 4491; x_wconf 86' lang='lat' dir='ltr'><strong>rege</strong></span> <span class='ocrx_word' id='word_1_510' title='bbox 1005 4420 1135 4490; x_wconf 89' lang='lat' dir='ltr'><strong>ipsis</strong></span> <span class='ocrx_word' id='word_1_511' title='bbox 1161 4433 1317 4488; x_wconf 90' lang='lat' dir='ltr'><strong>opem</strong></span> <span class='ocrx_word' id='word_1_512' title='bbox 1348 4416 1573 4482; x_wconf 76' lang='lat' dir='ltr'><strong>ferente,</strong></span> <span class='ocrx_word' id='word_1_513' title='bbox 1602 4418 1857 4486; x_wconf 86' lang='lat' dir='ltr'><strong>quoniam</strong></span> <span class='ocrx_word' id='word_1_514' title='bbox 1888 4418 2081 4476; x_wconf 64' lang='lat' dir='ltr'><strong>laedere</strong></span> <span class='ocrx_word' id='word_1_515' title='bbox 2097 4421 2211 4489; x_wconf 85' lang='lat' dir='ltr'><strong>jam</strong></span> 
     </span>
    </p>
   </div>
   <div class='ocr_carea' id='block_1_74' title="bbox 628 4510 2214 4582">
    <p class='ocr_par' dir='ltr' id='par_1_74' title="bbox 628 4510 2214 4582">
     <span class='ocr_line' id='line_1_74' title="bbox 628 4510 2214 4582; baseline -0.002 -13"><span class='ocrx_word' id='word_1_516' title='bbox 628 4524 871 4569; x_wconf 84' lang='lat' dir='ltr'><strong>mortuos</strong></span> <span class='ocrx_word' id='word_1_517' title='bbox 920 4512 1238 4582; x_wconf 83' lang='lat' dir='ltr'><strong>nequibant,</strong></span> <span class='ocrx_word' id='word_1_518' title='bbox 1274 4511 1382 4564; x_wconf 79' lang='lat' dir='ltr'><strong>alia</strong></span> <span class='ocrx_word' id='word_1_519' title='bbox 1417 4510 1624 4565; x_wconf 89' lang='lat' dir='ltr'><strong>ratione</strong></span> <span class='ocrx_word' id='word_1_520' title='bbox 1649 4520 1943 4579; x_wconf 84' lang='lat' dir='ltr'><strong>peccarunt</strong></span> <span class='ocrx_word' id='word_1_521' title='bbox 1992 4512 2047 4568; x_wconf 84' lang='lat' dir='ltr'><strong>in</strong></span> <span class='ocrx_word' id='word_1_522' title='bbox 2089 4513 2214 4568; x_wconf 85' lang='lat' dir='ltr'><strong>reli-</strong></span> 
     </span>
    </p>
   </div>
   <div class='ocr_carea' id='block_1_75' title="bbox 2335 3410 3916 3497">
    <p class='ocr_par' dir='ltr' id='par_1_75' title="bbox 2335 3410 3916 3497">
     <span class='ocr_line' id='line_1_75' title="bbox 2335 3410 3916 3497; baseline -0.012 -17"><span class='ocrx_word' id='word_1_523' title='bbox 2335 3423 2821 3497; x_wconf 75' lang='grc' dir='ltr'><strong>’Λχαά6,ἡθέτησε</strong></span> <span class='ocrx_word' id='word_1_524' title='bbox 2864 3419 3041 3477; x_wconf 75' lang='grc' dir='ltr'><strong>Μωὰϐ</strong></span> <span class='ocrx_word' id='word_1_525' title='bbox 3101 3419 3159 3472; x_wconf 81' lang='grc' dir='ltr'>ὲν</span> <span class='ocrx_word' id='word_1_526' title='bbox 3204 3417 3413 3489; x_wconf 85' lang='grc' dir='ltr'>βασιλεῖ</span> <span class='ocrx_word' id='word_1_527' title='bbox 3466 3411 3705 3485; x_wconf 81' lang='grc' dir='ltr'>Ἰσραήλ.</span> <span class='ocrx_word' id='word_1_528' title='bbox 3767 3411 3831 3465; x_wconf 89' lang='lat'><strong>&#39;0</strong></span> <span class='ocrx_word' id='word_1_529' title='bbox 3861 3410 3916 3461; x_wconf 77' lang='grc' dir='ltr'>δὲ</span> 
     </span>
    </p>
   </div>
   <div class='ocr_carea' id='block_1_76' title="bbox 2330 3501 3916 3583">
    <p class='ocr_par' dir='ltr' id='par_1_76' title="bbox 2330 3501 3916 3583">
     <span class='ocr_line' id='line_1_76' title="bbox 2330 3501 3916 3583; baseline -0.009 -16"><span class='ocrx_word' id='word_1_530' title='bbox 2330 3512 2519 3583; x_wconf 84' lang='grc' dir='ltr'>Ἰωρὰν</span> <span class='ocrx_word' id='word_1_531' title='bbox 2549 3514 2616 3566; x_wconf 82' lang='grc' dir='ltr'>ὲκ</span> <span class='ocrx_word' id='word_1_532' title='bbox 2643 3510 2959 3582; x_wconf 76' lang='grc' dir='ltr'>Σαμαρείας</span> <span class='ocrx_word' id='word_1_533' title='bbox 2986 3507 3274 3563; x_wconf 78' lang='grc' dir='ltr'>ἀπέστειλε</span> <span class='ocrx_word' id='word_1_534' title='bbox 3318 3505 3455 3577; x_wconf 74' lang='grc' dir='ltr'>πρὸς</span> <span class='ocrx_word' id='word_1_535' title='bbox 3502 3501 3785 3572; x_wconf 71' lang='grc' dir='ltr'>Ἰωσαφάτ</span> <span class='ocrx_word' id='word_1_536' title='bbox 3829 3501 3916 3572; x_wconf 79' lang='grc' dir='ltr'><strong>βα·</strong></span> 
     </span>
    </p>
   </div>
   <div class='ocr_carea' id='block_1_77' title="bbox 2318 3592 3917 3670">
    <p class='ocr_par' dir='ltr' id='par_1_77' title="bbox 2318 3592 3917 3670">
     <span class='ocr_line' id='line_1_77' title="bbox 2318 3592 3917 3670; baseline -0.009 -10"><span class='ocrx_word' id='word_1_537' title='bbox 2318 3604 2474 3661; x_wconf 80' lang='grc' dir='ltr'>σιλέα</span> <span class='ocrx_word' id='word_1_538' title='bbox 2518 3603 2691 3659; x_wconf 76' lang='grc' dir='ltr'>Ἰούδα</span> <span class='ocrx_word' id='word_1_539' title='bbox 2709 3622 2723 3635; x_wconf 76' lang='grc' dir='ltr'><strong><em>ο</em></strong></span> <span class='ocrx_word' id='word_1_540' title='bbox 2762 3623 2781 3656; x_wconf 80' lang='grc' dir='ltr'><strong>ι</strong></span> <span class='ocrx_word' id='word_1_541' title='bbox 2816 3601 3078 3665; x_wconf 79' lang='grc' dir='ltr'>Βασιλεὺς</span> <span class='ocrx_word' id='word_1_542' title='bbox 3099 3599 3273 3655; x_wconf 81' lang='grc' dir='ltr'><strong>Μωὰὸ</strong></span> <span class='ocrx_word' id='word_1_543' title='bbox 3300 3599 3564 3670; x_wconf 76' lang='grc' dir='ltr'><strong>ἠθέτησεν</strong></span> <span class='ocrx_word' id='word_1_544' title='bbox 3590 3599 3649 3651; x_wconf 82' lang='grc' dir='ltr'>ὲν</span> <span class='ocrx_word' id='word_1_545' title='bbox 3671 3596 3827 3665; x_wconf 78' lang='grc' dir='ltr'>ἐμοί.</span> <span class='ocrx_word' id='word_1_546' title='bbox 3857 3592 3917 3646; x_wconf 86' lang='lat' dir='ltr'><strong>El</strong></span> 
     </span>
    </p>
   </div>
   <div class='ocr_carea' id='block_1_78' title="bbox 2317 3682 3916 3770">
    <p class='ocr_par' dir='ltr' id='par_1_78' title="bbox 2317 3682 3916 3770">
     <span class='ocr_line' id='line_1_78' title="bbox 2317 3682 3916 3770; baseline -0.009 -17"><span class='ocrx_word' id='word_1_547' title='bbox 2317 3697 2563 3770; x_wconf 79' lang='grc' dir='ltr'><strong>πορεύσῃ</strong></span> <span class='ocrx_word' id='word_1_548' title='bbox 2593 3698 2709 3769; x_wconf 77' lang='grc' dir='ltr'>μετ’</span> <span class='ocrx_word' id='word_1_549' title='bbox 2746 3696 2881 3767; x_wconf 75' lang='grc' dir='ltr'>ἐμοῦ</span> <span class='ocrx_word' id='word_1_550' title='bbox 2913 3695 3005 3749; x_wconf 77' lang='grc' dir='ltr'><strong>ἐπὶ</strong></span> <span class='ocrx_word' id='word_1_551' title='bbox 3036 3694 3211 3748; x_wconf 76' lang='grc' dir='ltr'><strong>Μωάϐ</strong></span> <span class='ocrx_word' id='word_1_552' title='bbox 3247 3696 3333 3757; x_wconf 78' lang='grc' dir='ltr'>εἰς</span> <span class='ocrx_word' id='word_1_553' title='bbox 3370 3692 3645 3761; x_wconf 73' lang='grc' dir='ltr'>πόλεμονς</span> <span class='ocrx_word' id='word_1_554' title='bbox 3684 3689 3812 3743; x_wconf 71' lang='grc' dir='ltr'><strong>Καὶ</strong></span> <span class='ocrx_word' id='word_1_555' title='bbox 3848 3682 3916 3739; x_wconf 74' lang='grc' dir='ltr'><strong>εἴ·</strong></span> 
     </span>
    </p>
   </div>
   <div class='ocr_carea' id='block_1_79' title="bbox 2316 3780 3915 3861">
    <p class='ocr_par' dir='ltr' id='par_1_79' title="bbox 2316 3780 3915 3861">
     <span class='ocr_line' id='line_1_79' title="bbox 2316 3780 3915 3861; baseline -0.006 -17"><span class='ocrx_word' id='word_1_556' title='bbox 2316 3807 2440 3844; x_wconf 83' lang='grc' dir='ltr'>πεν·</span> <span class='ocrx_word' id='word_1_557' title='bbox 2487 3789 2876 3861; x_wconf 79' lang='grc' dir='ltr'>Ἀναδήσομαι.</span> <span class='ocrx_word' id='word_1_558' title='bbox 2904 3788 3013 3840; x_wconf 79' lang='lat' dir='ltr'><strong>Kui</strong></span> <span class='ocrx_word' id='word_1_559' title='bbox 3034 3786 3309 3858; x_wconf 76' lang='grc' dir='ltr'><strong>ἐπορεύθη</strong></span> <span class='ocrx_word' id='word_1_560' title='bbox 3347 3788 3375 3839; x_wconf 98' lang='lat'><strong>6</strong></span> <span class='ocrx_word' id='word_1_561' title='bbox 3417 3785 3669 3855; x_wconf 77' lang='grc' dir='ltr'>βασιλεὺς</span> <span class='ocrx_word' id='word_1_562' title='bbox 3714 3780 3915 3842; x_wconf 78' lang='grc' dir='ltr'>Ἰούδα,</span> 
     </span>
    </p>
   </div>
   <div class='ocr_carea' id='block_1_80' title="bbox 2315 3871 3911 3953">
    <p class='ocr_par' dir='ltr' id='par_1_80' title="bbox 2315 3871 3911 3953">
     <span class='ocr_line' id='line_1_80' title="bbox 2315 3871 3911 3953; baseline -0.01 -14"><span class='ocrx_word' id='word_1_563' title='bbox 2315 3884 2413 3939; x_wconf 73' lang='grc' dir='ltr'>καὶ</span> <span class='ocrx_word' id='word_1_564' title='bbox 2451 3885 2479 3937; x_wconf 93' lang='lat'><strong>6</strong></span> <span class='ocrx_word' id='word_1_565' title='bbox 2525 3880 2776 3953; x_wconf 81' lang='grc' dir='ltr'>βασιλεὺς</span> <span class='ocrx_word' id='word_1_566' title='bbox 2832 3877 3073 3950; x_wconf 80' lang='grc' dir='ltr'>Ἰσραὴλ,</span> <span class='ocrx_word' id='word_1_567' title='bbox 3115 3879 3212 3931; x_wconf 89' lang='lat' dir='ltr'><strong>xui</strong></span> <span class='ocrx_word' id='word_1_568' title='bbox 3250 3877 3278 3929; x_wconf 88' lang='lat'><strong>6</strong></span> <span class='ocrx_word' id='word_1_569' title='bbox 3327 3876 3578 3947; x_wconf 74' lang='grc' dir='ltr'>βασιλεὺς</span> <span class='ocrx_word' id='word_1_570' title='bbox 3638 3871 3854 3941; x_wconf 83' lang='grc' dir='ltr'><strong>Ἐδώμ.</strong></span> <span class='ocrx_word' id='word_1_571' title='bbox 3893 3891 3911 3922; x_wconf 82' lang='grc' dir='ltr'><strong>ι</strong></span> 
     </span>
    </p>
   </div>
   <div class='ocr_carea' id='block_1_81' title="bbox 2320 3965 3918 4049">
    <p class='ocr_par' dir='ltr' id='par_1_81' title="bbox 2320 3965 3918 4049">
     <span class='ocr_line' id='line_1_81' title="bbox 2320 3965 3918 4049; baseline -0.009 -18"><span class='ocrx_word' id='word_1_572' title='bbox 2320 3976 2515 4049; x_wconf 82' lang='grc' dir='ltr'><strong>’Δθρει</strong></span> <span class='ocrx_word' id='word_1_573' title='bbox 2546 3974 2612 4046; x_wconf 82' lang='grc' dir='ltr'>δὴ</span> <span class='ocrx_word' id='word_1_574' title='bbox 2644 3969 2737 4028; x_wconf 77' lang='grc' dir='ltr'>οὖν</span> <span class='ocrx_word' id='word_1_575' title='bbox 2763 3974 2913 4035; x_wconf 84' lang='grc' dir='ltr'>ὅπως</span> <span class='ocrx_word' id='word_1_576' title='bbox 2938 3968 3306 4033; x_wconf 76' lang='grc' dir='ltr'>συνωπλίζετο</span> <span class='ocrx_word' id='word_1_577' title='bbox 3346 3971 3459 4032; x_wconf 85' lang='grc' dir='ltr'>τοῖς</span> <span class='ocrx_word' id='word_1_578' title='bbox 3502 3965 3795 4037; x_wconf 85' lang='grc' dir='ltr'>βασιλεῦσι</span> <span class='ocrx_word' id='word_1_579' title='bbox 3826 3965 3918 4017; x_wconf 81' lang='lat' dir='ltr'><strong>xui</strong></span> 
     </span>
    </p>
   </div>
   <div class='ocr_carea' id='block_1_82' title="bbox 2314 4054 3914 4138">
    <p class='ocr_par' dir='ltr' id='par_1_82' title="bbox 2314 4054 3914 4138">
     <span class='ocr_line' id='line_1_82' title="bbox 2314 4054 3914 4138; baseline -0.011 -15"><span class='ocrx_word' id='word_1_580' title='bbox 2314 4070 2344 4124; x_wconf 90' lang='lat'><strong>6</strong></span> <span class='ocrx_word' id='word_1_581' title='bbox 2382 4066 2639 4138; x_wconf 77' lang='grc' dir='ltr'>βασιλεὺς</span> <span class='ocrx_word' id='word_1_582' title='bbox 2672 4062 2873 4135; x_wconf 86' lang='grc' dir='ltr'>Ἐδὼμ,</span> <span class='ocrx_word' id='word_1_583' title='bbox 2896 4061 3167 4124; x_wconf 80' lang='grc' dir='ltr'><em>τουτέστι,</em></span> <span class='ocrx_word' id='word_1_584' title='bbox 3190 4060 3289 4131; x_wconf 83' lang='grc' dir='ltr'>τῆς</span> <span class='ocrx_word' id='word_1_585' title='bbox 3320 4056 3645 4129; x_wconf 83' lang='grc' dir='ltr'>Ἰδουμαίας.</span> <span class='ocrx_word' id='word_1_586' title='bbox 3681 4054 3914 4123; x_wconf 67' lang='grc' dir='ltr'>Ἐπειδὴ</span> 
     </span>
    </p>
   </div>
   <div class='ocr_carea' id='block_1_83' title="bbox 2312 4144 3917 4231">
    <p class='ocr_par' dir='ltr' id='par_1_83' title="bbox 2312 4144 3917 4231">
     <span class='ocr_line' id='line_1_83' title="bbox 2312 4144 3917 4231; baseline -0.011 -18"><span class='ocrx_word' id='word_1_587' title='bbox 2312 4158 2373 4214; x_wconf 76' lang='grc' dir='ltr'>δὲ</span> <span class='ocrx_word' id='word_1_588' title='bbox 2402 4154 2543 4231; x_wconf 76' lang='grc' dir='ltr'>ἦσαν</span> <span class='ocrx_word' id='word_1_589' title='bbox 2572 4154 2780 4211; x_wconf 78' lang='grc' dir='ltr'><strong>ὑδάτων</strong></span> <span class='ocrx_word' id='word_1_590' title='bbox 2806 4155 2865 4208; x_wconf 82' lang='grc' dir='ltr'>ὲν</span> <span class='ocrx_word' id='word_1_591' title='bbox 2906 4152 3122 4217; x_wconf 81' lang='grc' dir='ltr'><strong>σπάνει,</strong></span> <span class='ocrx_word' id='word_1_592' title='bbox 3156 4149 3569 4222; x_wconf 78' lang='grc' dir='ltr'>μετεπέμποντο</span> <span class='ocrx_word' id='word_1_593' title='bbox 3590 4144 3677 4200; x_wconf 82' lang='grc' dir='ltr'>τὸν</span> <span class='ocrx_word' id='word_1_594' title='bbox 3732 4144 3917 4199; x_wconf 71' lang='grc' dir='ltr'>Ἐλισσ</span> 
     </span>
    </p>
   </div>
   <div class='ocr_carea' id='block_1_84' title="bbox 2315 4237 3918 4319">
    <p class='ocr_par' dir='ltr' id='par_1_84' title="bbox 2315 4237 3918 4319">
     <span class='ocr_line' id='line_1_84' title="bbox 2315 4237 3918 4319; baseline -0.011 -13"><span class='ocrx_word' id='word_1_595' title='bbox 2315 4251 2491 4315; x_wconf 84' lang='grc' dir='ltr'>σαῖον,</span> <span class='ocrx_word' id='word_1_596' title='bbox 2513 4249 2608 4304; x_wconf 88' lang='lat' dir='ltr'><strong>xui</strong></span> <span class='ocrx_word' id='word_1_597' title='bbox 2636 4245 2985 4319; x_wconf 77' lang='grc' dir='ltr'><strong>παρεκάλουν</strong></span> <span class='ocrx_word' id='word_1_598' title='bbox 3023 4244 3243 4316; x_wconf 83' lang='grc' dir='ltr'>δοθῆναι</span> <span class='ocrx_word' id='word_1_599' title='bbox 3273 4242 3422 4315; x_wconf 77' lang='grc' dir='ltr'>παρὰ</span> <span class='ocrx_word' id='word_1_600' title='bbox 3445 4239 3579 4294; x_wconf 80' lang='grc' dir='ltr'><strong>Θεοῦ</strong></span> <span class='ocrx_word' id='word_1_601' title='bbox 3618 4238 3677 4293; x_wconf 80' lang='grc' dir='ltr'>τὸ</span> <span class='ocrx_word' id='word_1_602' title='bbox 3716 4237 3918 4308; x_wconf 74' lang='grc' dir='ltr'><strong>ζητού-</strong></span> 
     </span>
    </p>
   </div>
   <div class='ocr_carea' id='block_1_85' title="bbox 2318 4329 3921 4411">
    <p class='ocr_par' dir='ltr' id='par_1_85' title="bbox 2318 4329 3921 4411">
     <span class='ocr_line' id='line_1_85' title="bbox 2318 4329 3921 4411; baseline -0.008 -18"><span class='ocrx_word' id='word_1_603' title='bbox 2318 4354 2498 4411; x_wconf 89' lang='grc' dir='ltr'>μενον.</span> <span class='ocrx_word' id='word_1_604' title='bbox 2530 4330 2606 4392; x_wconf 71' lang='grc' dir='ltr'>Οὗ</span> <span class='ocrx_word' id='word_1_605' title='bbox 2631 4336 2696 4405; x_wconf 83' lang='grc' dir='ltr'>δὴ</span> <span class='ocrx_word' id='word_1_606' title='bbox 2723 4335 3032 4405; x_wconf 83' lang='grc' dir='ltr'><strong>γεγονότος,</strong></span> <span class='ocrx_word' id='word_1_607' title='bbox 3059 4335 3279 4405; x_wconf 77' lang='grc' dir='ltr'>ἣλωσαν</span> <span class='ocrx_word' id='word_1_608' title='bbox 3304 4332 3616 4394; x_wconf 73' lang='grc' dir='ltr'>Μωαϐῖται,</span> <span class='ocrx_word' id='word_1_609' title='bbox 3644 4330 3809 4383; x_wconf 72' lang='grc' dir='ltr'>καθὰ</span> <span class='ocrx_word' id='word_1_610' title='bbox 3835 4329 3921 4395; x_wconf 74' lang='grc' dir='ltr'><strong>γὲ-</strong></span> 
     </span>
    </p>
   </div>
   <div class='ocr_carea' id='block_1_86' title="bbox 2312 4418 3915 4501">
    <p class='ocr_par' dir='ltr' id='par_1_86' title="bbox 2312 4418 3915 4501">
     <span class='ocr_line' id='line_1_86' title="bbox 2312 4418 3915 4501; baseline -0.008 -16"><span class='ocrx_word' id='word_1_611' title='bbox 2312 4445 2556 4501; x_wconf 87' lang='grc' dir='ltr'>γραπται</span> <span class='ocrx_word' id='word_1_612' title='bbox 2599 4426 2718 4499; x_wconf 81' lang='grc' dir='ltr'>μεθ’</span> <span class='ocrx_word' id='word_1_613' title='bbox 2758 4426 2945 4497; x_wconf 69' lang='grc' dir='ltr'>ἕτερα.</span> <span class='ocrx_word' id='word_1_614' title='bbox 3002 4423 3433 4496; x_wconf 82' lang='grc' dir='ltr'>Ἐπιμηνιῶντες</span> <span class='ocrx_word' id='word_1_615' title='bbox 3474 4422 3651 4475; x_wconf 79' lang='grc' dir='ltr'>τοίνυν</span> <span class='ocrx_word' id='word_1_616' title='bbox 3693 4421 3758 4473; x_wconf 82' lang='grc' dir='ltr'><strong>οἱ</strong></span> <span class='ocrx_word' id='word_1_617' title='bbox 3808 4418 3915 4473; x_wconf 74' lang='grc' dir='ltr'><strong>ἀπὸ</strong></span> 
     </span>
    </p>
   </div>
   <div class='ocr_carea' id='block_1_87' title="bbox 2314 4510 3910 4589">
    <p class='ocr_par' dir='ltr' id='par_1_87' title="bbox 2314 4510 3910 4589">
     <span class='ocr_line' id='line_1_87' title="bbox 2314 4510 3910 4589; baseline -0.009 -14"><span class='ocrx_word' id='word_1_618' title='bbox 2314 4520 2489 4575; x_wconf 77' lang='grc' dir='ltr'><strong>Μωὰό</strong></span> <span class='ocrx_word' id='word_1_619' title='bbox 2527 4520 2609 4573; x_wconf 79' lang='grc' dir='ltr'><strong>ὅτι</strong></span> <span class='ocrx_word' id='word_1_620' title='bbox 2655 4519 2974 4589; x_wconf 83' lang='grc' dir='ltr'>νενικήκασι</span> <span class='ocrx_word' id='word_1_621' title='bbox 3010 4516 3153 4571; x_wconf 82' lang='grc' dir='ltr'>κατὰ</span> <span class='ocrx_word' id='word_1_622' title='bbox 3200 4515 3427 4586; x_wconf 75' lang='grc' dir='ltr'>καιροὺς</span> <span class='ocrx_word' id='word_1_623' title='bbox 3470 4514 3518 4567; x_wconf 79' lang='grc' dir='ltr'><strong>οἱ</strong></span> <span class='ocrx_word' id='word_1_624' title='bbox 3554 4512 3615 4577; x_wconf 77' lang='grc' dir='ltr'><strong>ἐξ</strong></span> <span class='ocrx_word' id='word_1_625' title='bbox 3659 4510 3910 4583; x_wconf 74' lang='grc' dir='ltr'>Ἰσραὴλ,</span> 
     </span>
    </p>
   </div>
   <div class='ocr_carea' id='block_1_88' title="bbox 626 4601 2212 4696">
    <p class='ocr_par' dir='ltr' id='par_1_88' title="bbox 626 4603 2212 4679">
     <span class='ocr_line' id='line_1_88' title="bbox 626 4603 2212 4679; baseline 0.001 -22"><span class='ocrx_word' id='word_1_626' title='bbox 626 4608 804 4679; x_wconf 83' lang='lat' dir='ltr'><strong>quias,</strong></span> <span class='ocrx_word' id='word_1_627' title='bbox 838 4608 962 4676; x_wconf 87' lang='lat' dir='ltr'><strong>igne</strong></span> <span class='ocrx_word' id='word_1_628' title='bbox 990 4620 1085 4660; x_wconf 89' lang='lat' dir='ltr'><strong>eas</strong></span> <span class='ocrx_word' id='word_1_629' title='bbox 1124 4604 1470 4658; x_wconf 87' lang='lat' dir='ltr'><strong>absumentes</strong></span> <span class='ocrx_word' id='word_1_630' title='bbox 1502 4613 1557 4657; x_wconf 93' lang='lat' dir='ltr'><strong>et</strong></span> <span class='ocrx_word' id='word_1_631' title='bbox 1600 4616 1775 4673; x_wconf 87' lang='lat' dir='ltr'><strong>neque</strong></span> <span class='ocrx_word' id='word_1_632' title='bbox 1828 4603 2043 4658; x_wconf 86' lang='lat' dir='ltr'><strong>ossibus</strong></span> <span class='ocrx_word' id='word_1_633' title='bbox 2088 4620 2212 4673; x_wconf 84' lang='lat' dir='ltr'><strong>par-</strong></span> 
     </span>
    </p>
   </div>
   <div class='ocr_carea' id='block_1_89' title="bbox 2317 4601 3910 4696">
    <p class='ocr_par' dir='ltr' id='par_1_89' title="bbox 2319 4601 3910 4682">
     <span class='ocr_line' id='line_1_89' title="bbox 2319 4601 3910 4682; baseline -0.009 -15"><span class='ocrx_word' id='word_1_634' title='bbox 2319 4610 2693 4682; x_wconf 75' lang='grc' dir='ltr'>ὲπαμύνοντος</span> <span class='ocrx_word' id='word_1_635' title='bbox 2736 4609 2923 4671; x_wconf 77' lang='grc' dir='ltr'>αὐτοῖς</span> <span class='ocrx_word' id='word_1_636' title='bbox 2969 4608 3067 4662; x_wconf 89' lang='lat' dir='ltr'><strong>xui</strong></span> <span class='ocrx_word' id='word_1_637' title='bbox 3106 4604 3493 4673; x_wconf 75' lang='grc' dir='ltr'>συνεξάγοντος</span> <span class='ocrx_word' id='word_1_638' title='bbox 3513 4601 3605 4656; x_wconf 82' lang='grc' dir='ltr'>τοῦ</span> <span class='ocrx_word' id='word_1_639' title='bbox 3632 4601 3910 4672; x_wconf 79' lang='grc' dir='ltr'>βασιλέως</span> 
     </span>
    </p>
   </div>
   <div class='ocr_carea' id='block_1_90' title="bbox 627 4693 2208 4767">
    <p class='ocr_par' dir='ltr' id='par_1_90' title="bbox 627 4693 2208 4767">
     <span class='ocr_line' id='line_1_90' title="bbox 627 4693 2208 4767; baseline -0.001 -13"><span class='ocrx_word' id='word_1_640' title='bbox 627 4711 837 4764; x_wconf 84' lang='lat' dir='ltr'><strong>centes,</strong></span> <span class='ocrx_word' id='word_1_641' title='bbox 855 4708 1018 4767; x_wconf 88' lang='lat' dir='ltr'><strong>atque</strong></span> <span class='ocrx_word' id='word_1_642' title='bbox 1043 4698 1113 4752; x_wconf 89' lang='lat' dir='ltr'><strong>ita</strong></span> <span class='ocrx_word' id='word_1_643' title='bbox 1137 4695 1393 4751; x_wconf 88' lang='lat' dir='ltr'><strong>Israelitis</strong></span> <span class='ocrx_word' id='word_1_644' title='bbox 1416 4693 1655 4750; x_wconf 82' lang='lat' dir='ltr'><strong>funditus</strong></span> <span class='ocrx_word' id='word_1_645' title='bbox 1673 4711 1703 4750; x_wconf 87' lang='lat' dir='ltr'><strong>a</strong></span> <span class='ocrx_word' id='word_1_646' title='bbox 1728 4709 1788 4750; x_wconf 87' lang='lat' dir='ltr'><strong>se</strong></span> <span class='ocrx_word' id='word_1_647' title='bbox 1809 4695 2022 4764; x_wconf 83' lang='lat' dir='ltr'><strong>deletis,</strong></span> <span class='ocrx_word' id='word_1_648' title='bbox 2045 4697 2208 4753; x_wconf 86' lang='lat' dir='ltr'><strong>etiam</strong></span> 
     </span>
    </p>
   </div>
   <div class='ocr_carea' id='block_1_91' title="bbox 630 4786 2211 4861">
    <p class='ocr_par' dir='ltr' id='par_1_91' title="bbox 630 4786 2211 4861">
     <span class='ocr_line' id='line_1_91' title="bbox 630 4786 2211 4861; baseline -0.002 -15"><span class='ocrx_word' id='word_1_649' title='bbox 630 4792 867 4861; x_wconf 82' lang='lat' dir='ltr'><strong>ipsorum</strong></span> <span class='ocrx_word' id='word_1_650' title='bbox 901 4789 1190 4859; x_wconf 85' lang='lat' dir='ltr'><strong>aliquando</strong></span> <span class='ocrx_word' id='word_1_651' title='bbox 1246 4788 1449 4842; x_wconf 84' lang='lat' dir='ltr'><strong>socium</strong></span> <span class='ocrx_word' id='word_1_652' title='bbox 1483 4786 1811 4854; x_wconf 80' lang='lat' dir='ltr'><strong>adjecerunt.</strong></span> <span class='ocrx_word' id='word_1_653' title='bbox 1843 4786 2024 4854; x_wconf 87' lang='lat' dir='ltr'><strong>Quare</strong></span> <span class='ocrx_word' id='word_1_654' title='bbox 2076 4802 2211 4843; x_wconf 85' lang='lat' dir='ltr'><strong>exu-</strong></span> 
     </span>
    </p>
   </div>
   <div class='ocr_carea' id='block_1_92' title="bbox 628 4879 2205 4949">
    <p class='ocr_par' dir='ltr' id='par_1_92' title="bbox 628 4879 2205 4949">
     <span class='ocr_line' id='line_1_92' title="bbox 628 4879 2205 4949; baseline -0.002 -11"><span class='ocrx_word' id='word_1_655' title='bbox 628 4893 767 4938; x_wconf 84' lang='lat' dir='ltr'><strong>stum</strong></span> <span class='ocrx_word' id='word_1_656' title='bbox 812 4882 874 4936; x_wconf 92' lang='lat' dir='ltr'><strong>iri</strong></span> <span class='ocrx_word' id='word_1_657' title='bbox 911 4881 1042 4935; x_wconf 91' lang='lat' dir='ltr'><strong>dicit</strong></span> <span class='ocrx_word' id='word_1_658' title='bbox 1076 4880 1236 4934; x_wconf 87' lang='lat' dir='ltr'><strong>urbes</strong></span> <span class='ocrx_word' id='word_1_659' title='bbox 1268 4880 1606 4948; x_wconf 79' lang='lat' dir='ltr'><strong>ipsorum,et</strong></span> <span class='ocrx_word' id='word_1_660' title='bbox 1662 4879 1804 4946; x_wconf 90' lang='lat' dir='ltr'><strong>ipsos</strong></span> <span class='ocrx_word' id='word_1_661' title='bbox 1831 4880 2102 4949; x_wconf 89' lang='lat' dir='ltr'><strong>perituros</strong></span> <span class='ocrx_word' id='word_1_662' title='bbox 2151 4879 2205 4935; x_wconf 90' lang='lat' dir='ltr'><strong>in</strong></span> 
     </span>
    </p>
   </div>
   <div class='ocr_carea' id='block_1_93' title="bbox 630 4971 2208 5044">
    <p class='ocr_par' dir='ltr' id='par_1_93' title="bbox 630 4971 2208 5044">
     <span class='ocr_line' id='line_1_93' title="bbox 630 4971 2208 5044; baseline 0.001 -16"><span class='ocrx_word' id='word_1_663' title='bbox 630 4973 966 5044; x_wconf 86' lang='lat' dir='ltr'><strong>impotentia,</strong></span> <span class='ocrx_word' id='word_1_664' title='bbox 999 4988 1107 5026; x_wconf 89' lang='lat' dir='ltr'><strong>non</strong></span> <span class='ocrx_word' id='word_1_665' title='bbox 1136 4971 1325 5027; x_wconf 90' lang='lat' dir='ltr'><strong>morbo</strong></span> <span class='ocrx_word' id='word_1_666' title='bbox 1359 4971 1674 5033; x_wconf 82' lang='lat' dir='ltr'><strong>exhaustos,</strong></span> <span class='ocrx_word' id='word_1_667' title='bbox 1705 4986 1804 5026; x_wconf 89' lang='lat' dir='ltr'><strong>nec</strong></span> <span class='ocrx_word' id='word_1_668' title='bbox 1828 4974 2208 5030; x_wconf 75' lang='lat' dir='ltr'><strong>cutntnunihns</strong></span> 
     </span>
    </p>
   </div>
   <div class='ocr_carea' id='block_1_94' title="bbox 630 5063 2207 5129">
    <p class='ocr_par' dir='ltr' id='par_1_94' title="bbox 630 5063 2207 5129">
     <span class='ocr_line' id='line_1_94' title="bbox 630 5063 2207 5129; baseline 0 -9"><span class='ocrx_word' id='word_1_669' title='bbox 630 5063 1087 5120; x_wconf 81' lang='lat' dir='ltr'><strong>invaletudinihus</strong></span> <span class='ocrx_word' id='word_1_670' title='bbox 1115 5063 1572 5129; x_wconf 76' lang='lat' dir='ltr'><strong>contabefaetos,¢</strong></span> <span class='ocrx_word' id='word_1_671' title='bbox 1607 5063 1702 5118; x_wconf 88' lang='lat' dir='ltr'><strong>sed</strong></span> <span class='ocrx_word' id='word_1_672' title='bbox 1734 5078 1855 5117; x_wconf 89' lang='lat' dir='ltr'><strong>cum</strong></span> <span class='ocrx_word' id='word_1_673' title='bbox 1896 5063 2134 5118; x_wconf 87' lang='lat' dir='ltr'><strong>clamore</strong></span> <span class='ocrx_word' id='word_1_674' title='bbox 2154 5076 2207 5120; x_wconf 90' lang='lat' dir='ltr'><strong>et</strong></span> 
     </span>
    </p>
   </div>
   <div class='ocr_carea' id='block_1_95' title="bbox 630 5152 2208 5222">
    <p class='ocr_par' dir='ltr' id='par_1_95' title="bbox 630 5152 2208 5222">
     <span class='ocr_line' id='line_1_95' title="bbox 630 5152 2208 5222; baseline 0.001 -12"><span class='ocrx_word' id='word_1_675' title='bbox 630 5171 762 5213; x_wconf 80' lang='lat' dir='ltr'><strong>voce</strong></span> <span class='ocrx_word' id='word_1_676' title='bbox 828 5157 991 5222; x_wconf 73' lang='lat' dir='ltr'><strong>tubae,</strong></span> <span class='ocrx_word' id='word_1_677' title='bbox 1034 5173 1053 5207; x_wconf 78' lang='grc' dir='ltr'><strong>ι</strong></span> <span class='ocrx_word' id='word_1_678' title='bbox 1092 5155 1345 5218; x_wconf 76' lang='lat' dir='ltr'><strong>hoc.est,</strong></span> <span class='ocrx_word' id='word_1_679' title='bbox 1391 5154 1535 5209; x_wconf 82' lang='lat' dir='ltr'><strong>sicut</strong></span> <span class='ocrx_word' id='word_1_680' title='bbox 1587 5152 1641 5207; x_wconf 91' lang='lat' dir='ltr'><strong>in</strong></span> <span class='ocrx_word' id='word_1_681' title='bbox 1667 5153 1809 5208; x_wconf 89' lang='lat' dir='ltr'><strong>bello</strong></span> <span class='ocrx_word' id='word_1_682' title='bbox 1837 5162 1892 5208; x_wconf 87' lang='lat' dir='ltr'><strong>et</strong></span> <span class='ocrx_word' id='word_1_683' title='bbox 1934 5153 2208 5212; x_wconf 82' lang='lat' dir='ltr'><strong>conﬂictu.</strong></span> 
     </span>
    </p>
   </div>
   <div class='ocr_carea' id='block_1_96' title="bbox 628 5245 2215 5319">
    <p class='ocr_par' dir='ltr' id='par_1_96' title="bbox 628 5245 2215 5319">
     <span class='ocr_line' id='line_1_96' title="bbox 628 5245 2215 5319; baseline -0.002 -15"><span class='ocrx_word' id='word_1_684' title='bbox 628 5247 843 5305; x_wconf 78' lang='lat' dir='ltr'><strong>Iudices</strong></span> <span class='ocrx_word' id='word_1_685' title='bbox 873 5262 1086 5319; x_wconf 84' lang='lat' dir='ltr'><strong>quoque</strong></span> <span class='ocrx_word' id='word_1_686' title='bbox 1104 5257 1157 5302; x_wconf 92' lang='lat' dir='ltr'><strong>et</strong></span> <span class='ocrx_word' id='word_1_687' title='bbox 1187 5247 1460 5317; x_wconf 83' lang='lat' dir='ltr'><strong>principes</strong></span> <span class='ocrx_word' id='word_1_688' title='bbox 1491 5260 1597 5300; x_wconf 89' lang='lat' dir='ltr'><strong>una</strong></span> <span class='ocrx_word' id='word_1_689' title='bbox 1624 5260 1746 5301; x_wconf 90' lang='lat' dir='ltr'><strong>cum</strong></span> <span class='ocrx_word' id='word_1_690' title='bbox 1783 5245 2013 5300; x_wconf 90' lang='lat' dir='ltr'><strong>subditis</strong></span> <span class='ocrx_word' id='word_1_691' title='bbox 2053 5246 2215 5301; x_wconf 87' lang='lat' dir='ltr'><strong>inter-</strong></span> 
     </span>
    </p>
   </div>
   <div class='ocr_carea' id='block_1_97' title="bbox 629 5335 2214 5409">
    <p class='ocr_par' dir='ltr' id='par_1_97' title="bbox 629 5335 2214 5409">
     <span class='ocr_line' id='line_1_97' title="bbox 629 5335 2214 5409; baseline -0.003 -13"><span class='ocrx_word' id='word_1_692' title='bbox 629 5342 800 5398; x_wconf 87' lang='lat' dir='ltr'><strong>ituros</strong></span> <span class='ocrx_word' id='word_1_693' title='bbox 836 5343 1087 5397; x_wconf 83' lang='lat' dir='ltr'><strong>minatur.</strong></span> <span class='ocrx_word' id='word_1_694' title='bbox 1129 5340 1424 5409; x_wconf 85' lang='lat' dir='ltr'><strong>llliquippe</strong></span> <span class='ocrx_word' id='word_1_695' title='bbox 1463 5336 1620 5404; x_wconf 82' lang='lat' dir='ltr'><strong>hujus</strong></span> <span class='ocrx_word' id='word_1_696' title='bbox 1654 5335 1863 5392; x_wconf 90' lang='lat' dir='ltr'><strong>consilii</strong></span> <span class='ocrx_word' id='word_1_697' title='bbox 1905 5345 1961 5391; x_wconf 84' lang='lat' dir='ltr'><strong>et</strong></span> <span class='ocrx_word' id='word_1_698' title='bbox 2014 5337 2214 5407; x_wconf 85' lang='lat' dir='ltr'><strong>incepti</strong></span> 
     </span>
    </p>
   </div>
   <div class='ocr_carea' id='block_1_98' title="bbox 628 5425 2215 5500">
    <p class='ocr_par' dir='ltr' id='par_1_98' title="bbox 628 5425 2215 5500">
     <span class='ocr_line' id='line_1_98' title="bbox 628 5425 2215 5500; baseline -0.002 -14"><span class='ocrx_word' id='word_1_699' title='bbox 628 5444 900 5500; x_wconf 83' lang='lat' dir='ltr'><strong>auctores,</strong></span> <span class='ocrx_word' id='word_1_700' title='bbox 924 5442 979 5488; x_wconf 89' lang='lat' dir='ltr'><strong>et</strong></span> <span class='ocrx_word' id='word_1_701' title='bbox 1029 5431 1193 5486; x_wconf 89' lang='lat' dir='ltr'><strong>totius</strong></span> <span class='ocrx_word' id='word_1_702' title='bbox 1250 5425 1543 5499; x_wconf 87' lang='lat' dir='ltr'><strong>impietatis</strong></span> <span class='ocrx_word' id='word_1_703' title='bbox 1569 5425 1689 5481; x_wconf 84' lang='lat' dir='ltr'><strong>aliis</strong></span> <span class='ocrx_word' id='word_1_704' title='bbox 1742 5426 1897 5495; x_wconf 86' lang='lat' dir='ltr'><strong>plane</strong></span> <span class='ocrx_word' id='word_1_705' title='bbox 1958 5441 2215 5483; x_wconf 85' lang='lat' dir='ltr'><strong>suasores</strong></span> 
     </span>
    </p>
   </div>
   <div class='ocr_carea' id='block_1_99' title="bbox 629 5523 863 5581">
    <p class='ocr_par' dir='ltr' id='par_1_99' title="bbox 629 5523 863 5581">
     <span class='ocr_line' id='line_1_99' title="bbox 629 5523 863 5581; baseline 0.017 -4"><span class='ocrx_word' id='word_1_706' title='bbox 629 5523 863 5581; x_wconf 80' lang='lat' dir='ltr'><strong>inerunt.</strong></span> 
     </span>
    </p>
   </div>
   <div class='ocr_carea' id='block_1_100' title="bbox 2328 4690 3909 4773">
    <p class='ocr_par' dir='ltr' id='par_1_100' title="bbox 2328 4690 3909 4773">
     <span class='ocr_line' id='line_1_100' title="bbox 2328 4690 3909 4773; baseline -0.008 -15"><span class='ocrx_word' id='word_1_707' title='bbox 2328 4700 2529 4773; x_wconf 86' lang='grc' dir='ltr'>Ἐδὼμ,</span> <span class='ocrx_word' id='word_1_708' title='bbox 2557 4698 2745 4769; x_wconf 68' lang='grc' dir='ltr'>ἐπειδὴ</span> <span class='ocrx_word' id='word_1_709' title='bbox 2804 4697 3114 4754; x_wconf 84' lang='grc' dir='ltr'><strong>τεθνεώτων</strong></span> <span class='ocrx_word' id='word_1_710' title='bbox 3143 4699 3333 4751; x_wconf 84' lang='grc' dir='ltr'>λυπεῖν</span> <span class='ocrx_word' id='word_1_711' title='bbox 3373 4696 3473 4750; x_wconf 84' lang='grc' dir='ltr'>οὐκ</span> <span class='ocrx_word' id='word_1_712' title='bbox 3505 4690 3669 4764; x_wconf 72' lang='grc' dir='ltr'>εἶχον,</span> <span class='ocrx_word' id='word_1_713' title='bbox 3691 4694 3909 4764; x_wconf 75' lang='grc' dir='ltr'>ἑτέρως</span> 
     </span>
    </p>
   </div>
   <div class='ocr_carea' id='block_1_101' title="bbox 2315 4782 3906 4863">
    <p class='ocr_par' dir='ltr' id='par_1_101' title="bbox 2315 4782 3906 4863">
     <span class='ocr_line' id='line_1_101' title="bbox 2315 4782 3906 4863; baseline -0.008 -16"><span class='ocrx_word' id='word_1_714' title='bbox 2315 4790 2857 4863; x_wconf 79' lang='grc' dir='ltr'>πεπλημμελήκασιν</span> <span class='ocrx_word' id='word_1_715' title='bbox 2891 4790 2972 4853; x_wconf 85' lang='grc' dir='ltr'>είς</span> <span class='ocrx_word' id='word_1_716' title='bbox 2999 4787 3061 4842; x_wconf 82' lang='grc' dir='ltr'>τὸ</span> <span class='ocrx_word' id='word_1_717' title='bbox 3093 4786 3365 4857; x_wconf 71' lang='grc' dir='ltr'>λείψανον,</span> <span class='ocrx_word' id='word_1_718' title='bbox 3390 4785 3523 4857; x_wconf 76' lang='grc' dir='ltr'>πυρὶ</span> <span class='ocrx_word' id='word_1_719' title='bbox 3549 4782 3906 4844; x_wconf 80' lang='grc' dir='ltr'>δαπανῶντες</span> 
     </span>
    </p>
   </div>
   <div class='ocr_carea' id='block_1_102' title="bbox 2315 4874 3904 4953">
    <p class='ocr_par' dir='ltr' id='par_1_102' title="bbox 2315 4874 3904 4953">
     <span class='ocr_line' id='line_1_102' title="bbox 2315 4874 3904 4953; baseline -0.009 -12"><span class='ocrx_word' id='word_1_720' title='bbox 2315 4883 2500 4949; x_wconf 75' lang='grc' dir='ltr'>αὑτὸν,</span> <span class='ocrx_word' id='word_1_721' title='bbox 2526 4882 2621 4939; x_wconf 74' lang='lat' dir='ltr'><strong>xui</strong></span> <span class='ocrx_word' id='word_1_722' title='bbox 2654 4881 2791 4953; x_wconf 80' lang='grc' dir='ltr'>μηδὲ</span> <span class='ocrx_word' id='word_1_723' title='bbox 2827 4880 3000 4934; x_wconf 82' lang='grc' dir='ltr'>ὀστῶν</span> <span class='ocrx_word' id='word_1_724' title='bbox 3023 4880 3105 4933; x_wconf 75' lang='grc' dir='ltr'>ἐτι</span> <span class='ocrx_word' id='word_1_725' title='bbox 3147 4879 3476 4949; x_wconf 75' lang='grc' dir='ltr'>φειδόμενοι,</span> <span class='ocrx_word' id='word_1_726' title='bbox 3516 4874 3904 4948; x_wconf 77' lang='grc' dir='ltr'>προστιθέντες</span> 
     </span>
    </p>
   </div>
   <div class='ocr_carea' id='block_1_103' title="bbox 2312 4968 3903 5048">
    <p class='ocr_par' dir='ltr' id='par_1_103' title="bbox 2312 4968 3903 5048">
     <span class='ocr_line' id='line_1_103' title="bbox 2312 4968 3903 5048; baseline -0.008 -17"><span class='ocrx_word' id='word_1_727' title='bbox 2312 4975 2372 5031; x_wconf 82' lang='grc' dir='ltr'>δὲ</span> <span class='ocrx_word' id='word_1_728' title='bbox 2403 4974 2592 5048; x_wconf 74' lang='grc' dir='ltr'>ὥσπερ</span> <span class='ocrx_word' id='word_1_729' title='bbox 2619 4972 3048 5045; x_wconf 77' lang='grc' dir='ltr'>ὠλοθρευμένοις</span> <span class='ocrx_word' id='word_1_730' title='bbox 3086 4974 3197 5035; x_wconf 81' lang='grc' dir='ltr'>τοῖς</span> <span class='ocrx_word' id='word_1_731' title='bbox 3226 4970 3285 5038; x_wconf 74' lang='grc' dir='ltr'><strong>ἐξ</strong></span> <span class='ocrx_word' id='word_1_732' title='bbox 3318 4970 3529 5042; x_wconf 80' lang='grc' dir='ltr'>Ἰσραὴλ</span> <span class='ocrx_word' id='word_1_733' title='bbox 3560 4969 3651 5021; x_wconf 77' lang='grc' dir='ltr'>τὸν</span> <span class='ocrx_word' id='word_1_734' title='bbox 3674 4968 3903 5021; x_wconf 69' lang='grc' dir='ltr'>ἐπίκουο</span> 
     </span>
    </p>
   </div>
   <div class='ocr_carea' id='block_1_104' title="bbox 2318 5059 3903 5143">
    <p class='ocr_par' dir='ltr' id='par_1_104' title="bbox 2318 5059 3903 5143">
     <span class='ocr_line' id='line_1_104' title="bbox 2318 5059 3903 5143; baseline -0.008 -20"><span class='ocrx_word' id='word_1_735' title='bbox 2318 5085 2411 5143; x_wconf 84' lang='grc' dir='ltr'><strong>ρον</strong></span> <span class='ocrx_word' id='word_1_736' title='bbox 2446 5068 2629 5131; x_wconf 78' lang='grc' dir='ltr'>αὐτοῖς</span> <span class='ocrx_word' id='word_1_737' title='bbox 2668 5065 2928 5136; x_wconf 79' lang='grc' dir='ltr'>γεγονότα</span> <span class='ocrx_word' id='word_1_738' title='bbox 2964 5066 3105 5119; x_wconf 69' lang='grc' dir='ltr'>κατὰ</span> <span class='ocrx_word' id='word_1_739' title='bbox 3146 5063 3393 5136; x_wconf 81' lang='grc' dir='ltr'>καιρούς.</span> <span class='ocrx_word' id='word_1_740' title='bbox 3438 5059 3643 5115; x_wconf 74' lang='grc' dir='ltr'>Οὐκοῦν</span> <span class='ocrx_word' id='word_1_741' title='bbox 3684 5063 3903 5132; x_wconf 77' lang='grc' dir='ltr'>ἐμπρη-</span> 
     </span>
    </p>
   </div>
   <div class='ocr_carea' id='block_1_105' title="bbox 2316 5152 3902 5231">
    <p class='ocr_par' dir='ltr' id='par_1_105' title="bbox 2316 5152 3902 5231">
     <span class='ocr_line' id='line_1_105' title="bbox 2316 5152 3902 5231; baseline -0.009 -13"><span class='ocrx_word' id='word_1_742' title='bbox 2316 5159 2613 5231; x_wconf 78' lang='grc' dir='ltr'>σθήσεσοαί</span> <span class='ocrx_word' id='word_1_743' title='bbox 2638 5176 2769 5229; x_wconf 71' lang='grc' dir='ltr'>φησι</span> <span class='ocrx_word' id='word_1_744' title='bbox 2789 5158 2887 5221; x_wconf 85' lang='grc' dir='ltr'>τάς</span> <span class='ocrx_word' id='word_1_745' title='bbox 2909 5157 3093 5219; x_wconf 79' lang='grc' dir='ltr'>πόλεις</span> <span class='ocrx_word' id='word_1_746' title='bbox 3113 5156 3314 5217; x_wconf 81' lang='grc' dir='ltr'>αὐτῶν,</span> <span class='ocrx_word' id='word_1_747' title='bbox 3341 5156 3435 5208; x_wconf 84' lang='lat' dir='ltr'><strong>xui</strong></span> <span class='ocrx_word' id='word_1_748' title='bbox 3456 5153 3651 5216; x_wconf 76' lang='grc' dir='ltr'>αὐτοὺς</span> <span class='ocrx_word' id='word_1_749' title='bbox 3680 5152 3737 5205; x_wconf 83' lang='grc' dir='ltr'>δὲ</span> <span class='ocrx_word' id='word_1_750' title='bbox 3776 5153 3902 5204; x_wconf 75' lang='grc' dir='ltr'>ἁπο-</span> 
     </span>
    </p>
   </div>
   <div class='ocr_carea' id='block_1_106' title="bbox 2311 5240 3898 5318">
    <p class='ocr_par' dir='ltr' id='par_1_106' title="bbox 2311 5240 3898 5318">
     <span class='ocr_line' id='line_1_106' title="bbox 2311 5240 3898 5318; baseline -0.008 -13"><span class='ocrx_word' id='word_1_751' title='bbox 2311 5249 2524 5305; x_wconf 85' lang='grc' dir='ltr'>λεῖσθαι</span> <span class='ocrx_word' id='word_1_752' title='bbox 2566 5250 2624 5303; x_wconf 86' lang='grc' dir='ltr'>ὲν</span> <span class='ocrx_word' id='word_1_753' title='bbox 2663 5246 2955 5318; x_wconf 76' lang='grc' dir='ltr'>ἀδυναμίᾳ,</span> <span class='ocrx_word' id='word_1_754' title='bbox 2992 5247 3051 5299; x_wconf 70' lang='grc' dir='ltr'><strong>οὐ</strong></span> <span class='ocrx_word' id='word_1_755' title='bbox 3093 5245 3234 5316; x_wconf 81' lang='grc' dir='ltr'>νόσῳ</span> <span class='ocrx_word' id='word_1_756' title='bbox 3280 5243 3731 5315; x_wconf 80' lang='grc' dir='ltr'>μαραινομένους,</span> <span class='ocrx_word' id='word_1_757' title='bbox 3780 5240 3898 5294; x_wconf 69' lang='grc' dir='ltr'><strong>οὐδὲ</strong></span> 
     </span>
    </p>
   </div>
   <div class='ocr_carea' id='block_1_107' title="bbox 2309 5330 3897 5405">
    <p class='ocr_par' dir='ltr' id='par_1_107' title="bbox 2309 5330 3897 5405">
     <span class='ocr_line' id='line_1_107' title="bbox 2309 5330 3897 5405; baseline -0.009 -9"><span class='ocrx_word' id='word_1_758' title='bbox 2309 5342 2432 5403; x_wconf 80' lang='grc' dir='ltr'>ταῖς</span> <span class='ocrx_word' id='word_1_759' title='bbox 2455 5341 2662 5401; x_wconf 80' lang='grc' dir='ltr'>κοιναῖς</span> <span class='ocrx_word' id='word_1_760' title='bbox 2719 5334 3030 5401; x_wconf 78' lang='grc' dir='ltr'>ἀσθενείαις</span> <span class='ocrx_word' id='word_1_761' title='bbox 3070 5335 3529 5405; x_wconf 82' lang='grc' dir='ltr'>ὲκτετηγμένους,</span> <span class='ocrx_word' id='word_1_762' title='bbox 3578 5331 3717 5385; x_wconf 80' lang='grc' dir='ltr'>ἀλλὰ</span> <span class='ocrx_word' id='word_1_763' title='bbox 3759 5330 3897 5401; x_wconf 74' lang='grc' dir='ltr'>μετὰ</span> 
     </span>
    </p>
   </div>
   <div class='ocr_carea' id='block_1_108' title="bbox 2310 5424 3892 5504">
    <p class='ocr_par' dir='ltr' id='par_1_108' title="bbox 2310 5424 3892 5504">
     <span class='ocr_line' id='line_1_108' title="bbox 2310 5424 3892 5504; baseline -0.006 -18"><span class='ocrx_word' id='word_1_764' title='bbox 2310 5434 2560 5504; x_wconf 74' lang='grc' dir='ltr'>κραυγῆς</span> <span class='ocrx_word' id='word_1_765' title='bbox 2622 5431 2717 5485; x_wconf 85' lang='grc' dir='ltr'>καὶ</span> <span class='ocrx_word' id='word_1_766' title='bbox 2766 5426 2907 5500; x_wconf 84' lang='grc' dir='ltr'>μετὰ</span> <span class='ocrx_word' id='word_1_767' title='bbox 2973 5427 3157 5498; x_wconf 82' lang='grc' dir='ltr'>φωνῆς</span> <span class='ocrx_word' id='word_1_768' title='bbox 3216 5427 3536 5495; x_wconf 83' lang='grc' dir='ltr'>σάλπιγγος,</span> <span class='ocrx_word' id='word_1_769' title='bbox 3588 5424 3892 5488; x_wconf 78' lang='grc' dir='ltr'>τουτέστιν,</span> 
     </span>
    </p>
   </div>
   <div class='ocr_carea' id='block_1_109' title="bbox 2311 5512 3893 5591">
    <p class='ocr_par' dir='ltr' id='par_1_109' title="bbox 2311 5512 3893 5591">
     <span class='ocr_line' id='line_1_109' title="bbox 2311 5512 3893 5591; baseline -0.006 -16"><span class='ocrx_word' id='word_1_770' title='bbox 2311 5522 2387 5586; x_wconf 85' lang='grc' dir='ltr'>ὡς</span> <span class='ocrx_word' id='word_1_771' title='bbox 2417 5524 2475 5575; x_wconf 83' lang='grc' dir='ltr'>ὲν</span> <span class='ocrx_word' id='word_1_772' title='bbox 2520 5521 2742 5591; x_wconf 82' lang='grc' dir='ltr'>πολέμῳ</span> <span class='ocrx_word' id='word_1_773' title='bbox 2770 5521 2864 5574; x_wconf 89' lang='lat' dir='ltr'><strong>xui</strong></span> <span class='ocrx_word' id='word_1_774' title='bbox 2892 5518 3062 5591; x_wconf 65' lang='grc' dir='ltr'>μάχῃε</span> <span class='ocrx_word' id='word_1_775' title='bbox 3100 5518 3316 5572; x_wconf 83' lang='grc' dir='ltr'>ἀπειλεῖ</span> <span class='ocrx_word' id='word_1_776' title='bbox 3339 5518 3415 5583; x_wconf 69' lang='grc' dir='ltr'>δὲ,</span> <span class='ocrx_word' id='word_1_777' title='bbox 3455 5518 3539 5571; x_wconf 82' lang='grc' dir='ltr'>ὅτι</span> <span class='ocrx_word' id='word_1_778' title='bbox 3579 5515 3764 5585; x_wconf 84' lang='grc' dir='ltr'>κριταὶ</span> <span class='ocrx_word' id='word_1_779' title='bbox 3800 5512 3893 5567; x_wconf 88' lang='lat' dir='ltr'><strong>xui</strong></span> 
     </span>
    </p>
   </div>
   <div class='ocr_carea' id='block_1_110' title="bbox 626 5614 3891 5692">
    <p class='ocr_par' dir='ltr' id='par_1_110' title="bbox 626 5614 3891 5692">
     <span class='ocr_line' id='line_1_110' title="bbox 626 5614 3891 5692; baseline -0.002 -19"><span class='ocrx_word' id='word_1_780' title='bbox 626 5621 885 5692; x_wconf 78' lang='grc' dir='ltr'>ἄρχοντες</span> <span class='ocrx_word' id='word_1_781' title='bbox 919 5617 1343 5675; x_wconf 80' lang='grc' dir='ltr'>συναπολοῦνται</span> <span class='ocrx_word' id='word_1_782' title='bbox 1366 5615 1554 5689; x_wconf 80' lang='grc' dir='ltr'>[μετὰ]</span> <span class='ocrx_word' id='word_1_783' title='bbox 1576 5615 1685 5671; x_wconf 84' lang='grc' dir='ltr'><strong>τῶν</strong></span> <span class='ocrx_word' id='word_1_784' title='bbox 1717 5615 2181 5688; x_wconf 78' lang='grc' dir='ltr'>ὑπεστρωμένων.</span> <span class='ocrx_word' id='word_1_785' title='bbox 2204 5618 2371 5672; x_wconf 77' lang='grc' dir='ltr'>Αὐτοὶ</span> <span class='ocrx_word' id='word_1_786' title='bbox 2398 5619 2505 5691; x_wconf 83' lang='grc' dir='ltr'>γάρ</span> <span class='ocrx_word' id='word_1_787' title='bbox 2529 5614 2697 5692; x_wconf 71' lang='grc' dir='ltr'>ἦρχον</span> <span class='ocrx_word' id='word_1_788' title='bbox 2730 5616 2927 5688; x_wconf 78' lang='grc' dir='ltr'>βουλῆς</span> <span class='ocrx_word' id='word_1_789' title='bbox 2949 5616 3042 5670; x_wconf 84' lang='lat' dir='ltr'><strong>xui</strong></span> <span class='ocrx_word' id='word_1_790' title='bbox 3076 5616 3517 5688; x_wconf 73' lang='grc' dir='ltr'>ἐγχειρημάτων,</span> <span class='ocrx_word' id='word_1_791' title='bbox 3543 5615 3634 5669; x_wconf 86' lang='lat' dir='ltr'><strong>xui</strong></span> <span class='ocrx_word' id='word_1_792' title='bbox 3651 5615 3751 5686; x_wconf 77' lang='grc' dir='ltr'>τῆς</span> <span class='ocrx_word' id='word_1_793' title='bbox 3763 5614 3891 5684; x_wconf 78' lang='grc' dir='ltr'>ὅλης</span> 
     </span>
    </p>
   </div>
   <div class='ocr_carea' id='block_1_111' title="bbox 623 5708 2399 5783">
    <p class='ocr_par' dir='ltr' id='par_1_111' title="bbox 623 5708 2399 5783">
     <span class='ocr_line' id='line_1_111' title="bbox 623 5708 2399 5783; baseline -0.001 -17"><span class='ocrx_word' id='word_1_794' title='bbox 623 5712 937 5777; x_wconf 73' lang='grc' dir='ltr'>δυσσεϐείας</span> <span class='ocrx_word' id='word_1_795' title='bbox 986 5712 1205 5775; x_wconf 86' lang='grc' dir='ltr'>πάντως</span> <span class='ocrx_word' id='word_1_796' title='bbox 1250 5728 1353 5763; x_wconf 88' lang='grc' dir='ltr'><strong>που</strong></span> <span class='ocrx_word' id='word_1_797' title='bbox 1397 5709 1652 5779; x_wconf 80' lang='grc' dir='ltr'>γεγόνασι</span> <span class='ocrx_word' id='word_1_798' title='bbox 1704 5712 1815 5773; x_wconf 83' lang='grc' dir='ltr'>τοῖς</span> <span class='ocrx_word' id='word_1_799' title='bbox 1863 5708 2043 5773; x_wconf 76' lang='grc' dir='ltr'>ἄλλοις</span> <span class='ocrx_word' id='word_1_800' title='bbox 2090 5711 2399 5783; x_wconf 81' lang='grc' dir='ltr'>είσηγηταῖ.</span> 
     </span>
    </p>
   </div>
   <div class='ocr_carea' id='block_1_112' title="bbox 691 5846 2395 5961">
    <p class='ocr_par' dir='ltr' id='par_1_112' title="bbox 691 5846 2395 5961">
     <span class='ocr_line' id='line_1_112' title="bbox 691 5846 2395 5961; baseline -0.001 -14"><span class='ocrx_word' id='word_1_801' title='bbox 691 5901 730 5934; x_wconf 78' lang='grc' dir='ltr'><strong>ιι</strong></span> <span class='ocrx_word' id='word_1_802' title='bbox 780 5895 898 5948; x_wconf 70' lang='lat' dir='ltr'><strong>Act.</strong></span> <span class='ocrx_word' id='word_1_803' title='bbox 939 5910 1024 5960; x_wconf 85' lang='lat' dir='ltr'><strong>xx,</strong></span> <span class='ocrx_word' id='word_1_804' title='bbox 1067 5895 1157 5949; x_wconf 71' lang='lat' dir='ltr'><strong>Ei“.</strong></span> <span class='ocrx_word' id='word_1_805' title='bbox 1230 5892 1275 5925; x_wconf 78' lang='grc'><strong>³⁸</strong></span> <span class='ocrx_word' id='word_1_806' title='bbox 1316 5892 1331 5947; x_wconf 96' lang='lat' dir='ltr'><strong>l</strong></span> <span class='ocrx_word' id='word_1_807' title='bbox 1374 5893 1495 5949; x_wconf 84' lang='lat' dir='ltr'><strong>Cor.</strong></span> <span class='ocrx_word' id='word_1_808' title='bbox 1532 5908 1630 5960; x_wconf 84' lang='lat' dir='ltr'><strong>xu,</strong></span> <span class='ocrx_word' id='word_1_809' title='bbox 1673 5891 1724 5945; x_wconf 76' lang='grc' dir='ltr'>ὖ.</span> <span class='ocrx_word' id='word_1_810' title='bbox 1804 5889 1848 5920; x_wconf 90' lang='grc'><em>³³</em></span> <span class='ocrx_word' id='word_1_811' title='bbox 1883 5887 1947 5944; x_wconf 78' lang='lat' dir='ltr'>IV</span> <span class='ocrx_word' id='word_1_812' title='bbox 1991 5888 2123 5961; x_wconf 77' lang='lat' dir='ltr'><strong>Reg.</strong></span> <span class='ocrx_word' id='word_1_813' title='bbox 2169 5906 2252 5958; x_wconf 90' lang='grc' dir='ltr'>ιιι,</span> <span class='ocrx_word' id='word_1_814' title='bbox 2281 5890 2395 5946; x_wconf 81' lang='lat'><strong>7-9.</strong></span> 
     </span>
    </p>
   </div>
  </div>
