4068 6566
181 412 305 472 ιεγ

1148 421 1702 484 (ΖΟΜΜΕΝΤΑΙΚΙΗΒ
1736 426 1805 481 ΙΝ
1842 426 2035 484 ΛΜΟΒ
2070 428 2508 488 PROI‘IIETAM.

3353 438 3457 494 433

268 529 420 623 Τάδε
453 530 617 623 λέγει
640 532 855 603 Κύριος
875 552 887 565 ·
938 534 1070 590 Ἐπὶ
1098 538 1229 606 ταῖς
1258 541 1458 608 τρισὶν
1481 542 1780 611 ἀσεϐείαις

1955 545 2123 605 Vens.
2160 548 2215 613 4,
2249 548 2303 604 5.
2361 548 2489 603 [hoc
2544 551 2669 603 dicit
2731 550 3024 608 Dominus:
3064 552 3232 623 Super
3295 556 3458 608 tribus

183 618 347 674 υἱῶν
373 621 583 685 Ἰούδα,
600 623 702 677 καὶ
714 626 813 679 ἐπὶ
828 627 957 692 ταῖς
973 628 1331 699 τέσσαρσιν,
1350 634 1463 688 οὐκ
1478 634 1780 704 ἀποστρα-

182 712 467 783 φήσομαι
495 715 741 782 αὐτοὺς,
779 717 988 773 ἕνεκεν
1026 721 1131 775 τοῦ
1171 722 1528 782 ἀπώσασθαι
1557 726 1779 794 αὐτοὺς

182 803 304 858 τὸν·
327 808 515 875 νόμον
538 809 779 877 Κυρίου,
802 811 899 865 καὶ
916 813 986 869 τὰ
1017 815 1444 886 προστάγματα
1458 819 1645 874 αὐτοῦ
1665 821 1778 875 οὐκ

182 897 599 967 ἐφυλάξαντο,
617 903 716 955 καὶ
731 902 1092 972 ἐπλάνησαν
1104 908 1329 975 αὐτοὺς
1350 908 1423 963 τὰ
1427 910 1651 979 μάταια
1668 913 1778 967 αὐ-

184 988 333 1053 τῶν,
368 990 407 1045 ἃ
438 991 756 1060 ἐποίησαν,
787 992 878 1061 οἷς
903 995 1402 1066 ἑξηκολούθησαν
1431 1001 1487 1054 οι
1526 1001 1781 1070 πατέρες

184 1082 396 1138 αὐτῶν
433 1086 628 1140 ὀπίσω
665 1086 893 1142 αὐτῶν.
930 1088 1041 1143 Kal
1088 1089 1479 1154 ἐξαποστελῶ
1528 1093 1647 1163 πῦρ
1678 1095 1779 1150 ἐπὶ

199 1172 419 1242 Ἰούδα,
461 1176 562 1231 καὶ
603 1178 1003 1249 καταφάγεται
1061 1182 1305 1253 θεμέλια
1358 1184 1776 1258 Ἰερουσαλήμ.

263 1313 367 1367 IA'.
406 1313 914 1385 Προσεπενήνεκται
953 1320 1067 1382 τοῖς
1115 1318 1340 1389 ἀνόμοις
1377 1319 1554 1374 ἔθνεσι
1605 1322 1702 1375 καὶ
1751 1323 1781 1376 6

185 1405 349 1476 νόμῳ
407 1405 923 1478 παιδαγωγούμενος
986 1408 1184 1473 Ἰούδας
1206 1428 1221 1443 ·
1273 1412 1781 1484 ἀπροσωπόληπτος

184 1495 305 1567 γὰρ
339 1498 368 1550 6
392 1497 605 1568 κριτής.
647 1497 771 1552 Ὀτι
801 1498 859 1551 δὲ
902 1499 1329 1571 πλημμελοῦντα
1358 1501 1638 1574 ἠνέσχετο,
1685 1503 1781 1558 καὶ

183 1586 587 1659 διεκαρτέρησε
620 1590 827 1660 μακρὰ,
858 1589 936 1661 τῷ
970 1591 1067 1644 ἐπὶ
1106 1591 1269 1663 τρίτῃ
1317 1592 1472 1662 μόλις
1533 1594 1780 1666 ἁμαρτίᾳ

186 1679 289 1732 καὶ
324 1678 430 1750 μὴν
451 1680 546 1733 καὶ⁵
569 1681 806 1755 τετάρτῃ
826 1682 1149 1755 κεκινῆσθαι
1181 1683 1348 1753 δηλοῖ.
1394 1683 1584 1739 Καίτοι
1608 1686 1780 1758 ἐχρῆν

180 1773 395 1843 δήπου,
422 1773 566 1827 κατά
590 1791 653 1843 γε
685 1775 745 1828 τὺ
770 1775 937 1843 εἰκὸς,
962 1778 1075 1840 τοῖς
1097 1776 1195 1847 μὲν
1212 1777 1393 1841 ἄλλοις
1420 1776 1651 1844 ἔθνεσιν,
1686 1780 1783 1834 ἅτε

1883 638 2237 707 impietatibus
2284 640 2517 707 ﬁliorum
2555 639 2725 707 Juda,
2774 651 2823 697 et
2871 660 3028 713 super
3073 655 3303 715 quatuor
3359 662 3457 700 non

1880 742 2173 786 convertam
2207 749 2319 797 eos,
2345 749 2405 787 eo
2429 732 2567 803 quod
2601 735 2897 804 abjecerunt
2934 739 3035 806 ipsi
3076 738 3239 807 legem
3273 738 3429 792 Domi

1882 824 1967 888 ni,
1994 832 2042 877 et
2099 834 2353 892 praecepta
2406 824 2519 893 ejus
2583 842 2684 879 non
2735 829 3115 894 custodierunt,
3157 841 3208 883 et
3254 831 3460 893 decepe-

1884 924 2003 968 rnnt
2045 931 2132 970 eos
2166 932 2300 970 vana
2334 932 2516 971 eorum
2545 933 2664 987 quae
2693 917 2952 987 fecerunt,
2982 937 3101 990 quae
3148 922 3311 975 secuti
3339 933 3457 975 sunt

1881 1016 2054 1076 patres
2099 1024 2279 1062 eorum
2320 1018 2518 1077 postea.
2563 1008 2634 1063 Et
2662 1011 2869 1064 mittant
2897 1012 3068 1081 igneus
3116 1013 3171 1067 in
3207 1012 3375 1080 Iuda,
3412 1030 3453 1067 et

1880 1099 2149 1154 devorabit
2186 1100 2530 1169 fundamenta
2549 1101 2865 1159 Jerusalem.

1952 1324 2092 1381 XIV.
2125 1322 2479 1397 thjuugitur
2512 1326 2763 1393 gentibus
2789 1325 2905 1381 sine
2932 1325 3069 1395 lege,
3101 1324 3309 1395 legibus
3336 1340 3465 1379 eru-

1883 1415 2026 1470 ditus
2085 1413 2240 1480 Iuda,
2295 1432 2399 1472 non
2467 1418 2611 1472 enim
2668 1418 2888 1488 respicit
2942 1431 3226 1487 personam
3277 1415 3463 1484 judex.

1883 1505 2217 1561 Sustinuisse
2243 1516 2421 1562 autem
2449 1516 2781 1576 peccantem,
2809 1518 2864 1564 et
2898 1509 2986 1563 diu
3016 1508 3273 1563 tolerasse
3299 1507 3465 1577 signi-

1885 1596 2030 1665 ﬁcat,
2060 1598 2201 1667 quod
2236 1598 2324 1654 vix
2351 1598 2564 1653 tandem
2594 1599 2776 1664 tertio,
2801 1609 2894 1652 aut
2926 1599 3089 1653 etiam
3117 1604 3310 1666 quarto
3349 1609 3465 1651 sce-

1883 1685 1997 1744 lere
2055 1699 2357 1745 commotus
2385 1698 2487 1745 est.
2529 1690 2696 1760 Atqui
2747 1689 3057 1759 postulabat
3111 1687 3361 1758 aequitas,
3410 1696 3469 1741 ut

1884 1781 2153 1848 gentibus,
2178 1796 2297 1849 qua:
2322 1780 2492 1850 legem
2526 1781 2762 1835 divinam
2809 1796 2915 1836 non
2961 1781 3255 1846 habebant,
3315 1780 3468 1834 beni-

180 1865 253 1937 δὴ
289 1866 385 1920 τὸν
415 1866 557 1920 θεῖον
585 1866 686 1920 οὐκ
712 1865 894 1937 ἔχουσι
920 1868 1107 1938 νόμον,
1134 1869 1620 1942 ἁμφιλαφεστέραν
1648 1871 1781 1925 ἅποο

1895 1868 2143 1939 gnitatem
2206 1869 2522 1937 ampliorem
2599 1871 2878 1935 tribueret,
2934 1870 3213 1938 multoque
3269 1869 3469 1924 diutius

183 1958 383 2027 νέμειν
409 1957 509 2029 τὴν
535 1957 869 2029 ἡμερότητα,
894 1958 990 2012 καὶ
1017 1958 1080 2012 τὸ
1104 1958 1203 2029 τῆς
1233 1959 1564 2032 συγγνώμης
1590 1961 1777 2015 ἐπιδαιι

182 2048 513 2117 ψιλεὺεσθαι
571 2049 768 2120 μῆκος,
821 2049 1054 2115 ἐξαιτεῖν
1103 2051 1161 2104 δὲ
1208 2053 1309 2121 τῆς
1359 2052 1631 2123 ῥᾳθυμίας
1676 2054 1775 2119 τὰς

183 2142 353 2205 δίκας
402 2143 747 2215 παραχρῆμα
791 2143 886 2198 τὸν
925 2143 1162 2215 Ἰσραὴλ,
1210 2143 1307 2197 ἅτε
1356 2145 1421 2217 δὴ
1466 2145 1562 2199 καὶ
1624 2147 1774 2200 ἐντε-

184 2233 512 2306 θραμμένον
539 2238 651 2301 τοῖς
682 2236 845 2300 θείοις
878 2236 1200 2307 ὲντάλμασι,
1236 2238 1333 2290 καὶ⁴
1364 2238 1464 2311 τὴν
1511 2237 1606 2291 τοῦ
1642 2256 1778 2309 συμο

186 2328 455 2400 φέροντος
486 2329 587 2382 οὐκ
611 2330 918 2400 ὴγνοηκότα
957 2330 1164 2401 τρίϐον.
1213 2330 1353 2385 Ἀλλ’
1383 2331 1641 2402 ⁴ἠνέσχετο
1685 2331 1780 2384 καὶ

186 2421 303 2475 τῶν
336 2421 551 2475 εἰδότων
577 2421 669 2475 τὸν
702 2421 883 2492 νόμον,
917 2421 993 2486 ὡς
1044 2420 1120 2495 μὴ
1164 2422 1504 2492 ἐγνωκότων.
1557 2420 1779 2493 Ἐπειδὴ

186 2514 245 2567 δὲ
294 2516 379 2578 εἰς
413 2513 570 2584 λῆξιν
616 2513 715 2586 ἠδη
757 2514 1091 2585 φαυλότητος
1142 2514 1238 2567 καὶ
1268 2513 1544 2585 λογισμῶν
1590 2513 1778 2567 σκαιό-

185 2622 363 2675 τητος
413 2606 888 2676 ἀπενηνεγμένους
937 2606 1233 2660 κατεθεᾶτο
1275 2604 1481 2669 λοιπὸν,
1516 2604 1636 2658 τότε
1684 2605 1779 2657 καὶ

189 2697 386 2760 αὐτοῖς
415 2700 527 2761 τοῖς
570 2698 962 2770 Ἰεροσολύμοις
998 2699 1162 2771 φησιν
1203 2699 1510 2771 ἐπαφήσειν
1554 2697 1612 2751 τδ
1645 2696 1777 2769 πῦρ,

190 2790 296 2842 καὶ
336 2788 530 2862 μέχρις
561 2790 743 2845 αὐτῶν
769 2791 1075 2863 δαπανῆσαι
1103 2790 1317 2863 βάθρων
1354 2790 1452 2862 τὴν
1480 2789 1623 2844 οὕτω
1643 2790 1783 2861 λαμ-

191 2881 351 2951 πράν
364 2899 424 2935 τε
441 2882 536 2935 καὶ
567 2882 908 2954 περιώνυμον
938 2883 1114 2937 πόλιν.
1150 2882 1263 2936 Καὶ
1291 2881 1520 2936 πλεῖστα
1555 2881 1653 2952 μὲν
1680 2882 1783 2936 ὅσα

192 2975 312 3027 τῶν
347 2973 407 3039 ἐξ
461 2974 676 3046 Ἰσραὴλ
715 2974 786 3027 τὰ
817 2974 1157 3046 ἐγκλήματα,
1195 2972 1431 3045 μάλιστα
1472 2972 1531 3026 δὲ
1564 2971 1782 3026 πάντων

194 3066 519 3118 ἐπαιτιᾶται
550 3063 682 3128 Θεὸς
720 3064 783 3118 τὸ
822 3068 943 3128 ταῖς
975 3064 1086 3118 τῶν
1123 3064 1375 3136 πατέρων
1417 3064 1783 3135 ἐπακολουθῆ-

196 3175 295 3212 σαι
333 3156 581 3221 πλάναις.
611 3157 673 3211 οι
708 3158 806 3227 μὲν
838 3157 947 3227 γὰρ
973 3156 1051 3211 ἔτι
1084 3158 1205 3220 ταῖς
1237 3157 1550 3225 Αἰγυπτίων
1590 3157 1783 3209 πλεον-

195 3249 381 3315 εξίαις
413 3249 827 3321 ὑπεζευγμένοι,
859 3250 956 3304 καὶ
999 3252 1110 3314 τοῖς
1144 3250 1368 3303 ἐκείνων
1409 3248 1553 3303 ἔθεσί
1584 3267 1643 3301 τε
1686 3248 1779 3303 καὶ

196 3342 396 3411 νόμοις
424 3339 871 3411 ὲντεθραμμένοι,
904 3338 1091 3410 μόσχῳ
1125 3338 1188 3393 τὸ
1232 3338 1397 3401 σέϐας
1429 3339 1669 3408 ἀνῆπτον
1688 3353 1703 3369 ·
1729 3338 1778 3389 οἱ

198 3432 255 3485 δὲ
314 3434 413 3503 τὴν
456 3433 852 3505 παμμόχθηρον
880 3433 1097 3504 ἐκείνην
1127 3431 1485 3501 διαφυγόντες
1520 3429 1785 3494 δουλείαν,

200 3526 302 3577 καὶ
335 3528 447 3587 τοῖς
477 3524 640 3589 θείοις
674 3526 970 3596 ὲντάλμασι
1012 3524 1369 3595 πολυτρόπως
1409 3519 1790 3590 παιδαγωγοῦ-

1883 1963 2223 2034 ignosceret;
2262 1963 2330 2017 ab
2368 1963 2533 2018 Israel
2574 1973 2753 2019 autem
2787 1963 3049 2019 socordiae
3099 1977 3288 2033 poenas
3347 1978 3467 2016 mox

1885 2062 2218 2123 reposceret,
2252 2063 2309 2109 ut
2368 2055 2541 2124 quiin
2579 2055 2777 2109 divinis
2842 2055 3112 2109 mandatis
3167 2055 3466 2109 educatus.

1886 2144 1977 2200 ubi
2014 2146 2115 2200 sita
2143 2158 2285 2202 esset
2333 2147 2537 2202 utilitas
2579 2162 2683 2201 non
2742 2147 3035 2218 ignoraret.
3087 2146 3194 2201 Sed
3235 2147 3471 2200 scientes

1885 2235 2057 2308 legem
2114 2253 2265 2306 aeque
2351 2248 2411 2292 ut
2467 2240 2773 2293 nescientes
2834 2238 3113 2319 sustinuit.
3179 2237 3469 2306 Postquam

1886 2344 2017 2385 vero
2083 2331 2135 2385 in
2193 2346 2460 2387 summam
2537 2332 2937 2400 improbitatem
3009 2331 3471 2401 cegitatiouesque

1886 2422 2235 2479 stultissimas
2257 2422 2692 2493 praecipitesjam
2718 2424 2917 2480 abiisse
2947 2423 3099 2491 vidit,
3118 2432 3230 2478 tum
3260 2423 3314 2478 iu
3339 2422 3470 2478 llic-

1887 2517 2217 2588 rosolymam
2248 2516 2421 2587 ipsam
2461 2517 2637 2587 ignem
2680 2516 2970 2572 missurum
3015 2516 3168 2581 dicit,
3195 2525 3251 2572 et
3285 2515 3470 2570 urbem

1889 2608 2024 2663 adeo
2055 2607 2321 2679 insignem
2353 2616 2408 2662 et
2452 2608 2783 2662 nominatam
2812 2621 2981 2676 usque
3012 2606 3079 2659 ad
3111 2605 3472 2660 fundamenta

1887 2701 2121 2756 ﬂammis
2138 2709 2602 2771 consumpturum.
2623 2700 2686 2754 Et
2703 2699 2866 2755 multa
2885 2699 3099 2769 quidem
3122 2699 3277 2753 valde
3295 2697 3471 2753 lsrac—

1889 2793 2105 2848 litarum
2139 2792 2340 2849 scelera
2385 2791 2764 2863 reprehendit;
2815 2791 2909 2847 sed
2960 2790 3193 2846 maxime
3234 2788 3473 2845 omnium

1890 2885 2042 2951 illud,
2060 2886 2200 2954 quod
2219 2893 2429 2953 patrum
2452 2899 2663 2938 errores
2684 2883 2849 2939 secuti
2883 2882 3009 2938 sint.
3026 2882 3103 2936 Illi
3131 2882 3273 2937 enim
3301 2882 3483 2934 adhuc

1889 2975 2267 3049 Aﬂgyptiorum
2302 2975 2464 3048 265
2516 2975 2809 3030 dominatui
2856 2973 3105 3042 subjecti,
3155 2972 3478 3040 illorumque

1892 3070 2137 3125 moribus
2155 3077 2211 3124 et
2227 3068 2434 3139 legibus
2455 3066 2769 3133 assuefacti,
2803 3065 2974 3121 vitulo
3002 3065 3216 3121 divinos
3244 3064 3507 3118 honores.

1892 3159 2383 3214 adliibuerunt.Ast
2401 3158 2611 3224 hi,cum
2628 3158 2940 3213 servitutem
2988 3156 3133 3211 illam
3159 3152 3478 3209 nefandissi-

1896 3269 2035 3307 mam
2057 3252 2459 3321 ell‘ugissent,et
2481 3252 2782 3306 divinorum
2805 3250 3179 3304 mandatorum
3197 3245 3477 3316 disciplina

1888 3345 2218 3400 multimodis
2242 3344 2469 3399 instituti
2491 3352 2689 3407 essent,
2714 3352 2770 3397 ut
2789 3342 3075 3412 perspicue
3106 3339 3197 3393 Dei
3222 3337 3477 3408 benepla-

1886 3434 2052 3489 citum
2093 3435 2317 3500 scirent,
2354 3443 2498 3488 retro
2535 3433 2803 3498 conversi,
2833 3442 2889 3487 et
2925 3434 2977 3487 in
3013 3442 3223 3502 patrum
3256 3443 3475 3485 suorum

1886 3540 2126 3581 errorem
2156 3524 2410 3595 pertracti
2444 3538 2569 3580 esse
2600 3523 2917 3591 deprehensi
2965 3530 3122 3589 sunt;
3158 3534 3471 3590 quanquam

203 3633 367 3686 μενοι
397 3616 533 3687 πρὸς
561 3616 622 3670 τὸ
662 3618 859 3671 εἰδέναι
901 3617 1087 3687 σαφῶς
1116 3616 1177 3668 τὸ
1205 3614 1326 3685 Θεῴ
1359 3612 1572 3677 δοκοῦν,
1599 3613 1786 3666 ἀνόπιν

1895 3617 2116 3672 fortasse
2150 3626 2368 3686 propter
2398 3614 2784 3684 turpitudinem
2813 3616 2865 3669 in
2889 3614 3030 3669 idem
3070 3612 3269 3668 malum
3294 3610 3471 3665 videri

205 3707 390 3770 ιόντες
419 3708 721 3779 ἡλίσκοντο,
754 3710 849 3762 καὶ
880 3711 958 3773 είς
987 3708 1086 3780 τὴν
1117 3708 1225 3761 τῶν
1274 3706 1523 3777 πατέρων
1554 3720 1792 3758 κατασυ-

206 3801 437 3871 ρόμενοι
471 3800 759 3871 πλάνησιν,
796 3802 974 3855 καίτοι
1016 3801 1089 3873 μὴ
1142 3804 1200 3854 ὲν
1247 3801 1383 3864 ἴσοις
1413 3799 1643 3871 όρᾶσθαι
1686 3814 1788 3851 κα-

208 3895 336 3956 κοῖς
364 3893 506 3964 τάχα
547 3911 647 3947 που
681 3895 775 3948 καὶ
802 3894 1033 3957 δεδιότες
1074 3895 1149 3957 ὡς
1178 3893 1436 3957 ἀκαλλὲς.
1472 3894 1791 3963 Προσκεκυ-

204 3984 415 4053 νήκασι
450 3984 559 4055 γὰρ
602 3988 694 4039 καὶ
725 3987 878 4040 αὐτοὶ
912 3989 1030 4050 ταῖς
1068 3986 1335 4055 δαμάλεσι
1376 3987 1496 4048 ταῖς
1542 3985 1792 4055 χρυσαῖς.

1894 3708 2151 3763 incidisse
2182 3716 2500 3762 metuerent.
2523 3706 2656 3761 Nam
2688 3712 2743 3761 et
2764 3705 2865 3775 ipsi
2900 3704 3098 3763 vitulos
3148 3718 3339 3759 aureos
3388 3702 3500 3756 οτι-η

1896 3809 2142 3853 orarunt.
2173 3797 2349 3853 Causa
2381 3806 2558 3851 autem
2591 3797 2882 3869 impietatis
2910 3798 3069 3866 hujus
3099 3794 3373 3865 l'uit,quod
3398 3793 3473 3847 le-

1899 3903 2019 3961 gem
2051 3889 2141 3945 Dei
2195 3891 2506 3960 repulerunt
2554 3900 2609 3945 et
2642 3889 2893 3945 mandata
2943 3889 3064 3959 ejus
3115 3902 3337 3943 servare
3382 3902 3480 3940 no—
3533 3907 3551 3920 -

1902 3984 2141 4038 luerunt.

206 4077 399 4133 Αἴτιον
426 4080 482 4133 δὲ
512 4081 610 4151 τῆς
640 4082 893 4153 τοιαύτης
924 4084 1107 4148 αὐτοῖς
1179 4083 1370 4153 γέγονε
1401 4082 1831 4149 δυσσεϐείας,ντὺ
1867 4080 2197 4137 ἀπώσασθαι
2256 4080 2347 4135 τὸν
2392 4079 2557 4152 νόμον
2597 4080 2828 4149 Κυρίου,
2856 4080 2952 4133 καὶ
2985 4077 3054 4132 τὰ
3083 4077 3519 4151 προστάγματα.

207 4176 384 4231 αὑτοῦ
416 4176 490 4247 μὴ
524 4176 775 4248 ἐθελῆσαι
803 4182 1014 4250 τηρεῖν.

282 4292 499 4347 Οὐκοῦν
521 4293 626 4357 ἕως
653 4294 827 4365 ἐσμὲν
856 4294 1252 4367 νομοφύλακες,
1285 4297 1378 4350 καὶ
1409 4295 1666 4365 φιλόθεοι,
1697 4296 1807 4349 καὶ.

1970 4292 2313 4363 Quapropter
2342 4285 2584 4358 quandiu
2626 4285 2776 4356 leges
2830 4283 3182 4345 custodimus,
3221 4291 3277 4337 et
3318 4288 3482 4336 neum
3530 4313 3538 4323 -

207 4386 405 4456 τηρεῖν
453 4383 840 4450 σπουδάζοντες
883 4386 951 4440 τὰ
985 4386 1457 4460 προστεταγμένα,
1497 4387 1653 4455 σοφοὶ
1700 4384 1786 4438 καὶ

1900 4381 2281 4453 diligimus,.et
2311 4383 2721 4447 quaspraecepta
2747 4381 2873 4428 sunt
2900 4372 3076 4436 nobis,
3109 4386 3173 4426 ea
3213 4371 3492 4426 coniicere

209 4475 452 4546 ἀγχίνοι,
486 4477 576 4529 καὶ
608 4476 786 4547 πάσης
819 4477 1019 4549 ἀρετῆς
1046 4477 1432 4549 ἐπιστήμονες,
1466 4476 1561 4530 καὶ
1591 4475 1643 4529 τί
1687 4473 1786 4543 γὰρ

1903 4472 2525 4541 studemus,sapientes,
2559 4468 2808 4531 solertes,
2837 4466 3018 4523 omnis
3046 4465 3260 4520 virtutis
3302 4464 3487 4535 gnari,

211 4570 341 4639 οὐχὶ
387 4567 498 4620 τῶν
559 4566 818 4623 τοιούτων
868 4566 1303 4638 πεπλουτηκότες
1365 4564 1786 4639 εὑρεθησόμεθα.

1904 4576 1958 4622 et
1985 4563 2241 4621 omnibus
2266 4558 2571 4631 hujusmodi
2595 4556 2765 4626 copiis
2795 4555 2948 4610 ditati
2994 4554 3349 4623 reperiemur.
3387 4551 3481 4606 Sin

212 4631 552 4723 Νενευκότες
587 4658 644 4712 δὲ
676 4658 813 4729 πρὸς
843 4659 904 4711 τδ
941 4631 1202 4730 ῥᾴθυμον,
1236 4656 1333 4710 και
1352 4631 1465 4709 τῶν
1497 4631 1656 4711 θείως)
1684 4655 1786 4709 ἀλο

1903 4658 1971 4713 ad
2001 4654 2268 4729 ignaviam
2297 4649 2696 4715 deﬂexerimus,
2751 4656 2806 4703 et
2850 4648 3061 4701 divinas
3118 4645 3262 4716 leges
3302 4642 3491 4699 ﬂocci-

212 4749 489 4819 γήσαντες
538 4748 739 4820 νόμων,
793 4748 1329 4821 περιενεχθησόμεθα
1383 4747 1566 4801 λοιπὸν
1613 4746 1786 4817 άνέμιθ

1905 4747 2275 4821 penderimus,
2299 4742 2744 4803 circumieremur
2766 4740 2831 4794 dc
2853 4748 3046 4794 caetero
3065 4737 3212 4793 omni
3238 4750 3338 4792 ven
3348 4743 3401 4790 to
3416 4734 3483 4802 “,

214 4842 408 4903 παντὶ,
437 4839 552 4899 νοῦ,
580 4841 675 4894 καὶ
696 4841 891 4913 φρενὸς
924 4842 1020 4913 τῆς
1040 4841 1273 4913 ⁴όιρίστης
1293 4838 1615 4911 τητώμενοι.
1659 4838 1802 4892 Ἐσό⁹

217 4932 367 5002 μεθα
410 4931 467 4984 δὲ
521 4934 615 4986 καὶ
650 4934 867 5004 μερίδες
914 4933 1237 4997 ἀλωπέκων,
1288 4932 1417 5004 τῇδέ
1470 4949 1528 4984 τε
1580 4932 1803 4985 κάκεῖσε

215 5021 623 5091 περιελκόντων
643 5023 789 5093 ἡμᾶς
813 5024 924 5075 τῶν
949 5022 1272 5093 ἀκαθάρτων
1302 5025 1648 5091 πνευμάτων.
1689 5020 1805 5091 Ὀρο

216 5110 333 5174 θῶς
366 5106 459 5165 οῦν
503 5112 612 5182 ἄρα
666 5113 762 5167 καὶ
792 5113 970 5182 σοφῶς
999 5113 1127 5184 περὶ
1158 5112 1367 5166 δικαίου
1395 5111 1593 5177 παντὸς
1623 5114 1650 5165 6
1678 5110 1801 5165 θεσ-

218 5207 414 5269 πέσιος
451 5206 642 5277 ψάλλει
672 5208 836 5262 Δαὸίδ
855 5225 868 5239 ·
900 5227 919 5260 ι
968 5209 1027 5263 '0
1070 5209 1234 5279 νόμος
1260 5208 1354 5262 τοῦ
1380 5208 1514 5262 Θεοῦ
1548 5208 1715 5262 αὐτοῦ
1742 5208 1801 5262 ὲν

220 5298 423 5369 καρδίᾳ
447 5299 759 5365 αὑτοῦ,κα“ι
800 5302 897 5371 οὐχ
941 5300 1465 5373 ὑποσκελισθήσεται
1496 5301 1568 5356 τὰ
1613 5301 1816 5372 διαϐή-.

220 5406 375 5461 ματα
403 5390 591 5447 αὐτοῦ.

299 5501 446 5557 Τάδε
478 5502 640 5574 λέγει
669 5504 885 5572 Κύριος
900 5521 916 5539 ο
964 5506 1095 5561 Ἐπὶ
1124 5504 1254 5572 ταῖς
1282 5505 1478 5575 τρισὶν
1505 5507 1804 5574 ἀσεϐείαις

231 5591 487 5660 Ἰσραὴλ
532 5593 632 5647 καὶ
660 5593 760 5648 ἐπὶ
790 5594 922 5661 ταῖς
946 5594 1242 5663 τέσσαρσι
1279 5597 1391 5649 οὐκ
1415 5595 1808 5666 ἀποστραφήο

217 5696 406 5753 σομαι
424 5687 634 5753 αὑτὸν,
661 5686 792 5742 ἀνθ’
806 5681 895 5743 ὧν
918 5687 1213 5743 ἀπέδοντο
1234 5686 1522 5759 ἀργυρίου
1549 5687 1799 5753 δίκαιον,

1907 4855 2069 4896 sensu
2096 4846 2152 4894 et
2182 4845 2362 4892 mente
2383 4834 2590 4904 optima
2624 4831 2823 4888 orbati.
2876 4828 3095 4884 Erimus
3124 4827 3251 4884 item
3284 4837 3511 4895 partes

1909 4930 2147 5002 vulpium
2175 4929 2241 4996 ⁸⁸,
2271 4929 2377 4983 huc
2406 4926 2532 4981 illuc
2562 4921 2990 4979 distrahentibus
3028 4934 3153 4976 nos
3190 4918 3486 4973 immundis

1910 5018 2209 5092 spiritibus.
2232 5018 2404 5073 Probe
2427 5016 2588 5084 igitur
2609 5030 2673 5070 ac
2694 5014 2970 5083 sapienter.
3013 5009 3083 5065 de
3102 5043 3107 5046 ο
3133 5009 3324 5078 quovis
3340 5008 3489 5079 justo

1908 5113 2123 5168 divinus
2165 5110 2333 5164 David
2378 5108 2575 5165 cauit:
2640 5126 2659 5158 ι
2724 5106 2835 5162 Lex
2908 5103 3005 5157 Dei
3062 5100 3179 5171 ejus
3214 5101 3270 5154 in
3324 5102 3489 5155 corde

1910 5203 2101 5272 ipsius,
2127 5211 2182 5257 et
2210 5216 2316 5255 non
2350 5198 2848 5277 supplantabtmtur.
2868 5192 3224 5266 gressusejus
3250 5192 3316 5245 “.
3360 5210 3377 5242 ι

1988 5507 2154 5562 Vens.
2190 5507 2243 5561 6.
2278 5504 2403 5559 "(ac
2426 5505 2559 5558 dicit
2584 5503 2840 5558 Dominus
2870 5515 2889 5555 :
2920 5499 3089 5569 Super
3110 5497 3275 5550 tribus
3304 5493 3491 5559 impie.
3524 5480 3533 5549 IT

1918 5599 2111 5653 tatibus
2142 5598 2334 5662 Israel,
2363 5607 2410 5652 et
2433 5612 2589 5666 super
2617 5603 2846 5666 quatuor
2872 5608 2973 5646 non
3014 5598 3306 5644 convertam
3350 5599 3489 5648 eum,

1913 5706 1974 5744 eo
2023 5692 2162 5761 quod
2215 5688 2558 5745 vendiderunt
2601 5695 2817 5758 argento
2856 5684 3153 5756 justum,et
3208 5690 3492 5748 pauperem

305 5850 350 5901 ³⁸
381 5869 579 5941 Ephes.
621 5886 695 5939 Iv,
736 5872 823 5929 14.
899 5873 945 5906 ³⁸
984 5871 1123 5928 Psal.
1156 5886 1287 5938 L-xtl,
1326 5873 1413 5928 ll.
1491 5873 1535 5905 ³⁸
1569 5872 1711 5929 Psal.
1752 5886 1935 5938 xxxw,
1977 5871 2065 5927 5i.
