4068 6564
573 438 677 492 4Ἱο

1614 427 1670 483 s.
1710 425 1985 481 cmeLt
2026 421 2493 482 ALEXANDRINI
2534 406 2856 477 Αιιοιιιεῑξ.

3788 418 3891 477 μθ

574 574 668 629 pro
712 553 1076 611 calceamentis
1115 550 1508 607 conculcanlem
1549 564 1707 620 super
1742 550 2004 620 pulverem
2061 554 2167 602 ter-

2271 546 2366 600 καὶ
2387 544 2615 612 πένητα
2632 543 2839 598 ἕνεκεν
2857 539 3253 612 ὑποδημάτων
3276 538 3757 595 καταπατοῦντα
3787 537 3893 594 ἐπὶ

572 661 669 701 ηε.

650 734 768 794 XV.
790 734 909 793 Non
944 734 1205 802 relinquit
1230 734 1582 804 impunitum,
1615 733 1711 789 sed
1737 731 2003 802 supplicio
2024 730 2161 785 sub-

574 828 899 899 jicitlsrael,
934 829 1037 882 boc
1058 835 1163 892 est,
1199 827 1373 881 tribus
1405 826 1458 878 in
1486 823 1757 878 Samaria.
1775 821 1894 877 Jam
1919 837 2013 878 eos
2036 834 2166 890 quo-

579 934 687 990 que
723 931 978 990 peccasse
1007 915 1198 978 libere,
1219 929 1284 969 ac
1311 914 1624 984 prodegisse
1648 910 2032 982 propemodum
2079 912 2162 965 in-

582 1009 755 1065 ﬁrmis
810 1008 1047 1065 debitam
1096 1022 1127 1062 a
1176 1005 1289 1061 Deo
1336 1021 1525 1076 pacem
1566 1014 1623 1060 et
1690 1004 2160 1074 tranquillitatem,

580 1101 865 1157 ostendere
918 1107 1098 1167 potest
1152 1114 1314 1168 super
1362 1099 1537 1153 tribus
1579 1106 1636 1153 et
1681 1096 2165 1167 quatuorpeecatis

582 1191 835 1246 aversio:
869 1205 1029 1258 quam
1065 1190 1154 1259 qui
1196 1189 1402 1259 experti
1444 1198 1594 1254 sunt,
1641 1203 1736 1244 eos
1762 1187 2163 1244 calamitatibus

580 1284 792 1353 subjici,
844 1292 899 1337 et
923 1282 991 1336 .iu
1038 1281 1185 1335 omni
1240 1281 1456 1336 miseria
1504 1280 1735 1336 volutari
1789 1294 2014 1336 necesse
2057 1289 2161 1336 est.

580 1373 813 1429 Proinde
857 1380 912 1429 et
958 1371 1147 1436 David,
1183 1372 1287 1426 hoc
1328 1371 1650 1435 formidans,
1676 1387 1775 1427 nec
1824 1372 2164 1441 ignoranseo

583 1465 876 1534 perniciem
909 1465 1413 1535 apportari,orabat
1455 1465 1539 1519 his
1559 1465 1739 1520 verbis
1772 1479 1787 1519 :
1826 1482 1846 1514 ι
1886 1463 1960 1520 Ne
2005 1480 2164 1520 aver-

581 1568 663 1612 tas
698 1556 889 1612 faciem
919 1566 1115 1611 tuama
1141 1570 1248 1622 me,
1282 1565 1421 1612 etne
1457 1555 1695 1611 declines
1744 1555 1797 1609 in
1854 1556 1933 1610 ira
1958 1570 1987 1610 ε
2008 1570 2163 1611 servo

586 1649 765 1704 tuo".
799 1668 821 1703 ι
859 1649 940 1703 Ira
972 1648 1118 1713 enim
1161 1649 1476 1704 aversiones
1526 1647 1772 1718 sequitur
1818 1647 2060 1713 omnino,
2111 1656 2167 1702 et

582 1742 980 1813 quodammodo
996 1741 1304 1797 comitatur.
1336 1741 1469 1808 Quae
1508 1751 1689 1795 autem
1712 1740 1819 1795 sint
1856 1739 2063 1795 scelera
2088 1738 2165 1794 ls-

588 1834 717 1897 rael,
749 1832 897 1888 clare
935 1832 1156 1887 indicat.
1193 1849 1211 1883 ι
1245 1829 1614 1886 Vendiderunt
1656 1829 1800 1887 enim
1825 1841 2053 1903 argento
2069 1830 2162 1901 ju-

2266 636 2376 691 τὸν
2404 635 2557 705 χοῦν
2589 634 2699 705 τῆς
2728 633 2862 705 τῆς.

2340 729 2438 783 lE'.
2481 728 2595 782 Οὐκ
2637 720 2928 781 ἀνεύθυνον
2970 727 3056 799 ἐᾷ,
3092 728 3292 798 μᾶλλον
3334 725 3390 781 δὲ
3426 724 3703 797 ὑποφέρει
3760 740 3889 786 ταις

2264 821 2444 886 δίκαις
2475 820 2566 874 τὸν
2626 820 2863 892 Ἰσραὴλ,
2900 818 3166 885 τουτέστι,
3197 819 3293 882 τάς
3334 820 3393 871 ὲν
3436 819 3738 891 Σαμαρείᾳ
3788 833 3893 885 φυ-

2264 912 2396 975 λάς³
2441 912 2524 966 ὄτι
2566 911 2624 965 δὲ
2668 911 2764 965 καὶ
2813 911 2968 965 αὑτοὶ
3015 910 3463 983 πλημμελοῦντες
3508 911 3885 980 ἀφυλάκτως,

2270 1003 2554 1075 μονονουχὶ
2606 1003 2701 1057 καὶ
2751 1002 3158 1075 δεδαπανήκασι
3215 1003 3315 1074 τὴν
3365 1005 3481 1067 τοῖς
3538 998 3886 1055 ἀσθενοῦσιν

2263 1094 2622 1165 ὀφειλομένην
2672 1094 2821 1165 παρὰ
2872 1093 3009 1147 Θεοῦ
3061 1093 3428 1166 γαληνότητα,
3478 1093 3885 1166 παραδεῖξειεν

2262 1187 2331 1241 ἂν
2358 1188 2392 1259 ἠ
2419 1186 2512 1240 ἐπὶ
2546 1187 2695 1259 τρισὶ
2734 1187 2822 1241 καὶ
2867 1187 3161 1259 τέτταρσιν
3190 1186 3487 1258 ἁμαρτίαις
3511 1188 3687 1240 ἀποστ
3699 1186 3881 1257 posvi},

2262 1278 2333 1349 ἦν
2362 1277 2577 1349 ἀνάγκη
2605 1277 2935 1347 πεπονθόσιν
2963 1277 3335 1350 ὑποφέρεσθαι
3361 1281 3474 1343 τοῖς
3510 1279 3736 1342 δεινοῖς,
3780 1276 3881 1330 καὶ

2264 1372 2325 1424 ἐν
2355 1370 2520 1423 παντὶ
2550 1369 2807 1438 γενέσθαι
2833 1369 3008 1442 κακῷ.
3039 1370 3331 1442 Τοιγάρτοι
3356 1369 3453 1424 καὶ
3479 1370 3643 1424 Δαεὶδ
3669 1367 3880 1432 δεδιὼς

2264 1462 2327 1516 τὸ
2350 1462 2563 1534 χρῆμα,
2604 1463 2698 1515 καὶ
2726 1460 2951 1534 ὀλέθρου
2986 1463 3249 1535 πρόξενον
3274 1462 3457 1528 εἰδὼς,
3486 1462 3752 1533 ἐλιπάρει
3787 1462 3879 1515 λέ-

2264 1571 2378 1623 γων
2398 1572 2412 1587 ·
2455 1572 2476 1606 ι
2515 1555 2607 1626 Μὴ
2632 1554 2987 1628 ἀποστρέψῃς
3018 1555 3079 1609 τὸ
3107 1555 3402 1627 πρόσωπόν
3442 1571 3533 1609 σου
3575 1555 3675 1608 ἀπ’
3695 1552 3873 1624 ἐμοῦ,

2264 1647 2362 1701 καὶ
2415 1645 2491 1718 μὴ
2538 1647 2793 1717 ἐκκλίνῃς
2837 1647 2897 1699 ὲν
2943 1648 3079 1716 ὀργῇ
3128 1647 3240 1701 ἀπὸ
3283 1646 3380 1700 τοῦ
3420 1645 3610 1699 δούλου
3660 1662 3788 1699 σου.
3848 1663 3869 1696 ι

2267 1737 2500 1792 Ἔπεται
2531 1737 2641 1809 γὰρ
2668 1738 2913 1802 πάντως,
2944 1739 3039 1793 καὶ
3067 1737 3350 1801 οἱονείπως
3385 1737 3718 1808 συνομαρτεῐ
3745 1737 3874 1798 ταῖς

2267 1831 2692 1903 ἀποστροφαῖςή
2712 1830 2870 1903 ὀργή.
2888 1830 3026 1887 Τίνα
3045 1830 3184 1903 δὲδὴ
3208 1830 3317 1885 τῶν
3351 1829 3414 1895 ἐξ
3444 1828 3754 1902 Ἰσραὴλ-τὰ
3774 1830 3867 1896 ὲγ-

584 1935 725 1979 stum
761 1935 815 1978 et
834 1938 1121 1994 pauperem
1152 1938 1249 1993 pro
1273 1922 1674 1989 calceamentis,
1713 1943 1734 1976 ι
1766 1923 1816 1978 id
1866 1934 1968 1985 est,
2012 1934 2156 1978 recta

2271 1922 2542 1992 κλήματα,
2557 1922 2864 1997 διαγορεύει
2888 1921 3098 1993 σαφῶς.
3111 1923 3467 1995 «Πεπράκασι
3482 1922 3592 1993 γὰρ
3610 1922 3869 1993 ἀργυρίῳ

582 2025 630 2069 et
645 2014 789 2082 justa
812 2016 959 2085 loqui
1014 2015 1179 2085 266
1226 2029 1332 2069 non
1371 2014 1765 2081 sustinuerunt,
1794 2027 1850 2069 et
1904 2014 2003 2084 legi
2032 2029 2165 2068 con-

584 2114 840 2174 gruenter
865 2119 1123 2160 exercere
1143 2106 1194 2159 in
1218 2104 1445 2175 singulis
1468 2105 1758 2175 judicium.
1791 2104 1897 2161 Sed
1950 2106 1996 2159 si
2025 2107 2164 2161 forte

582 2197 898 2268 contigisset
925 2197 1100 2251 virum
1130 2194 1359 2265 justum,
1392 2198 1716 2264 modestum,
1739 2200 1946 2267 mitem,
1976 2202 2165 2254 mode.

587 2299 757 2343 ratum
800 2297 856 2344 et
911 2303 940 2343 a
985 2288 1244 2360 jactautia
1315 2290 1553 2346 alienum
1601 2292 1749 2357 (talis
1768 2292 1913 2347 enim
1939 2291 2076 2362 justi
2109 2303 2166 2348 et

585 2380 858 2451 pauperis,
886 2380 936 2436 id
966 2390 1070 2447 est,
1120 2383 1373 2453 pauperis
1416 2383 1630 2453 spiritu,
1673 2385 1893 2441 nomine
1940 2384 2162 2456 intelligi

583 2470 802 2538 potest),
842 2468 895 2523 in
950 2468 1216 2539 judicium
1265 2486 1294 2523 a
1338 2472 1737 2541 potentioribus
1786 2474 1991 2540 vocari,
2020 2473 2166 2530 hunc

584 2561 941 2615 vendiderunt
964 2559 1202 2617 inimicis
1228 2602 1245 2625 ,
1274 2577 1585 2634 quanquam
1614 2565 1667 2620 id
1696 2565 1813 2636 lege
1835 2575 2021 2636 aperte
2042 2581 2170 2637 pro-

586 2652 825 2718 hibente,
854 2668 977 2708 cum
1012 2655 1130 2708 ait:
1169 2672 1189 2707 ι
1218 2654 1334 2711 Non
1362 2657 1600 2727 accipies
1634 2673 1920 2727 personam
1981 2660 2034 2714 iu
2078 2660 2167 2731 ju-

583 2745 726 2799 dicio
753 2744 817 2799 ³⁸.
857 2763 874 2798 ι
901 2744 972 2802 Et
1003 2745 1234 2802 iterum:
1288 2764 1307 2800 ι
1348 2748 1698 2805 lnnocentem
1729 2761 1786 2806 et
1807 2750 2017 2820 justum
2059 2765 2164 2806 non

586 2830 881 2888 interiicies
903 2831 970 2886 ".
1011 2852 1031 2887 ι
1083 2831 1295 2888 Etenim
1339 2835 1430 2890 cui
1488 2834 1724 2893 ofﬁcium
1770 2837 1967 2907 iudicis
2015 2854 2167 2894 man-

585 2922 764 2977 datum
789 2932 892 2991 est,
923 2924 1101 2981 locum
1133 2926 1226 2982 Dei
1259 2925 1417 2997 plane
1445 2929 1669 2993 obtinet,
1693 2929 1779 2984 cui
1809 2939 1865 2985 et
1901 2930 2000 2985 soli
2044 2946 2165 3000 pro-

585 3014 760 3082 prium
793 3025 878 3071 est
903 3015 1169 3088 judicare.
1190 3037 1209 3071 ι
1247 3018 1398 3075 Unus
1430 3029 1516 3075 est
1548 3020 1693 3077 enim
1713 3020 2055 3090 legislatoret
2078 3022 2168 3091 ju-

585 3106 686 3161 εἰει
719 3105 788 3175 ⁸⁸,
827 3126 846 3162 ι
880 3118 1179 3166 utsanctns
1195 3112 1413 3181 quidam
1442 3113 1539 3168 ait.
1599 3112 1701 3180 Qui
1740 3113 1906 3183 igitur
1942 3114 2167 3184 iustitiae

588 3200 850 3254 rationem
882 3201 1150 3257 adulterat
1177 3212 1232 3259 et
1255 3219 1543 3274 personam
1577 3205 1893 3275 respicit,in
1927 3206 2164 3261 divinam

2268 2012 2499 2079 δίκαιον,
2530 2014 2627 2069 καὶ
2657 2015 2866 2087 πένητα
2894 2014 3081 2069 ἕνεκεν
3103 2015 3489 2085 ὑποδημάτων,
3507 2033 3525 2066 ι
3557 2013 3866 2075 τουτέστιν,

2269 2104 2409 2176 ὀρθὰ
2454 2106 2549 2161 καὶ
2574 2106 2763 2161 δίκαια
2796 2107 2980 2162 λαλεῖν
3013 2107 3115 2162 οὐκ
3145 2107 3458 2178 ἠνέσχοντο,
3501 2108 3599 2160 καὶ
3622 2105 3864 2176 συμϐαί-

2270 2213 2467 2250 νουσαν
2512 2196 2590 2268 τῷ
2635 2197 2787 2268 νόμῳ
2834 2198 2937 2268 τὴν
2980 2199 3068 2265 ἐφ’
3110 2198 3328 2269 ἑκάστῳ
3371 2197 3482 2251 τῶν
3520 2198 3867 2269 κρινομένων

2272 2288 2543 2344 ποιεῖσθαι
2591 2290 2768 2363 δίκην.
2814 2290 2956 2344 Ἀλλ’
3000 2293 3050 2345 εί
3102 2290 3300 2362 συνέϐη
3348 2291 3512 2361 τυχὸν
3558 2291 3735 2361 ἄνδρα
3782 2289 3863 2343 δίο

2270 2400 2461 2449 καιον,
2498 2383 2753 2456 σώφρονα
2796 2385 2892 2439 καὶ
2936 2384 3189 2454 ἐπιεικῆ,
3234 2384 3604 2456 μετριόφρονά
3643 2400 3709 2435 τε
3769 2381 3863 2436 καὶ

2269 2472 2647 2543 ἀφιλόκομπον
2700 2471 2944 2545 (νοηθείη
2992 2472 3102 2544 γὰρ
3148 2471 3237 2549 κάν
3289 2470 3493 2525 τοιόσδε
3536 2468 3750 2531 δίκαιός
3804 2484 3862 2520 τε

2270 2564 2407 2636 ὁμοῦ
2458 2564 2551 2618 καὶ
2589 2563 2782 2634 πένης,
2812 2564 2933 2635 ἦτοι
2960 2563 3177 2634 πτωχὸς
3203 2562 3281 2633 τῷ
3309 2561 3602 2632 πνεύματι)
3639 2576 3864 2631 παρετε-

2272 2654 2466 2728 χθῆναι
2505 2655 2641 2726 πρὸς
2674 2654 2858 2727 κρίσιν
2885 2653 2992 2708 ὑπὸ
3017 2653 3226 2707 τούτων
3258 2651 3673 2723 δυνατωτέρων,
3711 2643 3864 2711 οὗτος

2271 2746 2695 2817 καταπέπραται
2724 2747 2839 2810 τοῖς
2868 2743 3105 2816 ἐχθροῖς,
3145 2743 3323 2799 καίτοι
3347 2741 3444 2796 τοῦ
3469 2742 3639 2810 νόμου
3671 2740 3862 2809 σαφῶς

2271 2836 2687 2909 διηγορευιώτος
2715 2835 2799 2901 τὸ,
2838 2854 2858 2888 ι
2899 2836 2977 2889 Οὐ
3002 2834 3150 2907 λήψῃ
3179 2833 3474 2905 πρόσωπον
3511 2834 3573 2886 ὲν
3599 2832 3799 2907 κρίσει.
3838 2850 3857 2883 ι

2272 2930 2382 2983 Καὶ
2407 2928 2588 2996 πάλιν,
2625 2946 2645 2982 ι
2696 2926 2899 2983 Ἀθῶον
2926 2926 3022 2982 καὶ
3060 2927 3270 2983 δίκαιον
3312 2927 3412 2982 οὐκ
3457 2926 3800 2987 ἀποκτενεῖς.
3836 2942 3857 2976 ι

2284 3020 2344 3074 '0
2397 3020 2507 3093 γάρ
2552 3036 2636 3073 τοι
2683 3020 2892 3091 κρίνειν
2945 3018 3413 3092 πεπιστευμένος,
3471 3018 3711 3089 κάθηταί
3757 3035 3861 3071 που

2273 3111 2492 3175 πάντως
2524 3112 2584 3164 ὲν
2611 3110 2762 3178 τάξει
2796 3109 2954 3175 Θεοῦ,
2989 3103 3035 3178 ᾧ
3072 3110 3137 3181 δὴ
3181 3109 3243 3163 τὸ
3294 3109 3503 3181 κρίνειν
3563 3108 3664 3163 καὶ
3714 3108 3861 3179 μόνῳ

2274 3204 2493 3257 οἰκεῖον.
2548 3222 2565 3254 ι
2621 3198 2715 3266 Εἷς
2758 3202 2866 3275 γάρ
2916 3204 3033 3255 ἐστι
3077 3201 3398 3273 νομοθέτης,
3442 3204 3539 3257 καὶ
3580 3204 3798 3274 κριτὴς,
3836 3222 3855 3253 ι

587 3291 957 3348 excellentiam
982 3295 1407 3352 contumeliosus
1433 3299 1560 3365 erit,
1617 3308 1673 3353 et
1721 3297 1887 3354 Deum
1935 3298 2167 3356 oil‘endet

2275 3294 2415 3347 κατά
2457 3293 2556 3365 τὴν
2599 3292 2694 3346 τοῦ
2742 3293 2900 3360 ἁγίου
2933 3294 3142 3364 φωνήν.
3188 3292 3399 3346 Οὐκοῦν
3430 3296 3460 3348 ὁ
3499 3293 3598 3347 τοῦ
3651 3294 3861 3346 δικαίου

587 3383 851 3439 dicentem
882 3399 895 3437 :
931 3402 950 3437 ι
990 3383 1469 3456 lustumjudicium
1488 3388 1753 3459 iudicate,
1775 3397 1830 3444 et
1854 3389 2168 3446 misericor-

587 3473 727 3527 diam
758 3483 814 3529 et
846 3475 1222 3531 miserationes
1255 3477 1418 3533 facite
1437 3480 1808 3549 unusquisque
1837 3495 1960 3536 cum
1988 3481 2169 3550 proxi-

587 3580 674 3619 tuo
702 3580 801 3621 suo
829 3564 895 3620 “.
931 3584 952 3618 ι
997 3567 1231 3623 Accusat
1277 3569 1441 3641 igitur
1480 3583 1596 3635 eos,
1635 3576 1693 3623 ut
1725 3569 1817 3639 qui
1862 3568 2068 3638 justum
2116 3579 2169 3625 et

588 3669 877 3723 pauperem
909 3655 1144 3712 inimicis
1187 3672 1375 3713 eorum
1422 3659 1788 3723 vendiderint,
1833 3669 1890 3714 et
1928 3659 2071 3714 istud
2098 3659 2172 3713 fa-

586 3762 711 3802 cere
738 3747 881 3802 soliti
910 3750 1015 3804 sint
1046 3759 1265 3819 pr0pter
1296 3750 1670 3820 quaesticulum
1705 3750 2050 3817 vilissimum,
2076 3753 2169 3820 qui

590 3840 718 3908 ipsis
771 3841 1161 3910 accipientibus
1224 3841 1293 3896 ad
1364 3842 1726 3913 comparanda
1804 3841 2166 3898 calceameuta

529 3918 545 3928 ’
590 3941 796 3984 tantum
818 3932 1075 4001 prodesse
1102 3941 1286 4002 queat.
1317 3933 1480 4003 Atqui
1511 3933 1670 3999 longe
1688 3932 1978 4003 praestabat
2008 3935 2169 3990 recti-

591 4020 851 4083 tudinem,
887 4030 940 4075 et
969 4020 1064 4077 Dei
1094 4023 1491 4093 beneplacitum
1548 4024 1892 4095 complexos,
1940 4026 2166 4082 honori-

591 4113 691 4165 bus
718 4113 785 4167 ab
815 4127 880 4168 eo
906 4113 1121 4170 donatis
1142 4114 1288 4170 velut
1322 4114 1600 4184 inebriari,
1620 4124 1675 4171 et
1713 4117 1869 4172 bonae
1898 4116 2057 4173 famae
2086 4118 2169 4173 di-

592 4204 749 4259 vitias
774 4204 1042 4261 oblinere.
1083 4224 1101 4257 ι
1154 4206 1460 4277 Eligibilius
1500 4207 1644 4263 enim
1678 4208 1880 4264 bonum
1945 4225 2163 4276 nomen,

590 4312 751 4366 quam
767 4297 971 4354 divitiae
998 4299 1178 4355 multa:
1197 4299 1267 4355 “.
1297 4319 1316 4353 ι
1353 4301 1643 4358 Sciendum
1668 4318 1853 4374 porro,
1883 4303 2048 4359 etiam
2075 4320 2170 4375 per

592 4391 784 4444 Isaiam
811 4390 916 4447 tale
943 4393 1070 4461 quid
1093 4393 1160 4448 ad
1190 4392 1498 4452 Iudaeorum
1538 4407 1796 4461 matrem,
1861 4411 2056 4468 nempe
2101 4400 2168 4453 ad

589 4480 889 4538 Jerusalem
919 4485 1121 4538 dictum
1143 4499 1266 4541 esse
1296 4501 1311 4538 :
1348 4504 1366 4538 ι
1409 4486 1690 4557 Principes
1728 4489 1801 4543 tui
1821 4488 2039 4560 pupillis
2063 4507 2168 4546 non

589 4576 857 4645 iudicant,
883 4588 937 4631 et
954 4576 1158 4644 judicio
1178 4577 1459 4633 viduarum
1488 4596 1596 4635 non
1619 4585 1904 4637 attendunt
1933 4583 1999 4639 η.
2044 4602 2064 4635 ι
2105 4584 2171 4639 Et

595 4681 781 4721 rursus
811 4683 908 4738 per
929 4667 1255 4726 .leremiam:
1283 4687 1303 4721 ι
1344 4668 1623 4740 Principes
1651 4674 1767 4742 ejus
1808 4689 1932 4730 cum
1984 4690 2173 4731 mune-

596 4761 741 4815 ribus
756 4762 1074 4830 judicabant
1099 4760 1756 4835 “‘.iExsecrandaigitur
1784 4783 1872 4823 res
1893 4770 2033 4838 apud
2050 4786 2171 4824 om-

599 4865 714 4915 nes,
750 4869 854 4907 non
876 4862 1039 4915 recte,
1071 4862 1126 4907 et
1155 4860 1310 4906 extra
1357 4852 1685 4911 calumniam
1718 4857 2000 4928 jttdicandi
2058 4874 2177 4913 mn-

599 4958 723 4999 nere
750 4943 928 5013 fungi;
965 4945 1056 4998 sed
1101 4959 1223 4999 cum
1280 4945 1478 5000 invidia
1537 4949 1934 5015 quodammodo
1984 4960 2038 5006 et
2093 4952 2176 5005 iu-

597 5037 922 5106 :equalitate,
953 5046 1011 5092 ut
1036 5039 1508 5097 criminationibus
1542 5042 1619 5098 sis
1644 5041 1944 5111 expositus.

668 5296 834 5353 Vens.
866 5299 920 5354 7.
949 5297 1018 5352 Et
1045 5303 1232 5371 pugnis
1256 5274 1625 5371 .percutiebant
1676 5303 1731 5357 in
1769 5306 1945 5373 capita
1974 5310 2176 5364 mendi-

597 5403 800 5442 corum.

668 5480 807 5537 XVI.
844 5480 1149 5539 Secundum
1180 5481 1475 5552 potentiam
1506 5489 1563 5537 et
1611 5483 1730 5541 aliis
1794 5490 2176 5556 praeemiuendi

608 5573 849 5628 studium
868 5587 961 5628 eos
980 5571 1349 5643 reprehendit,
1385 5572 1668 5643 palamque
1691 5582 1749 5630 ut
1792 5577 1988 5648 impios
2008 5588 2063 5634 et
2080 5581 2181 5634 mi-

2271 3384 2711 3457 παρασημαίνων
2747 3385 2838 3438 τὸν
2871 3384 3031 3453 λόγον
3075 3385 3169 3440 καὶ
3196 3386 3277 3449 είς
3310 3386 3601 3456 πρόσωπον
3627 3385 3860 3455 βλέπων,

2271 3478 2483 3552 ὑϐρίσει
2510 3496 2613 3531 που
2640 3479 2701 3531 τὸ
2727 3478 2871 3533 θεῖον
2898 3479 3140 3549 ἀξίωμα,
3173 3479 3271 3532 καὶ
3298 3478 3380 3549 τῷ
3408 3478 3526 3548 Θεῷ
3556 3478 3861 3550 προσκρού-

2272 3587 2375 3640 σει,
2400 3569 2655 3639 κλέγοντι·
2693 3591 2711 3624 ι
2764 3573 2956 3643 Κρῖμα
3004 3570 3211 3625 δίκαιον
3285 3570 3532 3643 κρίνατε,
3582 3571 3679 3623 καὶ
3719 3570 3859 3632 ἔλεος

2270 3663 2365 3715 καὶ
2413 3662 2697 3734 οίκτιρμὸν
2739 3666 2946 3716 ποιεῖτε
3011 3664 3243 3725 ἕκαστος
3297 3662 3433 3733 πρὸς
3492 3661 3586 3715 τὸν
3634 3661 3861 3731 πλησίον

2270 3754 2459 3808 αὐτοῦ.
2500 3775 2519 3807 ι
2554 3756 2807 3810 Αἰτιᾶται
2833 3756 3017 3809 τοίνυν
3054 3755 3132 3817 ὡς
3156 3752 3618 3817 καταπωλοῦντας
3647 3753 3860 3824 ἐχθροῖς

2269 3846 2360 3899 τὸν
2389 3847 2596 3902 δίκαιόν
2624 3865 2685 3901 τε
2722 3850 2820 3902 καὶ
2863 3848 3094 3919 πένητα,
3130 3847 3225 3902 καὶ
3252 3845 3414 3900 τοῦτο
3441 3846 3576 3918 δρᾷν
3605 3846 3857 3908 εἰωθότας

2269 3937 2466 4010 ὀλίγων
2498 3940 2660 3994 ἕνεκα
2719 3939 2815 3994 καὶ
2843 3939 3219 3995 ἀτελεστάτων
3233 3938 3556 4011 λημμάτων,
3586 3938 3624 3992 ἀ
3644 3937 3741 3992 καὶ
3778 3937 3861 4007 μδ-

2270 4048 2385 4094 νοις
2422 4032 2534 4095 τοῖς
2572 4029 2830 4085 λαϐοῦσιν
2872 4030 3169 4102 ἀρκέσειεν
3212 4030 3281 4084 ἂν
3319 4029 3455 4099 πρὸς
3501 4029 3861 4100 ὑποδημάτων

2271 4123 2487 4195 κτῆσιν.
2542 4122 2681 4176 Ἀλλ’
2716 4118 2787 4195 ἦν
2821 4124 3044 4194 ἄμεινον
3080 4121 3234 4195 παρά
3277 4121 3413 4175 πολὺ
3455 4120 3557 4193 τὴν
3595 4119 3863 4195 ὀρθότητά

2268 4228 2330 4264 τε
2366 4192 2555 4265 καὶτὸ
2601 4210 2722 4282 Θεῷ
2742 4192 2942 4266 *δοκοῦν
2984 4192 3173 4285 τιμᾷν
3201 4192 3530 4284 ᾑρημένους,
3558 4214 3681 4275 ταῖς
3735 4192 3865 4281 παρ’

2271 4302 2438 4357 αὑτοῦ
2491 4304 2691 4376 μᾶλλον
2724 4303 3093 4376 καταμεθύειν
3148 4305 3359 4374 τιμαῖς,
3399 4302 3494 4358 καὶ
3536 4302 3724 4373 μέντοι
3774 4304 3862 4356 καὶ

2273 4393 2505 4448 πλοῦτον
2529 4394 2674 4465 ἔχειν
2704 4394 2795 4448 τὸν
2818 4394 2877 4462 ἐξ
2907 4393 3121 4464 ἀγαθῆς
3148 4393 3445 4465 εὐφημίας.
3480 4392 3712 4466 Δίρετὸν
3738 4393 3864 4463 γὰρ,

2274 4485 2461 4557 φησὶν,
2496 4486 2667 4558 ὄνομα
2695 4486 2881 4553 καλὸν,
2916 4485 2950 4557 ἢ
2994 4484 3224 4549 πλοῦτος
3257 4484 3445 4548 πολύς.
3484 4504 3508 4540 ο
3569 4485 3775 4538 ἰστὲον
3814 4485 3866 4537 δὲ

2202 4614 2246 4669 D
2274 4580 2355 4633 ὅτι
2398 4578 2494 4633 καὶ
2540 4578 2630 4632 διὰ
2677 4578 2862 4648 φωνῆς
2915 4578 3137 4631 Ἡσαΐου
3172 4575 3410 4631 τοιοῦτόν
3445 4576 3499 4630 τί
3540 4593 3677 4646 φησι
3730 4576 3864 4647 πρὸς

2290 4671 2561 4726 Ἰουδαίων
2601 4670 2835 4743 μητέρα,
2887 4669 3158 4734 τουτέστι,
3204 4669 3305 4741 τὴν
3354 4668 3737 4741 Ἰερουσαλὴμ,
3787 4670 3864 4722 ὅτι

2287 4784 2306 4816 σ
2346 4765 2408 4819 Ol
2440 4762 2699 4835 ἄρχοντές
2730 4778 2824 4815 σου
2858 4760 3126 4833 ὀρφανοὺς
3156 4759 3216 4813 οὐ
3246 4760 3519 4831 κρίνουσι,
3551 4762 3648 4814 καὶ
3687 4762 3863 4831 κρίσει

2280 4858 2452 4929 χήρας
2497 4855 2558 4909 οὐ
2596 4853 2945 4927 προσέχουσισ
2983 4872 3003 4905 ι
3034 4851 3122 4906 διὰ
3150 4852 3207 4907 δὲ
3224 4852 3490 4924 Ἰερεμίου
3525 4852 3723 4906 πάλινο
3757 4872 3775 4903 ι
3805 4854 3864 4905 0i

2281 4948 2574 5020 ἡγούμενοι
2602 4948 2792 5019 αὐτῆς,
2828 4944 2965 5018 μετά
3008 4943 3198 5016 δώρων
3250 4943 3522 5014 ἔκρινον.»
3565 4945 3868 5014 Ἐπάρατον

2282 5037 2376 5096 οὖν
2400 5040 2648 5111 πανταχῆ
2671 5039 2732 5093 τὸ
2759 5039 2835 5111 μὴ
2864 5037 3032 5111 ὀρθήν
3046 5053 3105 5089 τε
3127 5034 3222 5090 καὶ
3242 5034 3567 5105 ἀδιάϐλητον
3598 5034 3867 5087 ποιεῖσθαι

2281 5135 2382 5205 τὴν
2423 5132 2626 5203 κρίσιν,
2654 5131 2770 5186 ἀλλ’
2799 5128 3015 5201 ἐπαχθῆ
3043 5127 3248 5201 τρόπον
3269 5125 3391 5181 τινὰ
3442 5127 3540 5179 καὶ
3573 5127 3664 5181 ἐπ’
3692 5127 3866 5180 ἀνισό-

2279 5243 2402 5297 τητι
2435 5222 2887 5295 διαϐεϐλημένην.

2349 5318 2458 5371 Kal
2486 5315 2876 5376 ὲκονδύλιζον
2908 5315 2997 5381 εις
3037 5311 3307 5382 κεφαλὰς
3342 5307 3598 5379 πτωχῶν

2352 5488 2470 5556 ις’.
2512 5487 2671 5542 Κατά
2705 5488 3028 5543 δυναστε.αν
3058 5484 3241 5547 αὐτοις
3290 5500 3388 5538 και
3426 5482 3746 5549 πλεονεξίαν
3776 5483 3859 5548 ἐγ-

2280 5580 2439 5635 καλεῖ
2502 5579 2596 5633 καὶ
2647 5578 2987 5633 καταιτιᾶται
3034 5573 3243 5638 σαφῶς,
3277 5573 3355 5637 ὡς
3398 5572 3649 5636 ἀνοσίους
3684 5588 3740 5624 τε
3774 5569 3860 5622 καὶ
3948 5588 3949 5591 η

672 5782 887 5859 "_l_‘s_al.
922 5781 1460 5859 XXi'1L9._-f3__De.III.
1497 5782 1643 5859 μη,
1719 5788 1764 5820 ³³
1829 5789 1993 5843 Exod.
2037 5804 2167 5844 xxtn

2271 5830 2281 5843 .
2360 5788 2403 5820 ⁸ο
2434 5789 2550 5845 Jac.
2596 5803 2669 5854 tv,
2710 5787 2797 5841 Η..
2874 5786 2916 5819 δι
2956 5783 3121 5840 Zach.
3164 5796 3281 5848 vn,
3314 5779 3369 5836 9.
3445 5778 3489 5810 "
3532 5778 3689 5832 Prov.
3727 5786 3845 5828 nn.

610 5851 657 5906 ἰ
736 5853 782 5885 ⁵³
809 5854 913 5908 lsa.
956 5869 995 5919 ι,
1024 5852 1115 5911 ἳό.
1178 5850 1431 5907 “'Miclt.
1468 5869 1551 5919 ιιι,
1593 5854 1674 5907 Η.
