4068 6540
154 408 276 465 ιιι

1130 409 1682 471 COMMENTARIUS
1718 413 1788 471 ΙΝ
1824 416 2019 473 AMOS
2052 419 2496 482 PROPHETAM.

3238 441 3242 445 ⁴
3339 438 3447 498 “2

157 526 680 601 ἀφιλοικτίρμονας,
727 528 822 583 καὶ
864 526 958 593 οὓς
998 521 1065 599 ἦν
1092 528 1314 600 ἄμεινον
1342 532 1437 585 καὶ
1475 534 1754 604 φροντίδος

1865 538 2433 613 sericordimexpertes
2463 544 2755 614 insimulat,
2807 560 2864 607 et
2917 563 3164 612 assuetos
3221 556 3444 616 laedere.

160 618 386 684 ἀξιοῦν,
419 621 511 673 καὶ
547 622 713 691 τιμᾷν
746 619 979 682 ἑλέσθαι,
1011 620 1241 685 καὶτοῖς
1281 621 1341 687 ἐξ
1381 621 1601 695 ἀγάπης
1633 625 1754 676 ὲπι-

163 710 523 779 κουρήμασιν
545 709 882 764 ἀνακτᾶσθαι
922 710 1093 780 φιλεῖν
1132 712 1197 764 ὲκ
1219 712 1328 767 τῶν
1360 713 1635 767 ἐναντίωνο
1662 715 1756 768 καὶ

163 799 388 853 ἀδικεῖν
422 800 711 867 εἰωθότας,
743 802 1037 873 ἀφορήτοις
1071 820 1135 856 τε
1177 804 1272 857 καὶ
1315 808 1538 877 πικραῖς
1589 822 1758 860 κατα-

163 890 448 961 τήκοντας
478 892 675 957 λύπαις
712 895 836 958 τοὺς
872 896 938 965 τῇ
988 894 1230 967 πτωχείᾳ
1266 898 1754 967 πεφορτισμένους.

180 983 335 1036 Ἀλλ’
356 986 385 1038 ὅ
410 1003 473 1054 γε
502 985 705 1057 Κύριος
724 986 879 1057 ἡμῶν
910 987 992 1050 εἰς
1020 987 1215 1041 οίκεῖον
1245 989 1550 1060 ἀναγράφει
1587 990 1757 1060 πρόσ-

160 1095 336 1131 ωπον
356 1079 425 1133 τά
453 1081 533 1144 είς
557 1082 756 1146 αὐτοὺς
783 1080 1153 1151 πραττόμενα.
1195 1080 1402 1135 Οὐκοῦν
1429 1080 1491 1134 οὐ
1523 1079 1758 1152 μετρίως

162 1170 304 1240 Θεῷ
330 1172 763 1243 προσκρούομεν,
805 1172 1253 1236 πλεονεκτοῦντες
1279 1172 1369 1226 τὸν
1396 1173 1620 1245 ἀσθενῆ,
1662 1174 1759 1229 καὶ

168 1258 476 1324 τύπτοντες
503 1262 603 1332 μὲν
625 1260 877 1315 ταπεινὸν
909 1263 1176 1333 πυγμαῖς,
1214 1261 1393 1326 καθὼς
1428 1262 1756 1334 γέγραπται,

168 1354 710 1424 καταπικραίνοντες
743 1353 802 1408 δὲ
837 1355 959 1419 ταῖς
987 1354 1310 1426 δυσθυμίαις
1338 1357 1463 1421 τοὺς
1499 1359 1568 1429 τῇ
1604 1374 1756 1410 πτω-

170 1444 305 1514 χείᾳ
338 1445 801 1518 κατηχθημένους,
831 1446 1008 1501 καίτοι
1034 1450 1190 1519 χεῖρα
1226 1447 1427 1519 μᾶλλον
1453 1449 1763 1519 ὀφείλοντες

164 1535 400 1604 ὀρέγειν
427 1536 612 1601 αὐτοῖς
646 1537 745 1610 τὴν
772 1536 1113 1609 φιλάλληλον.
1147 1556 1165 1588 ι
1213 1538 1377 1593 Πενία
1402 1538 1533 1611 γὰρ,
1568 1540 1756 1610 φησὶν,

168 1624 356 1695 ἄνδρα
385 1629 651 1690 ταπεινοῖ,
689 1629 871 1699 χεῖρες
915 1627 973 1680 δὲ
1020 1627 1280 1699 ἀνδρείων
1321 1629 1689 1694 πλουτίζουσι.
1736 1651 1757 1682 ι

175 1713 395 1783 Γράφει
422 1715 480 1769 δέ
509 1733 610 1769 που
648 1718 745 1771 καὶ
778 1720 807 1771 ὁ
836 1718 1071 1791 Χριστοῦ
1103 1718 1368 1791 μαθητής·
1411 1738 1431 1771 ι
1484 1719 1762 1792 Θρησκεία

1854 642 1989 697 quos
2023 638 2209 684 contra
2240 646 2370 687 cura
2397 634 2626 704 dignari,
2651 647 2706 692 ct
2736 640 3031 699 honoribus
3070 649 3353 717 prosequi,
3394 663 3447 702 et

1855 720 2071 777 auxiliis
2095 737 2126 776 a
2153 722 2681 795 charitateprofectis
2694 731 2958 789 demereri
2986 736 3177 792 melius
3206 736 3399 795 fuisset
3426 756 3441 803 ;

1855 823 1910 868 et
1957 813 2145 869 solitos
2184 815 2508 885 iniuriosius
2556 827 2817 891 tractare,
2878 825 3347 898 intolerandisque
3390 840 3445 885 et

1857 904 2065 959 acerbis
2093 921 2371 962 macerare
2426 908 2688 966 molestiis
2727 916 3061 983 paupertatis
3128 934 3293 976 onere
3341 937 3437 990 op-

1858 1009 2096 1064 pressos.
2127 995 2327 1053 Verum
2354 999 2614 1058 Dominus
2635 1013 2817 1058 noster
2841 1004 2944 1060 sibi
2980 1007 3121 1063 facta
3141 1011 3291 1075 dicit,
3316 1028 3436 1078 qua:

1859 1083 1911 1139 in
1944 1085 2064 1142 illos
2081 1087 2236 1143 fiunt.
2262 1089 2440 1156 Quare
2464 1107 2567 1148 non
2599 1094 2945 1153 mediocriter
2987 1100 3152 1155 Deum
3205 1100 3434 1158 offendi-

1859 1192 2001 1241 mus,
2032 1178 2159 1234 dum
2209 1181 2482 1238 infirmum
2537 1184 3010 1256 circumvenimus,
3066 1202 3121 1246 et
3179 1194 3435 1251 humilem

1858 1283 2037 1339 pugno
2073 1273 2421 1342 percutimus,
2456 1284 2516 1331 ut
2540 1278 2797 1350 scriptum
2832 1291 2950 1347 est,
3002 1284 3167 1355 267
3210 1300 3435 1342 exacer-

1863 1360 2050 1416 bantes
2078 1362 2244 1417 animi
2283 1367 2606 1424 maeroribus
2632 1385 2726 1426 eos
2760 1387 2895 1442 quos
2927 1378 3259 1444 paupertatis
3298 1394 3437 1435 onus

1860 1459 2067 1518 gravat,
2095 1466 2215 1506 cum
2246 1456 2415 1523 magis
2446 1470 2637 1513 manus
2667 1460 2872 1516 amoris
2896 1472 3079 1517 mutua
3109 1465 3215 1520 illis
3261 1470 3438 1536 porri-

1861 1542 2031 1608 genda
2061 1541 2219 1600 foret.
2252 1563 2272 1596 ι
2312 1543 2607 1617 Paupertas
2642 1550 2810 1615 enim,
2866 1553 3063 1622 inquit,
3119 1557 3293 1612 virum
3337 1559 3437 1614 bu-

1862 1630 2053 1696 miliat,
2091 1648 2281 1689 manus
2308 1647 2486 1693 autem
2506 1638 2726 1695 fortium
2750 1641 2928 1697 ditant
2952 1644 3020 1699 “.
3054 1664 3073 1698 ι
3110 1644 3310 1704 Scribit
3337 1650 3437 1704 ali-

1863 1724 1984 1779 cubi
2005 1725 2166 1779 etiam
2200 1727 2401 1783 Christi
2446 1730 2772 1803 discipulus:
2819 1755 2839 1788 ι
2881 1735 3089 1808 Religio
3140 1741 3338 1796 munda
3380 1752 3437 1797 et

175 1806 408 1879 καθαρά
452 1809 545 1862 καὶ
594 1809 859 1881 ἀμίαντος
906 1809 1059 1883 παρά
1098 1810 1219 1882 Θεῷ
1267 1813 1361 1865 καὶ
1394 1813 1571 1883 Harp).
1618 1809 1760 1883 α’ύτη

1866 1814 2205 1872 immaculata
2225 1822 2364 1889 apud
2394 1820 2559 1878 Deum
2584 1835 2639 1879 et
2667 1824 2883 1883 Patrem
2928 1806 3046 1886 haec
3068 1841 3175 1896 est,
3218 1832 3439 1887 visitare

172 1898 357 1962 ἐστὶν,
388 1899 813 1954 ἐπισκέπτεσθαι
848 1900 1118 1973 ὀρφανοὺς
1162 1903 1257 1956 καὶ
1287 1903 1459 1974 χήρας
1489 1905 1547 1957 ὲν
1570 1905 1637 1975 τῇ
1665 1920 1758 1957 τα·

1866 1909 2094 1979 pupillos
2121 1921 2175 1966 et
2199 1912 2386 1968 viduas
2427 1914 2481 1969 in
2502 1916 2850 1975 tribulatione
2879 1920 3142 1990 ipsorum,
3162 1893 3228 1978 et
3247 1923 3439 1979 imma-

173 1988 445 2043 πεινώσει
478 1990 680 2060 αὐτῶν,
712 1992 807 2046 καὶ
836 1991 1061 2047 ἀσπιλον
1096 1993 1289 2049 ἑαυτὸν
1317 1996 1505 2067 τηρεῖν
1537 1994 1647 2049 ἀπὺ
1668 1992 1765 2048 τοῦ

176 2079 417 2150 κόσμου.
470 2100 488 2132 ι

251 2172 369 2225 Kal
406 2172 550 2227 ὁδὸν
574 2172 869 2228 ταπεινῶν
896 2173 1216 2239 ἐξέκλιναν

250 2262 359 2315 IZ’.
392 2260 561 2315 Τοῦτο
585 2264 801 2332 νοήσεις
834 2262 977 2334 δίχα.
1016 2264 1089 2316 Ἦ
1116 2264 1224 2335 γὰρ
1266 2263 1443 2317 ἐκεῖνό
1475 2280 1658 2337 φησιν,
1682 2264 1767 2318 ὅτι

179 2352 600 2421 πεφρονήκασιν
624 2351 931 2423 ὑπέρογκα,
966 2354 1060 2407 καὶ
1093 2352 1419 2422 θεοστυγοῦς
1447 2354 1766 2420 ἀλαζονείας

177 2446 263 2507 είς
316 2444 474 2499 τοῦτο
511 2445 738 2515 ἥκουσιν
788 2445 850 2498 τὸ
898 2445 1115 2517 μέτρον,
1146 2445 1221 2509 ὡς
1261 2446 1643 2517 παραιτεῖσθαι
1671 2449 1766 2501 καὶ

175 2536 471 2605 ἀδελφοὺς,
508 2537 557 2589 εί
599 2537 675 2607 μὴ
714 2535 931 2608 πλούτῳ
975 2535 1332 2608 περιχέοιντο,
1378 2536 1474 2589 καὶ
1508 2537 1766 2610 λαμπρὰς

176 2627 363 2696 ἔχοιεν
396 2627 497 2692 τάς
549 2627 891 2698 περιουσίας,
935 2628 1112 2697 μισεῖν
1154 2626 1210 2680 δὲ
1243 2626 1432 2699 ὥσπερ
1481 2627 1617 2683 ίέναι
1670 2630 1766 2684 καὶ

176 2719 331 2772 κατά
355 2717 520 2773 ταυτδ
553 2721 665 2782 τοῖς
691 2719 793 2772 οὐκ
821 2718 961 2788 ἄγαν
987 2717 1316 2790 ἑξησκηκόσι
1337 2718 1397 2772 τὸ
1427 2718 1765 2791 φιλοχρήμα-

174 2829 273 2867 τον
302 2811 500 2876 πάθος,
531 2811 581 2865 οἳ
615 2813 709 2865 καὶ
737 2811 844 2865 elei.
869 2811 1136 2875 ταπεινοὶ,
1160 2810 1256 2865 τὸν
1282 2812 1485 2866 εἰκαῖον
1513 2810 1609 2865 τοῦ
1650 2810 1765 2881 βίου

175 2902 541 2974 διωθούμενοι
570 2902 752 2959 σάλον.
780 2903 987 2971 Ἤγουν
1008 2902 1089 2955 ὅτι
1114 2902 1424 2973 καθηγηταὶ
1454 2903 1763 2972 γεγονότες,

175 2994 282 3047 καὶ
337 2992 501 3067 λαῶν,
530 2993 847 3065 ἡγούμενοι,
898 2993 1295 3065 παρευθύνουσι
1343 2995 1445 3065 τὴν
1487 2995 1606 3049 ὁδὸν
1654 2994 1766 3048 τῶν

176 3085 619 3154 ἀσθενεστέρων,
642 3086 763 3156 ἦτοι
801 3084 911 3140 τῶν
934 3084 1228 3151 ταπεινῶν,
1264 3086 1421 3157 δῆλον
1459 3086 1515 3139 δὲ
1542 3087 1626 3141 ὅτι
1653 3085 1764 3141 τῶν

176 3176 404 3233 οἰκόθεν
439 3178 537 3248 μὲν
558 3178 659 3231 οὐκ
688 3176 921 3247 ἐχόντων
952 3178 1050 3247 τὴν
1090 3175 1185 3231 τοῦ
1217 3178 1587 3250 συμφέροντος,
1615 3196 1763 3251 ειοη-

179 3285 269 3323 σιν
301 3240 528 3341 amba,
572 3240 986 3341 προσκειμένων
1006 3240 1067 3322 δὲ
1116 3240 1312 3335 μᾶλλον
1345 3240 1468 3332 ταῖς
1495 3240 1605 3323 τῶν
1648 3240 1767 3322 παί-
1791 3240 1833 3299 C

178 3360 582 3431 δαγωγούντων
610 3364 837 3431 φωναῖς.
855 3359 1090 3432 Πλείστη
1107 3361 1163 3413 δὲ
1176 3361 1274 3431 ὅση
1296 3360 1505 3433 πληθὺς
1518 3363 1551 3432 ἡ
1566 3363 1763 3417 τοιάδε.

181 3453 337 3507 Ζῶσι
371 3452 472 3524 μὲν
500 3450 610 3522 γὰρ
639 3452 1094 3522 ἀπεριεργότερον
1115 3450 1207 3504 καὶ
1234 3451 1291 3505 ὲν
1312 3450 1577 3522 ἁπλότητι
1600 3470 1765 3518 τινες,

178 3547 533 3616 ἀπήρτηνται
576 3544 633 3598 δὲ
674 3543 775 3614 τῆς
823 3544 932 3598 τῶν
978 3543 1338 3597 διδασκόντων
1384 3543 1591 3614 φωνῆς,
1648 3544 1766 3614 ἤτοι

182 3636 589 3704 παιδαγωγίας,
639 3633 733 3687 καὶ
759 3635 935 3705 ἥνπερ
984 3634 1051 3687 ἂν
1098 3632 1320 3703 μάθοιεν
1365 3629 1424 3687 εὖ
1451 3633 1598 3705 ἔχειν
1626 3634 1765 3700 ὁδὸν,

179 3728 445 3797 ἀγαπῶσι
500 3726 643 3782 λίαν.
673 3724 880 3779 Οὐκοῦν
931 3725 1114 3797 οἱμὲν
1161 3726 1315 3794 σοφοὶ
1362 3726 1457 3779 καὶ
1500 3724 1767 3794 θεοφιλεῖς

183 3824 301 3877 τῶν
336 3819 696 3890 καθηγεῖσθαι
724 3818 1021 3887 λαχόντων,
1054 3816 1157 3887 τὴν
1189 3817 1276 3869 ἐπ’
1306 3817 1436 3869 εὐθὺ
1463 3815 1767 3870 δεικνύουσι

183 3907 398 3980 τρίϐον,
432 3907 497 3960 δι’
529 3900 597 3977 ἧς
627 3904 773 3976 μάλα
800 3905 1126 3975 διᾴττοντες,
1160 3904 1262 3976 τὴν
1283 3904 1615 3960 ἁνδάνουσαν
1648 3904 1768 3976 Θεῷ

185 3998 518 4069 κατορθοῦσι
546 3998 712 4067 ζωήν.
745 3997 808 4049 Ol
836 3995 896 4049 δὲ
918 3995 980 4065 δὴ
1011 3993 1226 4066 μακρὰν
1252 3993 1348 4047 τοῦ
1380 3993 1526 4047 θείου
1562 4011 1767 4066 πεφροο

186 4090 420 4162 νηκότες
442 4090 629 4160 νόμου,
661 4087 1058 4158 παρευθύνουσι
1079 4084 1188 4138 τῶν
1215 4084 1484 4139 ταπεινῶν
1508 4085 1604 4157 τὴν
1628 4086 1765 4150 ὁδὸν,

186 4183 299 4249 ἔξω
326 4179 421 4234 τοῦ
469 4180 677 4243 εἰκότος
711 4178 805 4231 καὶ
827 4177 920 4231 τοῦ
947 4176 1246 4250 πρέποντος
1273 4176 1490 4247 ἀληθῶς
1514 4176 1769 4246 γενέσθαι

188 4273 706 4346 παρασκευάζοντες
727 4270 927 4341 (ὁποῖόν
946 4288 1000 4323 τι
1025 4270 1280 4341 δέδρακεν
1311 4269 1614 4342 ἰεροϐοάμ,
1640 4271 1769 4323 ἀνα-

190 4363 474 4427 πεπεικὼς
514 4363 841 4434 προσκυνεῖν
868 4363 988 4424 ταῖς
1019 4358 1420 4430 χειροτεύκτοις
1456 4360 1767 4431 δαμάλεσι),

190 4460 291 4512 καὶ
317 4456 721 4526 ἀποστήσαντες
754 4451 873 4506 ὁδοῦ
907 4452 1003 4522 τῆς
1035 4453 1115 4516 εἰς
1148 4451 1277 4505 εὐθύ
1313 4469 1374 4505 τε
1414 4453 1510 4505 καὶ
1537 4451 1766 4521 ἀγαθὸν,

189 4550 287 4603 τοῦ
325 4545 703 4619 προσκεῖσθαι,
743 4544 906 4615 φημὶ,
939 4542 1019 4615 τῷ
1045 4544 1203 4612 φύσει
1237 4543 1375 4613 θεῷ.

278 4639 616 4693 Ἐκκλίνουσι
643 4636 751 4689 τῶν
776 4633 1046 4689 ταπεινῶν
1074 4634 1173 4697 τὰς
1203 4635 1355 4697 ὁδοὺς
1394 4633 1484 4687 καὶ
1508 4634 1557 4686 οἱ
1586 4634 1771 4704 λέγειν

190 4734 251 4785 οὒ
294 4728 720 4802 παραιτούμενοι
748 4724 825 4797 τῷ
852 4726 1001 4797 ἠπίῳ
1046 4724 1143 4788 τὰς
1181 4725 1405 4796 φρένας·
1449 4726 1603 4780 Ἐλθὲ
1649 4727 1770 4798 μεθ’

190 4823 374 4895 ἡμῶν,
411 4820 737 4892 κοινώνησον
769 4820 1002 4889 αἵματος
1050 4818 1258 4873 ἀδίκου.
1299 4818 1635 4873 Ἑκκλίνουσι
1660 4819 1771 4873 τῶν

187 4914 471 4970 ταπεινῶν
504 4913 603 4985 τὴν
630 4911 747 4966 ὁδὸν
778 4910 871 4966 καὶ
915 4912 964 4964 οἱ
1004 4910 1111 4963 τῶν
1150 4909 1618 4982 ὲκκλησιαστικῶν
1646 4911 1772 4980 δογ-

192 5010 386 5078 μάτων
424 5006 867 5079 παρατρέποντες
895 5002 994 5074 τὴν
1032 5002 1299 5073 ὀρθότητα
1328 5003 1418 5056 ἐπί
1436 5020 1499 5072 γε
1534 5004 1596 5058 τὸ
1622 5003 1775 5074 σφίσι

189 5098 411 5162 δοκοῦν,
437 5097 531 5152 καὶ
561 5096 781 5151 σκολιὰν
837 5094 932 5148 καὶ
953 5093 1390 5165 διεστραμμένην
1422 5096 1557 5149 ἰέναι
1586 5095 1773 5168 τρίϐον

189 5192 288 5245 τὸν
310 5188 420 5242 τῶν
460 5185 843 5256 ἁπλουστέρων
888 5183 1279 5248 ἀναπείθοντες
1321 5184 1476 5239 νοῦν*
1523 5185 1620 5238 καὶ
1663 5185 1775 5255 γὰρ

190 5282 315 5335 ἔστι
344 5281 474 5350 παρ’
523 5279 707 5341 αὐτοῖς
754 5274 911 5347 ὀρθὸν
970 5274 1070 5345 μὲν
1137 5275 1308 5342 οὐδὲν,
1356 5276 1776 5347 ἐκτετραμμένα

190 5373 252 5426 δὲ
284 5370 486 5441 μᾶλλον
538 5368 634 5422 καὶ
662 5366 870 5437 ἀκαλλῆ
900 5368 1141 5438 ῥήματα,
1168 5367 1261 5420 καὶ
1287 5365 1552 5436 συνθῆκαι
1577 5365 1773 5437 λόγων,

190 5462 451 5525 ἀσεϐείας
485 5477 545 5515 τε
573 5458 710 5530 ὁμοῦ
745 5459 842 5513 καὶ
873 5457 1145 5528 ἀμαθείας
1179 5457 1422 5529 ἔμπλεοι.

264 5551 379 5607 Καὶ
414 5550 542 5616 υίὸς
593 5548 694 5603 καὶ
739 5546 938 5617 πατὴρ
974 5548 1431 5616 εἰσεπορεύοντο
1475 5546 1626 5615 πρὸς
1662 5546 1778 5615 τὴν

190 5642 397 5707 αὐτὴν
433 5639 785 5705 παιδίσκην,
836 5637 997 5703 ὅπως
1038 5635 1437 5705 βεϐηλώσωσι
1485 5637 1551 5691 τὸ
1583 5637 1775 5707 ὄνομα

190 5732 307 5788 τοῦ
342 5731 488 5786 Θεοῦ
518 5729 736 5785 αὐτῶν.

268 5845 320 5878 ⁸⁵
350 5844 510 5900 Prov.
548 5860 600 5909 χ,
638 5843 691 5897 4.
772 5844 835 5875 ³³·
868 5841 984 5898 J.tc.
1028 5860 1064 5907 ι,
1100 5842 1188 5898 27.
1268 5843 1313 5876 ⁸⁸
1348 5837 1411 5896 lll
1447 5843 1580 5913 Reg.
1618 5859 1717 5909 xu,
1754 5844 1843 5901 28.

1866 2001 2099 2057 culatum
2127 2017 2186 2059 se
2214 2005 2490 2064 custodire
2517 2009 2585 2065 ab
2608 2011 2710 2067 hoc
2742 2011 2940 2068 saeculo
2966 2012 3062 2068 ⁸⁸⁸.
3099 2033 3119 2068 ι

1934 2178 2003 2233 Et
2033 2151 2182 2236 viam
2199 2183 2472 2239 humilium
2492 2186 2901 2246 declinaverunt.

1935 2270 2095 2328 XVII.
2128 2274 2243 2330 Hoc
2270 2276 2516 2334 bifariam
2548 2279 2835 2355 intelliges.
2865 2283 2974 2341 Aut
3008 2286 3159 2343 enim
3205 2287 3334 2344 illud
3365 2289 3441 2345 di-

1865 2363 1958 2429 cit,
1983 2381 2141 2436 supra
2173 2371 2389 2425 modum
2423 2368 2636 2429 inﬂatos
2674 2374 2861 2442 fuisse,
2880 2384 2935 2432 et
2994 2392 3059 2434 eo
3108 2385 3435 2452 arrogantiae

1866 2453 1976 2509 Deo
2009 2455 2237 2513 ndibiles
2261 2460 2496 2528 venisse,
2526 2474 2586 2518 ut
2634 2472 2689 2518 et
2740 2466 2940 2524 fratres
2996 2482 3434 2540 aspernarentur,

1867 2545 1967 2601 nisi
2000 2548 2190 2617 opibus
2205 2550 2717 2631 circu‘ntﬂoerentmt
2733 2557 3039 2627 splendidas
3059 2575 3238 2617 rerum
3258 2564 3439 2633 capias

1867 2637 2147 2703 haberent,
2172 2653 2630 2715 gravarenturque
2686 2648 3084 2717 quodammodo
3125 2654 3312 2710 eadem
3350 2656 3438 2710 via

1866 2742 1987 2782 cum
2032 2730 2097 2785 iis
2148 2731 2376 2803 ingredi,
2428 2736 2521 2805 qui
2590 2738 2642 2792 in
2698 2740 2909 2796 ratione
2986 2745 3227 2812 pecunia:
3275 2760 3440 2801 avare

1864 2821 2177 2892 colligenda:
2208 2841 2313 2881 non
2339 2838 2517 2883 essent
2540 2832 2755 2901 egregie
2781 2835 3090 2902 exercitati,
3118 2838 3209 2907 qui
3239 2847 3295 2894 et
3338 2839 3441 2894 hu-

1868 2914 2023 2970 miles
2044 2926 2191 2983 sunt,
2225 2916 2476 2977 fortuitos
2513 2924 2632 2979 vita:
2660 2923 2856 2981 ﬂuctus
2885 2928 2953 2983 ab
2990 2944 3049 2985 se
3091 2930 3435 3001 repellentes.

1866 3006 1971 3060 Aut
1995 3008 2119 3078 quia
2179 3013 2423 3082 magistri
2472 3025 2526 3070 et
2587 3018 2749 3075 duces
2777 3021 2955 3092 populi
2992 3023 3135 3078 viam
3169 3024 3442 3080 declinant

1870 3101 2226 3173 infirmorum,
2250 3107 2365 3162 sive
2390 3108 2694 3177 humilium,
2717 3126 2903 3168 eorum
2933 3114 3167 3180 scilicet,
3195 3116 3287 3186 qui
3347 3131 3443 3186 per

1867 3207 1926 3248 se
1946 3206 2248 3253 accuratam
2281 3198 2493 3256 utilium
2518 3213 2760 3259 notitiam
2799 3220 2903 3260 nou
2938 3207 3174 3273 habent;
3202 3207 3295 3263 sed
3316 3224 3442 3262 cru-

1866 3287 2126 3341 tlientium
2157 3304 2215 3344 se
2244 3292 2468 3348 vocibus
2498 3295 2678 3363 potius
2709 3297 3005 3355 adhmrent.
3035 3297 3245 3353 Talium
3285 3300 3442 3356 turba

1868 3375 2022 3447 longe
2048 3380 2280 3436 maxima
2312 3393 2416 3438 est.
2448 3383 2649 3440 Vivunt
2673 3388 2817 3443 enim
2841 3389 3059 3458 quidam
3115 3389 3442 3448 ’ncuriosius

1866 3477 1920 3522 et
1950 3467 2002 3522 in
2030 3470 2398 3540 simplicitate,
2432 3490 2460 3529 a
2521 3476 2739 3534 vocibus
2777 3479 3114 3547 docentium,
3145 3482 3261 3537 sive
3294 3483 3446 3538 insti-

1868 3561 2072 3617 tutione
2097 3563 2412 3633 pendentes,
2432 3576 2486 3623 ct
2530 3584 2690 3639 quam
2738 3572 2880 3627 viam
2921 3573 3115 3629 bonam
3177 3590 3444 3643 cognove-

1868 3652 1997 3715 rint,
2031 3654 2378 3711 vehementer
2423 3670 2626 3716 amant.
2678 3660 2965 3732 Sapientes
3015 3666 3178 3737 igitur
3222 3678 3275 3723 et
3346 3666 3443 3723 Dei

1867 3753 2107 3799 amantes
2132 3745 2374 3816 magistri
2397 3749 2463 3804 ad
2496 3750 2547 3805 id
2584 3753 2725 3821 quod
2753 3764 2962 3809 rectum
3010 3767 3115 3824 est,
3154 3744 3446 3815 ostendunt

1869 3831 1990 3899 iter,
2016 3850 2111 3903 per
2136 3836 2278 3904 quod
2331 3840 2574 3897 actiones
2625 3857 2752 3898 suas
2811 3857 3215 3917 componentes,
3279 3850 3445 3905 vitam

1869 3923 1978 3979 Deo
2009 3925 2257 3994 placitam
2295 3928 2525 3986 feliciter
2549 3934 2855 3993 traducunt.
2880 3937 3120 4005 Quorum
3145 3949 3324 3995 autem
3352 3956 3445 3997 co—

1868 4015 2154 4084 gitationes
2193 4034 2222 4073 a
2254 4018 2363 4076 Deo
2393 4023 2582 4092 procul
2632 4026 2855 4095 distant,
2908 4030 3230 4102 detorquent
3264 4034 3445 4089 humi-

1871 4102 1998 4159 lium
2018 4105 2182 4171 viam,
2201 4106 2533 4181 faciuntque,
2557 4121 2617 4167 ut
2644 4122 2797 4168 extra
2832 4116 2881 4170 id
2904 4118 3048 4187 quod
3106 4133 3320 4188 aequum
3342 4129 3445 4186 est,

1869 4205 1923 4250 ct
1948 4212 2077 4252 vere
2107 4200 2282 4267 decet,
2307 4201 2551 4259 ferantur
2598 4204 2778 4277 (quale
2827 4206 2955 4264 fecit
3001 4207 3309 4279 Jeroboam,
3354 4212 3445 4277 qui

1870 4288 2126 4348 Israelitis
2151 4303 2339 4348 auctor
2379 4292 2516 4363 fuit,
2561 4307 2620 4350 ut
2645 4296 2839 4354 vitulos
2878 4300 3214 4357 manufactos
3254 4304 3446 4358 adura-

1872 4391 1989 4437 reut
2016 4381 2176 4452 "),et
2197 4397 2225 4436 a
2249 4382 2331 4436 via
2357 4382 2422 4436 ad
2452 4392 2657 4438 rectum
2698 4394 2752 4439 et
2782 4386 2979 4441 bonum
3027 4388 3348 4453 deducente,
3380 4388 3448 4441 ad

1870 4474 2267 4538 adhaerendum,
2300 4474 2540 4545 inquam,
2565 4476 2637 4543 ei,
2664 4476 2755 4547 qui
2781 4486 2976 4532 natura
3009 4478 3149 4534 Deus
3182 4488 3451 4545 est,arer-

1800 4580 1843 4636 ι)
1874 4574 2003 4618 tuut.

1937 4653 2111 4709 Etiam
2137 4652 2208 4708 illi
2240 4653 2524 4709 humilium
2546 4654 2685 4709 viam
2712 4656 3007 4725 declinant,
3068 4658 3159 4727 qui
3218 4673 3322 4714 non
3352 4659 3451 4714 du-

1870 4745 2047 4801 bitant
2078 4755 2261 4801 mente
2304 4759 2476 4816 puero
2506 4746 2733 4803 dicere:
2796 4747 2931 4804 Veni
2986 4749 3283 4813 nobiscum,
3333 4763 3451 4806 esto

1869 4836 2138 4907 particeps
2168 4837 2447 4907 sanguinis
2469 4838 2681 4907 iniusti.
2705 4839 2975 4896 Praeterea
3003 4839 3279 4897 declinant
3306 4843 3449 4896 viam

1870 4925 2174 4994 humilium,
2203 4929 2291 4997 qui
2308 4927 2562 4999 dogmata
2593 4931 2966 4987 ecclesiastica
3011 4931 3078 4987 ad
3125 4946 3277 4988 suam
3337 4935 3452 5003 opi-

1872 5017 2088 5073 nionem
2122 5018 2433 5088 depravant,
2461 5030 2517 5075 et
2558 5021 2944 5092 simpliciorum
2987 5022 3185 5079 animis
3231 5024 3449 5094 obliqua

1871 5116 1926 5161 et
1949 5122 2201 5176 perversa
2229 5110 2313 5164 via
2370 5112 2653 5167 ambulare
2702 5114 3047 5181 persuadent.
3100 5111 3263 5169 Nihil.
3299 5118 3444 5169 enim

1876 5197 2014 5266 apud
2050 5197 2194 5268 ipsos
2217 5210 2424 5256 rectum
2463 5211 2569 5268 est,
2598 5202 2692 5257 sed
2718 5203 2897 5272 potius
2913 5206 3071 5259 verba
3106 5218 3360 5274 perversa
3401 5217 3455 5260 et

1876 5287 2151 5355 indecora,
2181 5300 2235 5345 et
2255 5305 2538 5348 sermones
2567 5292 2876 5363 compositi,
2918 5292 3218 5366 impietatis
3284 5297 3450 5353 simul

1874 5388 1929 5433 et
1950 5378 2178 5436 inscitiae
2207 5380 2372 5452 pleni.

1955 5556 2121 5627 268
2147 5556 2214 5613 Et
2244 5561 2387 5628 [ilius
2418 5571 2469 5616 et
2520 5571 2668 5629 pater
2699 5563 2925 5634 ingressi
2956 5575 3075 5618 sunt
3127 5565 3196 5618 ad
3218 5564 3453 5618 eamdem

1883 5648 2155 5720 ancillam,
2188 5662 2240 5705 nt
2267 5654 2518 5708 violarent
2552 5672 2741 5711 nomen
2758 5656 2857 5712 Dei
2884 5657 2988 5712 sui.
