4068 6542
618 364 722 419 “5

1644 371 1702 430 S.
1738 374 2013 432 CYl'ilLLI
2056 375 2531 433 ALEXANDRINI
2570 378 2891 440 ARCHIEP.

3806 396 3913 452 ω

692 476 874 537 XVIII.
913 480 1141 552 Propter
1170 491 1453 555 protervas
1486 495 1540 545 et
1567 490 1989 560 reprehensione
2010 495 2180 565 digna:

2374 494 2481 551 ΗΓ.
2526 496 2652 550 Ἐπὶ
2678 497 2911 571 θερμαῖς
2942 503 3036 557 καὶ
3082 504 3437 579 ὲπιπλήκτοις
3464 511 3683 582 ἡδοναῖς
3714 530 3912 568 καται-

617 574 917 644 voluptatcs
958 591 1170 633 rursum
1205 579 1259 635 in
1300 594 1395 636 eos
1436 581 1743 651 invehitur,
1768 595 1823 642 et
1861 587 1912 642 in
1948 602 2057 644 uno
2097 590 2180 645 hoc

2300 587 2485 642 τιᾶται
2512 588 2696 654 πάλιν,
2718 592 2813 644 καὶ
2844 593 3064 667 ἁπάσης
3093 574 3391 671 εὐκοσμίας
3423 574 3801 675 ὴςρειόοκάτας
3822 610 3907 678 ἐφ’

618 673 838 733 peccato
870 683 1086 723 omnem
1116 671 1373 739 pudorem
1402 677 1796 752 contempsisse
1815 681 2180 749 ostendit,cun

2300 676 2383 731 ἑνὶ
2414 677 2477 750 δὴ
2526 678 2703 752 τούτῳ
2747 682 2950 753 δέδειχε
2998 671 3596 762 πλημμελήματιξήἽΙν
3630 699 3750 768 μὲν
3798 671 3906 771 γάρ

619 754 810 812 melius
835 758 1049 825 luisset,
1080 761 1419 819 turbulentas
1447 748 1711 823 motiones
1730 770 2108 840 comprimere,
2144 788 2171 826 e

2299 748 2522 841 ἄμεινον
2548 771 2609 825 τὸ
2632 748 3316 848 κατανδρίξεσθαιΙπαθῶν,
3344 786 3436 837 καὶ
3458 748 3903 859 κατευμεγεθείῑ

618 848 946 918 superiorem
971 865 1089 906 esse
1112 852 1383 922 voluptate
1435 855 1695 914 inusitata
1744 874 1808 916 ac
1853 862 2194 933 detestanda,

2298 866 2491 939 ἡδονῆς
2521 869 2753 924 ἐκτόπου
2803 872 2899 926 καὶ
2943 877 3216 947 μυσαρᾶς,
3247 878 3341 932 καὶ
3383 880 3731 936 ἀποκόπτειν
3778 884 3901 936 ἑπι-

614 948 665 994 et
702 940 995 1008 praecidere
1022 943 1369 1012 cupiditates,
1390 946 1718 1005 voluntatem
1736 952 1917 1009 carnis
1943 968 2180 1012 coercert

2298 957 2517 1029 θυμίας,
2550 962 2665 1025 τοῖς
2687 962 2797 1016 τῶν
2830 940 3053 1037 σαρκῶν
3085 940 3384 1038 θελήμασιν
3406 973 3661 1045 ἐπιτιμᾷν
3715 975 3901 1040 ἐγνω-

615 1040 668 1087 et
697 1031 797 1103 legi
827 1033 879 1087 in
928 1036 1185 1093 membris
1250 1040 1449 1095 nostris
1506 1040 1553 1073 “
1622 1042 1898 1101 ferocienti
1956 1047 2193 1117 quietem

614 1124 937 1193 persuadere
963 1126 1218 1183 scientes.
1272 1127 1477 1186 Verum
1528 1132 1624 1201 illi,
1668 1135 1734 1189 ad
1779 1145 1887 1191 tam
1936 1139 2192 1197 eximiam

612 1215 869 1272 virtutem
900 1235 1002 1276 non
1034 1220 1359 1290 aspirantes,
1378 1225 1490 1281 suis
1515 1227 1861 1295 passionibus
1884 1232 2012 1287 victi
2038 1245 2188 1303 sunt,

610 1309 820 1377 opinor.
854 1311 1055 1369 Deinde
1080 1319 1349 1385 quomodo
1374 1333 1480 1373 non
1505 1334 1625 1375 cum
1655 1323 1917 1391 sapientia
1968 1326 2190 1396 conjun-

609 1411 752 1455 ctum
782 1412 885 1467 est,
921 1406 973 1461 in
1020 1408 1181 1465 rebus
1214 1412 1460 1480 turpibus
1485 1414 1675 1470 saltem
1709 1415 1908 1489 eligere
1961 1421 2190 1478 melius?

610 1493 677 1545 At
712 1495 933 1550 stultum
984 1513 1208 1567 prorsus
1242 1503 1531 1572 concipere
1573 1505 1732 1577 longe
1778 1509 2183 1582 nefandissima,

607 1590 662 1635 et
694 1583 746 1638 in
776 1590 944 1655 patris
969 1591 1143 1647 cubile
1171 1592 1375 1651 iusilire
1404 1595 1595 1662 filium,
1640 1599 1692 1653 in
1727 1599 1822 1656 filii
1873 1616 2056 1660 autem
2089 1623 2186 1662 cu-

609 1672 719 1726 bile
741 1675 970 1732 scelesto
1003 1680 1266 1736 etiusano
1291 1698 1473 1737 amore
1495 1687 1755 1754 percitum
1796 1687 1924 1744 ferri
1954 1702 2182 1761 patrem,

2295 1050 2481 1115 κότας,
2516 1054 2615 1107 καὶ
2643 1060 2981 1128 κατηρεμεῖν
3006 1059 3397 1127 ἀναπείθοντας
3437 1065 3526 1119 τὸν
3553 1069 3613 1119 ὲν
3636 1068 3773 1129 τοῖς
3801 1066 3898 1135 μὲ-

2295 1140 2443 1195 λεσιν
2480 1143 2640 1215 ἡμῶν
2684 1146 3037 1217 ἀγριαίνοντα
3086 1151 3269 1222 νόμον.
3316 1153 3459 1208 Ἀλλ’
3486 1152 3625 1227 ἦσαν
3675 1159 3897 1211 ἐκεῖνοι

2292 1232 2392 1300 τῆς
2438 1230 2581 1287 οὕτω
2630 1233 2888 1308 λαμπρᾶς
2941 1239 3172 1293 κατόπιν
3230 1242 3454 1314 ἀρετῆς,
3504 1246 3790 1318 ἥττηνται
3841 1247 3895 1301 δὲ

2290 1320 2431 1392 τάχα
2459 1340 2563 1376 που
2589 1324 2697 1377 τῶν
2723 1327 2803 1391 εἰς
2836 1328 3013 1400 σάρκα
3043 1331 3253 1386 παθῶν.
3283 1330 3419 1389 Εἶτα
3442 1336 3555 1402 πῶς
3587 1339 3652 1392 ού
3684 1339 3890 1408 σοφὸν,

2291 1415 2397 1468 κᾶν
2424 1414 2555 1484 γοῦν
2578 1417 2636 1470 ὲν
2667 1420 2779 1482 τοῖς
2794 1422 3046 1493 αἰσχροῖς
3070 1424 3341 1492 αἱρεῖσθαι
3360 1427 3423 1480 τὸ
3447 1427 3707 1499 άμεινον;
3769 1431 3890 1483 Ἐνν

2290 1509 2431 1562 νοεῖν
2462 1526 2523 1562 τε
2576 1509 2687 1563 τῶν
2723 1510 2863 1581 άγαν
2917 1514 3306 1583 ἀτοπωτάτων,
3350 1521 3555 1592 πατρὸς
3602 1524 3705 1594 μὲν
3773 1524 3890 1577 υἱὸν

2286 1598 2654 1673 ὲπιθρὼσκειν
2683 1604 2886 1671 εὐναῖς,
2925 1606 3135 1678 πατέρα
3163 1608 3224 1661 δὲ.
3248 1610 3439 1674 αὑταῖς
3482 1612 3572 1666 τοῦ
3605 1613 3733 1667 υίοῦ
3766 1615 3887 1667 mf-

2286 1710 2405 1758 ταις
2446 1695 2677 1759 ἀνοσίως
2707 1699 3094 1769 ἐπιμαίνεσθαι
3122 1700 3319 1771 φιλεῖν,
3345 1704 3439 1757 καὶ
3471 1706 3675 1776 πράξει
3697 1707 3887 1762 δεινὸν

607 1774 659 1819 ct
692 1782 795 1822 non
824 1770 1069 1826 dubitare
1102 1772 1311 1829 facinus
1346 1777 1706 1842 committere,
1742 1782 1884 1850 quod
1923 1783 2040 1838 sine
2070 1785 2180 1856 lege

2288 1786 2504 1841 ἑλέσθαι
2533 1788 2794 1859 πληροῦν,
2826 1790 2854 1843 ὃ
2897 1792 2991 1845 καὶ
3021 1770 3145 1863 δίχα
3170 1795 3338 1866 νόμου
3379 1797 3475 1851 τοῦ
3508 1770 3888 1864 διὰγΜωσέως

608 1856 808 1929 Moysis
830 1872 1019 1916 natura
1042 1865 1154 1934 ipsa
1185 1882 1279 1935 pro
1317 1873 1455 1938 turpi
1485 1870 1666 1934 habet,
1704 1872 1949 1942 iratoque
2000 1877 2182 1933 animo
2216 1846 2257 1903 Β

606 1950 1075 2008 condemnandqu
1107 1966 1309 2011 censet.
1349 1958 1533 2026 Itaque
1564 1961 1779 2030 Ruben,
1816 1974 2037 2032 paterno
2087 1984 2182 2025 cu-

607 2044 698 2097 bili
731 2045 949 2112 violato,
980 2064 1306 2119 magnopere
1359 2050 1579 2107 oﬂcudit
1612 2056 1677 2108 ⁸⁷.
1736 2057 2046 2129 Indignatus
2097 2074 2181 2120 est

606 2136 733 2192 item
762 2140 1108 2195 vehementer
1134 2143 1332 2200 Paulus
1358 2161 1519 2217 super
1573 2148 1663 2204 tali
1716 2154 1949 2220 quodam
1973 2156 2181 2212 scelere

2286 1881 2319 1951 ἡ
2351 1878 2512 1948 φύσις
2554 1877 2696 1935 οἶδεν
2735 1883 2978 1953 αἰσχρὸν,
3009 1886 3103 1939 καὶ
3139 1890 3252 1951 τοῖς
3285 1889 3351 1954 ἐξ
3388 1889 3557 1960 ὀργῆς
3603 1893 3886 1963 κινήμασι

2283 1970 2666 2039 καταδικάζειν
2714 1972 2876 2038 ἀξιοῖ.
2924 1974 3035 2027 Καὶ
3054 1974 3186 2045 γοῦν
3228 1980 3256 2030 ὁ
3298 1979 3577 2051 Ῥουὸεὶμ,
3617 1983 3721 2052 τὴν
3783 1982 3881 2034 τοῦ

2285 2064 2519 2136 πατέρος
2537 2064 2803 2136 ἀδικήσας
2828 2067 3010 2137 εὐνὴν,
3044 2070 3486 2142 προσκέκρουκεν
3511 2076 3572 2127 οὐ
3603 2075 3877 2145 μετρίως.

2296 2152 2622 2223 Ἡγανάκτει
2655 2157 2711 2210 δὲ
2755 2158 2964 2230 σφόδρα
2994 2160 3089 2213 καὶ
3129 2160 3344 2225 Παῦλος
3385 2164 3478 2217 ἐπὶ
3523 2164 3719 2235 τοιῷδέ
3768 2182 3881 2218 τινι

2282 2246 2655 2318 πεπραγμένῳ
2668 2248 2818 2319 παρὰ
2834 2249 3160 2320 Κορινθίοις,
3185 2252 3276 2306 καὶ
3292 2253 3618 2307 ἑπιστέλλει’
3638 2274 3659 2307 ι
3690 2257 3883 2319 Ὄλως

2278 2336 2534 2391 ἀκούεται
2559 2340 2617 2390 ὲν
2653 2338 2780 2408 ύμῖν
2824 2340 3069 2411 πορνεία,
3103 2341 3199 2394 καὶ
3235 2341 3459 2415 τοιαύτη
3486 2345 3717 2416 πορνεία
3746 2346 3878 2416 ἥτις

2280 2428 2399 2481 οὐδὲ
2434 2430 2492 2482 ἐν
2518 2430 2631 2491 τοῖς
2665 2428 2875 2483 ἔθνεσιν
2907 2431 3258 2501 ὀνομάζεται,
3286 2434 3428 2488 ὥστε
3456 2436 3697 2505 γυναῖκά
3740 2454 3875 2491 τινα

2278 2521 2373 2575 τοῦ
2401 2522 2607 2594 πατρὸς
2652 2522 2818 2593 ἔχειν.
2861 2543 2880 2576 ι
2928 2523 3068 2577 Ἀλλ’
3114 2526 3175 2579 οὺ
3232 2527 3395 2598 μέχρι
3439 2528 3647 2583 τούτων
3679 2530 3873 2600 Imm

2278 2615 2375 2687 τὴν
2423 2616 2814 2688 ἀγανάκτησιν.
2842 2617 3133 2690 Παρεδίδου
3170 2618 3226 2673 δὲ
3257 2620 3349 2673 τὸν
3383 2622 3747 2693 εἰργασμένον
3793 2624 3873 2694 τῷ

2278 2709 2513 2781 Σατανᾷ,
2550 2709 2687 2780 πρὸς
2712 2709 2934 2782 ὄλεθρον
2966 2713 3066 2782 τῆς
3094 2712 3314 2783 σαρκός.
3349 2714 3650 2787 Βεδηλοῦσι
3680 2716 3745 2784 δὴ
3771 2713 3877 2771 οὖν

2274 2799 2339 2853 τὸ
2368 2800 2538 2871 ὄνομα
2581 2800 2675 2853 τοῦ
2698 2799 2835 2854 Θεοῦ
2885 2802 3069 2856 αὐτῶν
3118 2804 3170 2856 οι
3204 2806 3319 2868 τοῖς
3345 2807 3571 2860 τοιοῖσδε
3628 2808 3873 2863 πάθεσιν

2278 2890 2473 2963 ἔνοχοι.
2514 2892 2623 2945 Καὶ⁸
2666 2891 2814 2948 οὗτοι
2875 2894 2978 2947 πού
3016 2912 3219 2966 φαμεν,
3260 2896 3343 2951 ὅτι
3400 2896 3708 2970 βεδήλωσιν
3764 2903 3869 2955 καὶ

602 2962 857 3021 dicimus.
887 2966 987 3035 Qui
1009 2971 1153 3026 enim
1192 2973 1374 3029 istud?
1404 2977 1498 3032 sed
1564 2978 1925 3050 blasphemari
1956 2962 2177 3041 ﬁcium

2280 2983 2623 3055 ἀκαθαρσίαν
2664 2988 2731 3056 τῇ
2786 2985 2906 3058 θεία
2955 2962 3313 3059 προσετριὸον
3359 2962 3543 3057 φύσειί
3581 2993 3709 3058 πῶς
3752 2994 3871 3066 γάρ

601 3057 777 3125 potius
814 3061 1183 3117 universorum
1220 3065 1404 3132 Demu,
1435 3078 1491 3122 ut
1521 3071 1612 3139 qui
1683 3075 1893 3143 populis
1931 3078 2176 3147 profanis

2280 3073 2364 3142 ἂν,
2399 3076 2433 3147 ἢ
2463 3075 2658 3143 πόθεν;
2696 3057 3097 3148 δυσφημεῖσθαι
3260 3072 3471 3150 μᾶλλον
3504 3057 3869 3154 παρασκευὰζ

600 3147 846 3216 imperet.
880 3148 1016 3207 llinc
1043 3156 1107 3208 ad
1129 3153 1317 3210 ludam
1340 3158 1415 3212 ait
1447 3177 1460 3212 :
1491 3178 1508 3211 ι
1542 3159 1643 3215 Per
1663 3176 1756 3219 vos
1782 3180 1975 3223 nomen
1996 3184 2172 3226 meum

2280 3168 2430 3233 ζουσι
2452 3168 2542 3222 τὸν
2574 3168 2681 3221 τῶν
2706 3169 2843 3223 ὅλων
2864 3147 3017 3235 Θεὸν,
3050 3171 3126 3235 ὡς
3156 3147 3403 3244 βεϐήλων
3424 3147 3667 3248 ἄρχοντα
3692 3177 3869 3232 λαῶνι

601 3238 1004 3311 blasphematur
1035 3245 1086 3299 in
1107 3248 1356 3318 gentibus
1404 3251 1473 3307 ".
1519 3250 1977 3318 Quemadmodum
2028 3261 2170 3317 enim

2280 3263 2385 3317 Kal.
2414 3261 2544 3330 γοῦν
2565 3261 2667 3334 ἔφη
2699 3280 2803 3316 που
2830 3264 2968 3335 πρὸς
3005 3238 3230 3319 Ἰούδαν·
3322 3270 3402 3320 Δι’
3604 3270 3668 3323 τὸ
3690 3272 3868 3342 ὄνομα

602 3328 767 3387 Deum
798 3335 1136 3393 sanctiﬁcare
1166 3339 1415 3395 dicuntur
1434 3345 1525 3413 qui
1555 3357 1700 3403 recte
1726 3350 2022 3418 vivunt,sic
2047 3369 2173 3409 eum

2280 3371 2378 3426 μου
2427 3328 2831 3424 βλασφῆμεῖται
2876 3328 2940 3408 ’ἐν
2989 3359 3101 3420 τοῖς
3152 3357 3379 3412 ἔθνεσιν.
3428 3328 3699 3433 ι’Ὦσπερ
3750 3328 3865 3435 γάρ

599 3425 802 3482 violare
830 3428 1055 3500 intelligi
1114 3444 1341 3501 possunt
1395 3438 1486 3507 qui
1542 3440 1815 3509 impurum
1860 3456 1917 3500 et
1944 3445 2172 3502 illauda-

2280 3425 2520 3512 άγιάζειν
2550 3444 2797 3514 λέγονται
2831 3444 2921 3498 τὸν
2963 3445 3097 3499 Θεὸν
3125 3448 3172 3501 oi
3206 3448 3409 3513 ζῶντες
3447 3425 3867 3521 ὀρθῶς-οὓτως

594 3515 703 3573 bile
729 3521 851 3576 vita:
888 3521 1193 3580 institutum
1218 3539 1637 3608 persequuntur.

2280 3537 2339 3590 ἂν
2398 3538 2601 3592 νοοῖντο
2650 3537 2913 3609 βεϐηλοῦν
2959 3541 3008 3592 οι
3048 3540 3146 3611 τὴν
3191 3515 3502 3613 ἀκάθαρτον
3545 3515 3641 3598 καί
3689 3515 3865 3599 mea

2270 3634 2682 3703 ἐπιτηδεύοντες
2714 3634 3011 3689 πολιτείαν.

661 3710 824 3768 Vens.
858 3716 911 3770 8.
942 3716 1009 3770 Et
1041 3719 1344 3775 vestimenta
1367 3738 1549 3778 eorum
1577 3724 1799 3796 ligantes
1820 3729 2057 3799 funibus,
2090 3753 2171 3790 ve-

2342 3726 2448 3779 Κὰὶ
2500 3725 2571 3779 τὰ
2619 3725 2819 3794 ἱμάτια
2848 3724 3046 3782 αὐτῶν
3098 3725 3497 3795 δεσμεύοντες
3536 3731 3859 3798 σχοινίοις,

589 3802 788 3857 lumina
815 3807 1097 3875 faciebant,
1147 3813 1472 3868 adltmrentia
1522 3817 1720 3884 altari;
1773 3833 1820 3878 et
1881 3825 2054 3881 viuum
2108 3845 2172 3883 ea:

2280 3816 2780 3887 παραπετάσματα
2808 3818 3059 3871 ἐποίουν
3088 3819 3345 3889 ἐχόμενα
3384 3821 3494 3875 τοῦ
3525 3824 3859 3891 θυσιαστηο

589 3894 872 3952 calumniis
895 3899 1132 3956 bibebant
1164 3904 1219 3957 in
1247 3905 1403 3960 domo
1429 3906 1526 3963 Dei
1543 3912 1646 3964 sui.

2280 3909 2436 3969 οίουο
2486 3909 2582 3963 καὶ
2613 3910 2781 3962 οἶνον
2824 3907 2893 3962 ἐκ
2942 3924 3365 3979 συκοφαντιων
3404 3911 3621 3966 ἔπινον
3662 3914 3736 3968 ἐν
3777 3915 3858 3981 τῷ

2270 4002 2414 4069 οἴκῳ
2450 4000 2556 4055 τοῦ
2589 4001 2737 4055 Θεοῦ
2763 4000 2984 4055 αὐτῶν.

663 4074 805 4130 XIX.
835 4076 1090 4138 Dominus
1122 4092 1304 4139 noster
1322 4084 1477 4143 Jesus
1514 4088 1762 4147 Christus
1794 4110 1899 4150 non
1925 4097 1994 4151 ob
2017 4097 2162 4153 aliud

2341 4094 2439 4148 l0’.
2489 4093 2546 4146 '0
2576 4093 2779 4163 Κύριος
2807 4092 2965 4164 ἡμῶν
3010 4091 3217 4166 Ἰησοῦς
3241 4094 3497 4166 Χριστὸς,
3536 4098 3637 4167 οὐχ
3667 4098 3853 4168 ἑτέρου

591 4167 773 4223 divina
812 4172 1006 4242 templa
1035 4174 1350 4233 aedificanda
1375 4179 1599 4248 docens,
1626 4198 1786 4254 quam
1819 4198 1877 4242 ut
1930 4189 1985 4245 in
2041 4191 2169 4261 ipsis

2280 4203 2361 4240 του
2391 4185 2551 4256 χάριν
2580 4185 2705 4248 τοὺς
2746 4183 2924 4248 θείους
2958 4184 3156 4256 χρῆναι
3191 4187 3355 4251 ναοὺς
3377 4167 3855 4243 ὲπιτελεῖσθαιίδι-

592 4258 969 4318 universorum
1007 4262 1149 4322 Deus
1172 4266 1523 4338 glorificetur,
1556 4281 1612 4327 et
1663 4291 1783 4343 qua:
1836 4276 1982 4334 illum
2015 4258 2169 4337 decet

2280 4278 2500 4342 Ξάσκων,
2532 4276 2563 4347 ἢ
2623 4275 2761 4329 ὥστε
2805 4275 3104 4345 δοξολογείν
3150 4277 3207 4329 ὲν
3240 4277 3422 4341 αύτοίς
3449 4278 3544 4332 τὸν
3584 4279 3697 4334 τῶν
3721 4280 3856 4333 ὅλων

591 4350 837 4407 adoratio
860 4355 1201 4423 adhibeatur,
1235 4358 1525 4430 aliquando
1548 4361 1857 4421 Judaeorum
1885 4367 2165 4427 institores

2280 4369 2518 4432 Bsov,xat
2539 4369 2635 4440 τὴν
2660 4367 2810 4438 αὐτῷ
2833 4367 3149 4437 πρέπουσαν
3162 4369 3432 4423 ποιεῖσθαι
3458 4372 3849 4442 προσκύνησιν,

592 4442 877 4512 increpuit,
899 4446 989 4514 qui
1021 4447 1273 4505 animalia
1306 4451 1358 4505 in
1390 4452 1646 4522 templum
1664 4456 2014 4526 adducerent,
2042 4476 2164 4516 cum

2280 4462 2506 4531 ἐπετίμα
2552 4460 2683 4513 ποτε
2722 4463 2836 4524 τοῖς
2880 4460 3153 4515 Ἰουδαίων
3205 4461 3490 4533 ἐμπόροις,
3543 4467 3857 4535 παρακομει

591 4534 727 4591 dixit
757 4553 772 4591 :
803 4555 821 4590 ι
853 4536 1054 4595 Domus
1084 4542 1435 4609 mea,domus
1467 4545 1634 4617 269
1653 4548 1917 4605 orationis
1950 4554 2168 4610 vocabi-

2280 4554 2454 4619 :OUGW
2485 4554 2541 4605 ὲν
2567 4552 2643 4621 τῷ
2674 4552 2805 4624 ἱερῷ
2846 4553 2978 4618 ζῶα.
3015 4554 3361 4624 Γέγραπται*
3386 4573 3409 4609 ι
3452 4556 3513 4611 '0
3542 4553 3695 4621 οἶκός
3731 4533 3861 4629 μου,

593 4636 680 4682 tur
705 4629 775 4697 ⁸⁸,
806 4648 824 4683 ι
877 4633 1223 4705 adiungitque
1269 4650 1425 4691 sacra
1485 4638 1785 4708 Scriptura,
1855 4645 2165 4702 recordatus

2280 4640 2419 4707 οἶκος
2466 4644 2777 4714 προσευχῆς
2824 4644 3179 4715 κληθήσεται.
3218 4665 3237 4698 ι
3300 4647 3652 4720 Ἔπεσήμηνε
3694 4650 3755 4703 δὲ
3797 4650 3852 4703 τὸ

603 2230 743 2299 apud
783 2233 1092 2291 Corinthios
1154 2249 1486 2307 perpetrato.
1550 2242 1756 2309 Quibus
1817 2245 1894 2300 ita
1940 2249 2175 2304 scribit:

606 2336 626 2371 ι
660 2320 893 2379 Omnino
917 2327 1138 2383 auditur
1167 2329 1310 2385 inter
1330 2346 1427 2387 vos
1473 2332 1780 2402 fornicatio,
1817 2348 1872 2392 et
1913 2339 2034 2396 talis
2071 2341 2181 2397 for-

601 2414 802 2469 nicatio
861 2419 1033 2485 qualis
1094 2436 1193 2477 nec
1245 2422 1388 2480 inter
1449 2438 1661 2495 gentes,
1710 2438 1770 2483 ut
1807 2445 2029 2488 uxorem
2086 2449 2179 2502 pa-

602 2507 701 2562 tris
756 2509 837 2563 sui
880 2512 1001 2581 quis
1046 2513 1242 2572 habeat
1283 2516 1351 2572 ".
1388 2537 1408 2572 ι
1464 2519 1568 2575 Sed
1621 2535 1726 2576 non
1784 2524 1872 2577 hic
1923 2524 2038 2591 ejus
2093 2528 2177 2581 in-

601 2594 844 2667 dignatio
896 2603 1074 2670 stetit,
1111 2606 1330 2662 tradidit
1360 2608 1503 2663 enim
1550 2624 1671 2663 eum
1727 2614 1817 2682 qui
1862 2615 1914 2668 id
1974 2615 2179 2673 fecerat

602 2687 819 2746 Satauze
857 2692 1204 2751 iuinteritum
1252 2698 1447 2756 carnis.
1505 2701 1722 2759 Violant
1783 2705 1943 2775 igitur
1981 2725 2175 2766 nomen

602 2781 696 2835 Dei
721 2783 804 2837 sui
838 2784 1204 2854 hujuscemodi
1232 2792 1577 2859 passiouibus
1612 2796 1879 2867 impliciti.
1906 2798 2014 2856 Nec
2083 2816 2179 2859 eos

600 2873 852 2930 sordibus
884 2887 938 2931 et
968 2877 1303 2937 immunditia
1331 2883 1566 2942 divinam
1605 2898 1851 2944 naturam
1890 2907 2178 2964 aspergere

594 4715 759 4775 fuisse
790 4722 1100 4792 discipulos,
1119 4724 1243 4792 quia
1274 4726 1533 4794 scriptum
1562 4728 1635 4783 sit
1666 4746 1681 4785 :
1746 4749 1766 4783 ι
1795 4731 1953 4788 Zelus
1971 4734 2165 4792 domus

592 4818 695 4865 tuae
724 4814 964 4869 comedit
989 4830 1075 4871 me
1104 4815 1174 4870 ".
1220 4836 1240 4870 ι
1279 4816 1540 4889 Obiurgat
1564 4822 1728 4878 etiam
1758 4824 1955 4881 Paulus
2000 4842 2165 4897 quos-

590 4903 712 4956 dam
740 4904 936 4960 similia
960 4907 1155 4964 audere
1218 4909 1425 4966 solitos.
1460 4931 1478 4963 ι
1541 4912 1788 4985 Nunquid
1836 4915 2026 4974 domos
2056 4936 2161 4976 non

592 4993 824 5062 habetis,
850 4997 1042 5067 inquit,
1072 5000 1139 5055 ad
1171 5005 1605 5060 manducandum
1631 5015 1686 5062 et
1723 5009 2034 5073 bibendum,
2070 5022 2161 5065 aut

588 5086 874 5143 ecclesiam
904 5090 994 5145 Dei
1032 5096 1468 5152 contemnitis“?
1502 5115 1522 5149 ι
1558 5098 1767 5171 Ubique
1798 5101 1956 5171 igitur
1975 5103 2166 5158 obesse

592 5189 833 5249 apparet,
871 5181 1067 5240 divinis
1115 5187 1320 5243 aedibus
1386 5198 1639 5260 tanquam
1681 5194 2057 5250 communibus
2111 5205 2167 5251 ct

592 5270 855 5338 profanis,
880 5284 935 5328 et
957 5275 1245 5347 unicuique
1272 5281 1506 5351 propriis
1556 5282 1729 5338 abuti.
1765 5282 1864 5340 Ubi
1888 5286 2031 5340 enim
2051 5285 2159 5353 jam

594 5360 700 5414 Deo
728 5362 1052 5420 conveniens
1068 5365 1244 5423 cultus
1270 5380 1575 5439 praestetur,
1621 5376 1663 5428 si
1694 5384 1823 5431 ante
1842 5375 2026 5431 oculos
2046 5375 2163 5443 ejus

589 5452 772 5509 carnis
802 5454 1165 5524 voluptatibus
1196 5461 1539 5519 serviamus?
1563 5474 1617 5519 et
1637 5466 1689 5520 in
1725 5468 1919 5537 quibus
1948 5477 2165 5539 propter

590 5546 1004 5603 sanctimoniam
1035 5551 1272 5621 conspici
1326 5568 1425 5610 nos
1448 5555 1755 5626 splendidus
1791 5560 2095 5631 oportebat,
2119 5563 2163 5617 si

661 5748 709 5781 “
740 5746 1029 5833 Ihm-1.3m,
1065 5750 1157 5806 23.
1193 5752 1294 5833 M"
1320 5753 1432 5815 Gen
1492 5778 1635 5830 σωκ,
1664 5763 1715 5821 4.
1796 5767 1840 5799 ³⁸
1874 5766 1890 5821 l
1932 5768 2055 5824 Cor.
2088 5781 2138 5833 ν.
2172 5766 2221 5819 ιο

598 5816 684 5874 -l0.
761 5819 807 5851 "
850 5820 865 5875 Ι
906 5822 1031 5878 Cor.
1075 5837 1151 5891 XI,
1192 5823 1283 5877 ‘29..

2270 4735 2512 4807 Γράμμα
2554 4733 2616 4786 τὸ
2658 4733 2824 4805 ἱερὸν,
2857 4734 2932 4796 ὡς
2983 4736 3333 4807 ἐμνήσθησαν
3359 4737 3408 4790 οἱ
3463 4738 3734 4810 μαθηταὶ,
3776 4739 3857 4791 ὅτι

2269 4824 2654 4897 γεγραμμένον
2684 4820 2771 4897 ἦν’
2808 4842 2829 4876 ι
2880 4824 2938 4879 Ὁ
2965 4825 3125 4896 ζῆλος
3159 4827 3255 4881 τοῦ
3290 4827 3445 4881 οἴκου
3477 4845 3574 4883 σου
3611 4832 3855 4900 καταφά-

2270 4918 2428 4988 γεταί
2460 4936 2549 4989 με.
2591 4936 2610 4969 ι
2654 4916 2991 4987 Ἐπέπληττε
3027 4919 3085 4972 δέ
3121 4936 3233 4973 τισι
3264 4923 3359 4974 καὶ
3392 4921 3634 4986 Παῦλος,
3678 4924 3852 4976 τοιάδε

2268 5010 2389 5066 τινὰ
2426 5010 2628 5082 τολμᾷν
2676 5010 2911 5063 εἰωθόσι.
2947 5029 2965 5061 ι
2999 5011 3091 5081 Μὴ
3120 5010 3251 5083 γὰρ,
3302 5014 3492 5084 φησὶν,
3539 5014 3722 5077 οίκέας
3760 5015 3853 5066 οὐκ

2268 5103 2420 5175 ἔχετε
2449 5105 2528 5166 είς
2554 5103 2615 5156 τὸ
2647 5101 2847 5155 ἐσθίειν
2877 5101 2970 5154 καὶ
2994 5101 3189 5165 πίνειν,
3213 5102 3246 5173 ἢ
3272 5104 3372 5173 τῆς
3420 5103 3727 5173 ἐκκλησίας
3765 5103 3852 5156 τοῦ

2267 5189 2401 5245 Θεοῦ
2455 5192 2879 5263 καταφρονεῖτες
2926 5210 2944 5242 ι
3004 5191 3349 5255 Ἀλυσιτελὲς
3392 5192 3457 5265 δὴ
3502 5188 3599 5247 οὖν
3662 5195 3851 5263 ὁρᾶται

2268 5282 2546 5354 πανταχοῦ
2584 5281 2645 5334 τὸ
2685 5285 2797 5346 τοῖς
2830 5281 2995 5346 θείοις
3038 5282 3210 5347 οἴκοις
3242 5283 3695 5356 κατακεχρῆσθαι
3741 5284 3851 5337 τολ-

2274 5378 2401 5449 μᾷν,
2429 5375 2630 5429 ὡσανεὶ
2663 5374 2757 5428 καὶ
2786 5376 2895 5437 τοῖς
2922 5377 3119 5437 κοινοῖς
3149 5376 3243 5429 καὶ
3272 5378 3386 5441 τοῖς
3413 5376 3633 5446 ἑκάστῳ
3686 5388 3849 5447 προσ·

2272 5471 2498 5541 ήκουσιν
2555 5466 2738 5530 ιδικῶς
2771 5465 2898 5538 (ποῦ
2930 5467 3041 5537 γάρ
3084 5465 3165 5520 ἔτι
3208 5467 3287 5537 τῷ
3315 5466 3435 5538 Θεῷ
3468 5468 3753 5540 προσῆκον
3787 5465 3846 5521 ἂν

2270 5563 2491 5632 τηροῖτο
2547 5558 2732 5624 σέϐας,
2780 5560 2829 5612 εἰ
2880 5558 3082 5626 σαρκὸς
3128 5558 3319 5628 ἡδονάς
3372 5558 3755 5631 θεραπεύομεν
3791 5560 3845 5612 ἐν
3937 5592 3942 5594 -

2320 5764 2363 5797 ⁸9
2388 5764 2489 5818 lsa.
2528 5779 2615 5831 LII.
2652 5763 2705 5818 5.
2782 5763 2828 5795 ”
2852 5762 3041 5818 Matth.
3082 5778 3193 5831 χχι,
3238 5762 3324 5816 15.
3401 5750 3617 5820 ⁸⁸Ῥ5υ1.
3656 5779 3834 5827 vattt,
