4068 6550
166 458 292 516 845
1144 450 1703 511 COMMENTARIUS
1744 449 1808 506 ΙΝ
1847 451 2035 511 AMOS
2074 451 2520 512 PROPHETAM.
3232 449 3236 453 ’
3368 456 3471 513 ιισ

164 573 484 644 ὀφθαλμοῖς
511 570 724 643 αὐτοῦ),
760 572 855 626 καὶ
883 573 941 626 ἐν
976 570 1057 637 οἷς
1087 573 1194 628 ἔδει
1219 574 1509 647 λαμπροὺς
1537 572 1772 648 ὁρᾶσθαι

1877 573 1949 630 ibi
1986 574 2120 646 lapsi
2143 575 2197 632 in
2215 591 2335 646 quae
2375 573 2460 630 fas
2487 588 2592 629 non
2626 580 2729 638 est,
2761 572 3076 629 rideamur?
3128 574 3280 642 Quod
3339 590 3479 629 noua

164 666 263 719 διὰ
315 664 643 735 σεμνότητα,
666 665 786 717 ἐκεῖ
832 664 1095 734 γελᾶσθαι
1150 666 1685 734 κατολισθαίνοντας,
1734 663 1771 719 ἃ

1877 666 2056 724 nullos
2104 666 2389 731 facientes,
2445 665 2715 735 castigare
2763 680 2869 719 non
2911 665 3108 733 parcit,
3146 674 3308 735 atque
3331 666 3470 721 istud

168 755 255 827 μὴ
311 756 490 826 Θέμις.
534 756 599 810 '0
644 755 710 826 δὴ
761 756 1049 822 ποιοῦντάς
1094 776 1247 822 τινας
1286 759 1387 813 οὐκ
1434 759 1773 832 ἀμωμήτους

166 848 262 917 ἐᾷ,
319 846 415 900 καὶ
457 845 665 917 σφόδρα
690 846 935 911 εἰκότως.
964 849 1039 900 υύ
1078 848 1187 920 γὰρ
1224 849 1587 922 ἀπήλλαττον,
1613 849 1769 921 φησὶ,

165 935 543 1007 τανυσμάτων
574 936 634 988 τὸ
677 934 1084 1009 θυσιαστήριον,
1111 937 1225 991 ἀλλ’
1251 940 1342 992 ὑπ’
1382 939 1517 992 αὐτὸ
1551 956 1773 992 πεπτω-

167 1028 360 1093 κότες,
411 1027 783 1098 καταμεθύειν
826 1028 1093 1100 ἐτόλμων,
1142 1031 1237 1084 καὶ
1282 1031 1352 1086 τὰ
1396 1031 1591 1103 ἡδονῆς
1635 1030 1773 1102 ἔργα

167 1117 445 1188 πληροῦν,
473 1118 560 1171 ἴνα
600 1117 696 1169 καὶ
720 1117 854 1171 Θεοῦ
882 1119 1174 1174 ἀκούσειαν
1204 1120 1454 1190 λέγοντος
1501 1121 1769 1193 ἐναργῶς⁸

173 1229 192 1261 ε
230 1211 353 1264 Καὶ
383 1209 494 1280 ἐγὼ
531 1210 928 1281 μάρτυς,λέγει
958 1212 1182 1284 Κύριος.
1220 1234 1238 1266 ι
1273 1213 1430 1279 Τίνος
1463 1214 1508 1268 δ’
1533 1213 1601 1268 ἂν
1631 1215 1770 1268 ἀπό-

170 1317 369 1371 σχοιτο
403 1302 513 1356 τῶν
557 1301 1057 1377 ἀτόπωνακάτοινος
1093 1302 1254 1371 ἀνὴρ,
1289 1304 1383 1358 καὶ
1428 1304 1529 1368 τάς
1565 1304 1774 1376 φρένας

168 1391 680 1463 παρενηνεγμένος,
728 1392 824 1446 καὶ
862 1376 998 1462 πρὶς
1044 1394 1152 1446 πᾶν
1187 1392 1363 1447 ὁτιοῦν
1409 1393 1629 1458 εὔκολος
1662 1393 1773 1447 τῶν

168 1483 403 1549 κακῶν;
458 1482 659 1553 Ἑφορᾷ
690 1481 789 1553 μέν
816 1481 923 1554 γὰρ
948 1484 975 1536 ό
1001 1482 1109 1536 τῶν
1141 1483 1277 1537 ὅλων
1308 1483 1441 1547 Θεὸς
1497 1484 1592 1537 καλ⁸
1618 1484 1687 1537 τὰ
1714 1487 1775 1538 ἐν

171 1574 392 1641 σκότει,
439 1573 582 1628 κατὰ
627 1573 688 1628 τὸ
740 1574 1150 1645 γεγραμμένον,
1186 1575 1282 1629 καὶ
1336 1575 1580 1630 ἄποπτον
1622 1574 1774 1646 αὐτῷ

168 1663 465 1729 παντελῶς
496 1662 673 1718 οὐδέν.

250 1757 420 1809 Δοκεῖ
443 1755 501 1810 δέ
534 1774 654 1822 πως
682 1756 754 1812 τά
788 1758 847 1811 ἐν
884 1756 1207 1829 ἐκκλησίαις
1265 1757 1527 1827 μάλιστα,
1577 1775 1772 1830 μονον-

164 1846 298 1918 ουχὶ
359 1846 628 1919 παρόντος
672 1863 733 1902 τε
780 1847 877 1901 καὶ
917 1846 1221 1919 θεωμένου,
1255 1846 1591 1919 πράττεσθαι
1635 1847 1774 1920 πρὸς

166 1936 359 2006 ὑμῶν.
399 1938 514 1991 Καὶ
537 1938 697 2010 εἰπερ
745 1939 865 1993 ἐστὶ
915 1939 1248 2009 πάναισχρον
1275 1937 1513 2010 ἀληθῶς,
1550 1938 1645 1993 καί⁸
1674 1919 1775 2011 τὴν
1808 1919 1850 1976 Β

166 2026 420 2099 ἐσχάτην
445 2029 511 2083 ἐκ
546 2030 715 2101 νόμου
742 2030 1086 2104 κατάῤῥησιν
1120 2031 1342 2102 ἔχον,τδ
1372 2030 1592 2102 μεθύειν
1613 2031 1770 2095 ὅλωςο

167 2116 295 2179 πῶς
326 2117 389 2170 οὑ
436 2119 639 2183 παντὸς
671 2120 930 2175 ἐπέκεινα
974 2120 1133 2188 λόγου
1166 2119 1263 2174 τοῦ
1293 2121 1431 2193 πρὸς
1463 2122 1773 2191 φαυλότητα

168 2206 511 2277 βλέποντος,
545 2211 609 2263 τὸ
634 2212 731 2265 καὶ
778 2212 838 2265 ἐν
873 2212 1012 2284 αὐτῇ
1042 2211 1308 2285 ἐκκλησίᾳ
1335 2212 1564 2284 ὁρᾶσθαι
1602 2214 1776 2268 τοιού-

168 2302 475 2366 τουςςκαὶ
508 2301 568 2355 τὸ
616 2303 698 2357 ἔτι
742 2302 1167 2375 φορτικώτερον,
1215 2305 1263 2357 εί
1308 2302 1367 2371 ἐξ
1410 2304 1610 2359 ἀδίκων
1678 2307 1775 2359 καὶ

169 2392 437 2465 πονηρῶν
481 2395 731 2466 αἱμάτων
772 2395 842 2451 τὰ
891 2398 972 2460 εἰς
1020 2397 1236 2469 τρυφὴν
1290 2396 1661 2467 συλλέγοιντο;
1710 2399 1772 2452 Οἱ

166 2483 340 2539 τοῦτο
373 2486 634 2558 δρῶντες,
671 2488 999 2542 ἀκούσονται
1037 2488 1173 2543 Θεοῦ
1207 2489 1458 2558 λέγοντος
1502 2491 1769 2562 ἐναργῶςο

166 2577 264 2648 Μὴ
296 2578 564 2650 σπήλαιον
592 2579 806 2653 λῃστῶν
835 2581 865 2633 ό
892 2575 1042 2644 οἶκός
1066 2598 1169 2650 μου
1192 2599 1207 2649 ;
1238 2580 1447 2636 Οὐκοῦν
1472 2582 1540 2637 τά
1569 2582 1771 2653 ἐτέρων

171 2668 511 2740 ἐγκλήματα
565 2672 703 2742 πρὸς
756 2670 1027 2742 ὠφελείας
1083 2672 1244 2744 ἡμῶν
1284 2672 1496 2729 ἔσονται
1546 2673 1770 2744 πολλῆς,

168 2762 273 2815 καὶ
302 2762 375 2816 δι’
407 2755 481 2817 ὧν
507 2764 684 2836 ἕτεροι
731 2764 1267 2837 προσκεκρούκασιν,
1307 2766 1562 2838 ἀμείνους
1588 2769 1770 2838 ἡμεῖς,

168 2855 221 2908 εἰ
251 2856 664 2928 παραιτοίμεθα
703 2856 774 2911 τὰ
820 2857 1065 2911 ἐκείνων.
1106 2857 1530 2930 Ἀσφαλέστεροι
1575 2848 1685 2928 γὰρ
1722 2857 1772 2909 οἰ

170 2945 461 3019 σώφρονες
499 2944 609 3001 εἷεν
659 2948 726 3002 ἂν
764 2947 1012 3012 εἰκότως,
1058 2948 1106 3000 εἰ
1152 2947 1216 3020 δὴ
1265 2946 1536 3018 βούλοιντο
1582 2947 1773 3021 διαζῇν

168 3039 447 3111 ἐννόμως,
482 3040 532 3094 εἰ
561 3038 636 3112 μὴ
662 3039 859 3111 ζηλοῦν
892 3039 1101 3094 ἕλοιντο
1133 3039 1424 3113 πονηρούς.

256 3092 471 3186 suis
495 3092 596 3203 με
623 3092 838 3202 ita...
866 3133 1004 3203 πρὸς
1037 3092 1521 3204 έδνοιοιέὲάνίήτοι
1548 3131 1648 3197 τὰς
1678 3131 1775 3187 δύο
1814 3092 1817 3093 γ

1869 757 1992 829 jure
2011 758 2239 828 optimo.
2268 757 2386 812 Non
2411 757 2558 812 enim
2582 754 2902 810 auferebant
2921 756 2989 811 ah
3012 757 3168 811 altari
3196 758 3475 813 velameua

1877 856 1950 911 ta,
1982 846 2177 917 inquit,
2207 847 2303 902 sed
2348 844 2451 901 sub
2486 843 2618 915 ipsis
2647 858 2707 899 se
2733 843 3013 910 abdentes,
3032 845 3300 900 inebriare
3331 861 3390 901 se
3418 855 3468 900 et

1875 937 2240 1009 voluptatibus
2255 937 2540 1008 indulgere
2559 935 2984 1000 audebant,utet
3004 934 3170 991 Deum
3188 938 3469 992 manifeste

1874 1030 2162 1086 audirent:
2197 1050 2215 1083 ι
2259 1032 2327 1086 Ει
2353 1044 2451 1100 ego
2482 1029 2657 1095 testis,
2691 1028 2821 1083 dicit
2850 1027 3108 1084 Dominus
3134 1028 3202 1084 ⁸³.
3275 1048 3294 1082 ι
3327 1028 3467 1096 Quo-

1876 1136 2002 1177 nam
2030 1132 2209 1178 autem
2228 1121 2431 1177 scelere
2489 1121 2651 1176 homo
2697 1119 3003 1175 vinolentus
3042 1129 3097 1174 et
3138 1128 3317 1174 mente
3361 1136 3465 1175 nott

1874 1221 2153 1278 constans,
2188 1222 2243 1268 et
2264 1212 2329 1268 ad
2359 1213 2717 1284 quodcunque
2742 1210 3005 1281 ﬂagitium
3038 1210 3232 1279 facilis,
3256 1226 3316 1268 se
3344 1211 3469 1266 abs-

1877 1304 2083 1361 tineat?
2136 1302 2384 1360 Intuetttr
2406 1303 2550 1359 enim
2584 1302 2722 1357 Deus
2754 1303 3127 1359 universorum
3154 1302 3317 1357 etiam
3348 1318 3469 1371 quae

1876 1393 1930 1449 in
1964 1395 2198 1450 tenebris
2231 1395 2366 1449 fiunt
2395 1393 2466 1459 “,
2497 1403 2556 1449 ut
2585 1393 2845 1463 scriptum
2896 1403 3000 1461 est,
3032 1402 3087 1449 et
3120 1393 3255 1447 nihil
3276 1393 3325 1449 ei
3385 1393 3450 1448 in-

1874 1486 2199 1558 aspectabile
2226 1487 2297 1540 ".

1948 1775 2209 1831 Videntur
2234 1783 2414 1831 autem
2441 1790 2559 1845 qua:
2580 1774 2635 1830 in
2664 1773 2895 1832 ecclesia
2923 1773 3193 1844 praecipue
3232 1788 3265 1829 a
3304 1772 3462 1830 nobis

1880 1864 2032 1933 fiunt,
2062 1874 2270 1922 tantunt
2297 1882 2403 1922 non
2434 1876 2701 1937 prasente
2727 1875 2783 1920 et
2824 1874 3139 1937 aspectante
3187 1866 3298 1922 Deo
3322 1866 3459 1921 fieri.

1876 1955 2029 2024 Quod
2059 1958 2104 2012 si
2135 1972 2260 2013 vere
2292 1958 2665 2029 turpissimum
2692 1968 2776 2013 est
2808 1966 2863 2013 et
2913 1972 3259 2027 summopere
3286 1973 3316 2012 a
3345 1959 3462 2027 lege

1876 2050 2266 2105 condemnatur
2287 2050 2540 2105 inebriari
2576 2050 2850 2115 universe,
2883 2052 3157 2120 quomodo
3189 2066 3296 2106 non
3312 2050 3462 2105 omni

1878 2141 2116 2211 nequitia
2145 2142 2318 2213 majus
2347 2152 2450 2206 est,
2478 2145 2637 2197 etiant
2659 2142 2710 2197 in
2749 2142 2862 2213 ipsa
2892 2140 3126 2197 ecclesia
3164 2141 3298 2196 tales
3324 2157 3461 2197 con-

1875 2234 2009 2304 spici
2035 2233 2058 2287 ?
2091 2245 2145 2288 et
2168 2234 2308 2304 quod
2339 2236 2556 2305 gravius
2586 2245 2690 2301 est,
2723 2235 2770 2291 si
2801 2252 2867 2292 ex
2897 2234 3093 2304 injuste
3122 2242 3177 2290 et
3197 2233 3463 2289 scelerate

1874 2324 2042 2379 effuso
2064 2325 2328 2395 sanguine
2359 2326 2413 2379 in
2443 2325 2665 2381 delicias
2705 2336 2981 2393 sumptum
3013 2324 3334 2394 collegeris?
3356 2324 3462 2392 Qui

1875 2416 1989 2470 hanc
2017 2416 2239 2483 faciunt,
2265 2416 2429 2472 Deum
2475 2416 2696 2471 audient
2751 2417 3022 2472 dicentem
3055 2416 3229 2487 palam
3260 2434 3275 2473 :
3318 2417 3460 2471 Nunt

1875 2508 2126 2579 spelunca
2155 2508 2420 2563 latronum
2469 2508 2663 2564 domtts
2719 2525 2838 2565 mea
2866 2509 2952 2564 "‘l
3006 2508 3174 2579 Igitur
3231 2509 3461 2565 aliorum

1874 2600 2068 2654 delicta
2107 2598 2328 2652 multam
2350 2599 2504 2654 nobis
2531 2598 2818 2653 utilitatem
2850 2601 3094 2669 parient;
3145 2609 3198 2655 et
3225 2615 3321 2669 per
3342 2615 3463 2668 qua:

1873 2693 1963 2748 alii
1998 2690 2356 2756 offenderunt,
2392 2705 2511 2755 nos,
2545 2691 2592 2746 si
2654 2691 2814 2746 modo
2845 2692 2913 2747 ab
2959 2691 3172 2746 illorum
3220 2690 3462 2761 vestigiis

1875 2783 2284 2848 recesserimus,
2335 2780 2592 2836 meliores
2640 2782 2957 2837 evademus.
3021 2780 3274 2837 Tutiores
3314 2780 3461 2836 enim

1874 2873 2074 2929 fuerint
2103 2873 2498 2943 prudentiores,
2531 2873 2577 2927 si
2610 2872 3078 2944 secundumleges
3133 2874 3319 2929 vivere
3368 2888 3467 2929 vo-

1874 2965 2100 3032 luerint,
2137 2964 2181 3020 si
2204 2963 2373 3019 malos
2388 2963 2629 3019 aemulari
2655 2962 2945 3018 uoluerint.

1945 3148 2182 3213 Atenim,
2209 3145 2252 3202 si
2282 3147 2349 3202 ad
2379 3144 2597 3212 Judam,
2633 3144 2746 3201 sive
2770 3144 2839 3200 ad
2867 3145 3001 3201 duas
3064 3144 3237 3201 tribus
3285 3143 3339 3201 in
3370 3143 3461 3202 Jeo

170 3224 356 3295 φυλὰς
388 3225 486 3289 τὰς
512 3226 573 3279 ἐν
617 3224 1036 3298 Ἰεροσολύμοις,
1069 3226 1129 3279 τὸ
1147 3226 1331 3297 ῥητὸν,
1366 3225 1479 3296 ἔχοι
1509 3225 1578 3279 ἂν
1597 3225 1773 3297 ὀρθῶς

1876 3243 2109 3298 rusalem
2162 3240 2263 3295 hoc
2289 3239 2523 3305 dicatur,
2556 3240 2721 3310 probe
2747 3254 2773 3291 a
2804 3237 2959 3315 nobis
2985 3237 3127 3293 dicta
3164 3247 3311 3304 sunt,
3337 3253 3459 3307 qua:

168 3319 275 3389 τῆς
319 3318 457 3388 πρὸς
491 3316 647 3389 ἡμῶν
675 3317 878 3393 ἀρτίως
914 3317 1213 3390 εἰρημένης
1262 3318 1493 3390 Θεωρίας
1521 3321 1549 3373 ό
1593 3318 1770 3388 λόγος.

170 3411 234 3463 Εἰ
266 3410 331 3464 δὲ
353 3409 419 3482 δή
461 3409 685 3480 φέροιτο
712 3410 807 3463 καὶ
839 3410 982 3464 κατά
1024 3410 1117 3464 τοῦ
1164 3409 1380 3481 Ἰσραὴλ
1410 3410 1467 3463 τὸ
1516 3409 1774 3481 πλημμέο

168 3500 360 3572 λημα,
403 3500 571 3573 φαίην
603 3501 690 3567 ἂν,
731 3501 813 3555 ὅτι
846 3501 947 3555 οὐκ
993 3502 1051 3554 ἐν
1086 3500 1167 3573 τῷ
1207 3500 1343 3573 οἴκῳ
1381 3499 1475 3553 τοῦ
1509 3501 1643 3555 Θεοῦ
1674 3500 1768 3554 τοῦ

170 3592 325 3646 κατά
345 3591 529 3663 φύσιν,
554 3592 675 3646 οὐδὲ
701 3592 938 3664 ἐχόμενα
964 3593 1060 3647 τοῦ
1090 3593 1234 3647 θείου
1260 3592 1681 3664 θυσιαστηρίου,
1712 3593 1769 3645 αἱ

168 3686 287 3739 τῶν
316 3685 808 3756 περιτανυσμάτων
844 3684 1137 3740 ἐπλέκοντο
1167 3685 1381 3755 σκηναὶ,
1405 3684 1575 3756 ἤγουν
1610 3683 1680 3736 τὰ
1708 3686 1771 3737 ἐκ

174 3774 357 3845 μέθης
416 3775 736 3845 ἐπράττετο,
771 3774 887 3828 ἀλλ’
917 3777 975 3828 ἐν
999 3774 1080 3845 τῷ
1120 3775 1254 3845 οἴκῳ
1284 3774 1378 3828 τοῦ
1414 3774 1538 3828 θεοῦ
1566 3772 1767 3838 αὐτῶν,

173 3866 265 3918 ινα
299 3866 451 3935 λέγοι
479 3866 569 3919 τὸν
602 3866 767 3928 Βαὰλ,
799 3867 967 3936 ἤγουν
989 3867 1176 3937 ἔτερόν
1220 3884 1271 3919 τι
1301 3866 1411 3919 τῶν
1439 3866 1497 3934 ἐξ
1530 3866 1772 3930 ἐπινοίας

174 3958 531 4030 ἀνθρωπίνης
551 3960 630 4021 είς
658 3957 720 4011 τύ
732 3975 826 4012 πον
854 3958 1074 4013 εἰδώλου
1095 3958 1501 4029 πεποιημένων.
1521 3958 1647 4022 Πῶς
1678 3954 1771 4013 οὖν

174 4051 255 4105 ἔτι
287 4049 710 4122 καταλογισθείη
742 4051 808 4104 ἂν
840 4051 920 4114 εἰς
949 4050 1202 4122 ἔγκλημα
1240 4049 1319 4121 τῷ
1361 4050 1600 4122 Ἰσραὴλ,
1623 4050 1685 4103 τὸ
1713 4052 1771 4105 ἐν

172 4144 313 4213 οἴκῳ
355 4142 517 4211 τυχὸν
545 4141 802 4207 εἰδώλων,
830 4142 925 4195 καὶ
966 4143 1097 4212 παρ’
1124 4140 1256 4195 αὐτὸ
1286 4140 1347 4194 τὸ
1384 4128 1561 4214 Βεὸὴλ
1587 4143 1770 4196 θυσια-

176 4238 406 4305 στήριον
430 4233 559 4303 οἴνῳ
589 4248 650 4285 τε
676 4230 921 4302 μεθύειν,
951 4232 1048 4285 καὶ
1088 4230 1399 4301 ἐξυφαίνειν
1422 4232 1649 4304 σκηνὰς,
1688 4233 1770 4287 ὅτι

175 4322 353 4376 ταῦτα
398 4324 750 4392 τετιμήκασι,
792 4323 887 4375 καὶ
933 4321 1105 4393 μέθης
1150 4322 1339 4394 ὥσπερ
1410 4324 1506 4377 καὶ
1552 4324 1772 4395 ἀπάσης

173 4415 374 4486 ἡδονῆς
427 4415 768 4486 ἐργαστήρια
809 4414 914 4468 τῶν
948 4415 1006 4470 ἐν
1053 4415 1321 4487 ὑπολήψει
1361 4415 1501 4470 θεῶν
1553 4417 1771 4470 ἐποίουν

175 4509 308 4571 τοὺς
351 4508 551 4570 ναούςί
601 4508 794 4561 Καίτοι
824 4507 941 4560 δέον
988 4506 1237 4577 ἐφίεσθαι
1286 4509 1485 4578 μᾶλλον
1517 4507 1773 4580 καθαρῶς

1877 3331 2033 3387 modo
2063 3328 2319 3384 diximus.
2348 3326 2442 3382 Sin
2471 3337 2654 3382 autem
2686 3328 2848 3383 etiam
2881 3328 2948 3382 ad
2981 3326 3146 3381 Israel
3175 3337 3456 3398 peceatum

1873 3425 2161 3496 pertineat,
2186 3436 2377 3478 sensus
2401 3420 2525 3484 erit,
2552 3436 2657 3476 non
2694 3420 2745 3474 in
2773 3420 2931 3475 domo
2976 3419 3093 3485 Dei,
3123 3419 3215 3490 qui
3265 3429 3459 3474 natura

1875 3518 2016 3571 Deus
2037 3524 2141 3580 est,
2168 3513 2636 3570 tabernaculorum
2664 3513 2779 3568 vela
2806 3511 2988 3567 divino
3032 3511 3187 3566 altari
3214 3511 3460 3581 proxima

1871 3609 2196 3670 contexisse,
2225 3606 2339 3661 sive
2363 3604 2613 3660 ebrietati
2642 3603 2818 3657 datam
2848 3617 3070 3673 operam
3098 3617 3249 3668 esse;
3278 3600 3375 3656 sed
3397 3600 3450 3655 itt

1872 3700 2031 3756 domo
2051 3699 2308 3770 270dei
2331 3698 2594 3767 ipsorum,
2612 3704 2670 3750 ιιι
2690 3693 2817 3748 Baal
2837 3694 3001 3760 dicat,
3022 3702 3115 3748 aut
3136 3693 3279 3749 aliud
3301 3692 3461 3763 quid-

1874 3790 2040 3861 piam,
2055 3804 2245 3845 eorum
2271 3804 2389 3858 quae
2413 3789 2463 3840 itt
2499 3787 2728 3841 formam
2758 3785 3021 3840 idolorum
3037 3784 3104 3839 ab
3120 3784 3355 3838 humano
3374 3785 3460 3836 in-

1873 3882 2030 3953 genio
2049 3880 2449 3949 excogitantur.
2480 3876 2890 3943 Quodammodo
2915 3875 3075 3945 igitur
3089 3875 3268 3929 adhuc
3294 3873 3457 3929 Israel

1872 3990 1970 4045 pro
1999 3982 2221 4043 peccato
2248 3972 2561 4039 imputetur,
2590 3969 2644 4025 in
2706 3970 2865 4025 domo
2916 3967 3207 4033 idolorum,
3239 3976 3294 4021 et
3317 3965 3458 4036 apud

1873 4064 2046 4136 ipsum
2078 4062 2307 4119 fortasse
2330 4060 2456 4115 Baal
2481 4061 2653 4115 altare
2676 4059 2801 4113 vino
2836 4058 3094 4113 inebriari
3120 4075 3135 4126 ;
3165 4066 3220 4113 et
3274 4057 3460 4111 taber-

1872 4154 2061 4211 nacula
2087 4167 2433 4225 componere,
2483 4150 2739 4220 quoniam
2796 4147 2922 4204 talia
2976 4149 3332 4212 ltonorartmt,
3404 4155 3461 4203 et

1872 4249 2199 4320 tanquamin
2231 4244 2515 4303 ebrietatis
2543 4254 2599 4302 et
2657 4243 2920 4315 cujusque
2954 4243 3245 4314 voluptatis
3291 4241 3459 4297 ofﬁci-

1872 4358 1973 4400 nas
2003 4343 2229 4398 deorum
2260 4340 2349 4410 qui
2371 4337 2841 4404 existimabantur,
2879 4335 3075 4407 templa
3101 4346 3452 4405 usurparunt.

1870 4435 1938 4491 Et
1970 4450 2091 4490 cum
2117 4440 2389 4503 Oporteret
2417 4445 2613 4500 cupere
2669 4432 2845 4499 potius
2893 4444 3024 4499 pure
3041 4439 3095 4483 et
3119 4428 3460 4483 sanctissime

1871 4526 2051 4583 colere
2078 4526 2268 4587 Deum,
2291 4532 2345 4576 et
2373 4522 2424 4575 itt
2451 4523 2706 4592 templum
2740 4536 2925 4575 revera
2960 4528 3209 4574 sanctum
3229 4518 3453 4580 intraro,

178 4599 275 4651 καὶ
305 4598 597 4663 πανάγνως
625 4596 910 4669 λατρεύειν
937 4596 1075 4668 Θεῷ,
1106 4598 1201 4652 καὶ
1235 4599 1315 4661 εἰς
1341 4593 1488 4650 οἷκον
1514 4597 1649 4650 ἰέναι
1677 4596 1771 4650 τὸν

1874 4628 1928 4675 et
1960 4615 2271 4673 venerabile
2296 4615 2495 4669 ducere
2525 4617 2717 4679 altare,
2741 4612 2814 4668 illi
2840 4621 2894 4669 et
2929 4622 3036 4667 tam
3062 4611 3368 4666 veneranda
3403 4620 3457 4664 ct

177 4695 337 4762 ἅγιον
369 4693 608 4764 ἀληθῶς,
641 4694 734 4747 καὶ
765 4692 962 4746 σεπτὸν
998 4691 1248 4764 ἡγεῖσθαι
1268 4693 1327 4746 τὸ
1361 4692 1768 4762 θυσιαστήριον.

176 4787 241 4838 Οἱ
275 4785 335 4837 δὲ
361 4785 456 4838 καὶ
488 4784 557 4838 τά
584 4784 727 4838 οὕτω
756 4784 932 4839 σεπτά
954 4801 1014 4839 τε
1058 4785 1153 4838 καὶ
1189 4784 1494 4853 ἀξιάγαστα
1518 4785 1650 4855 παρ’
1682 4783 1773 4837 ού-

175 4877 268 4931 δέν
299 4878 551 4947 ἡγεῖσθαι
595 4878 1010 4943 σπουδάζοντες,
1041 4876 1113 4931 τὰ
1141 4877 1274 4931 πολὺ
1312 4876 1430 4931 λίαν
1459 4876 1653 4947 αἰσχίω
1680 4893 1769 4930 τε·

174 4969 497 5038 τιμηκότες,
535 4969 628 5022 καὶ
658 4970 842 5033 αὐτοῖς
888 4970 1244 5041 ἐμπαροινεῖν
1292 4967 1617 5039 ἀπετόλμων
1658 4970 1772 5031 τοῖς

180 5061 338 5123 ἰδίοις
379 5059 539 5123 θεοῖς,
575 5059 853 5131 πανταχοῦ
892 5060 953 5114 τὸ
1008 5058 1151 5114 θεῖον
1201 5060 1499 5124 πατοῦντες
1531 5058 1767 5129 ἀξίωμα,

174 5154 275 5207 καὶ
306 5152 750 5223 περιυϐρίζοντες
796 5152 968 5217 ἀδεῶς
1000 5152 1099 5223 τὴν
1130 5152 1211 5223 τῷ
1259 5153 1405 5224 μόνῳ
1472 5152 1568 5206 καὶ
1610 5149 1771 5220 φύσει

172 5245 299 5315 Θεῷ
328 5245 647 5315 πρέπουσαν
678 5242 856 5309 δόξαν,
891 5243 979 5296 ὅτε
1008 5244 1104 5298 καὶ
1131 5245 1245 5307 τοῖς
1265 5243 1639 5315 ψευδωνύμοις
1669 5246 1769 5296 πε·-

164 5337 424 5404 ριθέντες
458 5337 652 5407 αὐτὴν,
675 5334 890 5399 οὐδενὸς
912 5334 1097 5399 ἀξιοῦν
1134 5336 1423 5407 ἠνέσχοντο
1450 5335 1633 5404 λόγου.

256 5430 413 5501 Ἐγὼ
462 5430 530 5485 δὲ
576 5429 766 5499 ἐξῇρα
817 5430 924 5483 τὸν
956 5428 1297 5500 Ἁμορῤαἷον
1334 5429 1403 5483 ἐκ
1442 5428 1769 5497 προσώπου

167 5522 398 5588 αὐτῶν,
426 5519 499 5579 οὗ
533 5519 614 5593 ἦν
639 5521 833 5588 καθὼς
857 5521 1020 5590 ὕψος
1040 5520 1256 5589 κέδρου
1278 5520 1346 5575 τὸ
1372 5522 1533 5590 ὕψος
1556 5521 1765 5587 αὐτοῦ,

169 5615 269 5669 καὶ
318 5616 574 5684 ἰσχυρός
617 5610 698 5685 ἦν·
723 5615 804 5680 ὠς
840 5615 1006 5683 δρός.
1042 5615 1152 5669 Καὶ
1188 5614 1453 5685 ἐξήρανα
1482 5613 1591 5668 τὸν
1634 5632 1770 5685 καρ-

168 5705 296 5759 πὸν
332 5706 521 5760 αὐτοῦ
551 5704 882 5771 ἐπάνωθεν,
913 5706 1013 5760 καί
1052 5705 1161 5774 τὰς
1193 5703 1363 5775 ῥίζας
1398 5705 1587 5762 αὐτοῦ
1625 5710 1769 5764 ὐπο-

168 5813 204 5849 κ
222 5794 463 5851 ίτωθεν.

242 5907 291 5942 ’³
333 5907 537 5965 Jctcnt.
582 5915 728 5975 XXIX,
761 5910 851 5966 25.
930 5913 974 5946 5"
1016 5913 1158 5967 Paul.
1195 5928 1452 5980 cxxxvm,
1495 5914 1574 5968 l2.
1654 5915 1701 5946 "
1742 5914 1905 5969 llcbr.
1936 5931 2009 5980 ιν,
2053 5915 2132 5969 l3.

1878 4709 2213 4767 admirabilia
2237 4706 2389 4762 nihili
2421 4705 2601 4762 facere
2622 4707 2922 4772 studentes,
2951 4715 3005 4760 et
3034 4704 3200 4760 multo
3230 4702 3455 4758 ftediora

1882 4807 2230 4866 honorantes,
2258 4801 2422 4856 etiam
2473 4800 2707 4870 propriis
2742 4800 2845 4855 diis
2892 4798 3118 4853 illudere
3163 4796 3453 4859 audebant,

1882 4898 2067 4966 utique
2086 4895 2322 4950 divinam
2360 4892 2697 4962 majeStatcm
2727 4892 3130 4957 conculcantes,
3156 4899 3211 4946 et
3243 4903 3455 4944 summa

1880 4986 2168 5060 ignominia
2193 4985 2489 5040 allicientes
2539 4985 2714 5039 libere
2743 4982 2840 5039 soli
2876 4992 2929 5038 et
2955 4992 3145 5037 natura
3203 4981 3311 5036 Deo
3356 4980 3453 5037 de-

1881 5081 2046 5135 bitam
2078 5078 2327 5151 gloriam,
2362 5080 2579 5148 quando
2611 5088 2667 5132 et
2699 5077 2804 5132 diis
2834 5076 2987 5132 falsis
3032 5090 3152 5132 eam
3213 5073 3449 5128 tribuen-

1880 5183 1981 5239 tes,
2002 5170 2154 5227 nihili
2192 5179 2369 5225 tamen
2394 5184 2489 5225 eos
2521 5169 2811 5225 faciebant.

1948 5438 2115 5496 Vsus.
2140 5438 2194 5496 9.
2219 5438 2329 5510 Ego
2361 5439 2744 5494 autemabstuli
2797 5440 3167 5495 Amorrltamm
3229 5456 3260 5492 a
3316 5436 3452 5507 faeie

1875 5549 2077 5587 eorum.
2106 5531 2253 5587 Sicut
2284 5532 2510 5587 altitudo
2537 5533 2701 5597 cedri,
2725 5533 2955 5586 altitudo
3004 5531 3140 5600 ejus,
3188 5537 3238 5583 et
3298 5528 3453 5597 fortis

1873 5634 1987 5680 erat
2014 5635 2069 5678 ut
2094 5641 2337 5695 quercus.
2376 5624 2447 5679 Et
2480 5625 2674 5679 abstuli
2706 5625 2937 5694 fructum
2969 5623 3080 5692 ejus
3142 5621 3382 5689 desuper,
3405 5627 3452 5674 et

1876 5719 2078 5773 radices
2106 5718 2220 5788 ejus
2241 5718 2439 5773 subter.

2210 5914 2255 5944 ³⁶
2289 5913 2474 5967 Μιιιιιι.
2515 5929 2601 5966 .‘X'
2665 5913 2723 5935 ’“’
