4068 6548
639 358 746 417 M7

1663 368 1724 424 S.
1763 369 2042 429 CYRILLI
2079 373 2553 433 ALEXANDRINI
2591 376 2911 438 ARCHIEP.

3815 395 3905 453 448

706 480 823 536 XX.
852 482 1045 538 Cernis
1074 485 1339 554 quomodo
1376 501 1472 543 eos
1496 488 1748 563 deinceps
1803 495 2008 553 nefarie
2060 498 2115 554 in
2151 514 2199 556 sc

2381 497 2467 552 K'.
2509 499 2676 571 Ὁρᾷς
2705 500 2853 565 ὅπως
2890 501 3121 567 ἀνοσίως
3181 505 3637 578 περιυϐρίζοντας
3680 508 3779 564 καὶ
3816 527 3903 566 κα-

634 574 1057 635 contumeliosos
1090 585 1144 632 et
1182 590 1587 650 contemptores
1615 584 1780 642 fuisse
1824 589 2109 658 ostendat;
2160 603 2218 651 et

632 678 794 735 quem
819 664 1000 736 potius
1042 666 1290 727 laudibus
1318 680 1373 728 et
1397 675 1587 746 gratiis
1609 678 1851 745 agendis,
1886 689 1940 736 et
1962 692 2215 756 prompta

630 757 907 814 voluntate
922 760 997 815 ad
1015 776 1231 819 omnem
1262 763 1624 825 obedientiam
1657 770 1966 828 exhilarare
1990 786 2213 846 oporte-

630 849 740 913 bat,
771 851 1179 911 dementissime
1207 864 1263 912 et
1315 859 1667 920 stolidissime
1718 866 2045 923 contristare
2101 885 2209 927 non

630 942 1038 1013 reformidasse,
1074 958 1295 1021 propter
1350 952 1622 1025 ingentem
1677 973 1903 1015 morum.
1936 960 2209 1020 levitatem

622 1040 684 1089 "et
703 1038 1032 1096 oblivionem
1065 1055 1407 1114 acceptorum
1453 1047 1867 1108 beneﬁciorum.
1922 1053 2041 1127 Ego
2097 1059 2216 1129 qui-

627 1127 770 1197 dem,
810 1130 1002 1201 inquit,
1026 1134 1219 1190 abstuli
1250 1137 1627 1197 Amorrhaeum
1653 1157 1682 1196 a
1717 1143 1857 1203 facie
1884 1127 2214 1220 eorum,ltoc

624 1226 733 1283 est,
767 1222 1028 1280 barbaras
1063 1235 1250 1296 gentes
1293 1229 1566 1300 interemi,
1641 1250 1741 1306 per
1771 1253 1931 1295 unam
2014 1240 2213 1301 Amor-

625 1312 920 1378 rhaaorum,
952 1326 1008 1371 ut
1035 1319 1270 1390 videtur,
1292 1332 1351 1377 ut
1370 1339 1565 1380 saevam
1584 1337 1638 1382 et
1658 1331 2018 1398 potentiorem
2041 1336 2216 1409 signi-

626 1406 836 1462 licatas.
860 1406 972 1479 Ego
996 1409 1099 1466 feci
1127 1421 1183 1467 ut
1215 1414 1497 1471 vincerent
1521 1418 1658 1475 adeo
1684 1422 1820 1478 mire
1845 1406 2135 1494 procerum
2156 1440 2213 1485 et

624 1498 865 1568 firmum,
896 1511 955 1557 ut
988 1505 1071 1559 vel
1086 1507 1280 1562 cedros
1308 1524 1528 1580 aequare
1552 1513 1840 1572 altitudine
1878 1528 1936 1573 et
1977 1519 2213 1578 durissi-

624 1606 766 1648 mam
789 1609 1048 1665 quercum
1078 1598 1282 1657 imitari
1308 1603 1601 1661 videretur.
1618 1606 1734 1664 Non
1759 1610 1903 1665 enim
1931 1620 2050 1668 erat
2069 1627 2210 1683 prae-

2315 595 2607 664 ταφρονεῖν
2647 592 2938 663 ἑλομένους
2990 595 3281 665 ἀποφαίνει
3326 598 3534 664 λοιπὸν,
3560 601 3667 656 καὶ
3706 601 3768 655 δν
3812 602 3902 658 ἔδει

2318 685 2522 757 μᾶλλον
2550 687 2672 749 ταῖς
2703 686 3085 759 χαριστηρίοις
3128 688 3444 763 εὐφραίνειν
3467 692 3637 765 ᾠδαῖς
3669 694 3766 748 καὶ
3798 700 3901 763 ταῖς

2315 779 2395 843 είς
2428 779 2537 833 πᾶν
2560 779 2736 834 ὁτιοῦν
2756 780 3111 846 εὐπειθείαις,
3131 783 3438 840 άνούστατά
3465 803 3526 840 τε
3554 790 3661 842 καὶ
3698 788 3901 843 ἀϐουλό-

2313 886 2454 924 τατα
2478 869 2670 926 λυπεῖν
2703 872 3038 944 ᾑρημένους,
3066 873 3156 929 διά
3192 893 3275 929 τοι
3324 876 3384 930 τὸ
3413 877 3479 931 ἐκ
3524 878 3739 951 πολλῆς
3780 880 3899 947 ἄγαν

2316 962 2642 1036 σκαιότητος
2686 964 2929 1037 τρόπων,
2977 966 3073 1020 καὶ
3111 959 3187 1021 ὧν
3226 962 3285 1022 εὖ
3335 969 3703 1037 πεπόνθασιν,
3728 971 3898 1028 ἐλάσαι

2314 1055 2452 1126 πρὸς
2483 1054 2675 1127 λήθην.
2704 1076 2723 1109 ι
2745 1055 2888 1128 Ἐγὼ
2916 1058 3016 1131 μὲν
3040 1058 3170 1131 γάρ,
3201 1061 3388 1133 φησὶν,
3408 1061 3578 1136 ἐξῇρα
3606 1064 3707 1118 τὸν
3721 1065 3898 1138 ’Δμορο

2315 1150 2467 1219 ῥαῖον
2507 1150 2575 1203 ὲκ
2616 1148 2912 1221 προσώπου
2951 1151 3150 1206 αὐτῶν·
3190 1171 3213 1205 ι
3236 1153 3503 1219 τουτέστι,
3535 1156 3624 1210 Τά
3665 1156 3897 1229 βάρϐαρα

2314 1242 2563 1297 καθεῖλον
2604 1242 2762 1315 γένη,
2813 1243 2883 1296 δι’
2935 1244 3055 1308 ἑνός
3099 1263 3202 1300 που
3235 1247 3375 1318 τάχα
3426 1247 3520 1302 τοῦ
3576 1250 3897 1322 ’Δμορῤαίον

2311 1332 2641 1405 δηλούμενα,
2677 1334 2755 1399 ὡς
2793 1335 3033 1408 σκληροῦ
3061 1353 3121 1389 τε
3152 1337 3249 1391 καὶ
3297 1339 3615 1413 ἀδροτέρου.
3658 1342 3801 1409 Ἐγὼ
3825 1361 3894 1397 νι-

2312 1423 2481 1494 κῆσαι
2516 1425 2909 1496 παρεσκεύασα
2937 1426 3027 1481 τὸν
3055 1426 3230 1493 οὕτως
3266 1430 3524 1503 ὑπερφυῆ
3576 1433 3682 1485 καὶ
3715 1432 3897 1504 άθραυυ

2315 1531 2460 1580 στον,
2484 1514 2560 1579 ὡς
2585 1515 2762 1570 δοκεῖν
2789 1517 3017 1589 ἡδηπως
3043 1513 3213 1590 ἦρθαι
3247 1519 3348 1591 μὲν
3366 1522 3559 1594 κέδρου
3590 1522 3739 1595 πρὸς
3759 1523 3891 1594 ὕψος,

2312 1605 2473 1677 δρυὸς
2509 1605 2565 1659 δὲ
2600 1608 2701 1679 τῆς
2735 1607 2875 1677 ἄγαν
2903 1608 3193 1674 εὐσθενοῦς
3239 1612 3650 1685 ἀπομιμεῖσθαι
3692 1613 3792 1685 τὴν
3820 1615 3894 1667 δύ-

625 1693 709 1738 ter
740 1701 826 1742 me
853 1689 1052 1755 solum,
1083 1693 1174 1762 qui
1210 1708 1336 1749 eum
1360 1697 1661 1753 marcidum
1717 1701 1989 1769 redderet,
2031 1715 2091 1760 ut
2114 1721 2199 1763 us-

2310 1714 2495 1770 ναμιν.
2532 1692 2643 1753 Ἦν
2678 1698 2790 1771 γὰρ
2821 1700 2919 1771 οὐχ
2958 1700 3167 1773 ἕτερος,
3189 1702 3330 1774 πλὴν
3353 1703 3522 1775 μόνος
3549 1704 3690 1773 ἐγὼ,
3724 1707 3892 1777 φησὶν,

622 1791 729 1847 que
760 1780 827 1834 ad
859 1781 1096 1838 radicem
1118 1784 1325 1851 feriret,
1340 1795 1395 1843 et
1422 1796 1625 1844 tantum
1664 1807 1768 1847 non
1815 1793 2049 1851 fructum
2091 1796 2210 1868 ejus

622 1872 946 1930 arefaceret.
979 1876 1245 1943 Quoniam
1275 1887 1332 1934 ut
1354 1881 1418 1936 de
1432 1883 1628 1939 arbore
1651 1884 1862 1943 locutus
1889 1897 1994 1957 est,
2035 1891 2210 1961 persi-

622 1966 718 2021 stit
741 1971 1145 2027 accommodate
1171 1972 1226 2027 iu
1257 1978 1607 2045 metaphora,
1671 1986 1726 2034 et
1783 1981 2043 2038 damnum
2090 1984 2208 2053 ejus

627 2075 801 2131 usque
827 2062 895 2116 ad
929 2064 1163 2120 radicem
1195 2066 1526 2136 pertinuisse
1578 2070 1732 2139 dicit,
1776 2080 1831 2127 et
1886 2073 1958 2129 ita
1990 2090 2208 2147 quoque

620 2152 853 2209 fructum
885 2155 1174 2214 sublatum.
1199 2157 1353 2215 Haud
1385 2162 1526 2216 enim
1543 2162 1722 2229 aliter,
1762 2180 1923 2236 quam
1947 2168 2015 2224 ad
2040 2169 2204 2226 istum

618 2247 834 2301 modum
864 2247 1085 2305 arbores
1140 2248 1194 2304 in
1251 2252 1404 2308 silvis
1456 2255 1784 2313 moriuntur.
1841 2258 2205 2332 Consumptos

613 2337 761 2393 enim
819 2354 961 2408 esse,
998 2344 1363 2414 pugnantibus
1424 2348 1713 2403 adversum
1763 2363 1858 2407 eos
1906 2350 2200 2421 lsraelitis,

613 2430 981 2498 Amorrbmos,
1007 2443 1057 2490 et
1086 2434 1331 2505 llevzeos,
1364 2436 1704 2509 Gergesaeos,
1756 2452 1811 2498 et
1854 2441 2198 2517 Pherezaeos,

614 2534 669 2579 et
694 2522 989 2589 Jebuszeos,
1015 2528 1176 2599 271
1208 2528 1497 2599 adiuvante
1530 2546 1624 2589 eos
1645 2533 1760 2592 Deo
1793 2536 2067 2607 videlicet,
2101 2556 2201 2597 ne-

614 2631 704 2673 mo
735 2615 1084 2676 dubitaverit.

684 2792 952 2849 Acerbum
982 2806 1063 2851 est
1097 2795 1260 2867 igitur
1284 2808 1634 2859 contemnere
1660 2803 1957 2873 Christum,
1986 2810 2077 2880 qui
2107 2812 2201 2867 de-

614 2889 693 2945 dit
724 2889 881 2945 nohis
910 2889 1122 2947 calcare
1152 2907 1316 2963 super
1343 2904 1626 2966 serpentes
1648 2898 1717 2964 ",
1747 2900 1837 2971 qui
1868 2905 2065 2960 evertit
2097 2904 2201 2961 ini-

616 2982 807 3047 unicos,
835 2992 890 3039 et
920 2984 1259 3043 robustiores
1285 2987 1529 3057 subiicit.
1559 3009 1578 3042 ι
1614 2990 1731 3048 Νοη
1757 2995 1902 3050 enim
1932 3006 2017 3053 est
2046 2999 2199 3057 nobis

2314 1791 2342 1844 ό
2369 1790 2800 1862 καταμαραίνων
2835 1791 3021 1857 αὑτὸν,
3068 1794 3165 1848 καὶ
3203 1793 3456 1867 πλήττων
3488 1798 3573 1860 είς
3601 1796 3784 1869 ῥίζας,
3815 1816 3894 1869 μο-

2309 1883 2524 1954 νονουχὶ
2570 1885 2665 1937 καὶ
2706 1884 3028 1955 ἀφαυαίνων
3069 1887 3237 1940 αὐτοῦ
3280 1887 3374 1942 τὸν
3404 1890 3647 1960 καρπόν.
3696 1890 3891 1963 Ἐπειδὴ

2309 1975 2418 2046 γὰρ
2447 1974 2523 2039 ὡς
2553 1974 2683 2048 περὶ
2703 1975 2939 2049 δένδρων
2967 1976 3286 2049 λελάληκεν,
3313 1980 3569 2051 ἐπιμένει
3604 1980 3843 2045 πιθανῶς
3866 1983 3897 2035 δ

2307 2064 2477 2135 λόγος
2516 2068 2583 2139 τῇ
2631 2068 2833 2139 τροπῇ,
2888 2067 2985 2123 καὶ
3026 2069 3111 2133 εἰς
3156 2069 3314 2143 ῥίζαν
3361 2070 3512 2142 αὐτῷ
3546 2071 3804 2141 γενέσθαι
3837 2073 3889 2127 τὸ

2310 2160 2507 2232 βλάϐος
2553 2160 2743 2233 φησὶν,
2782 2161 3079 2234 ἠφανίσθαι
3122 2163 3180 2217 δὲ
3221 2163 3364 2218 οὕτω
3396 2165 3617 2218 καὶτὸν
3672 2168 3887 2236 καρπόν,

2320 2252 2608 2308 Ἀποθάνοι
2648 2253 2757 2326 γάρ
2785 2252 2852 2309 ἂν
2880 2254 2981 2326 οὐχ
3020 2254 3225 2329 ἑτέρως
3255 2256 3316 2310 τὸ
3346 2257 3406 2310 ὲν
3449 2257 3686 2328 δρυμοῖς
3729 2256 3886 2325 ξύλον,

2306 2344 2448 2416 πλὴν
2492 2345 2576 2399 ὅτι
2627 2344 2774 2401 κατά
2801 2345 2993 2400 τοῦτον
3027 2346 3119 2400 τὸν
3170 2347 3394 2419 τρόπον.
3428 2348 3555 2403 Ὅτι
3586 2347 3703 2421 γάρ
3754 2349 3893 2405 δεδα-

2306 2435 2597 2505 πάνηνται,
2622 2433 3017 2503 πολεμούντων
3029 2435 3215 2502 αὐτοῖς
3233 2436 3343 2491 τῶν
3367 2437 3428 2503 ἐξ
3445 2439 3691 2511 Ἰσραὴλ,
3710 2439 3886 2512 Ἀμορ-

2306 2525 2450 2597 ραῖοί
2474 2543 2534 2580 τε
2562 2526 2657 2583 καὶ
2706 2526 2916 2593 Εὑαῖοι,
2941 2528 3290 2599 Γεργεσαῖοι,
3340 2530 3436 2584 καὶ
3464 2530 3777 2603 Φερεζαῖοι,
3805 2532 3887 2586 καὶ

2318 2616 2655 2685 Ἰεὸουσαῖοι,
2685 2618 3108 2685 συνασπίζοντος
3129 2620 3379 2691 δηλονότι
3394 2620 3553 2689 Θεοῦ,
3577 2622 3886 2682 ἐνδοιάσειιι

2306 2708 2498 2774 οὐδείς.

2374 2799 2578 2872 Πικρὸν
2622 2794 2717 2857 οὖν
2758 2801 2870 2875 ἄρα
2913 2801 2976 2855 τὸ
3024 2804 3440 2876 καταφρονῆσαι
3489 2807 3763 2877 Χριστοῦ,
3799 2807 3887 2863 τοῦ

2303 2893 2484 2958 δόντος
2527 2895 2660 2966 ἡμῖν
2706 2895 2895 2950 ἐπάνω
2943 2896 3121 2965 ὄφεων
3155 2900 3371 2961 πατεῖν,
3417 2900 3880 2972 καταστρέφοντος

2303 2986 2430 3051 τοὺς
2475 2986 2903 3058 ἀνθεστηκότας,
2936 2989 3031 3042 καὶ
3062 2988 3433 3059 ὑποφέροντος
3474 2993 3615 3056 τοὺς
3650 2992 3881 3047 εύσθενε-

612 3073 925 3131 colluctatio
958 3079 1223 3135 adversus
1254 3086 1472 3137 carnem
1505 3091 1559 3138 et
1594 3086 1938 3157 sanguinem,
1966 3090 2060 3145 sed
2095 3092 2195 3146 ad-

2302 3079 2554 3149 στέρους·
2589 3098 2608 3131 ι
2634 3078 2709 3134 Οὐ
2742 3079 2851 3152 γάρ
2879 3080 3027 3134 ἐστιν
3059 3081 3191 3151 ἡμῖν
3224 3083 3257 3151 ἠ
3288 3080 3433 3155 πάλη
3462 3079 3764 3154 πρδςαῖμα
3800 3085 3879 3136 καὶ

613 3183 803 3223 versus
847 3169 1151 3240 spiritualia
1196 3175 1539 3244 nequitize".
1584 3195 1604 3231 ι
1652 3177 1715 3234 Et
1756 3180 1872 3237 haec
1916 3184 2097 3241 omnia
2142 3188 2195 3243 in

610 3259 833 3318 Christo
873 3266 1275 3336 superavimus.
1316 3269 1473 3336 Quod
1516 3271 1561 3325 si
1606 3272 1951 3331 Servatorem
1995 3286 2049 3334 et
2092 3278 2199 3336 Re.

610 3354 947 3425 demptorem
974 3366 1218 3414 nostrum
1245 3359 1311 3416 ad
1340 3360 1608 3433 ignaviam
1632 3364 1969 3426 declinantes
1992 3373 2198 3426 contri-

609 3448 900 3513 stabimus,
931 3450 1196 3507 rationem
1227 3462 1284 3508 et
1310 3456 1655 3513 occasionem
1682 3460 1920 3517 evitandi
1947 3463 2203 3533 supplicii

608 3541 853 3612 profecto
882 3558 986 3598 non
1020 3545 1375 3616 reperiemus.

677 3724 839 3783 Vens.
880 3727 966 3782 10.
1006 3728 1074 3783 Et
1116 3745 1208 3801 ego
1247 3730 1406 3787 eduxi
1447 3748 1534 3787 vos
1576 3734 1641 3789 de
1682 3716 1829 3790 terrai
1855 3736 2110 3808 Egypti,
2143 3748 2198 3795 et

606 3821 940 3875 circumduxi
968 3838 1054 3877 vos
1082 3823 1137 3876 in
1167 3823 1368 3879 deserto
1399 3826 1755 3899 quadraginta
1783 3830 1961 3897 annis,
1992 3840 2047 3884 ut
2074 3848 2194 3901 pos-

604 3911 847 3967 siderem
880 3923 1075 3969 terram
1102 3914 1551 3974 Amorrlzazarum.

679 4094 819 4152 XXI.
857 4095 1098 4152 Dilucide
1137 4097 1526 4169 interpretatur
1560 4100 1704 4171 quod
1744 4099 1910 4170 dixit,
1944 4112 2001 4159 et
2035 4107 2192 4176 quasi

607 4188 954 4243 relrocedens
991 4190 1199 4255 oratio,
1238 4191 1306 4245 ab
1346 4190 1503 4248 initio
1540 4207 1710 4262 usque
1744 4194 1813 4249 ad
1850 4195 2012 4252 linem
2049 4197 2191 4255 facta

606 4280 843 4335 breviter
866 4280 1087 4339 indicat.
1111 4282 1153 4338 E
1177 4284 1439 4341 servitute
1458 4286 1626 4355 enim,
1648 4286 1846 4357 inquit,
1869 4304 1965 4346 vos
1989 4292 2186 4361 exemi,

2302 3171 2503 3242 σάρκα,
2523 3169 2662 3225 ἀλλά
2690 3170 2829 3243 πρὸς
2852 3171 2923 3226 τά
2948 3170 3295 3241 πνευματικά
3325 3176 3425 3245 τῆς
3453 3172 3883 3245 πονηρίαςδΚαι

2297 3262 2504 3318 τούτων
2550 3263 2807 3318 ἁπάντων
2833 3264 2894 3318 ὲν
2926 3264 3151 3336 Χριστῳ
3204 3268 3659 3338 κεκρατήκαμεν.
3700 3267 3803 3322 Καὶ
3835 3267 3881 3319 εξ

2301 3357 2570 3428 μέλλομεν
2592 3357 2805 3423 λυπεῖν,
2834 3356 3225 3422 ἀποκλίνοντες
3256 3358 3395 3430 πρὸς
3423 3358 3484 3412 τὸ
3515 3359 3781 3430 ῥᾴθυμον,
3802 3357 3883 3412 τὸν

2296 3449 2508 3503 ἑαυτῶν
2536 3449 2766 3521 Σωτῆρα
2786 3449 2880 3503 καί⁸
2908 3450 3017 3503 Λυτ
3028 3447 3241 3521 ρωτὴν,
3265 3450 3649 3522 ἀπορήσομεν,
3674 3446 3768 3505 οἵδ’
3787 3452 3873 3514 ὅτι,

2296 3541 2394 3597 καὶ
2430 3540 2590 3611 λόγου
2622 3541 2720 3596 καὶ
2758 3540 3043 3615 ἀφορμῆς,
3087 3542 3372 3609 ἐξελέσθαι
3398 3543 3711 3616 δυναμένης
3738 3543 3874 3598 κολά-

2298 3650 2435 3697 σεως
2466 3633 2562 3687 καὶ
2594 3633 2788 3705 πυρός.

2364 3725 2476 3782 Καὶ
2508 3726 2621 3796 ἐγὼ
2653 3726 2962 3798 ἀνήγαγον
2992 3727 3149 3798 ὑμᾶς
3180 3726 3251 3783 ἐκ
3284 3727 3399 3798 τῆς
3429 3729 3759 3797 Αίγύπτου,
3790 3729 3871 3782 καὶ

2294 3816 2658 3886 περιήγαγον
2685 3815 2842 3886 ὑμᾶς
2859 3817 2933 3872 ἐν
2956 3816 3033 3885 τῇ
3051 3816 3249 3887 ἐρήμῳ
3264 3816 3734 3887 τεσσαράκοντα
3751 3817 3863 3881 ἐτη,

2292 3905 2403 3960 τοῦ
2467 3906 3074 3977 κατακληρονομῆσαι
3128 3906 3246 3977 τὴν
3313 3906 3433 3978 γῆν
3487 3906 3617 3961 τῶν
3689 3909 3872 3978 Ἀμορο

2291 3998 2505 4067 ῥαίων.

2366 4090 2497 4143 KA'.
2543 4089 2870 4164 Ἕρμηνεύει
2925 4091 3113 4161 σαφῶς
3160 4093 3299 4165 ὅπερ
3361 4092 3501 4164 ἔφη,
3555 4093 3657 4147 καὶ
3706 4092 3879 4147 ἀνόπιν-

2293 4182 2482 4255 ὤσπερ
2514 4179 2735 4253 δ’λόγος
2781 4185 2896 4249 ἰὼν,
2924 4186 2994 4240 τά
3029 4185 3125 4238 ἀπ’
3166 4185 3343 4257 ἀρχῆς
3380 4186 3544 4257 μέχρι
3587 4185 3773 4250 τέλους
3809 4184 3875 4246 ὡς

2295 4273 2525 4346 βραχέσι
2547 4276 2858 4348 καταδηλοῖ.
2887 4276 3148 4341 Δουλείας
3182 4277 3282 4347 μὲν
3314 4276 3426 4349 γὰρ
3468 4277 3700 4346 ἐξεῖλον,
3734 4277 3873 4348 φησι,

603 4381 657 4425 et
683 4371 751 4426 ab
773 4371 1147 4444 Egyptiorum
1176 4374 1462 4445 tyrannide
1492 4376 1736 4432 liberavi.
1765 4378 1886 4435 Alui
1921 4389 2103 4438 autem
2134 4382 2189 4438 in

2302 4368 2389 4421 καὶ
2462 4368 2563 4438 τῆς
2634 4368 2745 4424 τῶν
2803 4369 3118 4439 Αἰγυπτίων
3184 4368 3502 4436 πλεονεξίας
3575 4370 3866 4443 ἀπήλλαξα.

2302 4459 2542 4486 νιηι--.ι,..
2581 4460 2634 4486 ιι
2672 4462 2812 4486 .-.._.\.
2844 4461 2941 4486 .1...
2969 4460 3173 4486 1-...--”
3228 4461 3437 4486 --_n--\-
3467 4462 3566 4486 μὶ-.
3599 4464 3791 4486 nbula-”
3819 4463 3861 4486 ,ἱ

605 4464 924 4533 solitudine,
971 4467 1188 4521 caelitus
1231 4482 1428 4521 manna
1474 4469 1710 4527 demisso
1738 4472 1806 4537 δ’,
1852 4483 1908 4528 et
1948 4473 2191 4532 fontibus

2302 4459 2546 4534 Ἐθρεψα
2578 4460 2636 4514 δὲ
2672 4462 2813 4517 κατὰ
2843 4461 2942 4533 τὴν
2966 4460 3193 4533 ἔρημον,
3228 4461 3437 4526 καθιεὶς
3463 4462 3567 4533 μὲν
3590 4464 3793 4519 ἄνωθεν
3818 4463 3866 4516 τὸ

604 4571 891 4628 aquarum,
923 4568 982 4614 ut
1013 4560 1232 4631 dignum
1266 4570 1387 4617 erat
1418 4558 1549 4625 Deo,
1578 4564 1817 4629 emissis,
1848 4575 1904 4622 et
1938 4567 2004 4622 de
2038 4578 2186 4637 petra

602 4651 889 4720 superﬁcie
925 4662 1079 4709 tenus
1111 4669 1369 4724 percussa
1390 4694 1405 4720 ,
1437 4656 1760 4726 improvisos
1790 4661 2183 4732 scaturiginum

600 4757 795 4798 cursus
819 4743 1043 4814 largitus
1066 4760 1186 4801 sum
1207 4747 1272 4802 ³ο.
1304 4746 1415 4803 Nec
1441 4747 1593 4804 labor
1616 4750 1968 4815 profectionis
1993 4768 2183 4809 eorum

600 4833 727 4889 vilia
758 4836 1067 4905 spectabat;
1100 4839 1193 4893 sed
1223 4848 1282 4895 ut
1315 4839 1588 4911 regionem
1618 4843 2057 4901 Amorrlmeorum
2091 4863 2185 4918 pa-

600 4926 776 4983 tribus
814 4929 1059 5000 ipsorum
1098 4934 1420 5002 promissam
1460 4936 1819 5006 possiderent.
1861 4937 1962 4993 Ast
2004 4937 2077 4993 illi
2121 4954 2187 4996 eo

599 5023 851 5079 amentiae
895 5024 1130 5096 prolapsi
1178 5036 1335 5093 sunt,
1380 5038 1439 5084 ut
1483 5028 1637 5100 quasi
1686 5045 1753 5084 ne
1797 5041 2189 5101 cognoscerent

598 5110 815 5179 quidem
853 5128 1030 5168 meum
1066 5130 1193 5187 erga
1230 5118 1375 5186 ipsos
1408 5133 1648 5173 amorem
1683 5128 1737 5173 et
1771 5119 2185 5175 humanitatem.

600 5201 911 5260 Heminisse
939 5204 1105 5277 igitur
1125 5207 1406 5273 debemus,
1431 5210 1521 5278 qui
1551 5225 1739 5266 sumus
1766 5210 1818 5263 in
1844 5209 2062 5266 Christo
2090 5224 2186 5281 per

601 5293 757 5349 ﬁdem
785 5295 851 5361 ⁶¹,
886 5310 986 5351 nos
1013 5297 1273 5353 servitute
1297 5298 1576 5362 liberatos,
1607 5309 1660 5352 et
1687 5301 1832 5354 velut
1859 5315 1927 5356 ex
1949 5298 2185 5370 Egypto

599 5386 653 5441 in
682 5384 1027 5443 solitudinem
1060 5388 1342 5459 migrasse,
1373 5389 1425 5444 id
1456 5397 1558 5455 est,
1592 5391 1643 5444 in
1672 5392 1794 5445 vitae
1824 5406 1995 5461 genus
2026 5392 2185 5446 iuno-

595 5477 994 5546 centissimum,
1032 5489 1089 5536 et
1121 5496 1249 5537 vere
1290 5481 1479 5541 latum,
1516 5490 1571 5535 et
1611 5482 1759 5537 nullo
1801 5484 1942 5539 malo
1982 5482 2185 5554 permi-

595 5575 769 5635 stum,
799 5574 1170 5645 evangelicum
1202 5574 1431 5631 scilicet.
1461 5574 1662 5631 Panem
1695 5578 1873 5647 adepti
1903 5593 2090 5634 sumus
2118 5579 2185 5634 de

597 5661 759 5731 ratio,
793 5665 888 5736 qui
923 5666 1016 5723 dat
1045 5668 1208 5725 vitam
1246 5667 1447 5723 mundo
1474 5670 1539 5725 “.
1575 5670 1919 5727 Rohoramur
1945 5672 2090 5726 enim
2128 5670 2182 5726 in

676 5849 721 5883 ⁸⁷
740 5847 853 5905 Luc
893 5867 949 5917 κ,
992 5850 1079 5907 l9.
1157 5850 1610 5923 "Eplies.v1,l:?..
1688 5854 1733 5885 ⁸⁹
1759 5853 1925 5909 Exod.
1950 5850 2166 5918 “1,15.

2298 4552 2477 4623 μάννα
2517 4554 2720 4621 αὐτοῖς,
2759 4555 2941 4626 πηγάς
2982 4553 3042 4608 δὲ
3072 4554 3284 4609 ὑδάτων
3318 4554 3644 4626 θεοπρεπῶς
3689 4555 3867 4618 ἀνιεὶς,

2295 4649 2390 4703 καὶ
2419 4647 2480 4714 ἐξ
2507 4649 2815 4721 ἀκροτόμου
2853 4648 3063 4719 πέτρας
3089 4647 3371 4719 ἀδοκήτων
3406 4649 3671 4719 ναμάτων
3702 4649 3862 4718 ἐκδρο-

2296 4745 2404 4816 μάς
2440 4743 2803 4817 δωρούμενος.
2831 4744 2942 4797 Καὶ
2967 4740 3035 4815 ἦν
3063 4745 3093 4797 ὁ
3123 4744 3284 4809 πόνος
3319 4745 3419 4818 τῆς
3455 4745 3765 4817 ὁδοιπορίας
3785 4743 3865 4797 αὑ-

2289 4840 2401 4902 τοῖς
2430 4838 2530 4892 οὐκ
2569 4838 2663 4891 ἐπὶ
2706 4839 2955 4909 μικροῖς,
3000 4837 3123 4891 ἀλλ’
3143 4838 3229 4891 ἴνα
3277 4838 3747 4911 κληρονομήσειαν
3773 4835 3862 4888 τῶν

2306 4927 2650 5000 Ἀμορραίων
2689 4928 2790 4999 τὴν
2813 4928 2938 4997 γῆν,
2976 4926 3074 4999 τὴν
3100 4930 3213 4991 τοῖς
3243 4928 3514 4999 πατράσιν
3543 4924 3861 4999 ἐπηγγελμέο

2292 5036 2412 5090 νην.
2445 5020 2508 5072 0i
2549 5018 2608 5071 δὲ
2653 5019 2792 5090 πρὸς
2826 5017 2985 5073 τοῦτο
3025 5018 3344 5087 σκαιότητος
3381 5018 3770 5090 ὼλισθήκασιν,
3798 5015 3857 5077 ὡς

2297 5112 2433 5183 μηδὲ
2460 5111 2657 5165 εἰδέναι
2692 5112 2839 5182 τάχα
2870 5128 2974 5166 που
3007 5113 3107 5182 τὴν
3152 5113 3291 5182 ἐμὴν
3331 5111 3462 5182 περὶ
3504 5113 3705 5175 αὐτοὺς
3745 5108 3858 5175 ἀγάο

2293 5219 2483 5275 πησῑν,
2511 5202 2544 5274 ἢ
2573 5202 3007 5276 φιλανθρωπίαν.
3029 5205 3357 5277 Μεμνῆσθαι
3380 5204 3444 5276 δὴ
3466 5200 3562 5259 οὖν
3585 5203 3855 5272 ἀναγκαῖον

2293 5296 2439 5367 ἡμᾶς
2465 5296 2593 5360 τοὺς
2621 5296 2682 5350 ὲν
2711 5297 2934 5370 Χριστῷ
2978 5297 3066 5352 διά
3096 5299 3364 5363 πίστεως,
3408 5298 3493 5351 ὅτι
3525 5297 3625 5351 καὶ
3642 5293 3856 5353 δουλείας

2292 5384 2715 5457 ἀπηλλάγμεθα,
2760 5387 2855 5441 καὶ
2882 5388 3135 5461 καθάπερ
3165 5389 3224 5453 ἐξ
3254 5387 3531 5456 Αἰγύπτου
3570 5399 3854 5457 μετακεχω-

2288 5480 2538 5551 ρήκαμεν
2579 5481 2659 5544 εἰς
2699 5479 2800 5551 τὴν
2840 5480 3069 5552 ἔρημον,
3115 5482 3415 5548 τουτέστιν,
3446 5481 3527 5544 εἰς
3560 5474 3854 5548 καθαρωτάδ

2283 5589 2384 5642 την
2422 5570 2517 5625 καὶ⁴
2562 5571 2827 5625 πλατεῖαν
2867 5572 3085 5644 ἀληθῶς
3136 5573 3231 5626 καὶ
3293 5573 3589 5641 ἀσυμμιγῆ
3637 5569 3730 5623 τοῦ
3758 5563 3849 5637 χεί⁹
3924 5584 3925 5587 η

2291 5681 2443 5735 ρονος
2476 5662 2772 5730 πολιτείαν,
2819 5664 2965 5737 φημὶ
3010 5664 3075 5736 δὴ
3122 5665 3222 5734 τὴν
3267 5662 3653 5743 εὐαγγελικήν.
3684 5662 3850 5732 Ἄρτον

2246 5848 2290 5882 ⁸ο
2331 5846 2490 5902 Num.
2535 5861 2625 5910 xx,
2665 5846 2749 5901 ll.
2827 5846 2869 5878 “
2911 5846 3087 5903 Gulal.
3134 5863 3214 5913 ιιι,
3248 5846 3339 5903 9.6.
3416 5848 3461 5878 “
3490 5845 3649 5903 Joan.
3680 5840 3825 5912 v1,53
