4068 6552
157 405 273 462 tta
1134 399 1692 458 COMMENTARIUS
1732 398 1797 455 IN
1834 399 2025 455 AMOS
2066 397 2511 455 raonnn'ran.
3241 457 3244 462 ,
3353 384 3463 458 430

158 520 638 593 πεπλουτήκαμεν
666 518 757 573 τὸν
786 519 845 587 ἐξ
873 518 1124 592 οὐρανοῦ,
1156 519 1246 573 τὸν
1280 519 1425 591 ζωὴν
1465 519 1675 574 διδόντα
1697 517 1773 591 τῷ

1879 518 2132 587 Christo,
2165 528 2220 574 et
2253 518 2429 574 fontes
2462 531 2724 586 aquarum
2756 515 3243 589 incorruptibilium
3276 518 3464 589 acqui-

158 616 393 686 κόσμῳ.
423 612 781 686 Νευρούμεθα
809 612 917 684 γάρ
942 614 1000 667 ὲν
1029 611 1272 684 Χριστῷ,
1301 613 1400 667 καὶ
1429 612 1610 684 πηγὰς
1633 612 1770 683 ἀκη-

1874 610 2123 675 sivimus,
2159 610 2362 679 scripta
2401 619 2714 664 sanctorum
2756 609 3148 679 apostolorum.
3186 608 3277 666 Sic
3316 610 3463 666 enim

162 712 357 781 ράτων
384 707 593 763 ὑδάτων
619 708 960 779 ἐσχήκαμεν,
1000 705 1110 760 τῶν
1136 705 1305 775 ἁγίων
1322 705 1638 759 ἀποστόλων
1669 705 1773 767 τὰς

170 800 530 873 συγγραφάς·
578 799 719 853 οὕτω
764 799 875 870 γὰρ
922 799 1093 863 αὐτάς
1127 800 1223 853 καὶ
1255 799 1481 862 Ἠσαῖας
1517 798 1770 870 ὠνόμαζε

167 895 388 963 λέγων’
424 912 442 945 ι
480 892 810 964 Ἀντλήσατε
844 890 989 962 ὕδωρ
1036 893 1155 962 μετ’
1184 891 1524 966 εὐφροσύνης
1561 894 1627 946 ὲκ
1664 891 1771 946 τῶν

168 985 379 1057 πηγῶν
425 985 521 1040 τοῦ
566 984 856 1056 σωτηρίου.
889 1002 909 1036 ι
958 984 1183 1038 Ἐκεῖνοι
1210 985 1317 1057 γάρ
1346 984 1565 1049 πάντως
1593 984 1770 1056 πηγαὶ

173 1075 485 1147 σωτηρίου,
509 1078 558 1129 οἱ
578 1076 667 1129 τὸν
692 1075 956 1146 σωτήριον
976 1074 1107 1145 ἡμῖν
1137 1076 1230 1129 καὶ
1253 1074 1514 1140 ζωοποιὸν
1532 1075 1773 1140 ἀνιέντες

168 1171 353 1238 λόγον,
409 1170 503 1224 καὶ
540 1168 603 1221 τὸ
632 1167 870 1241 Χριστοῦ
929 1169 1230 1239 μυστήριον
1271 1166 1775 1239 εὐαγγελιζόμενοι,

168 1264 263 1317 καὶ
291 1258 792 1331 μυπαγωγοῦντες
818 1258 921 1330 τὴν
955 1259 1048 1312 ὐπ’
1070 1260 1323 1332 οὐρανόν.

234 1354 355 1408 Καὶ
377 1354 601 1408 ἔλαϐον
617 1351 685 1406 ἐκ
710 1351 829 1405 τῶν
857 1350 1004 1407 υἱῶν
1030 1351 1193 1423 ὑμῶν
1213 1355 1300 1420 εις
1317 1351 1649 1421 προφήτας,
1673 1351 1774 1408 καὶ

163 1442 236 1497 ἐκ
279 1441 413 1497 τῶν
454 1441 794 1496 νεανίσκων
844 1440 1013 1512 ὑμῶν
1043 1443 1131 1508 εὶς
1176 1442 1497 1511 ἁγιασμόν.
1529 1440 1627 1510 Μὴ
1660 1442 1773 1495 οὐκ

169 1535 308 1589 ἐστι
347 1535 560 1601 ταῦτα,
591 1538 709 1591 υἱοὶ
746 1535 984 1604 Ἰσραήλ
1002 1551 1022 1599 ;
1043 1535 1207 1605 λέγει
1238 1537 1475 1604 Κύριος.
1502 1526 1611 1590 Καὶ
1636 1534 1776 1590 ἐπο-

169 1623 362 1687 rta-rs
401 1626 543 1693 τοὺς
572 1628 985 1698 ἡγιασμένους
1013 1623 1200 1688 οἶνον,
1248 1628 1347 1682 καὶ
1386 1627 1511 1695 τοῖς
1542 1628 1774 1698 προφή-

169 1734 306 1784 ταις
362 1717 794 1786 arere/1.18008,
836 1717 1150 1789 λέγοντεςο
1188 1720 1270 1773 Οὐ
1308 1718 1395 1789 μὴ
1436 1721 1772 1789 προφητεύ-

170 1825 349 1878 σητε.

242 1902 381 1957 KB’.
420 1902 582 1973 Μέγα
610 1902 746 1976 πρὸς
787 1900 1096 1973 ὀνειδισμὸν
1146 1901 1240 1955 καὶ
1288 1902 1633 1974 κατάῥρησιν
1680 1902 1774 1957 ἐπὶ
1805 1893 1847 1923 δ

175 1992 345 2046 παντὶ
364 1993 542 2065 κακῷ,
561 1995 623 2049 τὸ
631 1994 793 2049 οἱονεί
814 2012 932 2058 πως
947 1993 1361 2066 ἀχαριστεῖσθαι
1378 1994 1531 2065 παρὰ
1543 1993 1778 2062 Oeam-3k

174 2087 357 2139 πάντα
393 2087 525 2156 ἡμῖν
553 2086 918 2158 διανέμοντος,
937 2086 1008 2140 τά
1029 2102 1088 2139 τε
1113 2086 1195 2150 είς
1221 2084 1380 2152 δόξαν
1402 2087 1497 2142 καὶ
1522 2085 1771 2159 ζωαρκῆ.

175 2175 400 2230 Πολλῶν
443 2176 542 2247 μὲν
579 2176 690 2248 γὰρ
716 2175 884 2231 ὄντων
913 2175 1055 2229 κατά
1090 2175 1187 2248 τὴν
1223 2175 1552 2248 οἰκουμένην
1582 2175 1773 2242 ἐθνῶν,

178 2269 483 2325 ἀπόλεκτον
518 2271 755 2324 ἐποιεῖτο
786 2270 944 2341 μόνον
984 2268 1078 2324 τὸν
1116 2267 1353 2341 Ἰσραὴλ,
1382 2270 1482 2324 καὶ
1508 2271 1589 2334 είς
1617 2269 1775 2324 τοῦτο

178 2360 368 2417 λοιπὸν
415 2362 663 2427 εὐκλείας
696 2362 879 2417 ἐκάλει
941 2364 1037 2417 καὶ
1063 2362 1358 2434 ἀνεκόμιζε
1391 2361 1544 2428 Θεὸς,
1571 2363 1647 2427 ὡς
1682 2364 1777 2418 καὶ

180 2453 255 2525 τῷ
282 2458 389 2527 τῆς
420 2454 759 2527 προφητείας
788 2452 1061 2525 ἀξιώματι
1092 2453 1595 2510 κατακαλλύνεσθαί
1624 2472 1781 2519 τινας

183 2549 311 2610 τοὺς
336 2548 436 2601 τὸν
462 2548 636 2617 εὐαγῆ
656 2564 715 2601 τε
746 2548 841 2601 καὶ
877 2546 1247 2619 ὲννομώτατον
1274 2546 1606 2618 ἀγαπῶντας
1633 2548 1767 2619 βίον,

179 2639 715 2712 παραλαμϐάνεσθαι
755 2640 817 2695 δὲ
844 2640 941 2694 καὶ
983 2642 1067 2705 είς
1103 2641 1377 2712 ἀγιασμὸν
1416 2642 1543 2705 τοὺς
1582 2643 1641 2696 ὲν
1678 2641 1775 2694 αὐ-

179 2735 289 2797 τοῖς
314 2732 661 2798 νεανίσκους,
699 2733 979 2797 τουτέστι,
1018 2734 1144 2798 τοὺς
1184 2733 1504 2805 ἀδροτέρους
1545 2733 1609 2787 τὸ
1640 2733 1776 2804 φρό-

180 2839 351 2894 νημα,
380 2824 478 2877 καὶ
502 2822 698 2894 νοητὴν
720 2821 947 2893 ἔχοντας
972 2823 1293 2895 εὐρωστίαν.
1316 2822 1639 2893 Ἠγιάζοντο
1664 2824 1775 2895 γάρ

182 2929 321 2976 τινες
356 2912 505 2967 κατὰ
543 2913 727 2984 νόμον,
766 2914 818 2967 oi
846 2912 1075 2983 ἐπίκλην
1115 2913 1446 2985 Ναζαραῑοι,
1481 2913 1776 2986 τρέφοντες

182 3006 340 3077 τρίχα
380 3006 562 3078 κόμην
605 3006 789 3061 αὐτῶν
824 3006 901 3078 τῷ
939 3005 1152 3079 Κυρίῳ*
1195 3000 1336 3062 οἶνον
1378 3006 1471 3060 καὶ
1504 3006 1562 3074 ἐξ
1609 3006 1775 3061 αὐτοῦ

182 3096 335 3164 ὅξος,
394 3101 495 3152 καὶ
538 3098 835 3170 σταφυλὴν,
880 3098 973 3153 καὶ
1020 3098 1316 3168 σταφίδας,
1368 3099 1466 3154 καὶ
1511 3100 1777 3172 γίγαρτον

1872 710 1929 757 et
1960 701 2130 758 isaias
2162 715 2256 757 eos
2291 701 2533 755 nominat
2566 701 2753 756 dicens
2780 718 2795 755 :
2829 719 2849 752 ‹
2885 701 3108 757 Haurite
3137 716 3306 772 aquas
3336 718 3460 759 cum

1877 795 2061 850 laetitia
2105 794 2172 850 de
2214 793 2454 849 fontibus
2497 793 2815 850 salvationis
2845 794 2911 851 ”.
2956 814 2976 848 ι
3012 795 3155 852 Vere
3194 798 3342 853 enim
3384 799 3461 853 illi

1875 885 2052 942 fontes
2081 897 2210 941 sunt
2242 884 2589 951 salvationis,
2619 886 2710 957 qui
2741 886 2897 942 nobis
2944 888 3268 944 salvatorem
3300 902 3353 944 et
3385 893 3462 945 vi-

1873 979 2092 1034 viiicum
2137 992 2447 1034 sermonem
2488 978 2778 1045 emittunt,
2812 988 2867 1035 et
2903 979 3103 1035 Christi
3146 984 3461 1053 mysterium

1878 1070 2226 1138 annuntiant,
2250 1079 2304 1126 et
2335 1081 2603 1127 terrarum
2630 1072 2815 1129 orbem
2848 1072 3161 1130 coelestibus
3192 1076 3463 1145 mysteriis

1881 1162 2118 1218 initiant.

1947 1342 2114 1399 Vens.
2146 1342 2234 1408 11,
2268 1343 2355 1398 12.
2390 1341 2457 1396 Ει
2488 1343 2665 1411 accepi
2692 1344 2757 1398 de
2784 1343 2917 1412 ﬁliis
2946 1345 3126 1400 nostris
3157 1346 3210 1399 in
3239 1348 3464 1417 prophe-

1878 1447 1983 1501 tas,
2008 1445 2054 1492 et
2089 1436 2153 1490 de
2174 1434 2459 1506 juvenibus
2493 1437 2672 1490 vestris
2704 1436 2758 1489 in
2790 1438 3283 1506 sanctiﬁcationem.
3309 1439 3361 1492 Ν
3368 1457 3464 1493 un-

1875 1529 2002 1601 quid
2029 1537 2279 1584 non‘sunt
2303 1532 2437 1592 ἠως,
2459 1528 2561 1598 ﬁlii
2589 1516 2797 1583 Israel?
2819 1527 2946 1582 dicit
2973 1527 3248 1584 Dominus.
3274 1528 3343 1583 Et
3375 1547 3462 1584 vos

1877 1623 2138 1693 potabatis
2172 1621 2527 1689 sanctiﬁcata:
2564 1620 2741 1691 272,
2762 1638 2902 1676 meos
2937 1622 3077 1689 vino,
3111 1633 3158 1677 et
3195 1624 3462 1693 prophetis

1879 1714 2235 1781 mandabatis,
2267 1715 2493 1768 dicentes
2525 1729 2544 1767 :
2577 1712 2701 1769 Non
2731 1715 3129 1784 prophetabitis.

1946 1889 2112 1945 XXII.
2147 1891 2228 1946 Ad
2251 1892 2717 1962 exprobrationem
2743 1900 2798 1949 et
2822 1896 3225 1952 accusationem
3253 1896 3305 1954 in
3333 1915 3463 1969 quo-

1875 1981 1957 2036 vis
1990 1981 2219 2037 crimine
2254 1997 2508 2051 magnum
2541 1992 2645 2050 est,
2679 1997 2709 2037 a
2747 1984 2856 2039 Deo
2890 1984 3295 2056 ingratitudinis
3329 2004 3466 2058 quo-

1875 2070 2162 2129 dammodo
2186 2073 2526 2143 reprehendi,
2553 2090 2582 2128 a
2606 2088 2712 2145 quo
2737 2076 2918 2131 omnia
2942 2077 3141 2133 donata
3167 2089 3293 2135 sunt
3316 2098 3461 2150 qna:-

1874 2178 1982 2234 que
2027 2164 2094 2219 ad
2144 2163 2404 2236 gloriam,
2446 2180 2675 2235 quaeque
2723 2166 2789 2221 ad
2834 2167 2998 2223 vitam
3051 2175 3461 2229 suetentandam

1875 2264 2143 2326 spectant.
2170 2254 2309 2310 Nam
2339 2270 2462 2310 cum
2492 2256 2674 2313 multa:
2704 2270 2887 2314 essent
2918 2276 3013 2330 per
3035 2264 3220 2319 orbem
3248 2275 3462 2336 gentes,

1876 2346 2050 2402 solum
2084 2346 2245 2402 Israel
2274 2347 2375 2403 sibi
2407 2348 2638 2417 delegit,
2678 2359 2935 2422 tantoque
2963 2353 3247 2424 splendore
3278 2372 3466 2414 cumu-

1875 2439 2035 2508 lavit,
2073 2450 2132 2495 ut
2171 2449 2226 2495 et
2265 2441 2580 2511 prophetica
2619 2442 2880 2514 dignitate
2921 2448 3184 2515 quosdam
3223 2450 3463 2506 cohone~

1875 2540 2080 2596 staret,
2113 2531 2205 2603 qui
2242 2532 2365 2587 vita:
2403 2534 2820 2590 sanctimoniam
2857 2551 3246 2609 sacrarumque
3282 2540 3458 2611 legum

1874 2624 2169 2692 perfectam
2204 2624 2638 2681 observationem
2676 2628 2996 2698 diligerent,
3031 2640 3085 2685 et
3117 2633 3183 2686 ad
3219 2635 3463 2690 sanctiﬁ-

1875 2716 2141 2772 cationem
2182 2715 2411 2785 juvenes
2453 2733 2638 2774 eorum
2685 2731 3010 2788 assumeret,
3052 2724 3153 2779 hoc
3192 2734 3295 2793 est,
3332 2742 3462 2795 prn-

1875 2812 2051 2867 dentia
2079 2813 2468 2870 eminentiores
2492 2824 2548 2871 et
2574 2814 2925 2871 intellectuali
2955 2818 3152 2873 robore
3177 2820 3456 2886 praeditos.

1877 2904 2368 2961 Sanctriicabantur
2393 2908 2536 2962 enim
2563 2907 2785 2978 quidam
2816 2912 3111 2965 secundum
3142 2909 3339 2981 legem,
3363 2911 3457 2983 qui

1876 2999 2115 3055 Nazaraei
2140 3001 2663 3070 cognominabantur
2680 3001 2745 3068 “,
2772 3001 3063 3058 offerentes
3086 3019 3296 3059 comam
3323 3004 3458 3071 Deo,

1876 3092 2081 3157 vinum,
2107 3101 2162 3147 ει
2188 3106 2255 3149 CX
2287 3108 2352 3147 θο
2381 3103 2619 3161 acetum,
2648 3108 2831 3160 uvam,
2859 3105 2914 3149 et
2943 3110 3103 3149 uvam
3136 3111 3376 3165 passam,
3402 3108 3461 3154 οι

185 3190 611 3261 παραιτούμενοι
634 3206 649 3222 ⁸
703 3190 1109 3261 ἀποφοιτῶντες
1154 3191 1212 3244 δὲ
1250 3191 1371 3246 λίαν
1421 3192 1518 3246 καὶ
1564 3192 1773 3264 νεκρῶν

1876 3185 2090 3240 acinum
2119 3194 2455 3251 aversantes,
2483 3196 2537 3241 et
2566 3202 2598 3241 a
2626 3196 2961 3242 mortuorum
2991 3189 3309 3257 corporibus
3334 3189 3458 3245 lon-

187 3286 474 3354 σωμάτων.
497 3283 608 3337 Καὶ
636 3282 808 3353 βαθὺς
832 3283 935 3353 μὲν
954 3285 982 3338 ό
1004 3283 1162 3355 λόγος
1190 3286 1219 3338 ὁ
1242 3285 1371 3358 περὶ
1395 3285 1604 3339 τούτων
1628 3284 1766 3340 ὲστί.

186 3375 327 3447 Πλὴν
372 3375 697 3446 ἐτίμαηΘεδς
732 3376 829 3429 καὶ
863 3378 946 3440 είς
999 3377 1319 3449 προφήτας,
1364 3377 1443 3442 ὡς
1476 3378 1636 3451 ἔφην,
1674 3379 1770 3434 καὶ

187 3472 261 3533 εἰς
290 3469 354 3524 τὸ
386 3466 708 3537 ἀγιάζεσθαι
737 3467 982 3532 τυπικῶς
1004 3469 1294 3542 ἀναφέρων
1324 3470 1454 3535 τοὺς
1475 3470 1537 3537 ἐξ
1562 3472 1765 3530 αὐτῶν.

186 3564 245 3616 Ui
289 3563 348 3616 δὲ
392 3561 491 3615 καὶ
532 3560 633 3632 τὴν
677 3558 822 3614 οὕτω
874 3560 1136 3632 λαμπράν
1190 3578 1251 3616 τε
1297 3562 1394 3617 καὶ
1456 3562 1770 3628 ἀξιόπιστον

188 3650 337 3715 δόξαν
366 3649 909 3716 ἀποσπουδάζοντες,
952 3651 1201 3716 ὲπότιζον
1246 3647 1389 3705 οῐνον
1434 3653 1561 3716 τοὺς
1605 3654 1770 3723 ήγια-

191 3744 449 3815 σμένους,
487 3745 733 3799 τουτέστι
753 3787 769 3811 ,
812 3744 939 3808 τοὺς
983 3744 1151 3816 εὐχήν
1203 3744 1427 3818 ἔχοντας
1455 3748 1541 3816 ἐφ’
1586 3747 1771 3813 αὐτοῖς

189 3836 479 3909 ἀγιασμοῦ.
513 3837 822 3893 ’Ᾱνέπειθον
847 3837 957 3910 γὰρ
981 3838 1077 3891 καὶ
1103 3838 1299 3903 αὐτοὺς
1322 3839 1418 3894 τοῦ
1446 3839 1772 3909 ἀγιάζεσθαι

191 3932 568 4003 καταφρονεῖν,
598 3930 813 3994 πάντως
841 3947 945 3984 που
979 3929 1229 3999 λέγοντες
1264 3931 1416 3987 οὐδὲν
1465 3926 1606 3986 εἶναι
1636 3949 1773 3986 παν-

191 4023 349 4089 τελῶς
393 4022 488 4078 τὸν
512 4020 606 4076 τοῦ
633 4020 769 4076 Θεοῦ
809 4022 995 4095 νόμον,
1025 4022 1119 4076 καὶ
1169 4022 1429 4093 ἀνόνητον
1460 4022 1770 4094 ἀνθρώποις

192 4112 248 4167 τὸ
284 4112 611 4183 ἀγιάζεσθαι
656 4112 855 4181 θέλειν,
907 4114 1003 4167 καὶ
1052 4113 1295 4185 πληροῦν
1339 4115 1431 4168 ἐπὶ
1479 4114 1655 4187 τούτῳ
1700 4116 1773 4171 τά

194 4206 567 4278 νενομισμένα.
596 4206 661 4259 Εἰ
692 4205 801 4277 γὰρ
858 4206 954 4260 καὶ
992 4201 1062 4278 ἦν
1092 4209 1151 4261 ὲν
1179 4210 1362 4271 σκιαῖς
1389 4209 1418 4261 ό
1442 4207 1627 4279 νόμος,
1654 4207 1768 4262 ἀλλ’

194 4295 281 4348 οὐκ
306 4296 573 4367 ἑστέρητο
596 4294 877 4359 παντελῶς
907 4295 1017 4349 τῶν
1044 4297 1144 4365 τῆς
1177 4296 1434 4367 ἀληθείας
1459 4298 1765 4368 δογμάτων·

190 4386 548 4456 ἱναστράπτει
586 4385 697 4457 γὰρ
751 4388 863 4451 τοῖς
902 4386 1094 4451 τύποις
1122 4389 1223 4460 τῆς
1257 4388 1537 4455 εὐσεϐείας
1568 4392 1602 4462 ή
1637 4393 1772 4464 μόρ-

195 4493 375 4543 φωσις,
410 4476 484 4530 Τὸ
516 4477 574 4530 δὲ
608 4477 701 4531 καὶ
729 4478 911 4541 αὐτοῖς
939 4479 1115 4548 ἁγίοις
1142 4482 1453 4551 προφήταις
1485 4483 1767 4555 ἐπιτιμᾷν,

1870 3280 1989 3351 gius
2022 3278 2372 3348 refugientes.
2400 3278 2642 3349 Denique
2671 3280 2837 3336 multa
2872 3296 3034 3351 super
3062 3282 3147 3338 his
3177 3284 3454 3341 dicuntur.

1868 3370 2252 3427 Verumtamen
2288 3370 2591 3425 honorabat
2618 3386 2715 3427 eos
2746 3371 2920 3439 Deus,
2951 3382 3008 3427 et
3041 3374 3093 3427 in
3131 3378 3455 3446 prophetas,

1871 3474 1931 3520 ut
1967 3463 2113 3531 dixi,
2150 3472 2203 3519 et
2244 3464 2311 3516 ad
2355 3462 2841 3519 sanetilicationem
2886 3465 3065 3536 typice
3102 3482 3169 3521 ex
3216 3467 3284 3522 iis
3325 3482 3460 3522 no.:-

1871 3555 2046 3613 nullos
2077 3556 2358 3612 evehebat.
2386 3553 2596 3620 Astilli,
2626 3562 2738 3608 tam
2775 3555 3116 3627 magnificam
3152 3565 3207 3612 et
3243 3557 3453 3627 plenam

1875 3649 2219 3706 auctoritatis
2262 3648 2583 3719 dignitatem
2628 3657 3013 3717 aspernantes,
3057 3649 3453 3716 sanetiiieatos,

1870 3742 1925 3797 id
1967 3751 2084 3808 est,
2131 3751 2314 3796 votum
2360 3740 2810 3797 sanctiﬁcationis
2855 3756 3017 3811 super
3056 3757 3114 3797 se
3160 3742 3452 3805 habentes,

1873 3834 1994 3887 vino
2031 3834 2313 3902 potabant.
2348 3831 2758 3889 Persuadebant
2792 3831 2943 3886 enim
2977 3842 3032 3887 et
3070 3832 3204 3899 illis,
3241 3841 3299 3887 ut
3338 3849 3458 3890 san-

1872 3925 2097 3980 ctilicari
2132 3934 2582 3991 contemnerent,
2619 3925 2894 3990 dicentes,
2931 3926 3119 3995 utique
3153 3927 3244 3983 Dei
3282 3927 3453 3997 legem

1874 4022 2008 4078 nihil
2037 4037 2156 4078 esse
2184 4037 2431 4094 prorsus,
2462 4031 2515 4077 et
2543 4022 2871 4076 sanctiﬁcari
2902 4020 3040 4076 velle
3070 4029 3125 4076 et
3153 4020 3221 4075 ob
3252 4021 3304 4076 id
3336 4022 3453 4092 lege

1871 4114 2080 4170 sancita
2114 4113 2370 4184 implere,
2440 4112 2574 4167 nihil
2608 4110 2870 4182 prodesse
2928 4111 3256 4166 hominibus.
3315 4109 3452 4166 Nam

1871 4208 1973 4264 etsi
2014 4207 2100 4263 lex
2142 4207 2195 4261 in
2234 4206 2425 4261 umbra
2463 4214 2620 4272 erat,
2660 4205 2815 4276 plane
2860 4213 3038 4260 tamen
3075 4204 3321 4260 veritatis
3365 4205 3456 4259 do-

1872 4304 2052 4368 gmata
2083 4296 2414 4351 continebat.
2444 4294 2637 4365 Fulget
2664 4294 2809 4350 enim
2842 4293 2895 4349 in
2932 4294 3071 4365 typis
3104 4294 3208 4349 illis
3236 4295 3453 4365 pietatis

1873 4391 2069 4461 imago.
2110 4388 2259 4460 Ipsos
2294 4402 2508 4458 quoque
2544 4396 2762 4441 sanctos
2798 4389 3093 4457 prophetas
3129 4384 3458 4456 obiurgare,

1870 4494 1956 4540 est
1986 4482 2221 4537 divinam
2257 4479 2431 4552 legem
2468 4479 2728 4550 repellere
2762 4488 2927 4548 atque
2958 4478 3164 4534 institui
3199 4477 3362 4542 nolle,
3397 4486 3455 4541 et

200 4568 589 4639 Lmo’stottévwv
630 4569 748 4623 ἐστὶ
774 4569 864 4623 τὸν
896 4569 990 4623 τοῦ
1019 4571 1155 4626 Θεοῦ
1182 4573 1364 4643 νόμον,
1396 4576 1491 4629 καὶ
1523 4554 1773 4630 παιδεύε-

1875 4575 2092 4631 neseire
2120 4590 2180 4630 se
2209 4574 2498 4639 honorari;
2531 4573 2800 4643 siquidem
2831 4587 2956 4628 cum
2988 4571 3057 4627 de
3087 4570 3221 4641 ipsis
3246 4579 3456 4637 essent,

198 4658 305 4714 σθαι
355 4660 432 4732 μὴ
478 4661 843 4731 ἀνεχομένων,
908 4665 1004 4717 καὶ
1060 4665 1444 4736 ἠγνοηκότων,
1493 4668 1575 4722 ὅτι
1623 4669 1768 4722 τετί-

198 4768 407 4823 μηνται,
434 4754 594 4826 εἰπερ
621 4753 775 4817 ὄντες
801 4754 863 4820 ἐξ
891 4755 1070 4809 αὐτῶν
1095 4756 1525 4829 παρελήφθησαν
1554 4760 1637 4823 εἰς
1660 4778 1773 4814 κοι-

195 4844 427 4914 νολογίαν
472 4845 573 4918 τήν
623 4845 699 4910 ὼς
745 4847 884 4918 πρὸς
925 4847 1079 4902 Θεόν.
1131 4850 1541 4922 Προσεπερωτᾷ
1586 4852 1646 4906 δὲ
1681 4851 1773 4906 διὰ

197 4936 375 5003 μέσου,
398 4936 494 4991 καί
518 4955 651 5009 φησι
670 4956 685 4970 ⁸
715 4958 733 4991 ι
756 4939 849 5010 Μὴ
873 4941 972 4993 οὐκ
993 4941 1106 4994 ἔστι
1126 4941 1319 5009 ταῦτα,
1350 4943 1457 4996 υίοὶ
1515 4944 1763 5016 Ἰσραήλς

197 5028 325 5098 λέγει
348 5029 574 5102 Κύριος.
608 5050 627 5084 ι
659 5026 830 5103 Ἆρα,
862 5032 1017 5104 φησὶ,
1045 5033 1139 5087 καὶ
1170 5034 1282 5088 τῶν
1323 5033 1497 5099 οὕτως
1524 5035 1769 5109 ἐναργῶν

201 5122 437 5191 πράξεων
468 5121 773 5193 καθοριεῦεε
793 5122 854 5176 τὸ
876 5122 1100 5192 ψεῦδος;
1128 5121 1239 5198 ἆρα
1271 5126 1564 5197 μαρτύρων
1586 5127 1768 5198 δεήσει

210 5211 294 5283 ὶεῷ
328 5211 468 5283 πρὸς
500 5213 562 5266 τὸ
590 5214 838 5284 ἐλέγχειν
882 5216 1048 5285 ὑμᾶς,
1083 5217 1182 5271 καὶ
1222 5216 1294 5270 τά
1330 5217 1503 5282 οὕτως
1546 5219 1766 5291 ἐμφανῆ

202 5306 540 5373 τυκοφαντείν
568 5304 909 5376 ᾑρημένους;
939 5308 1061 5379 Χρὴ
1092 5308 1383 5380 τοιγαροῦν
1417 5309 1764 5379 ἀγιάζεσθαι,

204 5397 269 5449 tat
308 5396 557 5467 λογισμῷ
596 5399 867 5469 πεπηγότι
912 5401 1296 5473 προσεδρεύειν
1327 5402 1469 5474 Θεῷ,
1508 5403 1608 5468 τὰς
1658 5404 1766 5458 τῶν

205 5487 429 5560 πονηρῶν
469 5490 530 5542 οὐ
575 5489 969 5562 προσιεμένους
1009 5491 1255 5562 γνώμας.
1292 5512 1310 5544 ι
1337 5493 1622 5563 Φθείρουσι
1652 5494 1764 5566 γὰρ

193 5575 275 5647 ἤθη
312 5577 527 5651 χρηστά
562 5578 770 5649 ὁμιλίαι
799 5580 991 5643 κακαὶ,
1016 5599 1035 5633 ι
1074 5582 1167 5634 καὶ
1202 5581 1571 5653 ἀποφέρουσιν
1605 5583 1765 5652 ἁγια-

191 5666 310 5736 σμοῦ
356 5670 449 5722 καὶ
478 5669 700 5742 ἀπάσης
740 5670 1062 5735 ἐπιεικείας,
1096 5672 1204 5725 τῶν
1238 5673 1534 5746 φιληδόνων
1575 5674 1625 5728 oi
1673 5674 1762 5728 λό-

247 5838 289 5874 "
330 5842 433 5898 lsa.
475 5858 575 5911 xu,
617 5844 670 5899 '5.
749 5846 789 5877 “
830 5844 986 5902 Num.
1025 5863 1098 5914 rt,
1134 5848 1224 5906 21.
1303 5850 1347 5881 "
1382 5850 1400 5905 l
1438 5852 1566 5908 Cor.
1610 5870 1698 5918 xv,
1737 5857 1829 5911 '55.

1866 4667 2131 4736 assumpti
2158 4675 2306 4732 sunt,
2334 4667 2424 4736 qui
2457 4681 2579 4721 cum
2614 4664 2721 4719 Deo
2744 4662 3145 4734 quodammodo
3166 4676 3450 4718 sermones

1869 4760 2181 4814 miscerent.
2228 4757 2534 4829 lnterrogat
2580 4756 2804 4824 insuper
2848 4756 2902 4810 in
2954 4753 3160 4821 medio,
3205 4762 3263 4809 et
3310 4752 3386 4807 ait
3430 4769 3445 4809 :

1874 4870 1891 4903 ι
1932 4850 2185 4919 Nunquid
2216 4864 2320 4904 non
2352 4850 2426 4905 ita
2456 4859 2563 4915 est,
2592 4849 2687 4904 ﬁlii
2720 4848 2929 4907 Israel?
2954 4848 3086 4903 dicit
3114 4846 3395 4904 Dominus.
3422 4865 3441 4901 ι

1873 4946 1991 5009 An,
2021 4944 2227 5014 inquit,
2259 4959 2348 4999 res
2379 4954 2489 4999 tam
2523 4942 2841 4999 manifestas
2870 4941 3141 4997 mendacii
3173 4940 3449 5009 arguetis?

1866 5053 1934 5091 an
1978 5036 2207 5092 testibus
2249 5050 2387 5105 opus
2431 5035 2537 5089 erit
2584 5035 2695 5089 Deo
2733 5033 2801 5088 ad
2837 5047 2935 5088 vos
2972 5032 3319 5098 refellendos,
3354 5032 3448 5101 qui

1865 5130 2029 5185 etiam
2072 5129 2211 5185 adeo
2253 5136 2436 5197 aperta
2479 5125 2801 5182 calumniari
2842 5124 3060 5181 velitis?
3107 5122 3448 5180 Sanctiﬁcari

1863 5222 2046 5292 itaque
2084 5229 2319 5291 oportet,
2360 5228 2416 5277 et
2456 5218 2729 5278 constanti
2769 5219 2953 5275 animo
2991 5219 3271 5280 adhaerere
3312 5215 3447 5279 Deo,

1867 5314 2344 5384 improborumque
2388 5312 2609 5370 consilia
2654 5312 2960 5381 repudiare.
3010 5329 3029 5362 ι
3078 5310 3446 5375 Corrumpunt

1865 5406 2010 5461 enim
2042 5407 2211 5462 bonos
2244 5419 2423 5460 mores
2452 5404 2720 5473 colloquia
2752 5417 2916 5472 prava
2938 5403 3005 5466 ⁸⁸,
3040 5419 3061 5454 ι
3091 5410 3146 5457 et
3172 5400 3444 5467 voluptuo-

1865 5494 2068 5550 riorum
2104 5509 2384 5551 sermones
2411 5511 2439 5548 a
2473 5494 2907 5550 sanctiﬁcatione
2938 5502 2992 5547 et
3023 5491 3170 5547 omni
3203 5490 3441 5547 bonitate

1863 5592 2110 5640 avocant.
2146 5583 2256 5638 Nos
2299 5585 2477 5654 potius
2513 5582 2622 5638 Deo
2657 5583 2814 5654 digna
2853 5582 3183 5659 loquentium
3218 5580 3443 5632 vocibus

1861 5673 2061 5730 addicti
2092 5674 2313 5739 erimus,
2342 5673 2538 5744 quibus
2564 5682 2618 5730 et
2647 5673 2760 5744 ipse
2789 5672 3039 5729 Salvator
3069 5670 3437 5725 testimonium
