4068 6566
3856 238 3893 275 Ι

627 335 721 390 iiii
1651 322 1710 383 S.
1752 322 2032 379 CYRILLI
2068 323 2542 381 ALEXANDRINI
2576 326 2894 384 ARCHIEP.
3806 339 3901 393 ,ηε

609 451 694 508 his
718 448 899 505 verbis
927 444 1198 519 perhibuit
1229 463 1243 499 :
1274 462 1294 497 ι
1332 442 1447 498 Νοη
1477 441 1612 498 estis
1634 460 1730 499 vos
1756 448 1846 515 qui
1876 444 2178 515 loquimini.

2289 461 2397 513 γοι.
2442 443 2654 499 Οὐκοῦν
2687 444 3128 517 προσκεισόμεθα
3171 444 3372 516 μᾶλλον
3415 447 3566 518 ἡμεῖς
3617 451 3755 513 ταῖς
3799 451 3901 504 τῶν

605 543 701 597 sed
736 539 969 612 Spiritus
1006 539 1183 597 Patris
1218 537 1381 612 273
1407 538 1593 604 vestri,
1621 537 1715 608 qui
1751 537 1992 608 loquitur
2022 537 2077 592 in
2104 552 2178 594 vo

2294 534 2576 608 θεηγόρων
2607 540 2848 607 φωναῖς,
2890 534 2972 603 οἷς
3011 540 3105 594 καὶ
3141 539 3306 602 αὐτὸς
3340 540 3369 591 ὁ
3411 539 3601 612 Σωτὴρ
3656 543 3903 613 ἐπεμαρ-

605 635 689 689 bis
712 632 774 687 “.
815 651 837 687 ι

676 809 839 866 Vens.
878 811 964 864 15.
1010 808 1294 879 Propterea
1335 824 1450 863 ecce
1488 824 1581 878 ego
1622 807 1834 862 devolvo
1875 807 2049 861 subter
2082 822 2189 872 vos,

603 903 738 956 sicut
774 900 1065 956 devolvitur
1089 918 1276 955 currus
1308 900 1493 969 plenus
1521 902 1735 970 stipula.

674 992 864 1048 XXIII.
908 993 1169 1048 Plaustris
1205 1008 1459 1063 agrorum
1497 992 1723 1057 fructus.
1758 1004 1815 1049 et
1850 1010 1968 1065 quae
2004 1011 2189 1051 aream

605 1087 898 1157 complent,
937 1086 1288 1141 transvehere
1324 1100 1444 1140 mos
1480 1085 1580 1139 fuit
1611 1087 1905 1152 veteribus,
1944 1088 2036 1156 qui
2072 1102 2189 1141 mos

604 1194 776 1248 usque
814 1178 975 1233 hodie
1009 1178 1063 1231 in
1103 1177 1324 1231 Oriente
1363 1186 1417 1231 et
1454 1176 1751 1233 Occidente
1781 1177 2193 1250 viget.VoIvun-

605 1281 693 1326 tur
721 1281 896 1327 autem
934 1270 1137 1324 circum
1169 1285 1300 1326 axes
1334 1279 1493 1334 rotae,
1526 1270 1686 1338 lignis
1716 1271 1865 1341 gravi
1893 1282 1947 1325 et
1977 1271 2191 1342 ingrato

602 1377 741 1418 sono
782 1362 1168 1429 stridentibus,
1214 1376 1381 1433 prope
1422 1361 1879 1427 acclamantibus,
1923 1378 2041 1431 quae
2084 1363 2191 1419 illis

604 1455 855 1524 imposita
891 1462 1016 1508 sunt
1049 1454 1328 1509 oneribus.
1359 1455 1465 1508 Ero
1501 1454 1664 1523 igitur
1696 1453 1813 1523 ipse
1845 1470 2081 1524 quoque,
2114 1454 2192 1509 in-

601 1546 719 1615 quit
747 1545 1119 1600 universorum
1150 1544 1430 1609 Dominus,
1460 1555 1517 1599 ut
1551 1545 1693 1615 quod
1722 1546 1893 1599 volvit
1921 1545 1973 1599 in
2000 1559 2186 1610 curru,

602 1638 653 1691 id
690 1646 792 1705 est,
824 1639 962 1693 axis.
992 1636 1087 1693 llIe
1123 1636 1289 1703 enim,
1323 1646 1382 1692 ut
1415 1636 1550 1701 dixi,
1580 1636 1681 1691 sibi
1722 1646 1867 1693 rotas
1905 1637 2103 1692 inﬁxas
2135 1645 2190 1693 et

601 1739 814 1798 aptatas
856 1729 1061 1784 habens
1103 1728 1266 1783 simul
1316 1729 1710 1784 circumvolvit.
1755 1728 2018 1786 Clamabo
2056 1746 2187 1786 vero

2290 629 2516 700 τύρησε,
2551 628 2725 699 λέγων
2744 646 2758 661 ο
2794 648 2813 682 ι
2843 631 2955 701 Ούχ
2985 631 3140 702 ὑμεῖς
3182 632 3307 684 ὲστε
3338 633 3386 684 οἱ
3416 632 3740 698 λαλοῦντες,
3774 634 3901 691 ἀλλὰ

2290 720 2353 774 τὸ
2397 719 2624 792 Πνεῦμα
2652 720 2746 775 τοῦ
2783 723 2997 794 [ἰατρὸς
3026 722 3202 794 ὑμῶν,
3231 722 3292 777 τὸ
3316 723 3511 777 λαλοῦν
3537 727 3599 778 ἐν
3630 727 3791 797 ύμῖν.
3816 747 3833 779 ι

2363 812 2467 865 Διά
2496 812 2673 866 τοῦτο
2712 812 2843 866 ιδοὺ
2885 812 3001 883 ἐγὼ
3036 816 3225 868 κυλίω
3268 814 3549 870 ὑποκάτω
3603 815 3808 886 ὑμῶν,
3836 816 3900 869 ὃν

2290 904 2515 972 τρόπον
2550 903 2818 957 xvi/erat
2850 902 3051 973 ἅμαξα
3079 904 3116 971 ἡ
3148 904 3419 974 γέμουσα
3448 908 3762 976 καλάμης.

2362 996 2490 1050 Kl".
2538 995 2801 1067 Ἀμάξαις
2835 997 2903 1049 τὰ
2932 996 2989 1063 ἐξ
3031 996 3238 1068 ἀγρῶν,
3282 999 3379 1051 καὶ
3406 1000 3504 1052 ὅσα
3538 999 3760 1069 πληροῖ
3804 999 3895 1070 τὴν

2291 1086 2428 1153 ἆλω,
2463 1087 2854 1159 μετακομίζειν
2903 1088 3026 1152 ἔθος
3053 1091 3166 1153 τοῖς
3215 1090 3622 1164 ἀρχαιοτέροιςθ
3664 1090 3895 1157 σώζεται

2288 1180 2348 1234 δὲ
2384 1180 2479 1235 καὶ
2504 1182 2585 1244 είς
2622 1179 2781 1251 δεῦρο
2814 1180 2874 1234 τὸ
2910 1180 3100 1253 χρῆμα
3132 1180 3286 1252 παρά
3329 1198 3388 1235 τε
3418 1186 3529 1248 τοῖς
3582 1185 3695 1254 τὴν
3732 1184 3895 1255 Ἐᾠαν

2290 1270 2385 1325 καὶ
2429 1271 2528 1343 τὴν
2566 1271 2852 1343 Ἐσπέριον
2901 1272 3111 1326 οἰκοῦσι
3152 1274 3275 1345 γῆν.
3321 1273 3620 1328 Κυλίονται
3655 1275 3721 1329 δὲ
3767 1277 3892 1348 ὁμοῦ

2288 1368 2403 1429 τοῖς
2442 1365 2624 1433 agam
2652 1366 2700 1419 οἱ
2744 1364 2948 1437 τροχοὶ,
2982 1364 3120 1437 βαρύ
3149 1383 3204 1419 τι
3243 1368 3338 1421 καὶ
3386 1368 3621 1438 δυσηχὲς
3669 1369 3894 1439 ἀποτρι-

2290 1455 2491 1522 ζόντων
2536 1458 2645 1512 τῶν
2703 1457 2896 1523 ξύλων,
2927 1458 3021 1511 καὶ
3064 1458 3346 1530 μονονουχὶ
3393 1461 3894 1531 κατακεκραγότων

2290 1549 2654 1621 ἐπικειμένων
2688 1550 2871 1614 αὐτοῖς
2901 1550 3158 1622 φορτίων.
3188 1551 3427 1620 Ἔσομαι
3454 1551 3644 1605 τοίνυν
3679 1554 3779 1605 καὶ
3806 1555 3893 1605 αὖ·

2287 1640 2380 1703 τὸς
2401 1639 2532 1708 ἐγὼ,
2563 1640 2730 1712 φησιν
2758 1641 2787 1693 ὁ
2816 1640 3035 1694 πάντων
3063 1641 3361 1711 Δεσπότης,
3390 1642 3466 1705 ὡς
3491 1643 3554 1696 τὸ
3583 1642 3783 1697 κυλίον
3808 1644 3892 1697 ἐπὶ

2287 1732 2387 1803 τὴν
2414 1728 2654 1802 ἄμαξαν,
2684 1729 2985 1796 τουτέστιν,
3017 1730 3045 1782 ὁ
3070 1730 3237 1797 ἄξων·
3269 1730 3433 1795 αὐτὸς
3456 1732 3588 1803 γὰρ.
3615 1734 3701 1798 ὡς
3738 1734 3886 1805 ἔφην,

600 1820 752 1889 quasi
785 1820 878 1888 qui
907 1834 1045 1875 onus
1075 1834 1237 1891 grave
1266 1830 1637 1890 peccatorum,
1666 1821 1733 1875 ab
1763 1821 1944 1893 impiis
1974 1837 2178 1878 acerva-

2289 1822 2467 1895 ὲαυτῷ
2513 1822 2793 1891 συγκυλίει
2833 1822 2959 1886 τοὺς
2990 1824 3241 1894 τροχοὺς,
3267 1823 3669 1894 ἐμπεπηγότας
3707 1843 3771 1878 τε
3806 1829 3889 1880 καὶ

603 1918 778 1964 torum
810 1909 1041 1979 amplius
1071 1910 1341 1965 sustinere
1370 1924 1656 1979 nequeam.
1688 1910 2011 1978 Rejecerunt
2038 1914 2182 1968 enim

599 2001 769 2073 legem
815 2002 1044 2069 Domini,
1080 2012 1135 2057 et
1174 2002 1426 2056 mandata
1469 2002 1589 2073 ejus
1630 2016 1737 2057 non
1780 2004 2178 2072 custodierunt;

598 2095 693 2150 sed
734 2095 1063 2150 seduxerunt
1095 2109 1189 2150 eos
1222 2110 1360 2149 vana
1396 2109 1625 2161 eorum,
1659 2111 1781 2167 quae
1816 2095 2063 2153 fecerunt
2095 2114 2183 2168 pa-

599 2199 709 2243 tres
747 2203 955 2243 eorum.
992 2186 1158 2243 Obliti
1198 2197 1325 2243 sunt
1361 2197 1542 2244 autem
1583 2190 1722 2253 mei,
1759 2192 1851 2261 qui
1890 2190 2049 2245 eduxi
2088 2206 2182 2245 eos

597 2282 664 2335 de
689 2279 943 2352 .‘Egypto,
978 2281 1067 2350 qui
1101 2280 1297 2336 abstuli
1328 2281 1708 2337 Amorrbaeum
1739 2296 1769 2337 a
1801 2280 1940 2339 facie
1966 2296 2177 2347 eorum,

595 2372 687 2441 qui
720 2373 988 2444 assumpsi
1022 2373 1087 2429 de
1119 2373 1244 2429 liliis
1274 2389 1463 2429 eorum
1502 2375 1555 2429 in
1594 2377 1884 2445 prophetas
1914 2386 1970 2432 et
2003 2380 2070 2431 de
2099 2377 2181 2447 ju-

592 2462 821 2518 venibus
858 2479 1046 2519 eorum
1086 2465 1139 2518 in
1177 2466 1683 2520 sanetilieationem.
1723 2466 1789 2521 Et
1827 2482 1926 2538 ego
1961 2468 2178 2538 quidem

593 2566 688 2607 eos
715 2553 1006 2621 honoravi;
1038 2554 1115 2609 illi
1137 2570 1268 2609 vero
1294 2570 1358 2610 eo
1388 2556 1711 2626 insipientia:
1738 2557 2095 2623 devenerunt,
2122 2566 2179 2612 ut

592 2643 913 2699 vestimenta
947 2659 1044 2698 sua
1078 2644 1308 2715 ligantes
1341 2645 1582 2713 funibus,
1613 2648 1877 2703 velamina
1940 2649 2180 2705 facerent

592 2735 925 2791 adhaerentia
963 2737 1158 2803 altari,
1197 2745 1252 2792 et
1286 2736 1469 2791 vinum
1509 2753 1577 2793 ex
1615 2739 1901 2794 calumniis
1936 2740 2181 2795 biberent

593 2828 647 2882 in
676 2829 833 2883 domo
859 2828 951 2884 Dei
982 2830 1242 2899 ipsorum,
1270 2840 1326 2887 et.
1348 2831 1474 2886 vino
1499 2841 1749 2900 potarent
1775 2831 2172 2897 sanetilicatos,

593 2922 1023 2991 mandarentque
1045 2922 1323 2993 pr0phetis
1343 2932 1398 2977 et
1417 2923 1661 2978 dicerent
1680 2941 1695 2979 :
1716 2922 1793 2977 Ne
1817 2922 2174 2993 prophetetis.

582 3010 815 3071 .Talibus
838 3013 1003 3084 igitur
1026 3013 1397 3084 impietatibus
1420 3015 1617 3071 vestris
1643 3016 2028 3086 propemodum
2053 3031 2179 3071 one-

593 3114 765 3169 ratus,
795 3115 854 3158 ut
882 3104 1001 3161 axis
1029 3106 1083 3159 in
1115 3108 1381 3174 plaustro,
1410 3107 1553 3176 quod
1583 3107 1905 3177 stipularum
1935 3106 2179 3175 manipu-

2287 1914 2730 1984 ὲνηρμοσμένους
2759 1912 2919 1983 ἔχων,
2950 1913 3453 1985 Κατακεκράξομαι
3475 1916 3533 1968 δὲ
3558 1914 3761 1986 ὥσπερ
3789 1919 3886 1969 τῶν

2284 2005 2659 2077 ἠσεϐηκότων,
2688 2006 2786 2058 οὐκ
2820 2005 2898 2058 ἔτι
2929 2004 3117 2077 φέρειν
3158 2007 3456 2076 δυνάμενος
3482 2009 3608 2065 τῶν
3640 2008 3886 2079 πλημμε-

2283 2094 2347 2166 λη
2359 2095 2546 2167 μάτων
2580 2096 2639 2149 τὸ
2665 2096 2954 2167 δυσαχθές.
2994 2096 3310 2150 Ἀπὼσαντο
3335 2100 3444 2171 γὰρ
3470 2098 3563 2151 τὸν
3602 2100 3777 2171 νόμον
3800 2101 3881 2154 τοῦ

2282 2188 2512 2259 Κυρίου,
2540 2188 2727 2241 καὶτὰ
2771 2188 3168 2258 προστάγματα
3201 2189 3367 2242 αὑτοῦ
3401 2192 3501 2243 οὐκ
3524 2192 3881 2260 ἐφυλάξαντο·

2281 2279 2396 2334 ἀλλ’
2425 2280 2696 2350 ἐπλάνησε
2726 2280 2825 2351 μὲν
2850 2280 3051 2342 αὐτοὺς
3079 2279 3147 2333 τὰ
3181 2282 3386 2351 μάταια
3414 2282 3618 2347 αὐτῶν,
3642 2283 3682 2337 ἃ
3711 2285 3883 2355 ἐποίη-

2283 2389 2383 2426 σαν
2407 2375 2454 2426 οἱ
2486 2373 2722 2443 πατέρες
2750 2373 2951 2440 αὐτῶν,
2980 2374 3308 2427 ἐπελάθοντο
3336 2375 3392 2428 δέ
3429 2392 3531 2443 μου
3561 2377 3658 2429 τοῦ
3692 2377 3882 2445 ἐξαγα-

2280 2466 2474 2534 γόντος
2511 2464 2572 2531 ἐξ
2603 2465 2904 2535 Αἰγύπτου,
2950 2464 3046 2519 τοῦ
3095 2464 3388 2536 ὲξάραντος
3428 2467 3521 2520 τὸν
3557 2467 3878 2539 Ἀμορραῖον

2280 2557 2346 2610 ὲκ
2374 2555 2670 2627 προσώπου
2707 2556 2912 2621 αὐτῶν,
2943 2554 3038 2609 τοῦ
3072 2555 3329 2620 λαϐόντος
3360 2558 3426 2609 ὲκ
3471 2557 3584 2611 τῶν
3626 2557 3763 2610 υἱῶν
3789 2559 3878 2610 ab-

2278 2648 2388 2702 τῶν
2428 2648 2508 2711 είς
2538 2648 2849 2720 προφήτας,
2880 2649 2974 2702 καὶ
3006 2649 3072 2701 ὲκ
3102 2648 3213 2701 τῶν
3244 2648 3547 2702 νεανίσκων
3588 2649 3776 2702 αὐτῶν
3807 2652 3877 2713 είς

2280 2740 2572 2811 ἁγιασμόν.
2626 2740 2790 2794 Ἀλλὰ
2835 2740 3106 2812 τετίμηκα
3154 2742 3252 2812 μὲν
3303 2740 3449 2810 ἐγὼ,
3499 2741 3798 2795 καθίκοντο
3826 2742 3876 2794 δὲ

2277 2831 2597 2897 δυσϐουλίας
2625 2834 2707 2897 είς
2735 2831 2896 2886 τοῦτο
2928 2832 3102 2898 αὐτοὶ,
3128 2832 3205 2897 ὼς
3232 2832 3302 2887 τὰ
3337 2834 3535 2903 ἱμάτια
3573 2833 3760 2888 αὐτῶν
3794 2832 3874 2887 6's-

2280 2922 2573 2994 σμεύοντες
2616 2923 2894 2994 σχοινίοις,
2929 2924 3421 2996 παραπετάσματα
3444 2926 3624 2978 ποιεῖν
3651 2924 3875 2995 ὲχόμενα

2277 3014 2371 3068 τοῦ
2417 3014 2831 3086 θυσιαστηρίου,
2862 3016 2960 3069 καὶ
2989 3012 3135 3070 οἶνον
3167 3016 3231 3068 ὲκ
3277 3015 3663 3085 συκοφαντιῶν
3711 3016 3873 3069 πίνειν

2278 3107 2336 3159 ὲν
2367 3106 2446 3178 τῷ
2488 3106 2624 3177 οἴκῳ
2654 3106 2749 3160 τοῦ
2778 3107 2915 3161 Θεοῦ
2958 3106 3163 3174 αὐτῶν,
3204 3108 3300 3161 καὶ
3335 3108 3580 3172 ποτίζειν
3617 3108 3719 3179 μὲν
3744 3104 3871 3160 οἶνον

591 3193 662 3249 Iis
706 3194 921 3264 plenum
967 3205 1071 3263 est,
1111 3196 1405 3252 clamorem
1444 3197 1599 3252 edam
1645 3196 1814 3252 multo
1860 3196 2176 3251 niaximum.

2286 3199 2408 3262 τοὺς
2461 3199 2860 3270 ἡγιασμένους,
2908 3198 3248 3253 ἐντέλλεσθαι
3293 3200 3350 3253 δὲ
3382 3204 3497 3263 τοῖς
3536 3201 3869 3271 προφήταις.

588 3286 742 3353 Quod
794 3287 920 3343 hinc
964 3288 1347 3343 detrimentum
1394 3288 1473 3343 eis
1520 3298 1876 3351 eventurum,
1917 3296 2010 3342 aut
2054 3302 2173 3355 quae

589 3379 727 3433 mala
762 3394 857 3435 eos
894 3380 1144 3437 invasura
1184 3380 1321 3447 sint,
1357 3395 1481 3435 mox
1518 3381 1872 3450 sequentibus
1912 3380 2171 3434 declarat.

2281 3290 2375 3344 καὶ⁵
2404 3289 2611 3359 λέγειν’
2645 3291 2721 3343 (λύ
2744 3290 2817 3363 μὴ
2848 3291 3290 3364 προφητεύσητε.
3318 3294 3451 3356 Ταῖς
3478 3288 3573 3346 οὖν
3603 3292 3869 3354 τοιαύταις

2281 3381 2436 3451 ὑμῶν
2487 3380 2766 3446 ἀσεϐείαις
2821 3384 3105 3454 μονονουχὶ
3144 3385 3764 3457 καταπεφορτισμένος,
3804 3383 3869 3446 ὡς

586 3472 731 3539 ἄξων
765 3472 859 3526 ἐπὶ
890 3471 987 3544 τὴν
1050 3471 1285 3543 ἄμαξαν,
1332 3472 1367 3543 ἢ
1428 3471 1684 3542 καλάμης
1723 3471 1839 3524 ἐστὶ
1904 3473 1999 3525 καὶ
2063 3470 2394 3542 δραγμάτων
2437 3471 2707 3544 ἔμπλεως,
2750 3472 3008 3543 πλείστην
3052 3476 3185 3545 ὅσην
3228 3476 3527 3545 ποιήσομαι
3558 3474 3665 3546 τὴν
3710 3492 3866 3528 κατα-

585 3561 738 3634 ὅοήν.
781 3564 891 3617 Καὶ
919 3565 972 3618 τί
1017 3564 1078 3618 τὸ
1106 3562 1355 3618 ἐντεῦθεν
1403 3563 1661 3635 ἐσόμενον
1732 3562 1949 3635 βλάϐος,
1997 3563 2031 3634 ἢ
2082 3565 2215 3617 ποῖα
2251 3564 2415 3618 πάλιν
2448 3564 2633 3627 αὐτοῖς
2698 3564 3042 3636 συμϐήσεται
3078 3565 3248 3637 πάθη,
3277 3566 3556 3639 διατρανοί
3588 3566 3691 3637 μὲν
3721 3568 3867 3621 εὐθὺς

585 3663 646 3716 ιν
672 3664 785 3724 τοῖς
817 3660 1035 3731 ἑφεξῆς.

662 3756 1049 3813 Verumtamen
1095 3764 1152 3811 et
1194 3755 1326 3811 illud
1371 3756 1658 3811 dicendum
1703 3764 1786 3810 est
1828 3754 2166 3818 necessario,

581 3863 711 3904 vere
743 3858 869 3903 ante
896 3849 1077 3903 omnia
1111 3848 1440 3903 horrendum
1472 3863 1611 3913 esse,
1645 3847 1812 3902 Deum
1846 3848 2083 3912 irritare,
2113 3858 2168 3901 et

581 3956 649 3997 eo
683 3957 856 4012 usque
895 3940 949 3995 in
984 3941 1385 4011 improbitatem
1428 3942 1580 3995 abire
1618 3940 1874 4010 deinceps
1911 3939 2163 4009 praecipi-

584 4044 711 4101 tem,
743 4041 801 4087 ut
831 4042 1053 4103 peccata
1086 4040 1267 4087 nostra
1305 4033 1538 4087 tolerare
1569 4032 1803 4101 amplius
1830 4046 1935 4085 non
1969 4030 2161 4101 possit,

580 4125 795 4181 tametsi
834 4134 1026 4181 natura
1062 4139 1158 4180 sua
1194 4126 1367 4179 bonus
1390 4163 1403 4188 ,
1440 4125 1681 4179 clemens
1714 4135 1769 4177 et
1804 4122 1969 4176 multo
2005 4130 2162 4176 man-

578 4216 919 4271 suetissimus
952 4216 1042 4270 sit.
1074 4216 1155 4270 Ab
1190 4230 1255 4270 eo
1289 4215 1453 4285 igitur
1478 4212 1798 4268 oﬂ'endendo
1834 4212 2007 4266 modis
2040 4213 2161 4267 Om-

579 4307 739 4362 nibus
776 4308 1072 4361 cavendum
1115 4318 1216 4360 est.
1258 4304 1411 4371 Quod
1456 4304 1501 4359 si
1546 4302 1820 4374 quidpiam
1865 4303 2159 4356 humanum

2347 3750 2494 3822 Πλὴν
2524 3749 2701 3803 ἐκεῖνο
2733 3748 2909 3801 εἰπεῖν
2953 3749 3267 3817 ἀναγκαῖον,
3298 3750 3381 3804 ὅτι
3417 3751 3711 3809 πάνδεινον
3742 3758 3863 3826 ἀλη-

2275 3843 2383 3908 Θῶς
2426 3843 2489 3896 τὸ
2537 3841 2860 3913 παροξύνειν
2892 3840 3046 3905 Θεὸν,
3088 3841 3183 3895 καὶ
3214 3844 3295 3905 είς
3329 3842 3489 3896 τοῦτο
3535 3846 3861 3919 φαυλότητος

2272 3933 2659 4005 κατολισθῆσαι
2680 3932 2885 3997 λοιπὸν,
2910 3932 2986 3995 ὼς
3011 3931 3286 4004 ἀφόρητον
3309 3934 3460 4005 αὐτῷ
3487 3937 3749 4004 γενέσθαι
3770 3940 3858 4009 τὴν

2268 4025 2403 4097 παρ’
2426 4025 2585 4096 ἡμῶν
2616 4025 2911 4095 ἁμαρτίαν,
2956 4022 3135 4076 καίτοι
3174 4023 3399 4095 χρηστῷ
3438 4042 3497 4079 τε
3527 4027 3624 4080 καὶ
3680 4030 3857 4099 ἀγαθῷ

2269 4115 2366 4167 καὶ
2406 4115 2750 4185 ἡμερωτάτῳ
2780 4113 2901 4166 λίαν
2941 4111 3240 4185 ὑπάρχοντι
3282 4113 3425 4167 κατὰ
3456 4113 3647 4183 φύσιν.
3688 4120 3776 4171 Δεῖ
3800 4118 3854 4187 δὴ

2268 4198 2361 4257 οὖν
2395 4203 2778 4276 παραιτεῖσθαι
2830 4203 2928 4273 μὲν
2971 4203 3054 4255 ὅτι
3094 4201 3329 4272 μάλιστα
3378 4202 3557 4273 φιλεῖν
3600 4206 3668 4261 τὸ
3701 4224 3851 4279 προσ.

2270 4293 2489 4366 κρούειν
2512 4292 2680 4364 αὐτῷ.
2711 4294 2773 4347 El
2803 4293 2859 4346 δὲ
2889 4293 2954 4362 δή
2986 4310 3039 4347 τι
3068 4294 3277 4362 γένοιτο
3305 4295 3397 4348 καὶ
3428 4296 3629 4351 παθεῖν
3657 4299 3831 4371 ἀνθρώ

577 4399 689 4470 pati
720 4400 1035 4468 contigerit,
1069 4397 1228 4453 ollicii
1263 4407 1375 4461 est,
1407 4412 1512 4452 non
1545 4397 1714 4451 videri
1747 4396 1813 4450 ad
1846 4396 2158 4465 patientiam

2286 4402 2442 4453 τινον,
2480 4386 2555 4457 μὴ
2596 4384 2827 4456 ὁρᾶσθαι
2869 4383 3143 4455 μελλητὰς
3186 4386 3267 4449 είς
3308 4387 3680 4457 μετάγνωσιν,
3730 4393 3850 4462 μήτε

577 4507 789 4561 segnes,
825 4506 924 4546 nec
955 4492 1135 4545 sinere
1166 4499 1389 4559 peccata
1424 4490 1661 4558 peccatis
1691 4487 1993 4552 cumulari;
2026 4487 2155 4557 quin

2286 4476 2376 4549 ιὴν
2409 4478 2490 4541 είς
2532 4475 2766 4547 αὔξησιν
2811 4476 2950 4529 ίέναι
2982 4479 3333 4549 παραχωρεῖν
3368 4481 3482 4542 τοῖς
3508 4479 3851 4553 διεπταισμέ-

577 4585 759 4652 potius
808 4593 996 4638 sancta
1050 4581 1283 4652 quadam
1328 4580 1606 4650 vigilantia
1652 4595 1715 4634 ea
1765 4580 2053 4644 cohibere,
2101 4587 2156 4633 et

2286 4584 2397 4632 νοις*
2429 4568 2588 4640 νήψει
2620 4569 2676 4623 δὲ
2707 4567 2906 4640 μᾶλλον
2936 4568 3266 4638 ἁγιοπρεπεῖ
3296 4570 3618 4641 χρωμένους
3646 4574 3849 4627 avum.

572 4684 924 4744 aegrotantem
973 4673 1210 4727 animum
1257 4670 1422 4743 274
1467 4673 1532 4725 ad
1587 4671 1809 4727 meliora
1861 4671 2150 4741 appellere.

2286 4659 2450 4724 ιὰζειν
2489 4660 2659 4723 αὐτὰ,
2702 4660 2797 4712 καὶ
2850 4658 3243 4729 μετακομίζειν
3273 4660 3591 4729 ἐπείγεσθαι
3627 4666 3763 4736 πρὸς
3796 4665 3848 4717 τὸ

573 4766 667 4822 Sic
696 4769 837 4821 enim
873 4767 1012 4820 Deus
1042 4765 1308 4834 patienter
1335 4780 1433 4819 nos
1464 4765 1784 4828 sustinebit,
1813 4774 1867 4819 et
1897 4764 2151 4834 qubuiaut

2286 4751 2484 4821 ἱμεινον
2531 4750 2930 4823 ὴρῤωστηκότα
2979 4748 3073 4802 τὸν
3109 4748 3255 4803 νοῦν.
3301 4750 3721 4824 Ἀνεξικακήσει
3752 4757 3845 4825 γὰρ

570 4859 838 4927 benignus
867 4866 970 4922 est,
1000 4855 1427 4911 misericordiam
1463 4856 1681 4911 tribuet.

2286 4841 2433 4906 »ύτως
2465 4840 2627 4905 Θεόςο
2657 4842 2751 4894 καὶ
2788 4840 3021 4910 ἐπείπερ
3050 4841 3198 4894 ἐστὶν
3227 4840 3453 4910 ἀγαθὸς,
3482 4843 3742 4899 ἐπιδώσει
3768 4846 3844 4899 τὸν

2260 4933 2431 4987 ἔλεον.

644 5034 806 5089 Vens.
844 5033 1030 5089 III-l6.
1065 5033 1133 5089 Et
1191 5024 1376 5105 peribit
1420 5035 1542 5106 fuga
1578 5053 1611 5089 a
1648 5051 1882 5102 cursore,
1913 5046 1961 5088 et
2000 5034 2151 5104 [ortis

2329 5025 2442 5081 Kal
2487 5024 2799 5089 ἀπολεῖται
2843 5025 3007 5095 φυγὴ
3057 5025 3128 5080 ἐκ
3160 5025 3449 5096 δρομέως,
3487 5030 3589 5082 καὶ
3644 5034 3681 5085 ὁ
3718 5049 3840 5099 apa-

567 5143 669 5180 non
697 5128 943 5180 obtinebit
970 5127 1331 5196 fortitudinem
1358 5144 1533 5190 suam,
1558 5138 1603 5180 et
1629 5138 1888 5196 pugnator
1908 5141 2013 5179 non
2038 5124 2152 5179 sal-

2287 5118 2416 5186 αιὸς
2455 5120 2529 5173 οὐ
2562 5117 2650 5187 μὴ
2694 5116 2969 5187 κρατήσῃ
3007 5116 3118 5186 τῆς
3165 5120 3383 5187 ἰσχύος
3432 5122 3643 5187 αὐτοῦ,
3688 5125 3782 5177 καὶ
3810 5126 3838 5176 ό

567 5216 707 5269 vubit
748 5217 979 5269 animam
1021 5232 1203 5283 suam,
1240 5227 1286 5271 et
1332 5218 1614 5287 sagittator
1645 5232 1747 5270 non
1787 5216 2060 5279 subsistet.
2100 5227 2148 5271 et

2286 5213 2526 5284 κιχητὴς
2571 5216 2645 5267 οὺ
2682 5213 2769 5282 μὴ
2824 5212 2999 5282 σώσῃ
3042 5213 3159 5281 τὴν
3195 5214 3412 5283 ψυχὴν
3442 5217 3650 5281 αὐτοῦ,
3684 5219 3781 5273 καί
3808 5220 3837 5271 d

566 5307 714 5360 velox
743 5308 962 5376 pedibus
992 5310 1102 5362 suis
1130 5325 1235 5362 non
1260 5308 1571 5372 salvabitur,
1604 5322 1766 5376 neque
1794 5323 1947 5378 eques
1975 5307 2151 5363 salva-

2286 5307 2501 5373 οξότης
2554 5308 2626 5358 οὐ
2665 5303 2751 5374 μὴ
2800 5302 3076 5372 {morm},
3110 5305 3208 5357 καὶ
3240 5307 3274 5358 ό
3305 5304 3451 5372 ὀξὺς
3505 5307 3632 5374 τοῖς
3663 5308 3838 5363 ποσὶν

567 5399 638 5452 bit
673 5400 906 5453 animam
941 5417 1113 5455 suam.
1148 5397 1217 5452 Et
1252 5400 1474 5453 inueniet
1511 5400 1740 5452 animam
1777 5415 1927 5452 suam
1961 5399 2018 5452 in
2052 5416 2148 5469 po-

2286 5396 2438 5450 ιὺτοῦ
2465 5397 2537 5449 οὐ
2571 5394 2657 5465 μὴ
2688 5393 2978 5462 διασωθῇ,
3012 5395 3112 5449 καὶ
3146 5398 3179 5449 ὀ
3212 5396 3431 5461 ἱππεὺς
3459 5399 3532 5452 οὐ
3555 5399 3641 5467 μὴ
3671 5400 3834 5469 σώσῃ

566 5492 868 5546 teutatibus.
911 5491 1102 5547 Nudus
1146 5502 1484 5562 persequetur
1520 5491 1577 5545 in
1618 5488 1801 5544 diebus
1842 5489 1972 5557 illis,
2015 5491 2141 5545 dicit

2286 5488 2365 5557 ὴν
2388 5488 2605 5557 ψυχὴν
2625 5488 2833 5541 αὑτοῦ.
2862 5488 2971 5541 Καὶ
2998 5486 3244 5555 εὑρήσει
3272 5488 3388 5557 τὴν
3415 5490 3630 5559 ψυχὴν
3659 5492 3835 5547 αὐτοῦ

562 5582 840 5640 Dominus.
1092 5629 1109 5647 .

2286 5598 2318 5633 ν
2342 5580 2746 5646 δυναστείαις.
2786 5578 2849 5632 '0
2880 5579 3109 5648 γυμνὸς
3139 5579 3407 5645 διώξετιιι
3437 5583 3509 5637 ἐν
3543 5582 3676 5650 ταῖς
3704 5584 3832 5653 ἠμέ-
3931 5588 3933 5590 ’

2244 5689 2378 5742 ραις
2407 5672 2689 5737 ἐκείναις,
2725 5670 2893 5741 λέγει
2921 5672 3160 5741 Κύριος.

696 5786 884 5842 Matth.
927 5803 982 5851 κ,
1004 5786 1074 5842 20
