4068 6546
210 256 239 275 κ

164 399 295 457 455

1146 390 1696 449 COMMENTARIUS
1735 389 1799 444 IN
1843 387 2029 443 AMOS
2068 385 2514 444 PROPIIETAM.

3349 390 3456 449 ιδι

253 514 383 569 KA'.
419 508 582 564 Οὐδὲν
615 504 905 571 ἀνασώσει,
936 506 1122 578 φησὶν,
1149 508 1207 560 ὲν
1238 508 1421 580 ἡμέρᾳ
1451 507 1623 581 ὀργῆς
1651 506 1770 566 τοὺς

1952 501 2141 558 xxnv.
2177 500 2342 568 Nihil,
2373 502 2569 574 inquit,
2597 503 2757 559 saluti
2785 504 2886 560 erit
2914 504 2966 561 in
2996 507 3082 564 die
3111 507 3205 563 irae
3234 466 3337 562 uti.
3362 507 3453 577 qni

161 601 730 679 ττροσοιεκρουκότας·
760 600 821 653 οὐ
858 596 1037 653 ποδῶν
1073 598 1271 671 ὀξύτης
1304 599 1397 653 τὸν
1433 598 1770 672 δρομικώτα-

164 716 275 752 τον
307 693 623 758 -ἁπαλλάξει
658 692 769 745 τῶν
815 691 1034 746 κακῶν·
1067 694 1127 745 οὺ
1165 690 1419 762 σώματος
1467 690 1626 763 ῥώμη
1678 691 1771 745 τὸν

172 786 449 856 εὐσθενῆ·
478 784 579 837 οὐκ
624 782 889 853 ἐμπειρία
927 780 1197 852 πολεμικὴ
1231 782 1320 835 τὸν
1358 781 1534 835 είδότα
1576 781 1646 836 τὰ
1674 798 1770 835 τα-

186 880 380 944 ιτικὰ,
420 878 515 931 καὶ
557 876 618 929 τὸ
661 874 899 943 τοξεύειν
950 874 1149 946 ἄριστα
1195 873 1630 945 μεμελετηκότα,
1677 874 1770 927 καὶ

316 970 491 1039 τούτῳ
519 966 983 1038 τεθαυμασμένον.
1018 966 1299 1037 Ἀνδνητος
1326 964 1384 1018 δὲ
1411 968 1521 1029 τοῖς
1553 966 1770 1037 χρωμέ-

172 1081 297 1127 νοις
341 1063 438 1117 καὶ
470 1062 503 1134 ἡ
535 1059 645 1115 τῶν
678 1059 865 1113 ἵππων
902 1055 1162 1129 ταχύτης,
1214 1056 1308 1110 καὶ
1360 1056 1493 1109 αὐτὸ
1532 1056 1591 1109 δὲ
1635 1055 1770 1129 πρὸς

175 1156 362 1227 τούτῳ
385 1155 448 1209 τὸ
488 1155 587 1226 τὴν
631 1151 959 1223 ἱππόκροτον
996 1150 1193 1205 εἰδέναι
1244 1150 1444 1221 μάχην.
1468 1148 1608 1202 Ἀλλ’
1636 1149 1770 1203 ἔκα-

180 1263 310 1310 ττος
347 1244 552 1299 τούτων
594 1242 818 1313 εὑρήσει
865 1239 1054 1309 σαφῶς
1087 1239 1185 1311 τὴν
1229 1239 1423 1293 ἑαυτοῦ
1455 1237 1681 1312 καρδίαν
1712 1240 1771 1291 ὲν

182 1336 547 1399 δυναστείαις,
582 1332 848 1396 τουτέστι,
886 1330 1492 1403 καταδυναστευομένην
1520 1334 1631 1394 τοῖς
1662 1330 1772 1384 δεί-

176 1447 323 1499 μασι
346 1469 361 1493 ,
405 1428 499 1481 καὶ
569 1424 1009 1497 παραχωροῦσαν
1052 1423 1255 1495 ἀμαχεὶ
1308 1425 1421 1487 τοῖς
1468 1422 1771 1494 καταδῃοῦν

179 1520 430 1574 ἐθέλουσι
453 1518 513 1572 τὸ
541 1520 716 1589 νικᾷν.
747 1519 939 1572 Ἔσται
966 1514 1076 1588 γὰρ
1104 1517 1224 1569 τότε
1249 1515 1417 1569 δειλία
1450 1515 1548 1587 μὲν
1576 1515 1685 1569 τῶν
1711 1515 1771 1583 ἐξ

187 1611 452 1684 Ἰσραὴλ,
494 1608 732 1680 τοσαύτη
781 1608 839 1663 δὲ
892 1607 1177 1662 δυναστεία
1228 1608 1337 1661 τῶν
1393 1606 1768 1673 Βαϐυλωνίων,

173 1702 328 1757 ὥστε
379 1704 474 1756 καὶ
512 1701 728 1755 διώκειν
772 1699 1031 1754 δύνασθαι
1074 1700 1165 1753 τὸν
1212 1699 1438 1771 γυμνὸν,
1486 1698 1767 1762 τουτέστι,

178 1791 512 1863 κατισχῦσαι
535 1790 645 1844 τῶν
673 1792 732 1843 ἐν
757 1790 961 1855 ὅπλοις,
987 1788 1092 1843 κᾶν
1121 1788 1174 1841 εί
1200 1806 1284 1852 τις
1314 1787 1631 1859 άοώρηκτος
1663 1788 1769 1841 τῶν

1878 604 2259 668 peccaverunt.
2300 594 2414 650 Non
2459 595 2710 652 celeritas
2752 596 2945 666 pedum
2990 614 3267 655 cursorem
3310 600 3455 669 opti-

1878 703 2023 743 mum
2070 685 2225 741 malis
2265 686 2493 753 eximet,
2534 702 2638 741 non
2680 687 2823 744 vires
2864 691 3108 760 corporis
3150 692 3452 755 robustum,

1879 793 1983 832 non
2017 777 2206 848 peritia
2237 777 2489 833 militaris
2517 777 2732 845 ducem,
2762 795 2867 835 non
2897 795 3105 836 summa
3137 782 3455 838 exercitatio

1877 871 2216 941 sagittarium
2259 870 2601 941 praeclarum.
2648 872 2920 941 Equorum
2962 873 3217 930 velocitas
3256 877 3457 945 equiti-

1879 963 2000 1029 bus,
2026 971 2082 1017 et
2112 963 2335 1033 insuper
2360 962 2693 1033 equestrium
2726 962 3108 1019 decursionum
3147 965 3335 1020 notitia
3372 966 3455 1019 ni-

1877 1051 1953 1107 hil
1986 1052 2256 1123 proderit;
2291 1052 2385 1107 sed
2420 1054 2795 1123 unusquisque
2833 1072 2850 1106 ι
2893 1053 3132 1109 inveniet
3171 1071 3265 1110 cor
3298 1071 3456 1110 suum

1878 1143 2160 1200 manifeste
2190 1145 2244 1199 in
2276 1145 2664 1215 potentatibus,
2705 1165 2723 1199 ι
2764 1147 2866 1202 Ιιοο
2894 1157 3002 1210 est,
3034 1149 3331 1204 terroribus
3364 1164 3455 1218 po-

1880 1242 2057 1289 tenter
2084 1249 2403 1305 oppressum
2422 1276 2439 1303 ,
2470 1244 2523 1290 et
2551 1236 2838 1294 devastare
2866 1253 2925 1293 se
2954 1237 3287 1303 volentibus.
3321 1240 3457 1293 citra

1878 1343 2107 1398 pugnam
2150 1328 2414 1384 concedet
2452 1327 2760 1384 victoriam.
2805 1330 3101 1385 Timebunt
3141 1331 3284 1385 enim
3334 1340 3459 1386 tunc

1878 1420 2153 1476 Israelita}.
2181 1419 2353 1474 Tanta
2383 1430 2563 1474 autem
2595 1421 2699 1477 erit
2732 1419 3153 1493 Babyloniorum
3190 1422 3456 1492 potentia,

1878 1522 1938 1568 ut
1971 1513 2143 1585 possit
2179 1513 2343 1569 etiam
2384 1514 2563 1569 nudus
2599 1515 2869 1584 persequi,
2905 1515 3008 1570 hoc
3046 1524 3129 1571 est
3168 1514 3460 1585 praevalere

1878 1605 2129 1669 armatis,
2173 1604 2388 1659 etiamsi
2432 1604 2674 1675 ipsorum
2726 1604 3145 1678 Babyloniorum
3192 1607 3456 1677 quispiam

1880 1697 2105 1752 thorace
2137 1696 2352 1752 indutus
2382 1711 2487 1751 non
2518 1698 2620 1761 sit,
2649 1708 2703 1753 et
2734 1697 2943 1768 insequi
2975 1698 3147 1767 possit
3173 1701 3340 1753 armis
3373 1700 3458 1752 in-

1878 1796 2138 1843 strnctum
2163 1788 2413 1843 omnibus
2459 1788 2504 1843 is
2540 1788 2631 1859 qui
2659 1789 2828 1844 armis
2851 1800 3034 1844 careat
3058 1799 3113 1845 et
3138 1790 3456 1859 imparatus.

178 1880 579 1936 Βαδυλωνίωνο
623 1880 719 1933 καὶ
745 1878 961 1933 διώκειν
992 1876 1248 1931 δύνασθαι
1292 1879 1419 1941 τοὺς
1457 1881 1515 1932 ἐν
1545 1895 1770 1931 παντευ-

1879 1881 1985 1935 Deo
2013 1866 2176 1951 igitur
2197 1880 2250 1934 in
2284 1879 2705 1936 imbecillitatem
2734 1892 3129 1951 prosternente,
3158 1898 3294 1953 quos
3319 1883 3457 1938 allii—

177 1974 278 2045 χίᾳ
314 1972 409 2026 τὸν
440 1971 638 2025 ἄοπλόν
677 1987 736 2023 τε
776 1970 871 2023 κει)⁵
897 1969 1145 2023 ἄσκευον.
1183 1968 1392 2024 Οὐκοῦν
1423 1968 1558 2022 Θεοῦ
1600 1986 1772 2022 κατα-

178 2064 428 2128 σείοντος
458 2064 538 2127 είς
563 2061 870 2126 ἀσθένειαν,
897 2060 990 2125 οὓς
1019 2061 1085 2115 ἂν
1104 2061 1275 2115 ἕλοιτο
1303 2060 1527 2125 κακοῦν,
1554 2061 1775 2114 ἐπικου-

180 2157 412 2229 ρήσειεν
446 2156 512 2209 ἂν
544 2153 719 2210 οὐδέν.
743 2154 854 2207 Καὶ
882 2153 1061 2217 τοῦτο,
1090 2149 1264 2225 οἶμαι,
1298 2153 1416 2207 ἐστὶ
1452 2153 1513 2207 τὸ
1546 2152 1635 2207 διὰ
1675 2155 1774 2225 τῆς

179 2248 281 2303 τοῦ
321 2247 633 2311 Ψάλλοντος
670 2247 853 2317 φωνῆς
881 2246 1252 2318 ἑτεροτρόπως
1290 2248 1425 2317 ἡμῖν
1463 2246 1771 2318 εἰρημένον·

184 2360 207 2394 ι
240 2342 364 2395 θῦκ
396 2343 455 2394 ὲν
482 2343 548 2412 τῇ
576 2338 868 2411 δυναστείᾳ
890 2338 982 2392 τοῦ
1010 2340 1178 2392 ἵππου
1206 2338 1443 2411 Θελήσει.
1469 2358 1488 2391 ι
1528 2340 1637 2393 Καὶ
1666 2339 1773 2393 πά-

177 2432 298 2486 λιν·
334 2451 353 2484 (
380 2431 596 2502 Ψευδὴς
622 2431 786 2495 ἵππος
814 2432 893 2494 είς
922 2430 1214 2503 σωτηρίαν.
1240 2449 1260 2484 ι
1290 2431 1549 2503 Ἀνόνητα
1574 2430 1682 2504 γάρ
1708 2432 1776 2486 τὰ

174 2524 370 2579 τοιάδε
398 2520 709 2586 παντελῶς,
745 2523 819 2594 μὴ
850 2523 1236 2589 συναθλοῦντος
1273 2523 1431 2579 Θεοῦ.
1457 2525 1627 2589 Αὐτὸς
1665 2525 1773 2597 γάρ

178 2616 341 2670 ἔστιν
364 2618 394 2669 δ
432 2616 543 2671 τῶν
576 2616 856 2686 δυνάμεων
902 2614 1137 2687 Κύριος,
1165 2618 1193 2669 ό
1232 2616 1401 2689 νεῦρα
1445 2616 1619 2682 διδοὺς
1660 2620 1773 2683 τοῖς

179 2708 552 2781 ὴσθενηκόσι,
591 2710 686 2764 καὶ
732 2708 1047 2782 ἀπονευρῶν
1085 2709 1210 2773 τοὺς
1248 2708 1643 2781 λελυπηκότας*
1678 2711 1774 2765 καὶ

183 2801 292 2854 σὺν
332 2801 480 2873 αὐτῷ
516 2801 615 2872 μὲν
646 2821 665 2854 ι
693 2801 954 2869 Διὼξεται
993 2795 1075 2866 εἷς
1106 2800 1333 2872 χιλίους,
1369 2800 1463 2855 δύο
1491 2802 1548 2856 δὲ
1572 2797 1638 2857 αὖ
1674 2820 1774 2873 με-

179 2894 547 2964 τακινήσουσι
595 2893 924 2965 μυριάδας.»
975 2893 1427 2965 Δαπανηθήσεται
1459 2894 1516 2948 δὲ
1566 2894 1776 2966 πληθὺς

178 2986 361 3057 πολλὴ
391 2987 487 3040 καὶ
517 2986 847 3059 ἀμέτρητος,
883 2986 977 3041 δύο
1008 3004 1110 3041 που
1148 2988 1288 3059 τάχα
1317 2986 1413 3042 καὶ
1449 2986 1616 3059 τριῶν
1644 2986 1771 3043 ἀνθ-

177 3076 522 3147 εστηκότων,
552 3078 600 3130 εί
631 3077 707 3148 μὴ
748 3078 1004 3151 ὲπαμύνῃ
1027 3076 1183 3141 Θεός.

452 3198 838 3289 ΤΟΜΟΣ
912 3197 1507 3288 ΔΕΥΤΕΡΟΣ.

770 3440 775 3443 ι
796 3358 1043 3412 ΚΕΦΑΛ.
1079 3356 1155 3412 Γ.

266 3472 589 3528 Ἀκούσατε
627 3473 735 3527 τὸν
764 3473 952 3541 λόγον
982 3472 1219 3537 τοῦτον,
1252 3472 1324 3526 ὃν
1356 3472 1624 3541 ἐλάλησα
1652 3473 1772 3528 Κύ-

170 3587 315 3640 ριος
342 3567 436 3639 ἐφ’
462 3566 636 3637 ὑμᾶς,
661 3562 825 3631 οἶκος
852 3565 958 3619 τοῦ
992 3564 1250 3634 Ἰσραὴλ,
1269 3565 1367 3619 καί
1394 3566 1542 3621 κατὰ
1569 3565 1773 3635 πάσης

177 3660 395 3731 φυλῆς
438 3655 515 3729 ἧς
550 3657 853 3727 ἀνήγαγεν
905 3658 976 3711 ἐκ
1024 3657 1133 3728 τῆς
1178 3658 1503 3729 Αίγύπτου,
1540 3656 1767 3728 λέγων’

178 3752 366 3821 Πλὴν
388 3750 546 3821 ὑμᾶς
572 3750 765 3821 ἔγνων
790 3751 859 3804 ἐκ
889 3749 1103 3805 πασῶν
1124 3748 1335 3819 φυλῶν
1357 3748 1468 3818 τῆς
1508 3749 1640 3819 τῆς.
1670 3747 1773 3802 Διὰ

176 3839 367 3895 τοῦτο
417 3838 715 3905 ἐκδικήσω
766 3837 858 3908 ἐφ’
908 3837 1063 3909 ὑμᾶς
1096 3837 1298 3905 πάσας
1345 3838 1452 3905 τὰς
1484 3837 1770 3909 ἁμαρτίας

178 3931 374 4002 ὑμῶν.

251 4023 390 4078 KE’.
448 4023 607 4077 Κατὰ
662 4022 863 4087 παντὸς
914 4022 981 4076 ἂν
1036 4024 1208 4077 νοοῖτο
1272 4022 1489 4094 Ἰσραὴλ
1530 4018 1771 4090 γεγονὼς

175 4115 206 4168 ὁ
234 4114 403 4183 λόγος
423 4114 540 4179 ,οὐκ
571 4114 673 4167 ἀνά
711 4113 875 4185 μέρος
903 4112 983 4167 ἔτι
1015 4113 1299 4185 τιθεμένου
1326 4113 1420 4167 τοῦ
1459 4112 1647 4178 Ἰούδα,
1676 4113 1770 4167 καὶ

173 4205 276 4260 τοῦ
326 4203 587 4277 Ἐφραίμ,
617 4206 730 4260 ἀλλ’
761 4208 841 4268 είς
884 4206 941 4260 ἓν
988 4206 1176 4278 ὥσπερ
1214 4206 1643 4279 συνειλημμένου
1673 4206 1767 4259 τοῦ

179 4298 392 4362 παντὸς
426 4298 640 4367 γένους.
685 4298 1043 4371 Ἀνεκομίσοη
1082 4299 1192 4371 γὰρ
1221 4299 1278 4366 ὲξ
1311 4299 1586 4369 Αἰγύπτου
1616 4300 1769 4352 πᾶσα

176 4387 329 4458 φυλή
361 4388 471 4442 τῶν
521 4389 581 4454 ἐξ
648 4390 883 4462 Ἰσραήλ.
930 4390 1156 4455 Οὐδενὸς
1203 4386 1295 4445 οῦν
1342 4391 1447 4458 ἔξω
1495 4390 1764 4456 τεθέντος,

1875 1983 2002 2038 gere
2022 1969 2274 2033 voluerit,
2298 1968 2406 2024 illis
2428 1968 2559 2024 nihil
2584 1970 2842 2040 cpitulari
2868 1974 3086 2042 poterit.
3108 1971 3286 2042 Atque
3313 1974 3454 2029 istud

1875 2070 1979 2125 est,
2013 2060 2224 2131 Opinor,
2262 2061 2405 2129 quod
2440 2075 2569 2115 voce
2602 2060 2903 2119 Psalmistae
2937 2063 3058 2119 aliis
3089 2066 3269 2121 verbis
3303 2066 3458 2121 nobis

1876 2151 2145 2207 indicatur
2171 2169 2184 2206 :
2219 2168 2238 2203 ι
2274 2151 2389 2207 Νοιι
2419 2151 2473 2206 itt
2502 2150 2817 2207 fortitudine
2842 2155 2965 2223 equi
2986 2154 3324 2231 voluntatem
3356 2156 3454 2209 ba-

1877 2242 2022 2298 bebit
2048 2242 2113 2296 ⁸⁷.
2156 2259 2175 2294 ι
2220 2242 2283 2296 Et
2325 2258 2541 2299 rursum
2579 2262 2594 2299 :
2636 2262 2655 2297 ‹
2696 2244 2884 2299 Fallax
2925 2261 3096 2316 equus
3133 2245 3199 2300 ad
3239 2246 3455 2301 salvan-

1875 2335 2001 2389 dum
2023 2334 2089 2390 “.
2128 2354 2146 2388 ι
2178 2335 2391 2390 lnntilia
2422 2336 2565 2391 enim
2597 2345 2724 2392 sunt
2754 2338 2854 2392 ista
2888 2338 3152 2403 funditus,
3184 2339 3283 2394 nisi
3315 2339 3459 2394 Dens

1875 2436 2175 2497 pugnantes
2219 2426 2455 2497 adjuvet.
2501 2427 2618 2498 Ipse
2663 2428 2805 2483 enim
2856 2439 2938 2484 est
2985 2429 3241 2484 Dominus
3281 2432 3456 2484 virtu-

1877 2527 1989 2573 tum
2016 2519 2082 2587 σθ,
2106 2519 2196 2589 qui
2228 2519 2456 2575 infirmis
2483 2534 2679 2576 nervos
2710 2520 3122 2587 subministrat,
3149 2531 3203 2578 et
3232 2531 3457 2578 enerVat

1877 2624 1906 2664 a
1935 2610 2131 2681 quibus
2162 2620 2247 2666 est
2281 2610 2538 2667 offensus.
2567 2612 2634 2668 Et
2674 2611 2763 2667 illo
2798 2613 2967 2675 socio,
3004 2631 3022 2663 ι
3067 2611 3216 2668 Unus
3250 2613 3457 2683 fugabit

1878 2702 2043 2770 mille,
2070 2712 2126 2758 et
2156 2702 2263 2758 duo
2294 2702 2557 2772 fugabunt
2584 2703 2770 2760 decem
2802 2704 2966 2758 millia
2988 2704 3057 2767 '°,
3096 2722 3118 2758 ι
3152 2705 3458 2775 peribitque

1876 2795 2166 2851 multitudo
2202 2795 2389 2867 ingens
2424 2804 2480 2851 et
2516 2796 2777 2851 immensa
2799 2837 2814 2862 ,
2850 2811 2879 2849 a
2914 2798 3125 2851 duobus
3156 2806 3251 2851 aut
3286 2797 3460 2852 tribus

1875 2888 2111 2945 fortasse
2137 2887 2405 2955 concissa,
2440 2887 2542 2943 nisi
2577 2888 2718 2944 Deus
2747 2887 2894 2943 illam
2928 2887 3246 2945 defenderit.

2084 3212 2496 3308 TOMUS
2583 3215 3239 3307 SECUNDUS.

2526 3362 2678 3419 CAP.
2720 3362 2785 3417 Ill

1944 3479 2114 3535 Vsus.
2153 3480 2216 3542 1,
2254 3480 2311 3534 2.
2350 3478 2545 3535 Audite
2582 3482 2790 3534 verbum
2826 3478 2923 3531 hoc
2962 3480 3101 3546 quod
3139 3479 3343 3534 locutus
3382 3491 3457 3535 est

1878 3572 2134 3627 Dominus
2170 3587 2327 3639 super
2356 3587 2468 3635 vos,
2502 3572 2688 3624 domus
2729 3568 2918 3635 Israel,
2952 3581 2998 3623 et
3036 3581 3220 3623 contra
3254 3587 3458 3625 animm

1874 3662 2070 3717 tribum
2088 3701 2103 3726 ,
2130 3678 2286 3733 quant
2315 3662 2495 3715 eduxit
2526 3662 2589 3715 de
2618 3670 2760 3715 terra
2780 3660 3033 3731 .Egypli,
3063 3663 3241 3715 dicens
3267 3676 3286 3715 :
3313 3661 3455 3715 Tan-

1874 3753 2140 3807 tummodo
2168 3769 2257 3807 vos
2286 3752 2501 3822 cognovi
2529 3768 2593 3807 εει
2622 3753 2865 3807 omnibus
2897 3753 3134 3807 tribubus
3164 3763 3335 3807 terra.
3364 3750 3458 3808 Id-

1872 3846 2013 3899 circo
2043 3844 2272 3899 ulciscar
2295 3860 2449 3912 super
2473 3860 2560 3899 vos
2590 3845 2767 3899 omnia
2798 3855 3012 3913 peccata
3043 3854 3237 3901 uestra.

1942 4020 2104 4091 275
2143 4019 2311 4076 XXV.
2353 4020 2469 4077 Non
2500 4019 2613 4088 iam
2648 4021 2715 4075 de
2746 4019 2881 4076 Juda
2916 4031 2971 4075 et
3005 4020 3264 4093 Ephraim
3298 4039 3456 4095 sepa-

1873 4115 2054 4179 ratim,
2082 4112 2174 4168 sed
2204 4114 2272 4168 de
2296 4113 2549 4167 universo
2576 4110 2795 4179 lsraele,
2824 4125 2874 4168 et
2899 4113 3045 4169 velut
3074 4125 3184 4170 tota
3214 4124 3372 4186 gente
3401 4119 3453 4171 in

1871 4221 2036 4261 unum
2067 4205 2292 4260 collecta
2326 4205 2445 4260 lucc
2479 4205 2704 4275 intelligi
2738 4216 2969 4276 possunt
3006 4226 3021 4262 :
3056 4222 3247 4263 omnes
3280 4209 3454 4277 siqui-

1870 4300 1989 4353 dem
2034 4297 2207 4352 tribus
2244 4295 2609 4352 Israelitarum
2651 4312 2719 4352 ex
2754 4297 2990 4371 Aigypto
3028 4300 3263 4356 reductae
3305 4311 3449 4357 sunt.

1870 4391 2096 4448 Nemine
2125 4390 2292 4461 igitur
2316 4390 2571 4458 excluso,
2601 4404 2721 4459 quae
2752 4391 3003 4445 dicuntur
3029 4407 3059 4445 a
3092 4391 3232 4457 Deo,
3264 4393 3453 4447 audire

178 4479 424 4533 ἀκοῦσαι
454 4482 790 4552 προστέταχε
834 4483 901 4537 τὰ
933 4487 1084 4554 παρὰ
1111 4483 1205 4536 τοῦ
1252 4482 1411 4537 Θεοῦ.
1443 4484 1576 4537 Τίνα
1612 4482 1668 4536 δὲ
1698 4478 1766 4554 ἦν

1875 4484 2038 4554 iubet.
2068 4484 2198 4549 Quae
2223 4492 2402 4537 autem
2432 4484 2646 4537 tandem
2676 4492 2732 4538 et
2756 4483 2906 4538 haec?
2935 4483 3099 4538 Millia
3126 4483 3292 4538 multa
3319 4485 3451 4540 civi-

174 4571 276 4625 καὶ
310 4571 470 4638 τάδε;
498 4547 879 4645 ’Μυρίαιϋμὲν
924 4547 1035 4645 γάρ
1072 4576 1209 4627 εἰσιν
1242 4576 1386 4639 ὃσαι,
1429 4575 1614 4645 φησὶν,
1662 4547 1765 4627 ἀνὰ

1875 4587 2043 4633 talum
2074 4587 2130 4631 et
2161 4576 2439 4645 regionum
2471 4574 2573 4630 sub
2600 4574 2714 4630 sole
2743 4584 2901 4638 sunt,
2928 4586 2983 4629 et
3012 4591 3271 4631 numerus
3302 4576 3451 4631 inco-

174 4665 366 4715 πᾶσαν
419 4663 518 4735 τὴν
572 4665 664 4717 ὑπ’
712 4666 939 4738 οὐρανὸν
977 4666 1160 4729 πόλεις
1207 4683 1266 4719 τε
1314 4667 1409 4720 καί¹
1440 4667 1637 4739 χῶραι,
1673 4667 1765 4720 καὶ

1875 4668 2042 4725 larum
2070 4667 2338 4724 infinitus.
2362 4666 2468 4722 Sed
2490 4682 2557 4722 ex
2577 4667 2827 4722 omnibus
2849 4682 2943 4721 vos
2966 4667 3236 4723 lsraelitas
3261 4669 3446 4738 selegi.

174 4753 424 4827 ἀριθμοῦ
459 4755 741 4827 κρείττους
778 4758 829 4810 οί
867 4759 925 4811 ὲν
969 4758 1179 4821 αὑταῖςο
1211 4758 1326 4811 ἀλλ’
1358 4759 1501 4829 ὑμᾶς
1530 4759 1597 4812 ὲκ
1630 4759 1765 4813 πάν-

1875 4760 2131 4831 Meipsum
2161 4760 2313 4815 vobis
2345 4774 2439 4829 per
2468 4758 2745 4828 complura
2778 4757 3038 4813 miracula
3072 4758 3448 4828 manifestavi;

172 4864 289 4901 των
326 4849 453 4911 τοὺς
476 4846 537 4912 ἐξ
586 4848 804 4920 Ἰσραὴλ
832 4848 1166 4914 ἀπολέκτους
1197 4851 1564 4922 ἐποιησάμην,
1593 4851 1764 4921 ἐμαυ-

1875 4851 1989 4905 dira
2022 4862 2079 4907 et
2118 4849 2453 4905 intoleranda
2487 4849 2753 4905 servitute
2780 4864 2879 4902 vos
2911 4849 3171 4915 liberavi;
3205 4849 3450 4907 beatissi-

170 4939 267 4991 τὸν
321 4941 528 5011 ἐναργῆ
581 4958 640 4993 τε
690 4943 1000 5013 κατέστησα
1051 4942 1141 4996 διὰ
1191 4942 1400 4996 πολλῶν
1450 4943 1766 5014 θαυμάτων,

1875 4957 1988 4997 mos
2019 4950 2074 4997 et
2109 4942 2179 4997 ab
2215 4940 2468 4996 omnibus
2502 4938 2875 5010 praedicandos
2911 4942 3140 4997 reddidi.
3176 4941 3319 5015 Lege
3352 4959 3452 5001 vos

172 5029 465 5100 ἐξειλόμην
499 5034 703 5103 πικρᾶς
758 5035 855 5087 καὶ
886 5036 1163 5107 ἀφορήτου
1194 5034 1459 5099 δουλείας,
1492 5035 1767 5107 ζηλωτοὺς

1875 5034 2110 5099 erudiri,
2144 5042 2203 5087 ut
2238 5032 2530 5102 placeretis
2565 5032 2733 5097 milii;
2772 5032 2908 5089 meis
2940 5033 3160 5090 auxiliis
3194 5046 3448 5106 tanquam

172 5121 439 5193 ἀπέφηνα
477 5125 571 5177 καὶ
611 5128 1067 5197 τρισμακαρίους·
1105 5126 1571 5198 πεπαιδαγώγηκα
1618 5128 1766 5199 νόμῳ

1875 5141 2021 5183 muro
2062 5124 2415 5192 communivi;
2456 5124 2508 5178 in
2557 5134 2757 5179 terram
2802 5124 3048 5195 patrihus
3087 5126 3283 5181 vestris
3324 5141 3449 5194 pro-

175 5213 317 5285 πρὸς
348 5215 410 5267 τὸ
441 5216 674 5286 ἀρέσκον
710 5218 852 5288 ἐμοὶ,
882 5219 1192 5289 ἁνετείχισα
1232 5223 1351 5283 ταῖς
1394 5220 1759 5292 ἐπικουρίαις,

1875 5220 2090 5276 missam
2139 5217 2349 5273 induxi.
2394 5217 2660 5283 Quoniam
2710 5226 2892 5273 autem
2938 5218 3039 5274 soli
3085 5233 3150 5273 ex
3197 5220 3449 5274 omnibus

179 5306 540 5375 είσκεκόμικα
568 5307 623 5360 δὲ
654 5308 748 5361 καὶ
773 5311 852 5374 εἰς
887 5310 990 5380 γῆν
1021 5312 1119 5382 τὴν
1140 5313 1250 5375 τοῖς
1281 5313 1553 5379 πατράσιν
1589 5313 1762 5381 ἐπηγ-

1875 5320 1979 5366 tam
2016 5309 2316 5366 illustribus
2349 5324 2378 5362 a
2417 5325 2502 5363 me
2534 5308 2815 5364 beneﬁciis
2849 5308 3090 5377 dignati,
3123 5308 3450 5364 exacerbare

186 5394 471 5466 τλμένην.
525 5398 742 5469 Ἐπειδὴ
776 5400 832 5454 δὲ
864 5401 1035 5471 μόνοι,
1085 5404 1269 5471 φησὶν,
1307 5404 1371 5456 ὲκ
1404 5405 1619 5459 πάντων
1660 5404 1761 5473 τῆς

179 5487 316 5541 ,ῦτω
363 5491 697 5563 περιφανοῦς
746 5493 1041 5564 ἠξιωμένοι
1093 5496 1311 5567 χάριτος
1360 5496 1653 5561 λυποῦντες
1701 5499 1763 5551 οὐ

168 5581 532 5651 ωτελήξατε,
570 5583 665 5636 καὶ
702 5583 1178 5655 προπεκροὺκατε
1215 5587 1587 5659 πολυτρόπως,
1632 5587 1764 5641 ταύο

162 5690 323 5748 τῃτοι
361 5674 546 5727 λοιπὸν
578 5676 705 5740 τοὺς
733 5675 832 5747 τῆς
877 5678 1133 5742 ἀπονοίας
1176 5680 1321 5743 ὑμᾶς
1360 5680 1630 5743 ἑξαιιήσω
1672 5680 1761 5734 λόο

1867 5412 1922 5459 οι
1953 5402 2135 5458 multis
2168 5402 2341 5457 modis
2373 5400 2651 5457 oﬂ'endere
2686 5415 2771 5455 me
2806 5416 2910 5456 non
2946 5401 3214 5467 desinitis,
3249 5402 3448 5455 idcirco

1867 5496 2095 5565 posthac
2122 5494 2449 5550 dementiam
2480 5505 2714 5549 vestram
2743 5494 2994 5549 ulciscar.
3030 5494 3173 5549 Ultra
3202 5507 3294 5547 vos
3325 5508 3448 5561 pec-

1865 5603 2016 5651 care,
2040 5595 2093 5641 et
2120 5588 2339 5658 impune
2366 5587 2469 5640 huc
2494 5598 2787 5641 conversos
2814 5601 2919 5640 non
2950 5588 3145 5656 patiar.
3172 5582 3353 5651 Itaque
3381 5583 3445 5635 de

1866 5689 2066 5735 caatcro
2109 5680 2417 5750 quicunque
2457 5678 2625 5733 Deum
2670 5679 3093 5748 contempserit,
3133 5685 3191 5732 et
3230 5674 3443 5730 Domini

235 5833 286 5868 ⁸⁷
330 5832 477 5890 Psal.
517 5837 817 5905 cxcvr,10.
896 5837 940 5869 ⁸⁸
1000 5836 1143 5894 Psal.
1186 5856 1357 5907 xxxii,
1398 5840 1483 5895 l7.
1561 5830 1606 5873 θ
1654 5840 1770 5896 Psa

1888 5857 2009 5910 xm,
2054 5842 2139 5897 10.
2220 5843 2266 5875 ⁷⁸
2309 5841 2461 5898 Dent.
2505 5856 2655 5895 xxxii
2710 5840 2799 5896 50.
