4068 6568
630 346 740 405 455

1654 341 1715 398 S.
1759 341 2039 398 CYRILIJ
2080 342 2552 401 ALEXANDRINI
2591 344 2912 403 ARCIIIEP.

3798 348 3875 405 ιιι

630 466 715 522 sui
746 460 1411 540 voluntategaspernatus
1445 456 1647 526 fuerit,
1678 473 1742 513 ex
1782 458 1848 514 iis
1881 459 1973 528 qui
2010 468 2107 513 aut
2138 458 2217 529 ip-

2320 477 2471 529 γους.
2505 461 2618 516 Οὐκ
2649 461 2910 532 ἀνέξομαι
2949 458 3413 533 πλημμελούντων
3454 457 3553 525 ἔτι,
3588 460 3687 514 καὶ
3718 460 3872 516 ἀνεπι-

628 572 748 612 sum
776 530 1174 626 cognoverunt,
1199 559 1291 605 aut
1316 549 1385 606 ab
1410 564 1476 608 eo
1502 565 1597 620 per
1616 548 2072 607 inhabitationem
2104 554 2217 623 spi-

632 648 879 671 -2.---I----
926 646 1121 671 ...υ-..ξιξ
1169 654 1293 671 -.η-ι
1361 644 1656 671 ιιΑ-..ἓηεη-ι
1704 652 1752 671 ,ιο
1799 644 2074 671 {non-tn...“
2118 643 2217 671 -HJ

2320 553 2551 625 τίμητον
2588 530 2824 625 ἐχόντων
2853 553 2950 626 τὴν
2988 530 3081 619 εἰς)
3094 530 3253 607 τοῦτο
3283 552 3510 624 τροπήν.
3542 551 3751 606 Οὐκοῦν
3780 556 3874 608 ὁλέο
4001 530 4003 671 ‘

2325 646 2450 671 0--..
2510 646 2765 671 --ιε-..-..
2819 644 2978 671 --..-ι
3030 663 3105 671 -.ε
3153 643 3340 671 ἰη-ι...
3389 643 3445 671 ,λ
3492 647 3869 671 ....-........ἴ..Δ

628 648 881 704 ritualem
923 646 1121 717 cogniti
1168 654 1319 709 sunt,
1361 644 1657 714 perniciem
1703 652 1756 698 et
1799 644 2076 699 interitum
2117 643 2219 700 sibi

630 741 753 795 inde
779 740 1139 810 comparabit.
1165 737 1530 805 Quamobrem
1560 735 1994 805 sapientissimus
2021 734 2219 792 Paulus

632 834 834 890 vocatis
865 848 932 889 ex
963 834 1213 904 gentibus
1246 844 1344 902 per
1374 829 1534 884 ﬁdem
1558 867 1574 894 ,
1608 829 1805 885 deinde
1835 829 2047 900 ignavia
2078 843 2217 899 qua-

634 927 752 980 .lam
788 924 1197 991 laborantibus,
1233 934 1286 978 et
1321 921 1466 976 velut
1501 930 1798 977 retrorsum
1833 921 1987 977 abire
2020 936 2218 992 paran-

635 1018 793 1083 .ibus,
828 1017 1020 1071 scribit
1052 1016 1103 1072 in
1132 1017 1248 1071 haec
1275 1016 1440 1071 verba
1468 1030 1480 1068 :
1517 1032 1536 1065 ι
1572 1010 1728 1069 Nunc
1758 1022 1938 1068 autem
1968 1027 2090 1068 eum
2119 1027 2216 1067 co-

638 1108 924 1181 gnoveritis
951 1108 1155 1170 Deum,
1188 1108 1297 1161 imo
1325 1106 1531 1177 cogniti
1564 1104 1683 1161 sitis
1713 1121 1740 1158 a
1776 1104 1913 1172 Deo,
1944 1102 2217 1175 quomodo

626 1199 1006 1255 convertimini
1042 1199 1237 1255 iterum
1275 1198 1340 1251 ad
1379 1196 1596 1251 inﬁrma
1630 1206 1685 1252 et
1719 1211 1891 1267 egena
1923 1195 2214 1262 elementa,

626 1291 822 1359 quibus
862 1290 1039 1345 denuo
1081 1289 1288 1344 servire
1330 1288 1495 1344 vultis
1520 1287 1609 1342 "?
1648 1305 1667 1339 ι
1715 1286 1884 1341 Norat
1928 1286 2073 1340 enim
2119 1300 2214 1341 eos

626 1381 789 1435 etiam
826 1388 952 1434 ante
986 1379 1142 1435 (idem
1179 1379 1392 1450 Opifex,
1426 1379 1518 1452 qui
1560 1377 1695 1433 nihil
1731 1378 1945 1448 penitus
1976 1378 2210 1448 ignorat.

627 1472 828 1529 Verum
860 1473 913 1526 iu
945 1472 1047 1535 his.
1079 1480 1137 1526 ut
1168 1472 1304 1538 dixi,
1333 1471 1581 1527 fortassis
1608 1470 1847 1541 cognitio
1871 1469 2210 1529 suiritualetn

629 1565 1050 1620 familiaritatem
1082 1563 1464 1636 percommode
1492 1562 1788 1633 signiﬁcat.

2325 646 2453 718 θρου
2508 646 2765 719 πρόξενον
2816 644 2979 700 παντί
3030 663 3108 717 τῳ
3153 643 3340 699 λοιπὸν
3388 643 3449 697 τὸ
3492 647 3873 717 καταφρονῆσαι

2322 735 2489 801 Θεοῦ,
2536 736 2633 790 καὶ
2687 735 3022 790 δεσποτικῶν
3081 734 3349 804 ἀλογῆσαι
3415 732 3738 805 θελημάτων
3784 742 3873 802 erit;

2324 828 2692 897 ὲπεγνωκόσιν
2725 829 2911 892 αὑτὸν,
2950 830 2983 903 ἢ
3018 830 3383 901 ἐγνωσμένοις
3433 831 3561 903 παρ’
3599 830 3760 884 αὐτοῦ
3798 852 3873 888 κα-

2322 917 2397 971 τά
2419 934 2482 987 γε
2511 919 2605 975 τὸν
2638 920 2736 992 τῆς
2768 922 3144 994 πνευματικῆς
3174 922 3503 990 οἰκειώσεως
3530 923 3750 993 τρόπον.
3788 928 3873 980 Καὶ

2323 1007 2456 1077 γοῦν
2486 1010 2516 1064 ό
2549 1011 2859 1082 σοφώτατος
2884 1012 3097 1078 Παῦλος
3124 1016 3237 1079 τοῖς
3265 1014 3326 1080 ἐξ
3352 1014 3521 1069 ἐθνῶν
3550 1015 3872 1087 κεκλημένοις

2320 1106 2409 1163 διά
2440 1108 2544 1179 τῆς
2578 1110 2833 1177 πίστεως,
2870 1107 2991 1166 εἶτα
3017 1111 3231 1165 νοσοῦσι
3262 1111 3325 1165 τὸ
3353 1112 3567 1178 ἀναλκι,
3596 1112 3695 1166 καὶ
3718 1114 3872 1169 civem

2322 1195 2514 1269 ὥσπερ
2569 1198 2706 1253 ἰέναι
2770 1199 3289 1272 προτεθυμημένοιςη
3340 1201 3649 1255 ἐπιστέλλει
3712 1202 3871 1271 λέγων⁸

2326 1308 2345 1341 ι
2387 1290 2504 1345 Νῦν
2535 1291 2592 1345 δὲ
2622 1290 2842 1361 γνόντες
2885 1292 3038 1359 Θεὸν,
3090 1292 3289 1364 μᾶλλον
3325 1292 3381 1347 δὲ
3424 1292 3759 1363 γνωσθέντες
3792 1296 3873 1349 ὑπὸ

2319 1382 2477 1451 Θεοῦ,
2511 1383 2628 1449 πῶς
2670 1386 3031 1457 ἐπιστρέφετε
3072 1387 3167 1441 ἐπὶ
3196 1388 3267 1441 τὰ
3315 1387 3516 1457 ἀσθενῆ
3573 1388 3674 1441 καὶ
3716 1388 3874 1456 πτωχὰ

2320 1477 2581 1545 στοιχεῖα,
2608 1469 2691 1541 οἷς
2720 1476 2881 1531 πάλιν
2914 1477 3123 1533 ἀνωθεν
3152 1478 3422 1533 δουλεύειν
3449 1478 3673 1543 θέλετες
3701 1498 3719 1531 ι
3750 1480 3872 1551 ᾝδει

2323 1564 2422 1635 μὲν
2451 1566 2562 1638 γὰρ
2591 1565 2789 1633 αὐτοὺς
2822 1568 2919 1623 καὶ
2948 1569 3053 1643 πρὸ
3080 1569 3182 1639 τῆς
3208 1570 3447 1631 πίστεως
3480 1573 3508 1624 ὁ
3537 1570 3869 1641 Δῃμιουργός·

626 1663 811 1730 ἀγνοεῖ
839 1660 947 1731 γὰρ
991 1660 1129 1725 ὅλως
1155 1660 1264 1715 τῶν
1330 1660 1501 1714 ὄντων
1540 1658 1713 1725 οὐδὲν,
1748 1659 1864 1713 ἀλλ’
1906 1660 1965 1713 ἐν
2011 1658 2245 1728 τούτοις,
2282 1661 2359 1726 ὡς
2394 1662 2551 1736 ἔφην,
2623 1665 3030 1737 ὑποσημήνειεν
3076 1666 3145 1722 ἂν
3182 1668 3218 1740 ή
3262 1667 3465 1738 γνῶσις
3514 1662 3576 1721 εὖ
3619 1666 3755 1738 μάλα
3796 1673 3871 1739 τῂν

628 1756 1005 1827 πνευματικὴν
1030 1753 1358 1822 οἰκειότητα.

700 1846 865 1902 Vens.
901 1848 953 1902 3.
993 1845 1052 1901 Si
1089 1845 1431 1901 ambulabunt
1466 1847 1573 1900 duo
1607 1846 1663 1900 in
1701 1844 1927 1913 idipsum
1966 1844 2211 1914 omnino,

2391 1849 2461 1902 El
2484 1848 2888 1916 πορεύσονται
2910 1848 3020 1903 δύο
3041 1847 3359 1903 ἐπιτοαυτὸ
3380 1849 3671 1913 καθόλου,
3690 1848 3791 1904 ἐὰν
3803 1851 3869 1920 μὴ

624 1938 671 1993 si
706 1955 807 1992 non
840 1938 1075 1992 noverint
1109 1938 1243 1991 inter
1268 1938 1363 1993 se?

697 2027 888 2084 XXVI.
933 2027 1291 2084 Reconditum
1318 2035 1399 2084 est
1427 2027 1681 2099 aenigma,
1706 2027 1977 2084 obscurus
2002 2040 2205 2082 sermo.

627 2121 1013 2176 Verumtamen
1042 2119 1445 2175 enucleabimus
1472 2130 1529 2174 ut
1556 2119 1878 2189 poterimus.
1906 2118 2215 2190 Reprehen-

628 2217 784 2269 derat
821 2214 983 2283 igitur
1020 2212 1332 2279 Israelitas,
1370 2212 1628 2283 quoniam
1663 2211 1944 2283 prophetis
1984 2211 2212 2265 manda-

627 2313 753 2359 raut
796 2304 1151 2375 dixerantque
1200 2324 1213 2359 :
1261 2302 1340 2358 Ne
1382 2304 1740 2373 pruphetetis.
1789 2304 1906 2369 Qua
1947 2316 2110 2372 porro
2148 2302 2214 2358 de

625 2408 786 2449 causa
829 2394 975 2465 loqui
1020 2404 1244 2451 sanctos
1292 2394 1590 2463 improvide
1626 2396 1926 2461 vetuerint,
1969 2395 2214 2450 dicamus

625 2494 862 2556 oportet.
901 2485 1038 2553 Quia
1075 2487 1219 2542 enim
1258 2485 1433 2541 tristia
1472 2484 1578 2540 illis
1613 2485 1684 2541 ab
1719 2485 1860 2540 irato
1902 2486 2009 2542 Deo
2043 2500 2211 2542 even-

628 2586 779 2643 tura,
811 2584 867 2632 et
896 2592 995 2642 ea,
1029 2591 1124 2646 per
1152 2593 1273 2648 qua:
1306 2585 1620 2648 peccatores
1645 2578 1770 2632 vitae
1800 2578 1978 2633 studia
2010 2578 2065 2633 in
2095 2592 2214 2635 me-

625 2668 733 2725 lius
756 2679 969 2725 mutare
993 2680 1419 2725 consentaneum
1448 2678 1590 2735 erat,
1614 2668 2029 2735 denuntiabant,
2050 2685 2213 2726 even-

625 2769 741 2814 tum
774 2760 1157 2831 praedictorum
1188 2759 1464 2825 timentes,
1498 2769 1557 2814 ut
1584 2769 1669 2816 est
1696 2760 2011 2826 verisimile,
2041 2760 2212 2817 obniti

626 2851 755 2917 illis,
798 2863 851 2908 et
893 2852 1150 2909 reluctari
1193 2851 1619 2920 contendebant,
1660 2852 1827 2925 276
1864 2853 1957 2924 qui
1998 2852 2214 2909 animos

626 2944 771 3015 vulgi
812 2944 880 3000 ad
922 2944 1109 3000 illicita
1150 2945 1405 3001 inducere
1443 2956 1770 3001 consuerant
1805 2962 1819 2999 :
1856 2946 2057 3016 quique
2089 2959 2211 3001 cum

630 3041 909 3111 subjectos
930 3023 1283 3103 seducerent,
1299 3037 1591 3108 prophetas
1614 3038 2101 3109 reprehendebant,
2127 3050 2213 3091 er-

632 3143 817 3187 rantes
858 3131 1010 3202 quasi
1059 3141 1205 3184 reeta
1246 3130 1335 3184 via
1382 3129 1696 3201 gradientes
1738 3129 2211 3186 commendabant.

629 3224 864 3280 Proinde
891 3239 988 3279 ore
1013 3219 1166 3278 lsaia:
1192 3220 1334 3277 Deus
1362 3237 1377 3276 :
1413 3239 1433 3273 ι
1466 3220 1667 3291 Popule
1697 3235 1871 3286 meus,
1902 3220 2095 3290 inquit,
2123 3221 2214 3292 qui

632 3328 684 3373 te
724 3319 941 3374 beatum
975 3315 1193 3383 dicunt,
1232 3314 1332 3383 ipsi
1374 3323 1425 3369 te
1459 3314 1767 3384 decipiunt,
1799 3322 1855 3369 et
1883 3313 2026 3368 viam
2065 3328 2217 3384 gres-

629 3424 788 3465 suum
839 3418 1054 3466 tuorum
1097 3406 1360 3476 dissipant
1388 3406 1456 3462 τ’.
1508 3425 1528 3459 ι
1576 3404 1897 3476 lncrepahat
1945 3414 2123 3460 autem
2164 3414 2220 3461 et

629 3499 881 3558 Amasias
910 3498 1168 3556 sacerdos
1201 3496 1390 3554 Bethel
1415 3497 1583 3555 Amos
1613 3498 1956 3569 prophetam,
1984 3509 2105 3550 cum
2138 3496 2221 3551 di-

630 3601 782 3649 ceret
814 3609 828 3656 ;
869 3609 888 3648 ι
934 3590 1037 3661 Qui
1068 3590 1241 3654 vides,
1278 3588 1528 3659 gradere,
1564 3587 1687 3660 fuge
1730 3588 1782 3643 in
1824 3597 2026 3643 terram
2057 3586 2217 3653 Juda,

631 3692 685 3745 et
719 3682 847 3743 illuc
879 3679 1179 3745 descende,
1207 3690 1263 3734 et
1295 3679 1645 3750 prophetabis
1677 3679 1784 3743 ibi,
1823 3678 1875 3733 in
1906 3676 2093 3733 Bethel
2125 3692 2220 3731 au-

634 3785 741 3838 tem
772 3789 879 3832 non
910 3772 1132 3842 adjicies
1162 3769 1299 3825 ultra
1332 3779 1391 3824 ut
1421 3772 1713 3841 prophetes
1736 3770 1806 3826 ".
1842 3789 1862 3822 ι
1898 3769 2000 3837 Qui
2038 3777 2217 3824 autem

633 3867 915 3943 prophetis
954 3882 1021 3922 ex
1064 3864 1232 3920 multo
1275 3873 1498 3933 stupore
1535 3872 1589 3918 et
1628 3876 1820 3933 magna
1866 3862 2220 3933 perversitate

634 3973 850 4013 morum
880 3971 1000 4013 sese
1024 3954 1399 4026 opponebant,
1431 3953 1716 4009 elevabant
1748 3967 1894 4019 rem,
1926 3954 2216 4022 tingentes,

635 4062 689 4109 et
720 4051 848 4106 illud
878 4052 1118 4106 dicentes
1150 4067 1166 4105 :
1203 4069 1223 4103 ι
1257 4049 1374 4106 Νοιι
1406 4048 1552 4103 misit
1586 4056 1637 4101 te
1665 4045 1925 4101 Dominus
1947 4048 2015 4100 ⁷⁵.
2055 4065 2074 4098 ι
2110 4044 2218 4100 Ca-

637 4142 803 4215 stigat
837 4142 999 4212 igitur
1025 4154 1152 4205 eos,
1185 4140 1438 4211 quoniam
1470 4137 1762 4209 prophetas
1793 4138 1860 4191 ab
1893 4151 1958 4191 eo
1992 4136 2217 4202 missos,

638 4249 745 4295 non
775 4233 1007 4302 desuper
1031 4241 1085 4288 et
1115 4247 1143 4287 a
1174 4230 1285 4287 Deo
1317 4240 1606 4301 apportare
1632 4241 1908 4283 sermones
1936 4226 2216 4293 dicebant,

639 4326 733 4380 sed
775 4339 869 4380 eos
909 4340 939 4377 a
984 4338 1043 4378 se
1083 4322 1258 4394 potius
1300 4321 1564 4377 conﬁctos
1603 4318 1835 4381 eﬂutire,
1873 4326 1927 4372 et
1969 4333 1999 4372 a
2040 4327 2219 4374 mente

637 4417 1017 4472 universorum
1048 4414 1260 4469 Domini
1290 4412 1636 4468 abhorrentia
1665 4409 1909 4481 proloqui
1935 4410 2218 4468 existimav-

636 4509 786 4572 bant.
827 4508 1033 4569 idcirco
1077 4508 1153 4561 ait
1192 4523 1208 4561 :
1249 4507 1290 4560 ο
1336 4504 1705 4575 imprudentes
1745 4509 1798 4556 et
1841 4500 2051 4565 stolidi,
2091 4516 2218 4555 num

637 4603 729 4678 qui
770 4602 836 4657 de
874 4600 1027 4655 vobis
1065 4598 1349 4657 instituent
1388 4596 1681 4651 amicitiam
1720 4605 1774 4651 et
1811 4594 2057 4651 eamdem
2096 4595 2220 4649 vita:

637 4696 782 4749 viam
812 4691 1183 4754 ambulabunt,
1216 4690 1261 4744 si
1290 4689 1433 4749 inter
1457 4702 1516 4743 se
1549 4702 1654 4742 non
1685 4686 1957 4750 noverint,
1987 4684 2087 4741 hoe
2115 4694 2216 4751 est,

639 4787 682 4840 si
720 4799 929 4839 morum
968 4781 1383 4839 similitudinem
1418 4770 1868 4847 voluntatumque
1902 4777 2219 4835 consensio-

641 4890 763 4929 nem
807 4889 913 4928 nou
958 4870 1474 4928 animadverterint?
1511 4868 1685 4926 Omne
1721 4868 1865 4923 enim
1905 4866 2106 4921 animal
2149 4867 2224 4922 si-

642 4964 768 5027 mile
798 4963 1012 5033 diligit,
1048 4972 1104 5017 et
1139 4963 1203 5016 ad
1235 4960 1467 5017 similem
1497 4960 1599 5016 sibi
1633 4959 1792 5013 homo
1819 4972 1879 5013 se
1908 4958 2220 5031 applicabit.

644 5056 700 5109 Si
734 5056 807 5108 ita
839 5065 950 5120 est,
982 5064 1040 5107 ut
1070 5061 1182 5120 est,
1211 5068 1318 5121 quo
1350 5060 1509 5122 pacto
1539 5050 1832 5121 prophetas
1858 5050 2001 5104 velut
2035 5048 2224 5103 amici-

645 5149 716 5202 tia
747 5156 803 5201 et
831 5144 1124 5201 dilectione
1154 5158 1271 5200 mea
1300 5144 1551 5211 dignatus
1576 5156 1753 5197 essem
1781 5150 2001 5196 sanctus
2029 5154 2150 5210 ego,
2179 5140 2245 5194 si-

645 5238 746 5311 ipsi
791 5236 963 5293 sancti
991 5251 1097 5290 non
1127 5233 1400 5290 fuissent?
1436 5233 1717 5299 Quomodo
1753 5232 1915 5302 igitur
1949 5231 2227 5300 persequi-

647 5329 779 5385 niini
812 5337 1063 5392 sanctos,
1093 5327 1288 5398 quibus
1313 5335 1367 5382 et
1402 5337 1680 5380 sermones
1710 5337 1858 5376 meos
1886 5321 2225 5387 concredidi,

646 5436 782 5491 quos
803 5433 858 5473 ut
881 5422 1053 5477 bonos
1077 5418 1275 5488 recepi,
1301 5416 1554 5471 nimirum
1578 5416 1821 5470 eamdem
1845 5413 2009 5468 veluti
2032 5412 2221 5467 volun-

648 5522 816 5573 tatum
845 5514 985 5567 viam
1019 5527 1228 5567 mecum
1262 5508 1665 5581 ingredientes?
1694 5508 1847 5576 Quod
1875 5507 2017 5560 enim
2049 5505 2217 5574 mihi,

650 5608 788 5670 idem
822 5607 925 5661 illis
952 5604 1205 5676 placitum
1233 5604 1358 5661 erit.
1382 5600 1557 5671 Quare
1588 5600 1873 5671 prophetas
1905 5599 2183 5668 increpare
2202 5636 2217 5663 .

2321 1937 2700 2007 ’γνωρίσουσιν
2730 1937 2983 2005 ἑαυτούς
3001 1955 3021 2003 ;

2389 2030 2536 2098 κεῖν.
2579 2029 2725 2086 Βαθὺ
2766 2031 2864 2102 μὲν
2894 2030 2954 2084 τὸ
2999 2029 3250 2101 αἴνιγμα,
3278 2030 3375 2083 καὶ
3401 2029 3646 2102 ἀμυδρδς
3672 2033 3699 2084 ὁ
3722 2030 3867 2100 λόγος.

2319 2119 2466 2192 Πλὴν
2493 2122 2727 2193 ἐροῦμεν
2747 2122 2823 2187 ὡς
2852 2121 2953 2177 ενι.
2977 2123 3289 2193 Κατῃτιᾶτο
3319 2122 3498 2175 τοίνυν
3530 2122 3624 2175 τὸν
3666 2124 3871 2191 Ἰσραὴλ,

2318 2213 2402 2268 ὃτι
2450 2217 2563 2279 τοῖς
2618 2215 2927 2286 προφήταις
2981 2213 3307 2277 ἐνετέλλετο,
3356 2213 3611 2282 λέγοντες
3634 2230 3650 2245 ·
3698 2216 3767 2269 Οὐ
3810 2218 3869 2285 μὴ

2320 2306 2755 2379 προφητεύσητε.
2790 2309 2900 2362 Καὶ
2945 2306 3032 2360 διὰ
3061 2306 3222 2361 ποίαν
3247 2307 3429 2361 αἰτίαν
3460 2306 3736 2375 ἐπετίμων
3761 2308 3871 2375 ἀφυ-

2318 2399 2533 2465 λάκτως
2563 2402 2683 2464 ταῖς
2711 2398 2820 2453 τῶν
2861 2398 3031 2469 ἁγίων
3080 2401 3307 2469 φωναῖς,
3362 2399 3537 2452 εἰπεῖν
3584 2399 3869 2467 ἀναγκαῖον.

2332 2492 2552 2565 Ἐπειδὴ
2579 2492 2688 2564 γὰρ
2714 2489 3109 2563 ἀπήγγελ[λ]ον
3138 2489 3208 2543 τὰ
3226 2490 3287 2557 ἐξ
3307 2490 3479 2562 ὀργῆς
3506 2490 3740 2561 ἐσόμενα
3763 2507 3870 2543 oza-

2320 2582 2537 2656 θρωπά,
2590 2583 2686 2637 καί⁵
2730 2583 2801 2638 τὰ
2848 2583 2915 2637 δι’
2967 2576 3043 2636 ὧν
3090 2578 3158 2655 ἦν
3204 2581 3353 2645 εἰκὸς
3402 2581 3613 2635 ἑαυτῶν
3647 2582 3871 2651 ἀμείνους

2320 2676 2539 2733 ἔσεσθαι
2581 2678 2708 2741 τοὺς
2752 2674 3164 2747 ἡμαρτηκότας,
3199 2674 3434 2737 δεδιότες
3472 2691 3577 2729 που
3607 2674 3743 2745 τάχα
3784 2674 3869 2728 τῶν

2319 2769 2659 2839 λαληθέντων
2689 2768 2787 2840 τὴν
2816 2768 3063 2833 ἐκὸασιν,
3105 2766 3382 2838 ἐμελέτων
3425 2767 3523 2835 τὴν
3566 2766 3868 2831 ἀντίστασιν,

2319 2863 2414 2915 καὶ
2443 2860 2814 2930 ἀντέπραττον
2868 2858 3051 2924 αὐτοῖς
3095 2859 3144 2912 οἰ
3187 2858 3296 2913 τῶν
3324 2857 3597 2926 ἀγελαὶων
3638 2857 3727 2911 τὸν
3750 2857 3866 2922 νοῦν,

2319 2954 2404 3024 ἐφ’
2438 2952 2474 3007 ἃ
2504 2952 2580 3024 μὴ
2616 2951 2913 3023 προσῆκεν,
2949 2950 3309 3021 ἀποκομίζειν
3338 2949 3614 3015 εἰωθότες,
3645 2950 3734 3003 καὶ
3760 2949 3870 3003 πλεο

2318 3044 2520 3109 νῶντες
2570 3044 2697 3108 τοὺς
2750 3041 3208 3112 ύπεζευγμένους.
3272 3042 3583 3113 Ἐπετίμων
3639 3042 3868 3114 μὲν,τοῖς

2319 3137 2654 3211 προφήταις,
2698 3134 3023 3204 ἀπεδέχοντο
3063 3132 3119 3186 δὲ
3159 3134 3286 3196 τοὺς
3320 3133 3782 3208 πεπλανημένους,
3810 3136 3867 3199 ὡς

2290 3230 2417 3300 ,τὴν
2446 3227 2663 3282 εὐθεῖαν
2692 3225 2868 3290 ἰόντας
2892 3224 3102 3297 τρίὸον.
3132 3224 3425 3295 Τοιγάρτοι
3445 3227 3582 3297 φησὶ
3608 3225 3697 3282 διὰ
3721 3228 3868 3298 φωνῆς

2330 3321 2551 3376 Ἡσαΐου
2573 3319 2705 3383 Θεός
2721 3336 2736 3352 ·
2755 3338 2775 3371 ‹
2794 3318 2935 3382 Λαός
2954 3334 3083 3389 μου,
3097 3317 3148 3372 οἰ
3168 3317 3565 3388 μακαρίζοντες
3584 3319 3867 3389 ὐμᾶς,πλα-

2318 3413 2481 3468 νῶσιν
2498 3414 2664 3485 ὑμᾶς,
2682 3412 2775 3466 καὶ¹
2794 3410 2892 3483 τήν
2908 3428 2939 3463 τ
2947 3409 3096 3482 ρίϐον
3114 3410 3222 3463 τῶν
3239 3409 3416 3465 ποδῶν
3434 3411 3462 3463 ὑ
3469 3410 3589 3483 μῶν
3605 3410 3869 3481 ταράσσον·

2321 3526 2425 3562 σιν.
2447 3526 2466 3559 ι
2494 3505 2761 3577 Ἐπετίμα
2778 3504 2833 3558 δὲ
2854 3503 2947 3558 καὶ
2973 3498 3240 3574 ’Ᾱμασίας
3261 3504 3289 3557 ὁ
3304 3504 3481 3575 ἱερεὺς
3498 3503 3702 3574 Βαιθήλ
3724 3502 3870 3572 ’Δμίυς

2318 3598 2396 3673 τῷ
2428 3599 2705 3671 προφήτῃ,
2741 3596 2951 3667 λέγων·
2989 3613 3010 3648 ι
3058 3596 3117 3650 '0
3152 3594 3315 3669 ὀρῶν,
3352 3595 3559 3666 βάδιζε,
3590 3594 3871 3667 ἐκχώρησοί

2319 3692 2399 3755 εἰς
2439 3689 2545 3761 γῆν
2592 3688 2783 3755 Ἰούδα,
2819 3688 2914 3743 καὶ
2942 3688 3060 3743 ἐκεῖ
3087 3686 3370 3754 καταϐἰου,
3406 3689 3502 3743 καὶ
3530 3688 3654 3743 ἐκεῖ
3693 3705 3870 3759 προφη-

2318 3783 2551 3848 τεύσεις,
2581 3780 2661 3844 εἰς
2692 3779 2749 3833 δὲ
2780 3778 2981 3853 Βαιθὴλ
3012 3779 3114 3835 οὐκ
3142 3778 3222 3835 ἔτι
3265 3777 3341 3851 μὴ
3372 3777 3618 3850 προσθῇς
3649 3778 3738 3832 τοῦ
3763 3795 3868 3851 προ·

2320 3870 2609 3944 φητεῦσαι.
2654 3889 2673 3923 ι
2713 3871 2775 3923 Οί
2806 3868 2861 3925 δέ
2899 3886 2961 3938 γε
2996 3871 3109 3931 τοῖς
3140 3870 3448 3943 προφήταις
3489 3868 3868 3939 ἀνθεστηκότες,

2320 3966 2384 4018 ἐκ
2413 3962 2615 4034 πολλῆς
2659 3961 2799 4031 ἄγαν
2850 3959 3167 4028 σκαιότητος
3211 3958 3306 4012 καὶ
3352 3957 3687 4029 δυστροπίας
3724 3958 3869 4026 δεινῆς

2319 4054 2552 4131 ἐλαφρὸν
2580 4051 2984 4111 ὑπεπλὰττοντο
3008 4050 3107 4120 τὴν
3144 4048 3479 4114 ἀντίστασιν,
3517 4049 3696 4101 ἐκεῖνο
3720 4048 3869 4116 λέγοιμ

2315 4162 2433 4208 τες*
2483 4164 2502 4199 ι
2555 4144 2669 4202 Ούκ
2712 4140 3027 4197 ἀπέσταλκέ
3076 4156 3135 4197 σε
3183 4138 3411 4211 Κύριος.
3470 4159 3488 4191 ι
3543 4140 3868 4193 Καταιτιᾰτιιι

2320 4237 2500 4294 τοίνυν
2549 4234 2768 4298 αὐτοὺς,
2823 4232 2905 4285 ὅτι
2937 4230 3063 4292 τοὺς
3112 4230 3241 4300 παρ’
3295 4226 3461 4282 αὐτοῦ
3512 4230 3789 4299 προφήτας
3821 4228 3866 4282 οὐ

2319 4326 2446 4389 τοὺς
2475 4323 2680 4382 ἄνωθεν
2714 4322 2951 4390 ἔφασκον
2980 4320 3073 4375 καὶ
3103 4316 3252 4388 παρὰ
3299 4316 3436 4370 Θεοῦ
3464 4314 3787 4385 διακομίζειν
3808 4313 3871 4364 λό-

2251 4444 2295 4499 D
2322 4433 2477 4486 γους·
2523 4414 2691 4492 ᾤοντο
2740 4412 2796 4466 δὲ
2842 4411 3042 4483 μᾶλλον
3082 4410 3190 4463 ἀπὸ
3234 4409 3334 4479 τῆς
3385 4406 3539 4476 σφῶν
3584 4405 3870 4480 ἐρεύγεσθσι

2325 4509 2571 4579 γνώμης,
2601 4504 2765 4578 ἓτερά
2788 4520 2847 4556 τε
2875 4503 3028 4574 παρὰ
3061 4502 3130 4556 τά
3159 4501 3420 4555 δοκοῦντα
3467 4498 3652 4553 λαλεῖν
3687 4496 3757 4567 τῷ
3784 4496 3868 4549 τῶν

2325 4601 2460 4656 ὅλων
2507 4599 2771 4674 Δεσπότῃ.
2828 4595 3099 4667 Ταύτῃτοί
3147 4610 3347 4664 φησιν·
3400 4588 3471 4646 Ὦ
3519 4592 3760 4644 ἀσύνετοι
3798 4586 3868 4641 nl

2327 4687 2698 4758 παράφρονες,
2741 4681 2853 4755 ἆρά
2894 4699 3038 4745 τινες
3083 4681 3142 4748 ἐξ
3190 4681 3343 4753 ὑμῶν
3384 4681 3705 4751 γενήσονται
3735 4677 3865 4749 φίλοι,

2326 4776 2422 4832 καὶ
2482 4777 2580 4846 τὴν
2642 4774 2809 4846 αὐτὴν
2861 4770 3170 4843 βαδιοῦνται
3236 4770 3329 4824 τοῦ
3382 4768 3500 4839 βίου
3554 4768 3752 4840 τρίϐον,
3791 4766 3868 4819 οὐιι

2321 4866 2625 4935 ἐγνωκότες
2670 4863 2916 4928 ἑαυτοὺς,
2970 4862 3140 4934 ήγουν
3185 4860 3473 4931 ἀλλήλους,
3525 4862 3803 4920 τουτέστιν,
3832 4855 3868 4907 εἰ

2327 4959 2402 5030 μὴ
2453 4957 2713 5030 ἀλλήλους
2760 4955 3042 5012 τεθέανται
3081 4954 3398 5026 ἰσοτρόπους
3426 4970 3487 5005 τε
3529 4955 3624 5006 καὶ
3662 4947 3867 5023 ὁμογνώ-

2331 5065 2533 5120 μονας;
2582 5049 2698 5104 Πᾶν
2724 5046 2832 5119 γὰρ
2874 5043 3011 5108 ζῶον
3053 5044 3244 5115 ἀγαπᾷ
3276 5042 3338 5095 τὸ
3370 5044 3557 5113 ὅμοιον
3597 5040 3771 5102 αὐτοῦ,
3796 5035 3868 5089 καὶ

2321 5140 2398 5212 τῷ
2444 5139 2617 5215 ὁμοίῳ
2669 5135 2833 5195 αὑτοῦ
2884 5134 3422 5211 προσκολληθήσεται
3475 5134 3635 5204 ἀνήρ.
3689 5131 3785 5185 Καὶ
3830 5126 3867 5178 εἰ

2321 5232 2481 5286 τοῦτο
2500 5233 2646 5285 ἐστιν
2676 5228 2893 5300 ἀληθὲς,
2922 5228 3040 5290 πῶς
3076 5227 3141 5281 ἂν
3175 5225 3439 5296 ἐδεξάμην
3462 5226 3594 5287 τοὺς
3626 5223 3866 5294 προφήτας
3896 5284 3906 5308 δ

2324 5323 2485 5379 οἰονεί
2517 5338 2633 5387 πως
2659 5321 2740 5383 εἰς
2766 5318 2947 5390 φιλίαν
2973 5319 3067 5372 καὶ⁴
3097 5316 3395 5385 ἀγάπησιν,
3424 5316 3580 5383 ἅγιος
3623 5313 3696 5367 ὢν
3716 5308 3865 5367 αὐτὸς.

2326 5413 2373 5465 εἰ
2413 5413 2488 5483 μὴ
2537 5411 2633 5467 καὶ
2673 5411 2826 5465 αὐτοὶ
2854 5408 3142 5479 γεγόνασιν
3172 5408 3350 5475 ἄγιοις
3395 5405 3519 5468 Πῶς
3553 5400 3647 5459 οὖν
3682 5400 3866 5455 διώκετε

2325 5504 2450 5566 τοὺς
2480 5502 2689 5571 ἁγίους,
2723 5494 2804 5562 οἷς
2844 5501 2938 5555 καὶ
2972 5498 3099 5561 τοὺς
3128 5497 3294 5567 ἐμοὺς
3334 5496 3651 5569 τεθάρῤηκα
3694 5492 3865 5559 λόγους.
3938 5570 3941 5571 ν

2328 5598 2423 5661 οὓς
2456 5593 2820 5666 προσηκάμην
2850 5592 2926 5655 ὡς
2954 5592 3209 5660 ἀγαθοὺς,
3243 5589 3408 5643 οἱονεὶ
3450 5589 3549 5644 τὴν
3577 5586 3739 5658 αὐτὴν
3769 5578 3867 5653 ἐμοὶ

720 5796 763 5835 τι
804 5794 974 5850 c.3131,
1008 5809 1081 5860 ιν,
1117 5790 1170 5847 9.
1247 5791 1294 5822 "
1328 5790 1428 5846 lsa.
1472 5804 1553 5854 ιιι,
1600 5788 1682 5845 12.
1758 5788 1804 5819 ⁷³
1843 5788 2007 5843 Amos
2033 5802 2125 5853 vn,
2163 5785 2217 5840 Η

2319 5785 2367 5840 5.
2443 5784 2489 5816 ⁷⁸
2516 5782 2715 5840 lcrem.
2759 5796 2917 5845 mu,
2946 5777 3003 5834 2.
