4068 6542
144 392 265 457 is“?

149 627 277 680 μην
319 610 449 679 ἐγὼ,
476 608 634 663 τοῦτο
659 608 753 662 καὶ
779 606 959 662 αὐτῶν
994 606 1148 660 ἔσται
1178 605 1413 676 Θέλημα.
1453 600 1661 657 Οὐκοῦν
1698 600 1759 653 τὸ

146 704 479 774 προφήταις
507 701 788 772 ἐπιτιμᾷν,
818 698 971 753 οὐδὲν
1000 698 1185 770 ἔτερόν
1219 699 1386 761 ἐστιν,
1420 696 1453 767 ἢ
1484 696 1600 748 κατ’
1623 692 1759 764 ἐμοῦ

145 788 357 844 λοιπὸν
390 788 664 843 ποιεῖσθαι
710 789 810 860 τὴν
849 787 1161 860 ἐπίπληξιν.
1211 786 1464 840 Τοιοῦτόν
1509 802 1561 838 τι
1596 785 1693 838 καὶ
1733 785 1761 836 ὁ

144 880 363 953 Σωτὴρ
410 882 524 942 τοῖς
577 879 754 948 ἁγίοις
789 880 921 950 φησι
970 878 1269 950 μαθηταῖς·
1314 894 1335 928 ι
1368 875 1429 928 '0
1475 875 1763 945 δεχόμενος

148 974 317 1044 ὑμᾶς
353 974 453 1046 ἐμὲ
491 974 740 1045 δέχεται’
777 972 870 1027 καλ⁹
915 973 943 1026 6
983 971 1057 1043 μὴ
1115 971 1441 1042 δεχόμενος,
1498 969 1561 1023 οὐ
1613 968 1762 1037 δέχε-

144 1082 251 1119 ται
284 1064 380 1119 τὸν
409 1060 809 1120 ἀποστεῖλαντά
853 1082 943 1137 με.
985 1083 1003 1116 ι
1043 1063 1383 1135 Προσέταττε
1420 1061 1477 1117 δὲ
1517 1063 1633 1125 τοῖς
1672 1057 1761 1126 ἐξ·

144 1157 312 1211 ωθου
321 1157 501 1228 μένοις
524 1158 616 1211 καὶ
633 1155 796 1212 αὐτὸν
815 1156 1223 1227 ἀπομάττεσθαι
1242 1155 1332 1208 τὸν
1352 1149 1627 1224 κονιορτὸν
1650 1151 1761 1205 τῶν

149 1248 371 1313 ποδῶν,
411 1248 602 1315 εἰπὼν,
641 1249 724 1303 ὃτι
770 1249 1124 1320 ἀνεκτότερον
1164 1247 1317 1301 ἔσται
1361 1248 1432 1318 γῇ
1485 1243 1757 1315 Σοδόμων,

150 1339 187 1409 ἢ
245 1342 323 1411 τῇ
376 1339 529 1393 πόλει
581 1342 785 1413 ἐκείνῃ.
833 1336 1163 1413 Προσίεσθαι
1200 1339 1266 1411 δὴ
1316 1333 1410 1393 οῦν
1462 1336 1760 1406 ἀναγκαῖον

149 1429 296 1494 τοὺς
333 1431 401 1484 τὰ
431 1430 565 1484 Θεοῦ
605 1430 1030 1503 πρεσϐεύοντας,
1063 1431 1155 1484 καὶ
1202 1430 1271 1483 τὰ
1316 1427 1466 1499 αὐτῷ
1496 1425 1762 1481 δοκοῦντα

150 1518 675 1592 διαπορθμεύοντας
720 1521 800 1586 εἰς
845 1522 1023 1593 ἡμᾶς’
1069 1519 1251 1583 ὁποῖός
1296 1537 1379 1584 τις
1412 1514 1480 1590 ἦν
1522 1515 1757 1577 Παῦλος,

1125 386 1679 453 COMMENTARIUS
1713 386 1783 444 IN
1824 384 2011 446 AMOS
2048 382 2491 446 PROPHETAM.

146 516 491 586 βαδίζοντας
527 515 634 569 τῶν
670 514 991 586 Θελημάτων
1017 513 1173 581 666v;
1216 513 1281 566 Ὃ
1314 513 1424 583 γὰρ
1452 510 1519 566 ἂν
1552 507 1755 581 βουλοί-
1787 514 1832 571 Α

3240 452 3243 456 ι
3336 384 3441 441 iss

1861 507 2107 578 sequitur
2129 514 2188 562 ut
2213 505 2358 562 aliud
2384 505 2515 561 nihil
2544 506 2635 572 sit,
2659 520 2819 577 quam
2852 510 2937 562 me
2967 506 3140 579 ipsum
3172 507 3225 562 in
3260 522 3441 578 repre-

1861 600 2125 655 hensione
2153 612 2375 670 ponere.
2402 596 2534 654 Tale
2561 598 2816 670 quiddam
2848 609 2901 656 et
2932 586 3181 657 Salvator
3205 600 3441 671 discipuo

1859 693 1928 749 lis
1966 693 2172 749 sanctis
2209 693 2285 747 ait
2319 711 2333 746 :
2374 711 2392 744 ι
2433 691 2533 759 Qui
2566 706 2663 747 vos
2709 692 2932 763 recipit,
2969 708 3057 749 me
3093 690 3319 764 recipit;
3350 693 3441 764 qui

1862 799 1967 837 non
2002 784 2194 853 recipit
2222 798 2340 849 vos,
2375 796 2480 838 non
2512 783 2706 853 recipit
2735 798 2857 840 eum
2892 784 2984 855 qui
3021 800 3107 840 me
3139 785 3286 841 misit
3310 786 3377 840 ⁷⁵.
3416 803 3438 838 ι

1862 874 2032 931 iussit
2061 883 2353 946 praeterea,
2385 874 2509 931 dum
2542 875 2894 945 pellerentur,
2925 878 3089 932 etiam
3121 878 3296 948 ipsum
3328 878 3445 948 pul-

1863 979 2046 1021 verem
2081 967 2275 1037 pedum
2309 976 2593 1032 excutere,
2629 968 2865 1035 addens,
2902 988 2922 1020 ‹
2966 968 3298 1025 tolerabilius
3329 969 3445 1025 fore

1867 1066 2025 1113 terrae
2043 1058 2399 1115 Sodomomm
2423 1060 2476 1114 in
2497 1061 2582 1115 die
2598 1060 2806 1129 judicii,
2826 1064 2988 1132 quam
3009 1061 3217 1117 civitati
3244 1060 3396 1117 illi".
3418 1081 3437 1115 ι

1864 1148 1909 1201 Α
1935 1150 2040 1205 Deo
2064 1150 2228 1222 igitur
2248 1152 2470 1221 legatos,
2495 1156 2549 1208 et
2574 1153 2690 1221 ejus
2716 1152 2911 1224 plaCila
2938 1154 3003 1208 ad
3030 1158 3131 1209 nos
3157 1151 3446 1209 afferentes

1866 1240 2215 1295 admittamus
2253 1250 2485 1311 oportet.
2526 1242 2712 1309 Qualis
2750 1250 2869 1298 erat
2910 1242 3126 1312 Paulus,
3165 1245 3316 1315 cujus
3357 1244 3445 1298 illa

1866 1346 1967 1386 vox
1990 1348 2002 1385 :
2025 1350 2043 1382 ι
2075 1331 2180 1387 Pro
2200 1331 2420 1389 Christo
2442 1335 2709 1404 legatione
2733 1334 3028 1406 fungimur,
3055 1346 3309 1405 tanquam
3338 1336 3446 1392 Deo

1864 1427 1962 1492 per
1982 1438 2082 1480 nos
2106 1425 2449 1482 exhortante.
2476 1426 2840 1484 Obsecramus
2865 1444 2962 1500 pro
2987 1428 3227 1496 Christo,
3258 1444 3449 1485 recou-

1866 1514 2121 1570 ciliamini
2156 1518 2265 1572 Deo
2289 1520 2353 1572 7".
2392 1540 2409 1570 ι

148 1610 379 1679 λέγων’
419 1631 439 1665 τ
482 1613 653 1686 ’Υπὲρ
688 1613 924 1685 Χριστοῦ
988 1613 1389 1685 πρεσϐεύομεν,
1422 1608 1499 1674 ὡς
1543 1608 1639 1663 τοῦ
1706 1606 1842 1659 Θεοῦ
1893 1608 2335 1680 παρακαλοῦντος
2388 1613 2453 1665 δι’
2499 1613 2675 1686 ήμῶν,
2710 1604 2939 1687 δεόμεθα
2994 1617 3135 1689 ὑπὲρ
3186 1613 3444 1688 Χριστοῦ,

151 1706 554 1776 καταλλάγητε
584 1705 662 1777 τῷ
691 1705 831 1777 Θεῷ.
872 1724 891 1759 ι

231 1799 313 1851 Ei
353 1797 655 1866 ἑρεύξεται
684 1798 845 1853 λέων
889 1797 957 1852 ἐκ
1002 1797 1109 1852 τοῦ
1142 1795 1373 1867 δρυμοῦ
1403 1792 1612 1859 αὑτοῦ,
1657 1793 1758 1859 θή-

1937 1789 2097 1845 Υειιε.
2133 1791 2186 1846 4.
2224 1791 2284 1847 Si
2322 1795 2488 1865 rugiet
2525 1795 2604 1849 leo
2640 1797 2703 1849 de
2736 1796 2876 1850 saltu
2913 1800 3030 1864 auo,
3068 1800 3304 1869 praedam
3343 1817 3448 1855 non

147 1906 282 1957 par
314 1890 427 1942 οὐκ
464 1887 655 1957 ἕχων;
697 1892 767 1945 El
798 1886 977 1944 δώσει
1010 1890 1282 1959 σκύμνος
1326 1887 1537 1957 φωνὴν
1573 1884 1761 1940 αὑτοῦ

151 1980 230 2033 ὲκ
286 1980 402 2049 τῆς
444 1976 719 2050 μάνδρας
770 1980 957 2036 αὐτοῦ
1013 1980 1309 2043 καθόλου,
1374 1978 1482 2033 ἐὰν
1524 1977 1611 2048 μὴ
1660 1977 1762 2044 dp-

154 2071 342 2141 πάσῃ
372 2089 464 2136 τις

235 2166 372 2218 KZ'.
417 2161 479 2219 οι
512 2162 582 2218 τὰ
611 2162 720 2216 τῶν
769 2161 975 2234 θηρίων
1010 2160 1594 2235 πολυπραγμονοῦντες
1638 2158 1759 2230 ἒϐη,

156 2258 306 2325 φασὶ
347 2256 439 2309 τὸν
474 2255 661 2309 λέοντα
698 2248 908 2326 τροφῆς
958 2254 1016 2307 ὲν
1065 2253 1243 2321 ἐνδείᾳ⁵
1290 2251 1555 2321 γεγονότα
1606 2256 1764 2321 περι-

158 2347 365 2417 φοιτᾷν
398 2344 669 2409 εὐσθενῶς
697 2345 799 2416 ὅρη
823 2358 883 2397 τε
912 2343 1008 2397 καὶ
1036 2343 1213 2408 νάπας
1249 2344 1343 2398 καὶ
1373 2342 1612 2415 δρυμοὺς
1636 2341 1762 2414 τῇδε

157 2439 399 2491 κάκεῖσε
430 2436 522 2491 τὸν
563 2435 842 2507 ὀφθαλμὸν
874 2434 1329 2505 περιστρέφοντα.
1365 2432 1460 2485 καί
1488 2450 1540 2485 τι
1568 2430 1675 2486 τῶν
1704 2433 1763 2485 ὲν

158 2528 329 2593 ὕλαις
362 2529 707 2600 βοσκομένων
752 2526 955 2580 λαϐεῖν.
1003 2526 1258 2580 Ἐπειδὰν
1300 2525 1357 2578 δὲ
1402 2523 1666 2594 θεάσηται
1710 2541 1763 2576 τι

156 2618 277 2673 τῶν
316 2617 636 2689 ἐπιτηδείων
686 2620 768 2679 εἰς
809 2616 1041 2687 τροφὴν,
1090 2609 1210 2668 εἶτα
1242 2614 1468 2685 γένηται
1510 2614 1759 2684 πλησίον,

160 2710 353 2767 δεινόν
386 2727 440 2763 τι
469 2709 561 2762 καί
586 2707 815 2777 δυσηχὲς
852 2705 1199 2777 βρυχώμενον
1230 2704 1499 2759 ποιεῖσθαι
1520 2704 1619 2775 τὴν
1645 2703 1764 2772 ἔφο-

158 2804 279 2857 δον.
317 2803 380 2856 Εἰ
407 2802 464 2857 δὲ
490 2802 553 2872 δὴ
580 2799 969 2871 ἀποκομίζοιτο
997 2800 1109 2863 τοῖς
1151 2798 1414 2870 σκύμνοις
1437 2797 1507 2850 τὰ
1532 2797 1610 2859 εἰς
1640 2811 1764 2867 τρο-

162 2893 303 2966 φὴν,
340 2887 460 2949 εἶτα
490 2892 700 2963 γένοιτο
726 2892 827 2963 τῆς
860 2889 1101 2962 μάνδρας
1129 2890 1319 2959 ἐγγὺς,
1350 2884 1763 2959 ἀναθρώσκουσι

160 2978 439 3050 κάκεῖνοι,
474 2984 566 3038 καὶ
600 2983 698 3037 σὺν
723 2982 817 3054 βοῇ
844 2981 1099 3045 λαϐόντες
1140 2981 1532 3053 σπαράττουσι.
1566 2978 1631 3031 Τί
1655 2976 1765 3031 τοί-

158 3093 289 3139 νυν,
328 3076 515 3148 φησιν,
550 3073 799 3130 αἱτιᾶσθε
835 3073 993 3137 Θεὸν,
1025 3066 1106 3126 ὅτι
1135 3072 1242 3145 πρὸ
1284 3070 1386 3141 τῆς
1429 3070 1537 3125 τῶν
1572 3068 1762 3123 δεινῶν

392 3129 631 3222 ’ποιεῖται
665 3167 763 3237 τὴν
797 3129 1064 3237 ἀπειλην;
1095 3165 1160 3218 Ti
1183 3129 1259 3217 ,δὲ
1288 3129 1383 3216 καί
1423 3160 1607 3226 αὐτοῖς
1643 3163 1763 3215 ὲπι-
1788 3129 1833 3188 C

160 3260 395 3331 τρίςετε
423 3261 535 3322 τοῖς
566 3259 896 3330 προφήταις,
927 3256 1009 3311 ὅτι
1036 3256 1132 3310 καὶ
1162 3256 1316 3309 αὐτοὶ
1362 3254 1461 3326 τῆς
1489 3252 1763 3325 ὑμετέρας

163 3350 433 3414 ἀσεϐείας
492 3348 1009 3421 κατακεκράγασιν;
1081 3344 1224 3416 Ἐγὼ
1292 3347 1395 3418 μὲν
1452 3345 1563 3418 γὰρ
1611 3345 1764 3399 ἔοικα

163 3442 369 3507 λέοντι,
422 3444 577 3514 φησι,
619 3441 700 3513 τῷ
748 3441 885 3514 πρὸς
932 3441 1105 3513 θῆρας
1149 3434 1362 3495 εἰωθότι
1395 3436 1543 3513 βοᾷν,
1572 3456 1763 3512 μονον-

164 3538 294 3607 ουχὶ
312 3536 407 3590 καὶ
425 3535 847 3609 προαπειλοῦντι
867 3524 965 3607 τὴν
984 3534 1171 3604 ἔφοδον
1191 3552 1205 3566 ⁸
1242 3534 1472 3606 σκύμνοι
1491 3533 1547 3588 δὲ
1573 3533 1763 3605 ὥσπερ

165 3631 216 3682 6’.
267 3627 398 3699 ἐμοί
430 3630 589 3694 εἰσιν,
637 3630 686 3682 οἱ
723 3629 832 3683 πᾶν
864 3629 925 3683 τὸ
955 3630 1086 3701 ἐμὸν
1127 3629 1248 3694 ἔθος
1290 3630 1758 3702 ἀπομιμούμενοι·

167 3718 625 3789 ητακεκράγασι
660 3718 790 3791 γὰρ,
820 3719 896 3784 ὡς
936 3718 1094 3791 ἔφην,
1123 3708 1231 3773 τῶν
1265 3710 1547 3775 δυσσεϐεϊν
1573 3718 1760 3773 εἰωθό-

164 3827 302 3866 των.
356 3809 498 3864 Ἀλλ’
523 3809 715 3881 ὥσπερ
750 3814 866 3876 τοῖς
902 3814 959 3866 ὲν
1009 3812 1162 3884 ὄρεσι
1204 3809 1364 3876 ζώοις
1397 3812 1497 3864 οὐκ
1526 3810 1762 3882 ἀκερδὴς

167 3899 514 3973 παντελῶςῆ
544 3900 1003 3973 προανὰφὼνησις
1037 3901 1131 3956 τοῦ
1164 3901 1350 3974 θηρὸς,
1382 3902 1760 3957 κατασοϐοῦσα

168 3991 314 4062 πρὸς
342 3992 523 4064 φυγὴν
550 3993 680 4063 πρὶν
710 3984 911 4046 ἁλῶναι
939 3993 1124 4064 τυχὸν,
1156 3992 1297 4047 οὕτω
1319 3993 1411 4047 καὶ
1441 3996 1554 4058 τοῖς
1580 3994 1762 4069 ἁμαρ-

168 4082 396 4136 τάνουσι
422 4083 821 4155 χρησιμωτάτη
849 4082 968 4137 Mea
1006 4086 1039 4156 ἡ
1080 4084 1187 4156 πρὸ
1214 4086 1322 4139 τῶν
1349 4083 1536 4139 δεινῶν
1561 4086 1757 4156 ἀπειλὴ

166 4186 225 4225 τε
260 4175 359 4227 καὶ
403 4174 821 4247 προαγόρευσις,
864 4175 1176 4247 μεθιστῶσα
1209 4175 1345 4249 πρὸς
1394 4177 1756 4247 μετάγνωσιν,

168 4263 269 4316 καὶ
316 4262 604 4337 ἀποφυγὴν
656 4264 764 4318 τῶν
814 4266 1247 4338 ἡμαρτημένων.
1303 4267 1494 4321 Λέοντι
1548 4268 1611 4339 δὴ
1665 4265 1759 4322 οῦν

169 4354 369 4409 ἑαυτὸν
404 4356 730 4425 παρεικάζει
760 4355 913 4425 Θεὸς,
945 4359 1006 4411 οὐ
1043 4357 1306 4430 πρότερον
1340 4358 1753 4430 ὲπιθρώσκοντι,

1862 1881 2096 1937 habens!
2130 1882 2192 1938 Si
2229 1883 2373 1939 dabit
2410 1886 2615 1941 catulus
2652 1902 2826 1941 vocem
2862 1905 3013 1944 suam
3053 1907 3117 1944 ea:
3156 1892 3315 1946 cubili
3350 1910 3447 1948 suo

1864 1974 2097 2040 omnino,
2129 1977 2231 2029 nisi
2264 1979 2493 2047 rapuerit
2527 1979 2768 2050 aliquid?

1932 2154 2096 2225 277
2137 2154 2351 2210 XXVII.
2394 2158 2495 2225 Qui
2555 2160 2798 2230 naturas,
2823 2154 3062 2221 ferarum
3124 2168 3447 2240 exquisitius

1862 2248 2248 2318 pervestigant,
2302 2261 2530 2306 narrant
2580 2252 2788 2308 leonem
2832 2256 3160 2314 esurientem
3210 2270 3446 2327 montes,

1863 2338 2031 2394 saltus
2072 2348 2128 2395 et
2179 2354 2404 2397 nemora
2452 2345 2762 2400 contentius
2815 2349 3120 2420 pervagari,
3170 2351 3277 2407 huc
3316 2351 3446 2411 illuc

1863 2430 2053 2487 oculos
2077 2431 2449 2498 circumferre,
2480 2446 2535 2489 et
2572 2437 2848 2507 quidpiam
2876 2440 3073 2496 ibidem
3104 2445 3443 2513 pascentium

1864 2536 2075 2593 rapere.
2128 2523 2230 2580 Ubi
2262 2533 2441 2579 autem
2480 2525 2682 2597 aliquid
2736 2529 2837 2583 sibi
2878 2532 2945 2584 ad
2996 2545 3148 2587 esum
3190 2534 3442 2591 idoneum

1864 2617 2245 2683 conspexerit,
2308 2616 2619 2686 propiorem
2711 2618 2913 2675 factum
2994 2622 3331 2681 horribiliter
3390 2638 3447 2682 et

1864 2706 2069 2761 absone
2097 2707 2360 2776 rugiendo
2398 2709 2634 2777 praedam
2673 2710 2953 2768 invadere.
2988 2713 3141 2781 Quod
3172 2717 3219 2772 si
3248 2717 3447 2774 catulis

1864 2811 2046 2853 escam
2089 2808 2380 2869 apportans
2418 2801 2649 2857 lustrum
2684 2805 2949 2873 attigerit,
2982 2808 3204 2865 exsilire
3243 2810 3365 2867 illos
3393 2824 3448 2866 et

1864 2902 1986 2944 cum
2023 2888 2263 2947 clamore
2289 2894 2526 2962 praedam
2561 2901 2953 2966 apprehensam
2996 2890 3280 2958 dilaniare.
3307 2902 3447 2971 Quid

1865 2986 2019 3051 ergo,
2048 2982 2243 3053 inquit,
2277 2984 2442 3040 Deum
2473 2986 2907 3054 calumniamini,
2943 3007 3064 3047 cum
3092 3002 3218 3050 ante
3243 2997 3450 3052 adven-

1868 3081 1980 3128 tum
2013 3074 2382 3131 calamitatum
2413 3077 2814 3134 comminatur?
2842 3079 2980 3147 Quid
3011 3097 3175 3151 super
3213 3086 3449 3156 prOphe-

1868 3165 1938 3221 tis
1968 3164 2084 3236 ejus
2112 3166 2362 3231 fremitis,
2395 3182 2517 3222 cum
2545 3177 2600 3224 et
2629 3169 2729 3241 ipsi
2766 3186 2930 3242 super
2956 3186 3135 3229 vestra
3168 3176 3447 3247 impietate

1864 3254 2158 3310 clamorem
2198 3256 2405 3311 edunt?
2440 3258 2552 3329 Ego
2582 3260 2725 3314 enim
2763 3261 2974 3318 leonem
3015 3263 3221 3333 imitor,
3247 3267 3444 3339 inquit,

1862 3343 1953 3414 qui
1988 3352 2178 3400 contra
2210 3345 2416 3402 bestias
2457 3347 2694 3405 clamare
2726 3351 3030 3418 consuevit,
3063 3361 3117 3408 et
3153 3370 3446 3428 propemo-

1861 3436 1989 3492 dum
2029 3438 2220 3493 minari
2250 3440 2399 3506 prius
2427 3455 2485 3496 se
2533 3442 2948 3513 impressionem
2992 3445 3304 3516 facturum;
3348 3466 3447 3507 ca»

1864 3528 1958 3583 tuli
1990 3536 2167 3584 autem
2194 3526 2595 3599 quodammodo
2620 3534 2726 3590 mei
2757 3538 2904 3603 sunt,
2933 3536 3025 3607 qui
3050 3553 3242 3597 omnes
3264 3556 3446 3601 mores

1863 3637 2011 3678 meos
2048 3623 2313 3677 referunt.
2358 3616 2609 3680 Clamant
2652 3628 2820 3693 enim,
2877 3640 2937 3683 ut
2979 3630 3110 3697 dixi,
3155 3633 3442 3690 adversum

1860 3729 1955 3770 eos
1997 3714 2195 3785 quibus
2240 3717 2403 3786 impie
2441 3733 2604 3788 agere
2651 3721 2705 3775 in
2759 3724 3148 3780 consuetudine
3191 3735 3298 3784 est.
3335 3727 3444 3784 Sed

1861 3806 2315 3875 qucrnadmOdum
2362 3802 2494 3864 leris
2544 3812 2820 3867 montanis
2867 3810 3056 3870 bellum
3100 3814 3259 3886 hujus
3306 3831 3444 3888 pra:-

1861 3900 2061 3955 missus
2106 3900 2311 3956 clamor
2347 3917 2451 3957 non
2498 3910 2581 3959 est
2624 3903 2996 3961 incommodus
3028 3904 3210 3977 plane,
3246 3907 3445 3980 quippe

1860 3990 1928 4043 ad
1963 3988 2140 4062 fugam
2170 3994 2266 4046 eas
2295 3990 2577 4061 impellens
2615 4002 2905 4065 antequam
2942 3993 3082 4050 forte
3113 3998 3438 4067 capiantur;

1860 4083 1933 4137 ita
1962 4086 2178 4155 quoque
2201 4086 2553 4155 peccantibus
2584 4095 2712 4141 ante
2733 4084 2965 4153 cladem,
2996 4096 3050 4143 et
3080 4102 3271 4159 poenas
3292 4101 3444 4146 coui-

1862 4175 2107 4240 minatio,
2144 4184 2200 4231 et
2248 4176 2547 4246 praedictio,
2604 4192 2710 4249 qua
2755 4180 3009 4235 commoti
3050 4181 3118 4236 ad
3165 4182 3440 4251 pmniten-

1862 4269 1990 4323 tiam
2038 4278 2093 4323 et
2114 4268 2292 4339 fugam
2325 4279 2672 4339 peccatorum
2706 4285 2765 4325 se
2792 4271 2936 4337 dent,
2969 4271 3127 4344 longe
3155 4283 3240 4330 est
3266 4274 3442 4330 utilis-

1860 4361 2017 4417 sima.
2066 4359 2199 4416 Cum
2248 4359 2403 4416 leone
2446 4360 2629 4431 itaque
2677 4358 2817 4418 Deus
2865 4380 2923 4419 se
2979 4377 3279 4436 comparat,
3332 4382 3440 4424 non

169 4440 267 4499 καὶ
298 4446 368 4500 τὰ
405 4444 464 4512 ἐξ
496 4442 666 4531 ὀργῆς
695 4448 954 4517 ἐπάγοντι
976 4466 1138 4517 τισιν,
1172 4451 1221 4504 εὶ
1261 4450 1336 4521 μὴ
1363 4452 1755 4523 προαναφαίνοι

1864 4453 2015 4525 prius
2051 4452 2343 4520 insiliente,
2371 4461 2428 4509 et
2471 4469 2538 4509 ex
2577 4456 2658 4509 ira
2707 4457 2943 4524 praedam
2978 4459 3292 4524 devorante,
3333 4462 3439 4518 nisi

168 4537 271 4609 τὴν
317 4538 572 4609 ἀπειλὴν,
624 4538 713 4593 ἵνα
763 4541 1152 4610 μετανοοῦντες
1203 4539 1480 4608 σώζοιντο,
1516 4543 1621 4615 πρὸ
1659 4545 1760 4617 τῆς

1865 4543 2040 4598 minas
2072 4542 2412 4613 praemiserit,
2448 4552 2507 4598 ut
2532 4544 2860 4614 pteuiteutes
2892 4556 3016 4602 ante
3051 4547 3313 4603 malorum
3337 4551 3437 4605 ad-

168 4629 362 4684 δεινῶν
394 4630 583 4700 ἐφόδου
619 4631 909 4705 φάρμακον
953 4633 1143 4706 ὥσπερ
1173 4635 1255 4697 εἰς
1288 4634 1561 4706 σωτηρίαν
1608 4636 1763 4708 δεχό-

174 4734 330 4794 μενοι
362 4720 473 4776 τῶν
504 4723 779 4793 ἐσομένων
822 4728 920 4798 τὴν
960 4726 1382 4799 προαγόρευσιν.

241 4816 317 4868 El
357 4812 625 4867 πεσεῖται
654 4814 863 4883 ὄρνεον
887 4816 986 4871 ἐπὶ
1013 4816 1128 4885 τὴν
1157 4814 1275 4887 γῆν
1317 4815 1464 4871 ἄνευ
1490 4815 1758 4883 ὶξεῠτοῦς

169 4906 245 4961 ΕΙ
274 4904 643 4971 σταθήσεται
670 4907 849 4976 arari;
879 4908 977 4963 ἐπὶ
1006 4908 1115 4977 τῆς
1150 4908 1259 4979 γῆς
1297 4908 1445 4962 ἄνευ
1477 4908 1586 4964 τοῦ
1607 4912 1759 4964 συλ-

170 4996 387 5051 λαϐεῖν
415 5014 466 5049 τι
486 5000 519 5066 ;ξ

243 5078 383 5141 KH'.
426 5088 731 5159 Πεποίηται
765 5088 863 5159 μὲν
903 5089 979 5152 ὡς
1027 5087 1086 5155 ἐξ
1131 5090 1446 5161 ὁμοιώσεως
1482 5091 1578 5145 καὶ
1609 5090 1704 5145 νῦν
1733 5093 1761 5144 6

169 5179 353 5247 λόγος.
399 5180 624 5245 Ἰξευταὶ
665 5182 764 5250 μὲν
797 5180 906 5251 γὰρ
944 5180 1011 5234 τὰ
1043 5182 1101 5235 ὲν
1135 5185 1321 5252 φυτοῖς
1355 5182 1613 5253 ἱζήσαντα
1650 5174 1760 5236 τῶν

171 5268 476 5342 στρουθίων
507 5272 904 5343 εὐτεχνέστατα
933 5274 1321 5347 καταφέρουσι.
1358 5266 1558 5343 Παγίσι
1587 5274 1644 5328 δὲ
1665 5269 1759 5329 οῦν

171 5363 476 5417 συνθελῶσί
502 5380 646 5429 τινες
691 5366 753 5419 τὸ
791 5365 1165 5437 ἁλισκόμενον.
1206 5365 1389 5421 Ἔοικε
1435 5366 1492 5420 δὲ
1535 5366 1563 5419 6
1603 5366 1760 5436 λόγος

168 5455 510 5509 αἰνίττεσθαι
537 5457 655 5511 νυνὶ
680 5454 769 5511 διὰ
799 5457 909 5512 τῶν
942 5458 1239 5530 στρουθίων
1286 5457 1385 5530 μὲν
1409 5459 1536 5523 τοὺς
1578 5457 1760 5529 ὑψηλὰ

170 5548 397 5620 φρονεῖν
430 5545 710 5611 εἰωθότας,
748 5548 873 5612 τοὺς
906 5549 1171 5614 ἀλαζόνας
1212 5549 1305 5603 τὸν
1343 5548 1491 5617 νοῦν,
1529 5551 1622 5604 καὶ
1664 5567 1762 5622 με-

167 5639 416 5712 τεώρους
447 5638 549 5703 τὰς
586 5639 812 5712 φρένας,
845 5640 939 5693 καὶ
980 5640 1041 5695 τὸ
1072 5640 1482 5712 συναπὰγεσοαι
1520 5638 1633 5709 τοῖς
1663 5658 1761 5698 τα-

240 5818 291 5852 ⁷⁸
317 5816 510 5874 Matth.
542 5833 597 5884 κ,
637 5818 727 5874 40.

500 5915 781 5977 Ρλτιιοι..
823 5914 940 5977 GR.
971 5915 1182 5978 LXXI.

1860 4644 2078 4690 ventum
2117 4633 2417 4698 salventur,
2446 4634 2598 4704 quasi
2636 4630 2987 4706 pharmacum
3022 4640 3257 4694 salutare
3290 4639 3439 4695 futu-

1860 4738 2043 4777 rorum
2077 4722 2390 4778 vaticinium
2417 4724 2797 4794 suscipientes.

1932 4816 2095 4871 Vens.
2125 4815 2177 4871 5.
2222 4812 2283 4870 Si
2307 4815 2457 4870 cadet
2492 4818 2601 4872 avis
2634 4818 2689 4871 in
2735 4827 2930 4873 terram
2967 4811 3161 4890 absque
3200 4820 3442 4888 aucupe?

1862 4898 1923 4962 Si
1962 4916 2222 4961 statuetur
2257 4906 2472 4977 laqueus
2531 4909 2587 4963 in
2624 4917 2763 4963 terra
2804 4911 2917 4965 sine
2958 4927 3017 4965 eo
3064 4904 3203 4980 quod
3251 4927 3441 4981 appre-

1859 4999 2050 5052 hendat
2076 4998 2278 5071 aliquid
2296 5000 2322 5052 ?

1936 5082 2169 5145 XXVIII.
2213 5090 2386 5145 Etiam
2426 5107 2568 5148 nunc
2612 5092 2965 5150 similitudine
2994 5096 3227 5166 quadam
3256 5109 3439 5151 sermo

1865 5182 2099 5236 cunstat.
2142 5183 2391 5254 Aucupes
2434 5183 2577 5239 enim
2609 5184 2951 5252 passerculos
2993 5186 3276 5243 arboribus
3312 5188 3441 5243 insi.

1866 5272 2059 5329 dentes
2105 5274 2243 5329 miro
2287 5275 2519 5332 artificio
2568 5276 2846 5348 dejiciunt.
2885 5279 3112 5347 Quidam
3153 5280 3441 5337 tendioulis

1862 5375 2051 5436 captos
2088 5366 2317 5423 elidunt.
2363 5366 2625 5424 Videntur
2669 5368 2831 5426 verba
2869 5372 2983 5426 haec
3026 5371 3126 5426 sub
3162 5358 3441 5428 involucra

1862 5457 2098 5528 quodam
2149 5456 2389 5514 indicare
2434 5457 2871 5528 passerculorum
2917 5459 3135 5514 nomine
3177 5473 3294 5523 eos,
3343 5458 3438 5528 qui

1864 5546 2040 5605 solent
2069 5546 2235 5603 altum
2265 5561 2456 5617 sapere
2481 5542 2549 5614 ⁷⁸,
2591 5557 2910 5619 arrogantes
2939 5548 3159 5614 animis,
3181 5557 3234 5603 et
3265 5548 3437 5601 elatos

1866 5643 2064 5706 corde,
2106 5639 2404 5697 humilibus
2445 5640 2755 5696 consentire
2799 5654 2905 5695 non
2947 5639 3438 5707 sustinentes;per

839 5817 886 5849 ⁷⁸
921 5817 1032 5873 ibid
1064 5818 1153 5872 i5.
1227 5820 1271 5852 ⁷⁷
1314 5819 1353 5875 ΙΙ
1395 5820 1522 5878 Cor.
1559 5835 1612 5890 ν,
1645 5822 1735 5877 20.
1810 5820 1859 5854 ⁷⁸
1902 5818 2061 5877 Rom.
2104 5834 2203 5884 xu,
2234 5818 2289 5874 '5.

2974 5907 3043 5967 15
