4068 6540
620 345 725 399 450

1649 340 1704 394 S.
1749 338 2015 395 CYRIILI
2054 338 2527 395 ALEXANDRINI
2564 338 2884 397 ARCHIEP.

3782 336 3901 389 εει)

626 454 911 512 tendiculis
942 462 1119 509 autem
1160 463 1347 525 captos
1389 462 1723 511 terrenorum
1758 463 2021 518 amantes,
2054 454 2197 507 sola-

2313 454 2511 516 πεινοῖς
2556 453 2654 507 οὐκ
2707 452 3065 523 ἀνεχομένους
3095 470 3106 482 ⁸
3148 453 3235 509 διὰ
3291 452 3347 505 δέ
3398 452 3504 505 τῶν
3552 452 3607 504 ἐν
3661 451 3903 519 παγίσι-δ

624 560 728 609 que
760 543 995 599 carnalia
1028 552 1082 598 et
1111 544 1411 615 saginantia
1442 553 1838 600 consectantes.
1871 544 2075 613 Aucupi
2112 560 2199 597 au-

624 648 730 692 tem
766 647 817 691 et
848 636 1054 707 laqueof
1081 652 1296 691 rursum
1337 651 1396 692 se
1440 637 1703 691 assimilat
1740 636 1900 703 Deus,
1938 635 2199 706 superbos

624 733 691 787 ad
736 742 930 787 terram
978 731 1288 797 deturbans,
1340 739 1394 785 et
1424 731 1575 800 quasi
1620 729 1983 797 confringens,
2030 737 2084 783 et
2131 729 2199 782 ad

624 821 947 894 supplicium
1002 831 1246 893 captans,
1292 822 1383 891 qui
1437 831 1650 877 terrena
1698 830 1904 874 tantum
1959 819 2195 889 sapiunt.

624 915 796 969 Erant
826 932 845 967 ι
878 924 1055 969 autem
1091 912 1344 968 Israelitze
1381 923 1718 982 arrogantes,
1756 922 1809 965 et
1839 911 1928 965 Dei
1960 920 2200 964 contem-

624 1020 834 1078 ptores,
884 1008 1283 1078 prophetasque
1339 1007 1785 1074 aspernabantur,
1827 1014 1881 1058 et
1929 1002 2099 1074 legem
2148 1004 2198 1057 in

628 1099 920 1171 postremis
952 1098 1239 1154 habebant.
1269 1097 1435 1166 278
1464 1096 1631 1150 Erant
1661 1104 1922 1166 praeterea
1970 1095 2198 1149 munda-

632 1194 717 1249 nis
746 1190 968 1248 involuti
994 1190 1241 1260 negotiis,
1274 1200 1326 1243 et
1356 1188 1727 1242 tantummodo
1753 1186 1891 1241 ﬂuxa
1924 1194 1977 1241 et
2002 1186 2199 1239 caduca

2304 544 2674 614 ἁλισκομένων
2710 544 2817 596 τῶν
2865 542 3121 613 ἐπιγείων
3158 545 3284 607 τοὺς
3324 543 3581 614 ἐραστὰς,
3619 542 3711 595 καὶ
3747 542 3905 611 μόνα

2303 638 2599 707 ζητοῦντας
2632 635 2698 689 τά
2724 635 2988 707 σαρκικὰ,
3037 638 3131 689 καὶ
3180 634 3627 690 καταπιαῖνοντα.
3678 635 3900 703 Ίξευτῇ

2302 730 2379 793 δὲ,
2412 729 2505 781 καὶ
2536 724 2724 796 παγίδι
2759 726 2920 781 πάλιν
2952 729 3139 781 ἑαυτὴν
3169 727 3492 799 παρεικάζει
3523 727 3678 790 Θεὲς,
3710 745 3898 780 κατα·

2304 822 2579 891 κομίζοντι
2617 821 2714 890 μὲν
2745 821 2824 882 εἰς
2858 821 2960 889 γῆν
2993 822 3118 883 τοὺς
3152 820 3561 891 ὑπερηφάνους,
3594 818 3902 870 συνθλῶντι

2302 916 2355 968 δέ
2389 912 2596 981 ὥσπερ,
2632 913 2725 964 καὶ
2772 911 3062 984 άγρεύοντι
3095 912 3231 982 πρὸς
3260 912 3532 982 τιμωρίαν
3578 912 3705 974 τοὺς
3754 910 3903 979 μόνα

2304 1008 2630 1077 φρονοῦντας
2680 1008 2747 1059 τὰ
2794 1005 2885 1056 ἐπὶ
2916 1004 3015 1072 τῆς
3048 1004 3171 1073 γῆς.
3232 1002 3517 1067 Ἀλαζόνες
3547 1002 3600 1054 δὲ
3643 998 3789 1070 ἦσαν
3849 1004 3899 1052 οἱ

2304 1098 2363 1163 ἐξ
2421 1100 2670 1170 Ἰσραὴλ,
2728 1095 3192 1167 καταφρονοῦντες
3240 1093 3406 1159 Θεοῦ,
3454 1096 3551 1148 καὶ
3604 1095 3901 1165 προφήτας

2306 1191 2752 1260 παραιτούμενοι,
2810 1189 2902 1242 καὶ
2942 1186 3302 1257 ἀτιμάζοντες
3355 1185 3541 1255 νόμον.
3593 1181 3781 1237 Ἦσαν
3842 1184 3902 1236 δὲ

629 1280 1118 1353 persequebantur,
1152 1293 1378 1347 quorum
1430 1278 1677 1331 absurdis
1709 1277 2094 1346 cupiditatibus
2127 1276 2203 1329 vi-

2313 1283 2453 1335 οῦδέν
2486 1277 2647 1354 ἦττον
2684 1280 2780 1334 καὶ
2832 1280 3077 1350 γλίσχροι
3128 1278 3249 1332 λίαν
3295 1278 3424 1349 περὶ
3467 1277 3538 1331 τὰ
3587 1277 3647 1329 ἐν
3700 1280 3903 1346 κόσμῳ

3832 1359 3861 1382 τ

628 1374 723 1439 cli,
765 1389 792 1426 a
841 1370 935 1426 Dei
970 1370 1131 1424 verbo
1158 1368 1518 1440 refugiebant,
1565 1379 1619 1422 et
1664 1368 1728 1421 ad
1768 1369 2020 1422 virtutem
2070 1366 2202 1420 invi-

631 1464 869 1518 tantibus
929 1460 1321 1531 repugnabant.
1380 1460 1637 1513 Dicebant
1692 1458 1835 1513 enim
1876 1457 2198 1527 prephetis:

627 1552 935 1623 Loquimini
970 1552 1093 1617 alia,
1123 1559 1177 1606 et
1220 1565 1487 1617 errorem,
1529 1564 1623 1603 seu
1659 1550 2010 1620 imposturam
2050 1547 2205 1604 nobis

627 1644 788 1699 aliam
838 1643 1173 1696 annuntiate.
1231 1640 1289 1695 Si
1340 1642 1641 1711 igitur‘ego
1679 1658 1833 1711 sum,
1870 1642 2064 1711 inquit,
2112 1639 2203 1708 qui

627 1736 799 1791 instar
815 1736 1035 1805 aucupis
1053 1735 1312 1805 superbos
1331 1733 1546 1801 dejicio,
1569 1744 1623 1788 et
1641 1732 1789 1787 velut
1802 1734 1995 1803 laqueo
2017 1741 2203 1803 captos

2306 1373 2572 1444 πρακτέα,
2610 1371 2703 1425 καὶ
2758 1371 2896 1442 μόνα
2940 1366 3231 1439 ζητοῦντες
3259 1367 3326 1421 τὰ
3378 1367 3471 1419 ἐπὶ
3503 1368 3603 1437 τῆς
3655 1367 3783 1436 γῆς,
3824 1366 3903 1418 ὧν

2304 1465 2423 1525 ταῖς
2476 1461 2725 1524 ὲκτόποις
2778 1458 3093 1529 ἐπιθυμίαις
3136 1456 3460 1529 ἡττώμενοι,
3491 1456 3583 1509 τὸν
3615 1455 3712 1508 τοῦ
3756 1455 3905 1509 Θεοῦ

2304 1554 2463 1622 λόγον
2498 1553 2559 1605 οὐ
2596 1551 2913 1623 προσίεσαν,
2960 1548 3331 1619 ἀντέπραττον
3384 1546 3441 1600 δὲ
3484 1549 3596 1611 τοῖς
3628 1544 3903 1600 καλοῦσιν

2306 1649 2384 1709 εἰς
2416 1646 2636 1716 ἀρετήν.
2670 1644 2947 1712 Ἐφασκον
2996 1640 3105 1711 γάρ
3154 1642 3266 1703 τοῖς
3316 1640 3666 1710 προφήταις·
3722 1637 3904 1691 ’Δλλα

2307 1740 2437 1808 ἡμῖν
2468 1738 2699 1799 λαλεῖτε,
2720 1734 2814 1789 καὶ
2835 1732 3191 1802 ἁναγγέλλετε
3222 1732 3355 1803 ἡμῖν
3377 1731 3575 1802 ἑτέραν
3599 1730 3780 1802 πλάνη
3790 1748 3900 1785 σιν.

627 1827 895 1883 suffocare
940 1827 1131 1881 solitus
1178 1841 1322 1891 sum,
1363 1828 1450 1894 qui
1497 1841 1647 1881 more
1677 1826 1912 1896 vulpium
1963 1833 2055 1879 aut
2086 1840 2203 1878 mu-

2313 1796 2479 1900 έίπερ
2510 1824 2603 1882 οῦν
2631 1796 2740 1897 ἐγώ
2774 1828 2912 1897 εἰμι,
2946 1796 3130 1894 φησὶν,
3166 1825 3194 1877 ὁ
3220 1796 3277 1877 ἐν
3322 1796 3530 1888 ίξευτοῢ
3560 1796 3905 1895 τρόπῳ-κα-

628 1917 767 1972 rium
802 1916 1030 1987 negotiis
1068 1915 1355 1970 mundanis
1389 1916 1651 1970 tenaciter
1682 1914 2037 1980 inhaerebant,
2073 1912 2202 1983 quid

629 2010 828 2066 frustra
858 2016 1076 2065 sanctos
1095 2009 1503 2079 persequimini,
1528 1992 1663 2077 quia
1684 2016 1897 2063 tantum
1927 2021 2204 2063 sermones

629 2113 780 2155 meos
827 2102 893 2155 ad
928 2115 1024 2155 vos
1062 2098 1359 2168 perferunt,
1410 2114 1530 2153 cum
1572 2114 1673 2169 ego
1717 2098 2066 2155 nihilominus
2109 2099 2205 2152 irte

630 2208 765 2249 mete
802 2192 855 2247 in
898 2193 1091 2263 impios
1123 2202 1400 2263 conceptae
1422 2188 1791 2249 satisfaciam?

704 2521 866 2574 Vsus.
903 2518 957 2573 6.
1002 2518 1062 2571 Si
1100 2515 1345 2569 clamabit
1378 2516 1503 2569 tuba
1542 2516 1861 2583 incivitate,
1891 2527 1939 2571 et
1982 2521 2205 2587 populus

632 2629 734 2667 non
783 2607 1128 2678 expavescet?
1177 2600 1245 2661 Si.
1281 2608 1377 2660 erit
1432 2607 1630 2661 malum
1679 2610 1732 2661 in
1786 2608 2015 2673 civitate,
2068 2611 2207 2677 quod

629 2704 886 2759 Dominus
914 2718 1013 2753 non
1042 2700 1162 2768 fecit
1187 2700 1211 2752 1’

714 2834 906 2890 XXIX.
953 2834 1063 2904 Ego
1103 2833 1351 2904 'quidem,
1390 2832 1580 2901 inquit,
1631 2849 1726 2903 pro
1771 2834 1847 2887 ira
1890 2850 2004 2888 mea
2054 2836 2210 2892 malis

631 2945 725 2981 vos
756 2938 971 2992 macto;
1004 2925 1276 2995 prophetae
1320 2936 1497 2979 autem
1540 2924 1697 2980 utiles
1731 2935 1875 2992 sunt,
1906 2936 1960 2980 et
1992 2928 2208 2981 subser.

630 3023 785 3076 viunt
814 3020 880 3074 ad
911 3021 1071 3074 verba
1105 3029 1333 3074 tantum.
1372 3018 1629 3072 Deferunt
1658 3020 1800 3071 enim
1842 3019 1907 3072 ad
1937 3034 2053 3087 vos,
2091 3035 2208 3089 qua!

2307 1918 2559 1989 ταφέρων
2586 1919 2713 1981 τοὺς
2748 1915 3148 1987 ὑπερηφάνους,
3182 1914 3277 1969 καὶ
3301 1913 3377 1976 ὡς
3402 1913 3460 1969 ἐν
3482 1911 3635 1978 τάξει
3668 1912 3904 1982 παγίδος

2312 2009 2539 2080 συνθλᾷν
2586 2008 2789 2071 εἰωθὼς
2838 2007 2931 2059 τὸν
2969 2004 3250 2068 ἀλώπεκος
3293 2002 3533 2075 δίκην,ἢ
3580 2004 3719 2074 μυὸς
3777 2002 3905 2071 γλί-

2312 2118 2490 2173 σχρως
2529 2099 2720 2171 ἔχοντα
2758 2098 2889 2169 πρὸς
2936 2096 3004 2150 τά
3053 2098 3109 2149 ἐν
3148 2095 3336 2168 κόσμῳ
3377 2094 3650 2167 πρακτέα,
3700 2093 3753 2147 τί
3794 2094 3907 2165 μά-

2307 2211 2405 2262 την
2438 2190 2661 2245 διώκετε
2707 2189 2833 2253 τοὺς
2864 2189 3073 2259 ἁγίους,
3112 2188 3191 2240 ὅτι
3242 2187 3436 2257 μόνους
3484 2188 3566 2251 είς
3602 2188 3753 2257 ὖμᾶς
3785 2187 3908 2240 δια-

2308 2279 2593 2351 κομίζουσι
2646 2279 2858 2348 λόγους,
2916 2277 3056 2348 ἐμοῦ
3124 2276 3453 2348 πληροῦν-τος
3495 2276 3563 2331 τὰ
3599 2275 3661 2342 ἐξ
3734 2279 3906 2349 ὀργῆς

2309 2378 2422 2439 τοῖς
2453 2372 2766 2428 δυσσεϐέσιν
2797 2370 3253 2443 ἀπεῤῥιμμένης;

2384 2534 2453 2587 El
2506 2530 2774 2599 φωνήσει
2813 2527 3083 2597 σάλπιγξ
3131 2528 3201 2580 ὲν
3250 2527 3445 2587 πόλει,
3479 2524 3580 2577 καὶ
3630 2524 3790 2587 λαὸς
3832 2526 3906 2578 οὐ

2315 2622 2747 2690 πτοηθήσεται;
2770 2622 2838 2674 El
2858 2619 3028 2674 ἐσται
3058 2619 3235 2673 κακία
3264 2618 3333 2670 ἐν
3351 2618 3544 2681 πόλει,
3570 2614 3653 2682 ἦν
3684 2616 3909 2683 Κύριος

2315 2718 2425 2769 οὐκ
2454 2715 2779 2780 ἐποίησεν;

2398 2844 2539 2914 Ἐγὼ
2569 2845 2688 2916 μὲν,
2721 2846 2907 2916 φησιν,
2940 2842 3130 2912 ἐπάγω
3173 2840 3241 2895 τὰ
3289 2841 3349 2906 ἐξ
3394 2841 3590 2912 ὀργῆς,
3634 2842 3906 2912 χρήσιμοι

2313 2937 2389 3002 δὲ,
2438 2938 2531 2991 καὶ
2563 2940 2777 3008 μεσίται
2824 2936 2962 3007 πρὸς
3003 2934 3195 3004 μόνους
3225 2934 3363 2986 εἰσὶν
3404 2934 3453 2987 ot
3490 2936 3777 3004 προφῆται
3815 2932 3905 2986 id-

2314 3045 2462 3096 γους.
2498 3026 2969 3099 Διαπορθμεύουσι
3008 3025 3117 3096 γὰρ
3145 3025 3226 3089 εἰς
3264 3025 3409 3095 ὑμᾶς
3438 3025 3584 3096 ἅπερ
3613 3025 3682 3078 ἂν
3718 3024 3909 3089 αὐτοῖς

631 3116 763 3187 ipsis
791 3129 887 3185 per
917 3112 1180 3182 Spiritum
1212 3113 1429 3165 mando.
1472 3110 1577 3165 Sed
1613 3109 1885 3180 negligitis
1915 3110 2120 3175 forsan,
2154 3120 2207 3165 et

2313 3119 2627 3191 ἐντέλλομαι
2677 3118 2764 3173 διὰ
2821 3117 2916 3172 τοῦ
2971 3115 3308 3186 Πνεύματος.
3386 3117 3524 3169 Ἀλλ’
3579 3116 3905 3188 ὁλιγωρεῖτε

630 3208 952 3263 verberibus
996 3220 1089 3259 eos
1146 3204 1262 3259 dire
1312 3203 1590 3273 accipitis,
1642 3212 1859 3272 propter
1905 3217 2211 3257 sermonem

632 3312 1020 3370 nonnunquam
1081 3297 1383 3361 duntaxat,
1447 3310 1607 3365 quem
1672 3294 1963 3363 aliquando
2023 3296 2209 3348 edunt.

633 3390 774 3458 Quid
815 3403 945 3445 vero
991 3387 1229 3449 tandem,
1281 3386 1366 3438 dic
1400 3384 1557 3446 mihi,
1589 3384 1672 3438 his
1714 3384 2056 3453 pet-fecistis?
2083 3383 2213 3457 Quis

633 3484 797 3537 timor
838 3496 931 3535 vos
965 3477 1145 3547 cepit?
1178 3486 1269 3531 aut
1298 3491 1460 3545 quam
1496 3474 1850 3530 mutationem
1893 3475 1959 3529 ad
1989 3476 2212 3530 meliora

633 3572 983 3629 instituistis?
1020 3569 1076 3623 In
1109 3568 1331 3623 civitate
1376 3566 1592 3637 quidem
1642 3566 1688 3621 si
1722 3567 2026 3621 resonuerit
2063 3568 2211 3629 tuba,

635 3665 833 3720 bellum
866 3663 935 3717 ab
968 3660 1215 3717 hostibus
1239 3667 1446 3712 motum
1472 3665 1526 3711 et
1547 3665 1879 3711 armatorum
1912 3658 2210 3712 adventum

635 3754 1056 3818 denuntiaverit,
1073 3752 1196 3823 quis
1213 3752 1346 3806 adeo
1369 3764 1585 3804 omnem
1610 3748 1813 3804 doloris
1833 3763 2051 3805 sensum
2074 3750 2212 3804 ami-

636 3848 731 3915 sit,
755 3856 814 3902 ut
844 3862 951 3902 non
980 3844 1351 3900 incredibilem
1378 3846 1678 3896 futurorum
1703 3843 1965 3898 malorum
2013 3853 2212 3898 metum

634 3939 942 4008 concipiat?
978 3937 1105 3991 Mere
1150 3944 1331 3991 autem
1369 3937 1507 3991 tuba:
1541 3933 1719 3989 futura
1756 3935 2051 4004 praecinere
2081 3952 2217 3990 nun-

638 4046 802 4100 quam
858 4029 1132 4092 desinunt,
1180 4036 1236 4082 et
1271 4042 1367 4081 vos
1418 4035 1597 4080 tamen
1650 4026 1781 4079 nihil
1837 4026 1962 4081 inde
2011 4028 2215 4081 emolu-

642 4122 810 4175 menti
851 4119 1148 4191 percipitis.
1182 4117 1426 4200 Cumque
1473 4117 1787 4187 intelligatis
1820 4132 1916 4172 vos
1948 4117 2015 4173 ab
2048 4119 2216 4172 hostt-

639 4209 741 4265 bus
793 4210 1133 4264 devastatum
1184 4208 1270 4272 iri,
1319 4218 1507 4262 contra
1559 4207 1928 4274 hujuscemodi
1981 4218 2217 4263 terrores

641 4300 927 4357 eﬂerimini
954 4301 1321 4366 vehementer,
1357 4311 1415 4355 ut
1454 4298 1702 4355 fortassis
1730 4302 1892 4355 etiam
1928 4301 2214 4356 denuntia-

645 4390 869 4456 tionem,
920 4404 1016 4443 ceu
1064 4404 1177 4445 rem
1221 4404 1415 4442 vanam
1450 4390 1757 4456 irrideatis;
1815 4392 1943 4461 quin
1984 4399 2039 4445 et
2085 4390 2213 4444 illud

2314 3214 2455 3281 τάχα
2490 3227 2614 3276 που,
2668 3210 2760 3264 καὶ
2811 3209 3059 3263 άλλοιᾶτε
3113 3208 3337 3277 σφόδρα,
3381 3208 3475 3261 καὶ
3529 3208 3665 3279 πρὸς
3706 3209 3907 3279 μόνους

2314 3304 2438 3366 τοὺς
2484 3304 2615 3374 παρ’
2642 3304 2822 3355 αὐτῶν
2854 3301 2965 3355 ἔσθ’
2998 3303 3086 3354 ὅτε
3111 3301 3322 3369 λόγους.
3356 3300 3419 3353 Τί
3449 3300 3555 3372 γάρ
3584 3300 3749 3363 ὅλως,
3785 3300 3906 3351 εἰπέ

2318 3413 2429 3465 μοι,
2455 3395 2541 3449 διὰ
2565 3395 2763 3448 τούτων
2791 3390 3073 3464 ὠφέλησθε
3094 3411 3108 3457 ;
3130 3393 3285 3457 Heio;
3314 3394 3455 3462 ὑμᾶς
3488 3391 3663 3445 είσέδυ
3692 3390 3904 3459 φόὸος;

2321 3489 2390 3539 Ἢ
2422 3486 2543 3540 τινα
2576 3484 2875 3557 μεταϐολὴν
2911 3485 3181 3555 ἐσχήκατε
3224 3484 3360 3554 πρὸς
3407 3484 3465 3535 τὸ
3499 3483 3768 3553 άμεινον;
3821 3483 3905 3535 Ἐν

2317 3578 2468 3631 πόλει
2518 3578 2617 3649 μὲν
2660 3576 2768 3646 γάρ
2807 3578 2855 3629 εἰ
2905 3576 3276 3646 άναφωνήσειε
3330 3573 3582 3643 σάλπιγξ,
3629 3573 3729 3625 τὸν
3770 3572 3905 3643 παρ’

2316 3669 2525 3740 ἐχθρῶν
2587 3669 2808 3740 ἥκοντα,
2870 3667 2966 3721 καὶ
3013 3667 3371 3738 κεκινημένον
3422 3664 3906 3737 περιαγγέλλουσι

2316 3758 2573 3829 πόλεμον,
2607 3759 2687 3821 τίς
2715 3756 2888 3819 οὕτως
2918 3756 3236 3827 ἀνάλγητος,
3277 3755 3351 3819 ὡς
3384 3755 3464 3826 μὴ
3503 3755 3673 3826 πάντη
3709 3772 3779 3807 τε
3815 3756 3907 3808 καὶ

2319 3846 2538 3909 πάντως
2574 3846 2669 3899 τὸν
2732 3846 2796 3899 ἐκ
2837 3844 2948 3898 τῶν
2992 3845 3265 3915 ἐσομένων
3317 3844 3501 3899 κακῶν
3549 3844 3905 3907 εἰσδέξασθαι

2318 3938 2518 4008 φόϐον;
2558 3938 2621 3989 Δί
2656 3935 2713 3989 δὲ
2743 3937 2875 4007 ἐμαὶ
2914 3935 3214 4004 σάλπιγγες
3257 3934 3317 3987 οὐ
3344 3933 3729 4001 διαλελοίπασι,
3769 3953 3909 4007 προ-

2316 4022 2700 4096 αναφωνοῦσαί
2744 4042 2803 4079 τε
2850 4024 2921 4079 τὰ
2961 4024 3242 4096 μέλλοντα.
3294 4025 3430 4077 Ἀλλ’
3464 4024 3752 4094 ὠφέλησθε
3804 4026 3908 4097 μὲν

2319 4117 2599 4182 παντελῶς
2626 4115 2796 4182 οὐδὲν,
2823 4114 3181 4187 μανθάνοντες
3208 4116 3263 4167 δὲ
3293 4116 3373 4169 ὅτι
3402 4116 3908 4188 καταδῃωθήσεσθε

2320 4212 2448 4283 παρ’
2478 4208 2707 4282 ἐχθρῶν,
2734 4208 3185 4279 κατευμεγεθεῖτε
3208 4206 3327 4259 λίαν
3357 4207 3464 4260 τῶν
3495 4211 3571 4270 εἰς
3595 4207 3763 4260 τοῦτο
3798 4210 3908 4263 6e:-

2321 4304 2526 4375 μάτων,
2561 4304 2635 4365 ὡς
2663 4302 2802 4372 τάχα
2849 4318 2952 4353 που
3002 4302 3096 4353 καλ.
3143 4300 3418 4371 διαγελᾷν,
3465 4300 3539 4364 ὡς
3581 4301 3802 4354 εἰκαῖόν
3859 4319 3908 4355 τι

2320 4397 2531 4468 mima»
2565 4394 2661 4465 τὴν
2695 4390 3113 4465 προαγόρευσιν.
3142 4391 3246 4446 Καὶ
3283 4392 3390 4462 μὴν
3419 4393 3637 4445 κάκεῖνο
3680 4391 3826 4463 βοᾷν
3850 4394 3909 4447 τὸ

642 4481 935 4546 usitatum,
989 4490 1041 4535 et
1087 4481 1410 4535 vecordibus
1474 4490 1795 4536 consuetum
1854 4482 2207 4537 acclametis:

2319 4486 2567 4557 σύνηθες,
2598 4486 2824 4548 καὶτοῖς
2858 4482 3271 4552 ἁπονοουμένοις
3296 4482 3569 4553 ἐντριϐές’
3600 4502 3620 4534 ‹
3673 4484 3738 4535 Ἦ
3772 4485 3910 4556 ὅραι

648 4590 667 4624 ι
710 4570 856 4625 Visio
900 4586 1061 4641 quam
1097 4571 1183 4625 hic
1226 4571 1387 4635 videt,
1430 4581 1551 4640 post
1583 4572 1697 4627 dies
1740 4572 1935 4627 multos
1982 4574 2212 4638 eveniet,

640 4663 689 4719 si
743 4665 993 4729 eveniet,
1052 4672 1106 4717 et
1164 4665 1215 4718 in
1286 4674 1525 4733 tempora
1583 4664 1737 4733 longa
1792 4666 1893 4718 iste
1953 4665 2215 4719 vaticina-

640 4756 812 4811 tur".
845 4774 865 4809 ι
914 4756 1054 4823 Quid
1086 4757 1251 4825 igitur
1284 4772 1545 4813 onerosos
1592 4758 1787 4812 ducitis
1831 4756 1993 4811 veluti
2040 4758 2220 4812 bucci-

639 4848 726 4904 nis
772 4858 1048 4914 canentes,
1098 4850 1142 4903 si
1192 4848 1351 4904 verba
1394 4863 1581 4903 eorum
1631 4863 1728 4919 pro
1779 4848 1947 4903 nihilo
1989 4850 2222 4917 putatis?

644 4938 752 4993 Sed
791 4937 1020 4995 fortasse
1066 4939 1195 4995 illud
1244 4940 1663 5011 respondebitis.
1714 4955 1820 4995 non
1872 4942 2215 4997 mediocriter

641 5044 826 5083 rerum
875 5039 1068 5085 eventu
1108 5046 1204 5087 vos
1240 5031 1574 5088 contristari.
1614 5032 1696 5086 An
1746 5032 1911 5102 igitur
1964 5050 1982 5083 ι
2018 5032 2212 5087 Malum

642 5121 747 5175 erit
797 5120 936 5175 forte
963 5122 1013 5175 in
1074 5122 1311 5189 civitate,
1360 5123 1502 5193 quod
1540 5122 1802 5179 Dominus
1837 5138 1941 5177 non
1997 5122 2161 5177 fecit?
2190 5141 2208 5175 ι

641 5208 873 5265 Perinde
915 5227 977 5267 ac
1016 5212 1059 5267 si
1127 5214 1270 5268 dicat
1300 5228 1313 5262 :
1345 5212 1481 5267 Num
1511 5217 1798 5283 quisquam
1838 5215 2115 5267 hominum
2149 5216 2213 5269 ad

640 5300 912 5355 civitatem
950 5312 1039 5355 aut
1074 5305 1297 5370 morbis,
1334 5314 1426 5358 aut
1455 5303 1846 5371 obsidionibus,
1878 5313 1970 5358 aut
2000 5304 2213 5373 frugum

642 5392 1117 5462 corruptionibus,
1174 5405 1265 5447 aut
1330 5394 1434 5447 alio
1488 5395 1650 5449 simili
1708 5397 1866 5450 modo
1915 5398 2212 5451 vexandam

642 5482 911 5539 suﬂiciat?
960 5485 1110 5550 Quod
1161 5486 1204 5541 si
1263 5486 1544 5541 hominum
1599 5487 1776 5542 nullus
1837 5488 1938 5543 ista
1998 5488 2210 5553 fecerit,

640 5577 929 5647 potiusque
959 5576 1010 5629 in
1051 5586 1318 5645 potestate
1361 5586 1414 5633 et
1445 5581 1684 5649 potentia
1727 5580 1820 5637 Dei
1854 5581 2029 5652 posita
2062 5590 2211 5649 sunt,

712 5753 759 5786 ⁷⁸
793 5752 988 5810 Ezech.
1031 5767 1127 5819 xu,
1170 5752 1260 5805 27.

2317 4598 2399 4643 σις
2435 4581 2502 4650 ἦν
2537 4570 2690 4641 οὗτος
2737 4577 2857 4647 ὁρᾷ,
2894 4576 2974 4638 είς
3001 4574 3215 4645 ἡμέρας
3250 4574 3468 4639 πολλὰς,
3506 4574 3600 4628 καὶ
3645 4576 3724 4637 είς
3779 4594 3910 4629 και-

2319 4673 2445 4742 ροὺς
2494 4669 2738 4741 μακροὺς
2784 4660 2937 4729 οὗτος
2972 4663 3322 4737 προφητεύει.
3375 4685 3392 4716 ι
3436 4665 3502 4718 Τί
3550 4660 3643 4719 οὖν
3673 4667 3907 4737 ἡγεῖσθε

2319 4761 2626 4833 φορτικοὺς,
2656 4760 2782 4821 τοὺς
2813 4757 2977 4809 οἱονεὶ
3008 4754 3389 4821 σαλπίζοντας,
3412 4756 3461 4807 εί
3485 4755 3651 4825 μηδὲν
3677 4757 3906 4826 ἡγεῖσθε

2318 4853 2443 4914 τοὺς
2470 4850 2697 4919 λόγους;
2748 4847 2886 4900 Ἀλλ’
2920 4848 3051 4910 ἴσως
3078 4845 3254 4898 ἐκεῖνό
3286 4862 3441 4914 φατε,
3464 4846 3539 4907 ὡς
3568 4846 3625 4897 οὑ
3663 4847 3907 4916 μετρίως
3942 4910 3947 4929 ᾖ

2322 4941 2626 4997 καταλυπεῖ
2657 4940 2766 4993 τῶν
2799 4938 3051 5011 πράξεων
3084 4938 3119 5007 ὴ
3164 4936 3407 5000 ἔκϐασις.
3444 4932 3591 5005 τΑρα
3618 4933 3711 4990 οὖν
3747 4938 3905 4992 ἔσται

2329 5054 2347 5085 ι
2377 5032 2635 5096 Κάκωσις
2663 5033 2721 5086 ἐν
2745 5031 2895 5084 πόλει
2920 5029 3100 5100 τυχὸν,
3119 5029 3185 5100 ἢν
3210 5028 3410 5100 Κύριος
3433 5028 3533 5081 οὐκ
3561 5029 3827 5099 ἐποίησεν
3848 5047 3861 5093 ;
3882 5048 3900 5080 ι»

2323 5120 2547 5191 Ὅμοιον
2572 5118 2648 5182 ὡς
2680 5120 2727 5171 εἰ
2758 5118 2907 5187 λέγοι
2931 5133 2946 5148 ο
2976 5114 3121 5189 *Αρα
3151 5118 3235 5180 τίς
3266 5116 3419 5169 ἔσται
3450 5117 3559 5171 τῶν
3599 5120 3657 5173 ὲν
3687 5118 3905 5190 ἀνθρώο

2322 5228 2443 5275 ποις
2473 5210 2655 5273 ἱκανὸς
2689 5209 2768 5273 εἴς
2794 5227 2857 5278 γε
2888 5209 2947 5262 τὸ
2980 5208 3239 5262 δύνασθαι
3280 5210 3529 5263 κακῶσαι
3564 5209 3719 5263 πόλιν
3744 5211 3783 5280 ἢ
3818 5213 3904 5264 νό-

2323 5303 2519 5374 σοις,ἢ
2564 5301 2921 5373 πολιορκίαις,
2954 5301 2986 5371 ἦ
3032 5300 3260 5373 καρπῶν
3296 5300 3742 5371 καταφθοραῖς,ῆ
3782 5304 3907 5357 καθ’

2316 5397 2503 5469 ἐτερὸν
2531 5413 2654 5451 τινα
2687 5394 2926 5449 τοιοῦτον
2971 5394 3205 5465 τρόπον;
3254 5395 3317 5452 Et
3353 5394 3411 5446 δὲ
3457 5393 3761 5465 ἀνθρώπων
3807 5396 3905 5464 μὲν

2316 5488 2489 5551 οὐδεὶς
2518 5486 2693 5541 τοιάδε
2722 5485 2969 5558 δράσειεν
3000 5486 3086 5552 ἂν,
3122 5489 3298 5540 κεῖται
3331 5486 3387 5538 δὲ
3422 5485 3624 5557 μᾶλλον
3652 5489 3711 5540 ὲν
3746 5487 3903 5552 ἐξου-

2319 5578 2410 5648 σία
2458 5579 2551 5632 καὶ
2576 5578 2806 5648 δυνάμει
2838 5576 2998 5647 Θεοῦ,
3031 5577 3083 5632 τί
3110 5580 3221 5642 τοῖς
3260 5580 3691 5648 προαγγέλλουσι
3735 5582 3901 5652 χαλε-
