4068 6542
156 346 272 401 461
1121 356 1682 415 COMMENTARIUS
1725 360 1789 415 IN
1834 363 2023 419 AMOS
2064 364 2506 425 PROPHETAM.
3348 379 3453 436 4ὓὲ

154 470 402 521 παῖνετε
422 488 437 535 ;
460 469 650 524 Καίτοι
684 472 1028 546 μεταγνῶναι
1052 475 1192 540 δέον,
1225 480 1319 532 καὶ
1347 483 1467 544 ταῖς
1495 482 1573 545 είς
1598 482 1756 536 τοῦτο

1868 486 2025 558 279
2044 489 2172 558 quid
2207 498 2291 545 est
2318 506 2417 546 cur
2465 492 2958 562 praenuntiantibus
2993 496 3333 555 irascimini?
3359 501 3453 554 Αι-

154 562 375 629 ροπαῖς
407 561 851 631 ἐκμειλίσσεσθαι
885 565 976 617 τὸν
1004 564 1396 639 λελυπημένον,
1434 575 1529 623 καὶ
1564 573 1763 627 κακοῦν

1868 582 1956 648 qui
2002 581 2319 651 resipiscere
2360 583 2662 650 oportebat,
2710 592 2765 640 et
2812 587 3192 645 occasionibus
3238 590 3303 643 ad
3352 591 3454 646 hoc

163 651 438 723 ἰσχύοντα
482 658 607 718 τοὺς
647 656 1058 727 ἡμαρτηκότας.
1098 660 1313 714 Κακίαν
1346 662 1409 732 δὴ
1457 666 1513 719 ἐν
1557 666 1768 731 τούτοις

158 745 447 816 νοὴσομεν
475 748 765 818 γινομένην
795 750 851 801 ἐν
882 750 1071 804 πόλεσι
1111 754 1262 823 παρὰ
1291 754 1538 819 Θεοῦμού
1569 760 1768 828 φαυλό-

159 852 339 906 τητα,
374 838 448 908 μὴ
477 839 687 905 γένοιτο
709 857 722 869 ’
765 841 1009 895 κάκωσιν
1051 845 1108 897 δὲ
1140 846 1359 915 μᾶλλον,
1408 850 1527 919 ἤτοι
1554 849 1652 919 τὴν
1683 853 1766 920 ἐφ’

162 926 382 997 ὁτῳοῦν
421 929 589 999 ὀργήν
624 948 680 982 τε
714 933 805 985 καὶ
847 932 1080 1004 κίνησιν,
1112 936 1178 1006 ἣν
1214 939 1326 1000 τοῖς
1359 939 1766 1008 ἁμαρτάνουσιν

160 1018 542 1090 ὲπαρτήσειεν
566 1022 653 1083 ἂν,
684 1023 1035 1095 ἐπιστρέφειν
1065 1028 1375 1082 ἀναπείθων
1409 1031 1500 1084 ἐπὶ
1536 1036 1605 1086 τὰ
1632 1050 1767 1103 πρε-

164 1112 513 1185 ττωδέστερα.
543 1116 853 1188 Γέγραπται
881 1118 1008 1190 γὰρ,
1034 1121 1115 1172 ὅτι
1146 1139 1163 1170 ι
1217 1122 1308 1173 Ἐν
1334 1122 1496 1193 καμῷ
1520 1125 1617 1188 τὰς
1649 1144 1767 1178 σια-

161 1204 343 1271 γόνας
363 1206 576 1272 ἄγξαις,
602 1206 710 1260 τῶν
743 1208 817 1279 μὴ
844 1210 1171 1278 ἐγγιζόντων
1202 1213 1337 1282 πρὸς
1372 1215 1450 1268 σέ.
1487 1234 1505 1266 ι
1547 1216 1764 1286 Ἐπειδὴ

165 1295 287 1366 γάρ
322 1299 471 1349 ἐστιν
514 1298 740 1366 ἀγαθὸς,
794 1319 810 1350 ι
868 1302 976 1354 Καὶ
1018 1302 1224 1367 πάντας
1261 1305 1583 1375 ἀνθρώπους
1625 1306 1765 1359 θέλει

167 1388 443 1459 σωθῆναι,
476 1392 569 1443 καὶ
600 1395 679 1453 εἰς
710 1393 1002 1459 ἐπίγνωσιν
1031 1395 1292 1465 ἀληθείας
1320 1397 1510 1461 ἐλθεῖν,
1550 1417 1569 1449 ι
1606 1415 1768 1452 κατα-

164 1479 431 1542 ειὰζεταί
462 1500 577 1545 πως
607 1487 719 1546 τοῖς
750 1483 809 1547 ἐξ
840 1484 1007 1553 ὀργῆς
1040 1486 1131 1538 ἐπὶ
1163 1486 1223 1539 τὸ
1246 1488 1487 1557 ἄμεινον,
1518 1489 1612 1542 καὶ
1634 1491 1766 1559 μεθ-

167 1570 391 1641 ίστησιν
436 1574 708 1639 εὐσθενῶς
761 1575 874 1627 ἐσθ’
917 1576 1006 1629 ὅτε
1055 1581 1166 1640 τοῖς
1233 1579 1472 1649 δείμασι,
1508 1581 1603 1635 καὶ
1647 1583 1767 1643 ταῖς

160 1664 458 1729 ἀπειλαῖς,
494 1665 588 1730 οὒς
618 1667 719 1721 οὐκ
748 1666 1030 1721 ἀναπείθει
1060 1670 1237 1739 λόγος,
1272 1674 1367 1726 καὶ
1399 1673 1432 1744 ή
1476 1673 1585 1727 τῶν
1624 1691 1764 1745 συμ-

162 1758 454 1828 φερόντων
482 1758 775 1831 ὐφήγησις.

244 1936 413 1989 Διότι
458 1938 531 1992 οὐ
558 1937 647 2007 μὴ
693 1940 920 2012 ποιήσῃ
957 1943 1172 2011 Κύριος
1222 1943 1483 2015 πρᾶγμα,
1529 1947 1638 2001 ἐὰν
1672 1948 1759 2017 μὴ

162 2028 554 2099 ἀποκαλύψῃ
594 2031 874 2087 παιδείαν
909 2036 1060 2103 πρὸς
1096 2035 1240 2103 τοὺς
1271 2037 1533 2107 δούλους
1574 2041 1762 2095 αὑτοῦ

160 2120 332 2187 πρὸς
363 2120 508 2188 τοὺς
530 2122 861 2192 προφήτας.
892 2125 1059 2180 Λέων
1093 2127 1414 2195 ἐρεύξεται,
1450 2130 1550 2184 καὶ
1580 2132 1670 2198 τίς
1690 2135 1763 2187 οὐ

159 2212 619 2280 φοϐηθήσεταη
688 2219 902 2285 Κύριος
932 2216 1261 2286 ἐλάλησεν,
1309 2222 1405 2274 καὶ
1453 2221 1544 2288 τίς
1580 2223 1650 2277 οὐ
1673 2223 1761 2294 μὴ

161 2302 568 2373 προφητεύοῃ
591 2320 607 2367 ;

240 2392 330 2447 ΛἽ
362 2394 474 2463 Οὐχ
511 2395 560 2447 oi
588 2395 886 2466 προφῆται,
921 2398 1073 2469 φησὶ,
1113 2400 1183 2453 τὰ
1215 2398 1275 2465 ἐξ
1304 2400 1471 2472 ὀργῆς
1498 2401 1763 2470 ἐπάγουσι

162 2483 365 2551 ποθεν,
416 2485 693 2558 ἄνθρωποι
724 2489 833 2559 γὰρ
869 2490 961 2543 καὶ
994 2491 1146 2545 αὐτοί
1180 2493 1287 2547 εἰσι
1325 2494 1446 2549 καθ’
1482 2495 1625 2565 ὑμᾶς
1667 2496 1764 2566 τὴν

162 2576 362 2647 φύσιν,
379 2578 699 2651 τετίμηνται
720 2582 776 2635 δὲ
806 2584 958 2653 παρά
979 2583 1112 2637 Θεοῦ
1139 2585 1217 2656 τῷ
1238 2586 1413 2640 πάντα
1452 2587 1761 2657 μανθάνειν,

160 2667 201 2720 ἃ
231 2667 304 2721 ἄν
345 2667 588 2738 βούλοιτο
617 2671 878 2744 πληροῦν,
930 2675 1025 2726 καὶ
1072 2674 1261 2728 πόλεσί
1320 2694 1378 2730 τε
1430 2678 1523 2729 καὶ
1560 2676 1764 2748 χώραις

162 2760 410 2830 ἐπάγειν
456 2762 636 2830 ἀγαθά
678 2765 861 2835 τυχὸν,
910 2768 942 2839 ἢ
991 2769 1058 2823 τὰ
1099 2768 1288 2823 λυπεῖν
1324 2770 1571 2825 εἰωθότα.
1626 2773 1763 2826 Ἀλλ’

164 2851 310 2915 ἴσως
332 2852 469 2923 πρὸς
485 2854 644 2909 τοῦτό
671 2874 809 2924 φατε
830 2875 844 2887 ·
873 2859 1313 2914 Μανθανέτωσαν
1334 2864 1381 2915 εί
1410 2862 1577 2926 δοκεῖ,
1601 2862 1765 2917 πλου-

161 2941 441 2996 τείτωσαν
480 2945 630 3015 παρά
669 2944 763 2998 σοῦ
793 2948 903 3000 τῶν
939 2949 1212 3019 ἐσομένων
1252 2950 1352 3021 τὴν
1378 2951 1599 3019 γνῶσιν,
1647 2952 1764 3007 δια-

161 3034 493 3104 τρανούσθω
526 3036 702 3089 πάντα
743 3037 928 3102 αὐτοῖς
972 3040 1042 3093 τὰ
1081 3042 1388 3112 μυστήρια*
1435 3040 1765 3097 λαλείτωσαν

161 3125 222 3177 δὲ
276 3127 491 3197 μηδενὶ,
528 3129 667 3198 μήτε
715 3129 813 3199 μὲν
844 3133 963 3195 ταῖς
991 3131 1100 3185 τῶν
1138 3131 1543 3203 ἀποσειομένων
1571 3136 1765 3198 αὐτοὺς

1870 673 2083 726 idoneis
2115 674 2327 739 placare
2351 675 2645 739 irritatum,
2677 686 2731 731 et
2755 678 2843 746 qui
2875 691 3186 747 peccatores
3211 681 3454 754 alll‘gere

1872 772 2064 831 potest.
2100 762 2335 818 Proinde
2367 764 2451 819 his
2487 765 2664 822 verbis
2694 766 3057 838 intelligamus
3096 771 3222 827 licet
3252 774 3450 828 malum

1871 854 2069 909 factum
2128 856 2179 909 in
2232 857 2545 911 civitatibus
2590 873 2619 910 a
2676 857 2786 912 Deo
2839 861 3078 930 aliquid,
3142 879 3245 917 non
3291 865 3454 922 aliine

1871 943 2159 1012 nequitiae;
2196 946 2375 999 absit!
2409 948 2500 1000 sed
2535 946 2877 1003 alllictionem
2912 953 3103 1020 magis,
3146 955 3258 1009 sive
3292 957 3450 1024 iram,

1868 1049 2190 1104 quacunque
2219 1038 2285 1090 tle
2326 1052 2510 1103 causa,
2544 1048 2600 1093 et
2642 1040 3091 1110 indignationem,
3119 1058 3277 1114 quam
3325 1063 3452 1116 pec-

1868 1128 2122 1181 cantibus
2157 1128 2471 1194 intenderit,
2511 1145 2617 1199 quo
2642 1147 2735 1187 eos
2779 1134 2844 1188 ad
2893 1134 3201 1191 honestiora
3232 1139 3453 1208 pellice-

1870 1227 1970 1272 ret.
2009 1218 2278 1289 Scriptum
2314 1231 2396 1277 est
2426 1223 2570 1277 enim
2603 1242 2616 1279 :
2653 1242 2671 1275 ι
2709 1224 2763 1279 1η
2802 1242 2957 1281 camo
2987 1236 3043 1282 et
3080 1228 3231 1284 freno
3263 1233 3453 1286 maxil-

1870 1307 1952 1363 las
2013 1325 2198 1364 eorum
2256 1314 2600 1382 constringe,
2655 1318 2743 1385 qui
2799 1333 2904 1371 non
2954 1322 3331 1387 approximant
3384 1328 3451 1380 ad

1874 1400 2009 1455 te”.
2045 1418 2063 1451 ι
2104 1400 2371 1467 Quoniam
2403 1403 2545 1457 enim
2578 1405 2752 1460 bonus
2775 1416 2876 1470 est,
2915 1428 2933 1459 ‹
2968 1409 3031 1463 Et
3056 1427 3244 1467 omnes
3271 1414 3442 1468 homi-

1871 1508 1968 1546 nes
2016 1492 2133 1547 vult
2181 1493 2361 1548 salvos
2415 1494 2556 1559 ﬁeri,
2604 1506 2660 1551 et
2708 1499 2775 1552 ad
2822 1501 3150 1569 agnitionem
3205 1506 3449 1561 veritatis

1872 1582 2055 1635 venire
2079 1583 2163 1647 ει,
2200 1603 2217 1635 ι
2277 1584 2557 1653 suppliciis
2608 1603 2674 1642 cx
2730 1590 2808 1643 ira
2872 1590 3038 1647 illatis
3105 1594 3171 1646 ad
3228 1597 3449 1653 meliora

1870 1674 2269 1742 quodammodo
2294 1678 2590 1746 compellit,
2623 1689 2676 1734 et
2701 1681 2900 1749 quibus
2934 1684 3096 1739 verba
3133 1685 3452 1757 utiliumque

1872 1765 2114 1818 doctrina
2159 1772 2472 1835 praecedens
2514 1783 2617 1823 non
2667 1774 2979 1842 persuadet,
3025 1789 3119 1830 eos
3156 1779 3454 1835 terroribus

1796 1846 1838 1899 Β
1870 1864 2033 1923 atque
2063 1856 2224 1911 minis
2252 1857 2317 1911 ad
2348 1860 2604 1914 virtutem
2634 1861 2860 1918 inducit.

1941 1945 2103 1999 Vsus.
2151 1946 2207 2011 7,
2248 1947 2301 2002 8.
2346 1947 2483 2014 Quia
2534 1968 2637 2005 non
2677 1954 2835 2021 faciet
2887 1954 3142 2011 Dominus
3183 1975 3311 2024 rem,
3350 1962 3454 2014 nisi

1870 2036 2166 2091 revelaverit
2195 2040 2545 2095 eruditionem
2579 2045 2648 2095 ad
2674 2060 2847 2099 servos
2880 2063 3001 2100 suos
3026 2050 3323 2118 prop/tetas.
3347 2052 3452 2107 Leo

1870 2130 2061 2200 rugiet,
2098 2140 2143 2184 et
2176 2133 2290 2201 quis
2333 2150 2435 2187 non
2472 2136 2709 2190 timebit?
2758 2138 3013 2194 Dominus
3040 2142 3247 2198 locutus
3273 2157 3370 2211 est,
3405 2158 3451 2200 et

1868 2226 1985 2293 quis
2015 2242 2117 2279 non
2146 2227 2471 2296 praphetabit
2492 2231 2518 2285 ?

1941 2396 2111 2455 XXX.
2152 2399 2267 2455 Non
2294 2404 2588 2474 prophetae,
2615 2406 2811 2477 inquit,
2842 2426 3031 2480 poenas
3058 2413 3179 2469 irati
3203 2415 3451 2473 alicunde

1872 2487 2166 2558 invehunt;
2215 2494 2432 2560 quando
2473 2504 2528 2550 et
2580 2497 2681 2567 ipsi
2735 2499 2984 2557 homines
3031 2514 3180 2571 sunt,
3209 2518 3448 2563 vestrum

1872 2589 2063 2634 natura
2093 2581 2315 2637 similes.
2345 2584 2499 2642 Hunc
2539 2598 2718 2644 antem
2758 2604 2789 2645 a
2820 2591 2928 2647 Deo
2956 2595 3235 2652 honorem.
3259 2613 3451 2654 conse-

1873 2670 1981 2723 cuti
2010 2682 2155 2737 sunt,
2190 2683 2248 2725 ut
2272 2675 2455 2729 norint
2485 2678 2667 2732 omnia
2706 2694 2828 2749 quae
2863 2681 2963 2751 ipsi
3003 2683 3179 2739 facere
3207 2684 3448 2752 libuerit,

1872 2770 1928 2817 et
1959 2776 2076 2830 quae
2102 2762 2322 2819 urbibus
2346 2776 2509 2836 atque
2546 2770 2857 2838 regionibus
2886 2773 3141 2830 inducere
3165 2777 3447 2834 commoda

1874 2852 2034 2921 forte,
2091 2864 2185 2910 aut
2248 2856 2587 2915 incommoda
2649 2863 2902 2918 voluerit.
2952 2865 3059 2921 Sed
3118 2869 3445 2933 occurretis,

1872 2944 2067 3012 opinor
2099 2967 2110 3001 :
2141 2959 2495 3018 cognoscant,
2538 2952 2583 3006 si
2612 2953 2682 3006 ita
2718 2955 2966 3023 videtur;
3000 2959 3189 3015 notitia
3232 2960 3446 3016 futuro-

1877 3053 1992 3091 rum
2029 3039 2125 3094 abs
2169 3050 2223 3095 te
2248 3053 2581 3113 augeantur;
2628 3048 2936 3103 revelentur
2981 3052 3090 3107 illis
3116 3055 3301 3110 omnia
3330 3072 3446 3128 my-

1873 3131 2060 3200 steria,
2098 3132 2388 3202 loquantur
2424 3146 2606 3193 autem
2649 3142 2874 3204 nemini,
2910 3160 3010 3200 nec
3047 3160 3140 3201 eos
3184 3148 3449 3219 repellen-

164 3218 368 3280 ἀκοαῖς
414 3219 776 3289 ἐνηχείτωσὰν
813 3240 953 3276 τινα.
1007 3223 1072 3276 Τί
1105 3218 1198 3277 οὖν
1230 3225 1364 3295 πρὸς
1399 3224 1572 3279 ταῦτα
1611 3229 1763 3298 παρά

1874 3223 2007 3275 tium
2045 3224 2265 3280 auribus
2302 3230 2544 3296 quaedam
2570 3230 2841 3288 insonent.
2870 3234 3007 3301 Quid
3040 3238 3201 3308 igitur
3237 3206 3303 3295 ad
3333 3240 3447 3296 hzec

165 3307 350 3368 Θεοῦς
388 3326 408 3359 ι
440 3310 589 3363 Λέων
620 3312 921 3383 ἐρεύξεται,
952 3315 1046 3367 καὶ
1080 3315 1161 3379 τίς
1190 3316 1250 3368 οὐ
1285 3315 1654 3388 φοϐηθήσεται
1680 3336 1694 3383 ;
1738 3338 1756 3370 ι

166 3404 236 3459 Ei
276 3403 388 3477 γὰρ
423 3406 478 3458 ἐν
506 3406 583 3477 τῷ
618 3406 939 3478 βρυχᾶσθαι,
960 3411 1114 3479 φησὶ,
1134 3410 1224 3463 τὸν
1254 3410 1444 3464 λέοντα
1479 3430 1495 3461 ι
1524 3409 1597 3464 Τὸ
1624 3428 1762 3464 παν·

167 3495 509 3549 αλκέστατον
544 3496 650 3550 τῶν
683 3497 885 3569 Θηρίων
912 3518 930 3551 ι
965 3500 1083 3566 οὐκ]
1113 3500 1178 3553 ἂν
1214 3499 1424 3568 γένοιτό
1453 3518 1534 3563 τις
1561 3500 1761 3572 ἀτερά-

171 3608 300 3658 μων
330 3590 526 3655 οὕτως,
562 3593 653 3643 καὶ
685 3592 939 3663 σοϐαρὸς,
966 3592 1040 3655 ὡς
1078 3592 1151 3661 μὴ
1176 3593 1517 3660 εἰσδέξασθαι
1549 3596 1759 3659 πτοίαν,

169 3679 297 3743 πῶς
347 3680 414 3733 ἂν
458 3680 592 3734 Θεοῦ
633 3680 918 3745 λαλοῦντος
965 3682 1058 3734 τοῦ
1107 3683 1324 3736 πάντων
1353 3682 1626 3748 ἐπέκεινα,
1668 3683 1763 3737 καὶ

170 3771 545 3839 ἀπαγγέλλειν
595 3773 777 3836 αὐτοῖς
835 3774 1262 3845 προστάττοντος
1300 3774 1336 3829 ἆ
1382 3774 1759 3844 μανθάνουσιν,

170 3863 277 3916 οὐκ
310 3862 375 3916 ἂν
396 3862 607 3917 ἔδεισαν
635 3865 727 3917 τὸν
766 3867 1203 3934 προστετακότα;
1246 3866 1321 3920 Οὐ
1352 3867 1460 3937 γάρ
1502 3870 1606 3920 εἰσι
1640 3866 1763 3919 καθ’

172 3953 323 4020 ὑμᾶς
379 3955 819 4024 καταφρονηταὶ,
865 3956 957 4009 καὶ
1009 3956 1293 4023 ἄτεγκτοι,
1350 3959 1443 4009 καὶ
1489 3958 1546 4011 ἐν
1589 3958 1763 4011 οὐδενὶ

174 4042 495 4112 ποιούμενοι
536 4043 678 4114 λόγῳ
720 4043 791 4097 τὰ
822 4044 901 4115 τῷ
940 4047 1158 4098 πάντων
1192 4045 1449 4099 δοκοῦντα
1495 4046 1759 4120 Δεσπότῃ.

171 4132 468 4204 Πανταχοῦ
506 4134 793 4207 τοιγαροῦν
832 4135 1190 4206 ἀσφαλίζεται
1230 4138 1352 4200 τοὺς
1400 4136 1622 4205 ἁγίους,
1670 4139 1763 4191 καὶ

176 4224 443 4278 ἁποσοσεῖ
493 4226 603 4280 τῶν
649 4228 942 4300 προφητῶν
981 4229 1081 4291 τάς
1134 4229 1242 4281 τῶν
1296 4229 1763 4283 ἐθελοκακούντων

174 4314 406 4386 βλάϐας.
446 4317 620 4371 Τοῦτο
644 4317 701 4371 δὲ
733 4315 800 4390 ἦν
827 4319 1013 4389 ἕτερον
1048 4320 1198 4372 οὐδὲν
1227 4320 1260 4391 ἢ
1294 4321 1394 4391 τῆς
1413 4321 1763 4392 καθηκούσης

174 4404 463 4475 φροντίδος
498 4406 703 4471 ἀξιοῦν.
744 4408 818 4461 Τὸ
863 4409 973 4479 γὰρ
1017 4410 1081 4462 ἐκ
1132 4410 1295 4479 μέσου
1327 4412 1596 4464 ποιεῖσθαι
1637 4415 1763 4477 τοὺς

1865 3311 2053 3366 Deus?
2098 3332 2115 3365 ι
2144 3312 2254 3369 Leo
2294 3318 2491 3388 rugiet,
2524 3321 2646 3390 quis
2700 3338 2804 3377 non
2842 3327 3093 3381 timebit?
3121 3347 3140 3381 ι
3181 3328 3239 3384 Si
3276 3330 3445 3396 enim,

1865 3405 1994 3458 dum
2030 3406 2173 3476 rugit
2207 3407 2308 3471 leo,
2356 3410 2552 3478 inquit,
2592 3431 2612 3465 ι
2641 3413 2934 3469 bestiarum
2965 3417 3377 3487 fortissimus",
3418 3439 3440 3475 ι

1865 3509 2023 3550 nemo
2069 3496 2140 3549 ita
2182 3499 2503 3567 praefractus
2555 3502 2720 3560 fuerit
2773 3515 2828 3561 et
2879 3508 3135 3575 insolens,
3190 3512 3280 3581 qui
3336 3527 3443 3567 non

1864 3594 2151 3652 pavescat.
2205 3591 2508 3657 quomodo,
2567 3591 2679 3649 Deo
2733 3594 2988 3666 loquente
3048 3600 3444 3670 mandanteque

1866 3676 2017 3743 ipsis,
2051 3687 2107 3731 ut
2136 3696 2257 3749 qua;
2286 3694 2619 3752 cognoscunt
2650 3689 2996 3757 annuntient,
3031 3691 3306 3762 jttbcntem
3334 3710 3439 3749 non

1867 3768 2180 3824 timebunt?
2213 3771 2399 3842 Neque
2432 3776 2575 3829 enim
2603 3788 2729 3832 sunt
2767 3779 2907 3835 sicut
2941 3796 3059 3847 vos,
3090 3793 3442 3853 contempto-

1864 3875 1952 3914 res
1989 3869 2043 3915 et
2092 3862 2281 3931 ferrei,
2320 3866 2521 3936 quique
2564 3871 2804 3924 omnium
2842 3873 3070 3928 Domino
3100 3875 3214 3930 visa
3258 3875 3441 3931 ﬂocci-

1863 3952 2124 4020 pendant.
2172 3954 2415 4027 Undique
2458 3959 2623 4027 igitur
2673 3965 2969 4019 communit
2998 3977 3257 4034 sanctos,
3312 3978 3368 4022 et
3407 3984 3437 4022 a

1863 4045 2141 4114 prophetis
2174 4059 2368 4117 sponte
2412 4066 2505 4104 sua
2536 4052 2905 4120 improborum
2959 4057 3182 4126 injurias
3216 4061 3435 4114 avertit.

1863 4134 1917 4189 Id
1976 4152 2192 4207 quoque
2248 4140 2381 4194 nihil
2448 4153 2532 4196 cst
2584 4144 2764 4210 aliud,
2816 4163 2977 4216 quam
3038 4149 3245 4204 decenti
3305 4165 3439 4207 cura

1864 4228 2115 4295 populum
2164 4230 2395 4301 dignari.
2446 4232 2580 4288 Nam
2619 4238 2686 4291 de
2733 4238 2907 4292 medio
2946 4240 3132 4296 tollere
3180 4242 3438 4308 medicos,

1865 4320 1993 4389 quid
2029 4321 2171 4377 aliud
2212 4323 2283 4376 sit
2319 4341 2478 4394 quam
2512 4338 2746 4395 mgrotos
2787 4332 2989 4387 auxilio
3020 4334 3287 4402 spoliare?
3327 4335 3441 4393 Hoc

1867 4413 1993 4467 item
2047 4413 2265 4471 Davidis
2318 4432 2453 4472 voce
2520 4435 2817 4489 prwmonet
2866 4440 2880 4478 :
2933 4442 2951 4475 ι
2984 4424 3161 4481 Nolite
3218 4435 3440 4495 tangere

180 4504 426 4576 ἰατροὺς,
477 4504 629 4557 οὐδὲν
676 4504 742 4558 ἂν
784 4506 891 4575 εἴη,
925 4506 957 4575 ἢ
988 4507 1447 4577 ἀνεπικουρήτους
1496 4508 1762 4560 ἐπιτελεῖν

1868 4505 2105 4561 christos
2156 4523 2305 4564 meos
2324 4510 2392 4564 ⁸³.
2427 4528 2444 4560 ι
2482 4511 2544 4564 Et
2596 4514 2661 4565 ad
2717 4514 2860 4581 ipsos
2906 4518 3194 4585 prophetas
3242 4516 3436 4571 alicubi

176 4598 306 4658 τοὺς
338 4597 783 4669 ἠρρωστηκότας.
812 4598 983 4651 Τοῦτό
1009 4615 1090 4651 τοι
1127 4598 1221 4651 καὶ
1258 4599 1344 4652 διὰ
1387 4598 1570 4668 φωνῆς
1600 4598 1764 4652 Δαόὶδ

178 4691 600 4758 προαναφωνεῖο
629 4707 647 4741 ι
676 4690 767 4761 Μὴ
795 4688 1031 4743 ἅπτεσθε
1061 4689 1170 4742 τῶν
1194 4690 1429 4760 χριστῶν
1464 4707 1584 4761 μου.
1610 4710 1627 4741 ι
1655 4690 1764 4742 Καὶ

178 4776 320 4844 πρδς
349 4776 549 4840 αὐτοὺς
574 4777 631 4830 δέ
649 4777 750 4831 πού
769 4795 902 4847 φησι
925 4778 1050 4841 τοὺς
1078 4780 1360 4849 προφήτας
1379 4795 1394 4810 ·
1429 4798 1444 4828 ι
1474 4778 1583 4830 Καὶ
1611 4778 1763 4831 ἔσται

175 4867 206 4919 δ
236 4867 541 4936 ἁπτόμενος
583 4870 755 4940 ὑμῶν,
799 4870 875 4933 ώς
914 4872 941 4922 ὁ
980 4869 1282 4936 ἁπτόμενος
1312 4869 1413 4938 τῆς
1450 4870 1621 4941 κόρης
1664 4869 1758 4922 τοῦ

175 4956 461 5027 ὀφθαλμοῦ
498 4977 620 5029 μου.
652 4980 669 5011 ι
708 4961 977 5031 Ἀδικήσει
1014 4962 1124 5032 γὰρ
1160 4963 1219 5013 οὐ
1242 4962 1477 5031 μετρίως
1503 4960 1600 5031 τὴν
1625 4961 1753 5014 ἐαυ-

1868 4599 1944 4652 ait
1987 4616 2000 4652 :
2034 4618 2051 4651 t
2084 4599 2152 4654 Et
2196 4603 2322 4665 erit,
2377 4607 2465 4674 qui
2526 4606 2762 4676 tetigerit
2792 4608 2957 4678 280
2989 4624 3100 4674 vos,
3137 4609 3295 4679 quasi
3345 4612 3436 4678 qui

1870 4697 2113 4759 tangeret
2157 4694 2413 4762 pupillam
2449 4696 2592 4750 oculi
2642 4699 2744 4752 mei
2764 4699 2834 4753 ⁸³.
2869 4718 2887 4752 ι
2934 4701 3084 4754 llaud
3125 4701 3270 4755 enim
3316 4716 3437 4755 me-

1866 4781 2122 4836 diocriter
2161 4783 2306 4839 laedit
2333 4787 2565 4840 animam
2597 4804 2769 4856 suam,
2812 4792 2903 4861 qui
2932 4807 3092 4861 super
3121 4801 3436 4848 sanctorum

1863 4872 2127 4941 capitibus
2167 4875 2358 4930 stridet
2387 4877 2663 4943 dentibus,
2704 4891 2758 4935 et
2787 4896 2879 4936 eos
2924 4884 3127 4937 invadit
3164 4884 3352 4954 impie,
3383 4894 3440 4939 et

1860 4962 2132 5029 quidpiam
2176 4963 2450 5034 indignum
2488 4967 2540 5020 in
2569 4982 2663 5024 eos
2705 4972 2905 5027 audere
2943 4986 3048 5027 non
3095 4972 3435 5027 reformidat.

175 5049 274 5101 τοῦ
300 5048 524 5121 ψυχὴνό
550 5056 668 5117 ταῖς
694 5053 800 5106 τῶν
822 5054 993 5121 ἁγίων
1013 5053 1275 5121 κεφαλαῖς
1339 5051 1635 5124 ἐπιτρίζων
1698 5053 1825 5117 τοὺς
1860 5055 2098 5121 ὀδόντας,
2127 5057 2221 5110 καὶ
2259 5059 2488 5123 ἀνοσίως
2527 5061 2912 5135 ἐπιφυόμενος,
2946 5066 3038 5119 καί
3075 5084 3126 5120 τι
3150 5066 3257 5121 τῶν
3284 5066 3436 5119 txrd-

173 5161 299 5199 πων
336 5144 560 5211 ἐπάγειν
582 5146 641 5197 οὐ
679 5144 1130 5216 παραιτούμενος.

261 5235 688 5305 Ἀπαγγείλατε
728 5235 941 5304 χώραις
980 5236 1051 5288 ἐν
1109 5233 1469 5301 Ἀσσυρίοις,
1517 5232 1615 5287 καὶ
1661 5233 1758 5285 ἐπὶ

169 5327 308 5393 ταῖς
349 5325 564 5395 χώραις
598 5327 668 5379 ἐν
708 5325 785 5395 γῇ
829 5327 1123 5394 Αἰγύπτῳ,
1178 5324 1276 5377 καὶ
1319 5325 1560 5377 εἴπατε·
1617 5326 1763 5377 Συν-

170 5419 403 5488 ἀχθητε
451 5420 539 5485 είς
585 5418 652 5471 τὸ
693 5417 830 5485 ὄρος
886 5418 1235 5487 Σαμαρείας,
1289 5414 1387 5470 καὶ
1430 5414 1585 5469 ἴδετε
1624 5420 1761 5470 θαυ-

164 5509 380 5578 μαστὰ
406 5507 605 5561 πολλὰ
656 5507 726 5559 ἐν
776 5504 944 5575 μέσῳ
998 5504 1209 5573 αὐτῆς,
1265 5503 1361 5557 καὶ
1424 5501 1763 5556 καταδυνα-

170 5599 391 5655 aretur
420 5600 489 5652 ἐν
514 5596 688 5661 αὐτῇ.
728 5596 839 5651 Καὶ
879 5598 992 5652 οὐκ
1027 5597 1178 5667 ἔγνω
1213 5594 1253 5650 d
1280 5595 1452 5649 ἔσται
1486 5592 1765 5648 ἐναντίον

1936 5226 2097 5282 Vens.
2154 5230 2305 5285 9-H.
2350 5232 2671 5290 Annuntiate
2698 5240 2990 5308 regionibus
3024 5245 3075 5297 in
3104 5248 3358 5316 Assyriis,
3388 5261 3438 5305 et

1863 5318 1917 5372 in
1948 5322 2240 5387 regionibus
2268 5322 2320 5374 in
2359 5334 2500 5377 terra
2535 5324 2778 5397 Egypti,
2810 5340 2856 5384 et
2898 5332 3058 5387 dicite
3088 5350 3106 5388 :
3134 5334 3437 5409 Congrega-

1863 5410 1994 5462 mmi
2033 5411 2090 5464 in
2136 5422 2361 5466 montem
2388 5416 2672 5485 Samaria’,
2709 5424 2941 5477 etvidele
2973 5426 3240 5481 mirabilia
3269 5430 3437 5483 multa

1864 5502 1921 5555 in
1946 5503 2117 5557 medio
2143 5503 2279 5573 ejus,
2304 5516 2351 5560 et
2379 5511 2761 5577 oppressionem
2786 5515 2839 5567 in
2868 5531 2949 5568 ea.
2972 5514 3039 5570 Et
3070 5534 3170 5571 non
3196 5520 3436 5587 cognovit

1864 5608 1980 5662 quia
2003 5607 2153 5648 erunt
2187 5600 2455 5653 contraria
2494 5602 2675 5668 ipsius,
2704 5605 2834 5658 dicit
2866 5606 3141 5673 Dominus,
3175 5610 3434 5664 thesauri-

247 5795 298 5828 “
323 5793 467 5851 Psal.
506 5811 651 5860 xm,
684 5796 737 5851 9.
814 5796 856 5828 ⁸¹
885 5794 903 5848 l
932 5793 1070 5849 Tim.
1101 5810 1160 5861 ιι,
1190 5795 1245 5851 4.
1321 5795 1366 5827 ⁸¹
1390 5794 1547 5850 Prov.
1579 5807 1708 5859 xxx,
1734 5792 1763 5845 ἲ

1911 5791 1958 5823 ⁸³
1983 5789 2125 5847 Psal.
2191 5806 2295 5859 CIV,
2338 5793 2427 5848 15.
2505 5795 2549 5827 ⁸⁵
2577 5795 2739 5854 Zach.
2777 5815 2834 5868 ιι,
2866 5802 2918 5855 8.
