4068 6538
640 369 747 423 465

1673 361 1729 417 S.
1775 359 2044 417 CYRILLI
2083 357 2557 417 ALEXANDRINI
2598 359 2921 417 ARCIHEP.

3817 361 3933 415 4131

639 498 818 543 rantes
871 482 1171 556 iniquitates
1221 495 1267 539 et
1320 484 1582 538 miseriam
1640 485 1693 538 iu
1748 485 2043 556 regionibus
2084 485 2215 540 suis.

2337 483 2533 555 αὐτῆς,
2580 485 2743 556 λέγει
2792 486 3027 552 Κιέιοιος,
3074 488 3126 538 οὶ
3177 482 3640 553 θησαιψίζοντες
3688 481 3933 546 ἀδικίας

641 581 866 649 Propter
892 579 989 632 Iioc
1018 580 1129 633 Iuro
1171 578 1297 633 dicit
1344 577 1605 633 Dominus
1634 577 1819 632 Deus:
1852 578 2044 648 Tyrus,
2092 590 2138 632 et
2169 580 2225 631 in

640 673 866 725 circuitu
920 680 1063 725 terra
1122 680 1213 725 tua
1259 671 1465 725 deserta
1513 672 1636 735 erit,
1694 683 1740 725 et
1790 672 2028 725 detrahet
2076 672 2138 724 de
2176 679 2224 724 te

639 767 1003 837 fortitudinem
1027 781 1195 832 tuam,
1223 776 1272 822 et
1298 767 1614 833 diripientur
1642 770 1874 837 regiones
1917 778 2039 821 tum.

712 1032 905 1088 XXXI.
948 1032 1183 1089 Rursum
1216 1034 1456 1087 minatur
1498 1049 1555 1089 se
1593 1035 1866 1089 illaturum
1916 1035 2070 1103 ipsis,
2107 1049 2225 1104 quae

642 1143 707 1181 eo
750 1125 1112 1196 improbitatis
1158 1139 1497 1195 progressos,
1537 1135 1595 1179 ut
1641 1141 1669 1179 a
1709 1125 1817 1179 Deo
1863 1126 2131 1189 resiliunt,
2172 1134 2228 1181 et

644 1218 936 1288 prophetas
976 1216 1328 1287 objurgitent,
1357 1227 1411 1272 et
1454 1232 1550 1288 per
1593 1216 1812 1287 Moysen
1853 1218 2059 1273 sancita
2133 1219 2226 1274 de-

643 1319 862 1380 spuant,
907 1310 1259 1365 meritissimo
1310 1310 1581 1364 sustinere
1612 1324 1676 1363 ae
1725 1311 1931 1380 perpeti
1986 1324 2084 1380 par
2130 1311 2220 1364 sit.

646 1405 937 1461 Sciendum
988 1418 1151 1474 porro
1206 1402 1488 1457 Hebraeum
1555 1402 1850 1457 editionem
1914 1403 2227 1471 discrepare

646 1500 751 1552 hoc
802 1498 922 1553 loco
962 1497 1029 1552 ab
1089 1496 1534 1565 interpretatione
1591 1496 1967 1563 Septuaginta.
2012 1493 2223 1550 Hebrtei

643 1605 881 1661 namque
907 1590 1217 1654 ediderunt,
1251 1607 1269 1639 ι
1295 1590 1616 1643 annuntiate
1642 1589 1694 1643 in
1718 1588 2025 1658 regionibus
2044 1589 2226 1655 Azoti,

642 1694 699 1738 et
732 1685 784 1737 in
829 1682 1141 1753 regionibus
1173 1692 1328 1737 terra:
1360 1679 1604 1751 JEgypti.
1641 1700 1659 1733 ι
1696 1680 2046 1749 Septuaginta
2076 1697 2224 1748 vero,

650 1794 667 1825 ι
700 1774 1019 1830 annuntiate
1047 1774 1362 1841 regionibus
1390 1774 1442 1829 in
1473 1774 1717 1843 Assyria,
1751 1782 1805 1828 et
1832 1774 1886 1829 in
1917 1774 2228 1843 regionibus

2327 576 2427 630 καὶ
2489 578 2894 643 ταλαιπωρίαν
2943 577 3013 629 ἐν
3058 574 3188 642 ταῖς
3244 576 3462 645 χώραις
3527 573 3753 628 αὐτῶν.
3821 576 3929 626 Ara

2325 666 2503 723 τοῦτο
2524 668 2665 724 τάδε
2687 669 2851 739 λέγει
2882 670 3101 737 Κύριος
3135 671 3168 722 ὀ
3209 669 3386 736 Θεός’
3420 668 3629 736 Τύρος.
3674 666 3776 720 καὶ
3825 684 3932 721 in,»

2327 759 2552 813 κλόθεν
2572 760 2610 827 ἡ
2639 758 2715 828 γῆ
2740 773 2858 813 σου
2892 758 3362 827 ἐρημωθήσεται,
3416 757 3515 811 καί
3557 756 3811 820 κατάξει
3856 756 3929 809 ἐκ

2327 850 2445 905 σοῦ
2489 850 2605 920 τὴν
2653 852 2838 920 ἰσχύν
2869 868 3007 916 σου,
3039 852 3136 905 καί
3175 850 3693 922 διαρπαγήσονται
3726 852 3789 903 al
3818 847 3932 917 κῶ-

2321 941 2427 1010 ραί
2457 956 2597 997 σου.

2399 1034 2527 1087 AA'.
2588 1033 2832 1086 Ἀπειλεῖ
2865 1032 2929 1104 δὴ
2988 1032 3151 1087 πάλιν
3194 1034 3422 1103 ἐπάγειν
3461 1035 3650 1098 αὐτοῖς
3673 1034 3826 1104 ἅπερ
3864 1028 3933 1102 ἦν

2327 1127 2473 1189 εἰκὸς
2522 1127 2811 1197 ὑπομεῖναι
2852 1128 2947 1180 καὶ
2990 1126 3186 1181 παθεῖν
3255 1129 3381 1191 τοὺς
3420 1129 3501 1191 εἰς
3535 1126 3699 1180 τοῦτο
3745 1125 3933 1179 lambe

2326 1218 2665 1289 ἀφιγμένους
2694 1218 3049 1291 φαυλότητος,
3092 1219 3168 1283 ὡς
3214 1218 3593 1289 ἀποθρώσκειν
3628 1216 3799 1281 Θεοῦ,
3837 1216 3935 1271 καὶ

2328 1314 2639 1383 προφήταις
2698 1314 2983 1384 ἐπιτιμᾷν,
3027 1314 3123 1367 καὶ
3162 1311 3425 1383 ἀλογῆσαι
3490 1310 3779 1374 παντελῶς
3825 1308 3934 1361 τῶν

2328 1406 2418 1459 διὰ
2450 1406 2695 1469 Μωσέως
2721 1404 3184 1477 τεθεσπισμένων.
3234 1404 3431 1457 ’ἰστέον
3456 1404 3511 1457 δὲ
3538 1406 3621 1459 ὅτι
3643 1402 3937 1471 διαπεφώο

2326 1512 2493 1565 νηκεν
2538 1496 2597 1547 ἐν
2640 1495 2851 1558 τούτοις
2882 1496 2981 1565 ἤτε
3013 1495 3121 1549 τῶν
3165 1494 3438 1565 Ἐϐραίων
3484 1494 3716 1558 ἕκδοσις,
3765 1494 3865 1545 καὶ
3902 1496 3932 1561 ἡ

2327 1586 2434 1637 τῶν
2476 1585 2884 1657 Έδδομήκοντα
2923 1586 3134 1657 γραφή.
3183 1586 3427 1656 Ἑϐραῖοι
3476 1584 3570 1657 μὲν
3607 1586 3721 1654 γὰρ
3779 1584 3936 1636 ἐκδε-

2328 1679 2588 1744 δώκασιν,
2647 1699 2665 1731 ι
2709 1679 3106 1747 Ἀπαγγείλατε
3145 1677 3351 1750 χώραις
3390 1679 3447 1732 ἐν
3486 1677 3799 1744 Ἀζωτίοις,
3846 1676 3936 1727 καὶ

2330 1774 2424 1826 ἐπὶ
2456 1776 2574 1836 ταῖς
2612 1772 2821 1843 χώραις
2849 1772 2949 1842 τῆς
2986 1771 3287 1840 Αἰγύπτου.
3322 1790 3343 1824 s
3386 1772 3450 1825 Οί
3474 1770 3531 1824 δέ
3555 1787 3619 1838 γε
3655 1768 3938 1837 Ἐὸδομή-

644 1867 885 1939 Αἰεγριί.
922 1887 939 1919 ι
976 1867 1041 1921 Et
1080 1867 1288 1923 Azotns
1319 1867 1537 1938 quidem
1570 1867 1767 1922 Judzcze
1798 1868 1994 1936 vicina,
2042 1870 2225 1935 credo,

2337 1884 2518 1932 κοντα,
2561 1886 2580 1917 ι
2620 1866 3018 1935 Ἀπαγγείλατε
3054 1865 3257 1936 χώραις
3297 1866 3355 1918 ἐν
3394 1864 3665 1935 Ἀσσυρίᾳ,
3693 1863 3806 1916 καὶ
3847 1861 3939 1913 ἐπὶ

646 1971 700 2017 ει
745 1960 977 2015 conﬁnis
1007 1969 1110 2027 est,
1160 1960 1372 2029 magnis
1406 1968 1584 2013 autem
1620 1960 1810 2031 spatiis
1846 1961 1914 2015 ab
1944 1976 2006 2016 ea
2039 1961 2229 2016 dissita

646 2054 1017 2125 Assyriorum,
1074 2054 1176 2108 hoc
1230 2062 1334 2117 est,
1389 2051 1679 2107 Persarum
1741 2054 1910 2123 regio,
1966 2056 2029 2109 ad
2085 2055 2231 2125 ipsos

646 2157 814 2214 prope
870 2144 1128 2197 terminos
1178 2141 1417 2196 Orientis
1457 2144 1665 2211 jacens.
1714 2140 1992 2198 Seutimus
2044 2145 2229 2213 igitur,

647 2236 785 2291 nihil
835 2236 951 2290 fore
1003 2235 1188 2303 alieni,
1253 2236 1368 2290 sive
1425 2234 1604 2289 Azotii
1646 2235 1806 2301 forte,
1861 2236 1977 2291 sive
2022 2235 2232 2307 Assyrii

647 2328 900 2384 dicantur
926 2346 939 2381 :
968 2340 1199 2397 utroque
1238 2327 1385 2381 enim
1419 2327 1577 2382 modo
1613 2342 1737 2382 vera
1778 2327 2122 2399 reperiuntur
2148 2327 2233 2383 di-

646 2424 849 2478 vinitus
883 2422 1159 2493 iuspiratae
1208 2421 1507 2495 Scriptura:
1556 2425 1741 2488 verba,
1779 2426 2231 2495 quemadmodum

647 2517 812 2572 etiam
864 2526 1180 2572 contextum
1233 2516 1568 2587 propositum
1625 2516 1966 2574 declarantes
2006 2517 2235 2573 demon-

648 2611 965 2665 strabimus.
1000 2609 1137 2664 Nam
1171 2609 1316 2680 quod
1348 2610 1639 2675 indicatur,
1668 2610 1914 2665 historia:
1949 2611 2231 2681 cujusdam

650 2703 1231 2758 cummonelactionem
1285 2702 1472 2767 habet,
1526 2718 1589 2758 ex
1641 2712 1837 2773 quarto
1894 2706 2119 2775 Regum,
2180 2712 2235 2761 et

655 2796 899 2850 secundo
924 2794 1399 2865 Paralipomenon,
1429 2812 1591 2866 quam
1627 2796 2069 2852 commemorabo
2110 2798 2236 2854 bre-

648 2888 893 2953 vissime,
926 2896 984 2941 ut
1014 2900 1080 2942 ne
1112 2886 1411 2942 scientibus
1436 2888 1700 2942 verbosus
1735 2888 1939 2943 videar.
1966 2888 2235 2960 Regnavit

651 2980 926 3050 quondam
958 2978 1347 3049 Hierdsolymis
1369 2977 1666 3045 Manasses,
1690 2978 1829 3034 lilius
1852 2980 2068 3051 quidem
2099 2979 2236 3037 Eze-

651 3068 807 3132 chiae,
844 3082 1029 3122 verum
1071 3068 1209 3136 patri
1244 3068 1488 3123 moribus
1522 3068 1810 3124 admodum
1845 3070 2148 3138 dissimilis,
2178 3080 2236 3128 et

2329 1957 2429 2022 τὰς
2464 1956 2651 2029 χώρας
2688 1956 2785 2027 τῆς
2814 1955 3115 2026 Αἰγύπτου.
3169 1955 3280 2009 Καὶ
3313 1954 3557 2018 Ἄζωτος
3590 1954 3687 2025 μὲν
3729 1950 3937 2021 γείτων

2330 2053 2471 2123 τάχα
2500 2069 2621 2117 που,
2662 2049 2759 2105 καὶ
2796 2050 2994 2122 ὅμορός
3038 2051 3152 2102 ἐστι
3190 2050 3256 2120 τῇ
3294 2046 3403 2101 τῶν
3435 2046 3699 2102 Ἰουδαίων
3750 2045 3936 2117 χώρα,

2331 2142 2613 2215 διῴκισται
2660 2142 2718 2197 δὲ
2759 2140 2882 2195 λίαν
2926 2142 2959 2213 ἡ
3005 2141 3113 2194 τῶν
3159 2139 3484 2211 Ἀσσυρίων,
3529 2139 3853 2201 τουτέστιν,
3905 2142 3936 2207 η

2332 2235 2559 2309 Περσῶν
2588 2236 2683 2290 καὶ
2728 2235 2930 2307 Μήδων
2967 2233 3105 2306 πρὸς
3142 2234 3324 2297 αὐτοῖς
3351 2231 3512 2287 οἱονεί
3539 2249 3656 2296 πως
3680 2232 3939 2303 τέρμασι

2334 2330 2429 2400 τῆς
2461 2328 2600 2391 ἐώας
2631 2327 2881 2399 κειμένη.
2919 2328 3103 2398 Φαμὲν
3128 2325 3245 2392 οὖν,
3281 2329 3363 2380 ὅτι
3403 2327 3465 2379 τὸ
3502 2324 3701 2379 λυποῦν
3756 2324 3936 2385 οὐδὲν,

2334 2420 2439 2475 κᾶν
2487 2421 2535 2474 εί
2572 2419 2820 2484 Ἀζώτιοι
2861 2419 3045 2489 τυχὸν,
3095 2420 3264 2490 ἤγουν
3311 2418 3583 2489 Ἀσσύριοι
3630 2417 3938 2487 λέγωνται.

2335 2512 2473 2567 Κατ’
2502 2513 2671 2582 ἄμφω
2701 2512 2808 2585 γὰρ
2834 2510 3128 2583 ἀληθεύσει
3170 2514 3271 2583 τῆς
3310 2509 3666 2564 θεοπνεύστου
3698 2508 3940 2581 Γραφῆς

2332 2603 2363 2656 ό
2394 2602 2572 2671 λόγος,
2604 2601 2859 2674 καθάπερ
2899 2601 3090 2673 ἀμέλει
3123 2601 3193 2655 τὰ
3230 2603 3287 2654 ἐν
3322 2598 3402 2671 τῷ
3434 2599 3801 2672 προκειμένῳ
3830 2599 3941 2652 δια-

2336 2694 2633 2765 σαφοῦντες
2665 2692 3027 2765 ἐπιδείξομεν.
3054 2693 3209 2764 Ἔχει
3235 2692 3333 2763 μὲν
3356 2693 3592 2763 ἱστορίας
3618 2691 3937 2763 ἀνάμνησιν

2334 2790 2396 2844 τὸ
2433 2788 2764 2861 δηλούμενον
2804 2788 2861 2841 ἐν
2916 2787 2982 2859 τῇ
3030 2787 3267 2859 τετάρτῃ
3315 2786 3426 2841 τῶν
3471 2785 3779 2840 Βασιλειῶν
3826 2803 3937 2838 κει-

2340 2882 2531 2954 μένην,
2600 2880 2696 2933 καὶ
2742 2880 2800 2935 ἐν
2852 2882 2917 2951 τῇ
2960 2879 3191 2950 δευτέρᾳ
3234 2878 3345 2933 τῶν
3402 2878 3935 2949 Παραλειπομένων.

2337 2976 2644 3045 Ποιήσομαι
2673 2972 2730 3026 δὲ
2765 2972 2863 3045 τὴν
2885 2973 3166 3043 ἀφήγησιν
3193 2967 3252 3025 εὖ
3284 2970 3429 3042 μάλα
3459 2970 3935 3040 συνεσταλμένως,

2336 3068 2411 3130 ὼς
2457 3067 2523 3119 ἂν
2566 3066 2640 3137 μὴ
2690 3064 2907 3135 δοκοίην
2952 3066 3009 3118 ἐν
3051 3064 3218 3118 εἰδόσι
3267 3064 3660 3135 μακρηγορεῖν.
3703 3062 3937 3116 Βεὸασί-

651 3177 681 3216 a
719 3162 921 3232 pietate
948 3176 1074 3231 erga
1120 3158 1286 3216 Deum
1348 3160 1775 3227 remotissimus,
1814 3162 1980 3217 homo
2009 3178 2233 3234 perver-

2337 3158 2497 3212 λευκε
2541 3157 2685 3211 κατὰ
2726 3159 2953 3229 καιροὺς
2982 3158 3040 3211 ἐν
3086 3154 3479 3226 Ἰεροσολύμοις
3512 3156 3847 3226 Μανασσῆς,
3886 3156 3937 3217 ὃς

652 3266 767 3319 sus,
784 3260 837 3307 et
864 3249 930 3307 ad
951 3249 1165 3320 quidvis
1195 3248 1464 3304 nefarium
1482 3251 1902 3319 perpetrandum
1928 3261 2230 3322 promptus,

651 3348 1018 3405 exsecrandus
1050 3354 1106 3402 et
1148 3344 1412 3401 idolorum
1446 3346 1646 3409 cultor,
1680 3349 2095 3420 dmunonumque
2128 3352 2231 3405 im-

650 3441 895 3511 posturis
957 3440 1186 3496 miriﬁce
1241 3440 1511 3497 addictus.
1582 3438 1681 3497 Hic
1744 3442 1936 3498 altaria
2006 3454 2060 3498 et
2108 3445 2232 3500 fana

651 3529 784 3586 Baal
840 3529 1151 3585 aediﬁcavit.
1198 3522 1430 3585 Omnem
1490 3531 1735 3585 militiam
1795 3532 1919 3588 caeli
1965 3534 2231 3589 adoravit.

652 3623 813 3695 281
844 3621 945 3677 Per
979 3624 1157 3693 ignem
1187 3621 1325 3678 ﬁlius
1351 3638 1476 3678 suos
1522 3623 1780 3680 traduxit.
1812 3623 2037 3695 Collegit
2066 3640 2237 3697 augu-

651 3730 764 3782 res,
791 3724 846 3770 et
872 3715 1070 3785 quibus
1104 3714 1343 3769 studium
1412 3715 1730 3783 mentiendi,
1779 3716 1983 3787 quique
2040 3718 2232 3787 praeci-

651 3821 817 3876 puum
842 3820 904 3860 ac
936 3803 1209 3876 singulare
1229 3805 1482 3873 quiddam
1520 3806 1661 3861 scire
1723 3807 2055 3877 ferebantur,
2111 3825 2234 3866 cum

652 3905 838 3952 essent
864 3897 1195 3967 ignorantes,
1231 3904 1286 3951 et
1315 3898 1526 3954 ecorde
1579 3914 1676 3954 suo
1718 3902 1900 3970 potius
1941 3900 2233 3972 loqueren-

654 3997 745 4043 tur
778 4005 793 4055 ;
827 3997 883 4044 et
909 3989 1100 4043 modus
1129 3998 1389 4045 extrema:
1415 3989 1657 4044 omnium
1704 3992 1957 4061 nequitiae
2007 3990 2239 4050 fortasse

652 4078 833 4135 nullus
862 4087 981 4136 erat
1000 4080 1240 4151 omnino,
1273 4080 1496 4137 cuinon
1550 4081 1795 4153 impense
1838 4098 2058 4153 operam
2106 4088 2237 4141 dare

651 4172 835 4228 vellet.
871 4172 948 4227 Eo
978 4173 1271 4242 rege,Deus
1299 4188 1394 4243 per
1415 4174 1729 4244 prophetam
1761 4174 1827 4231 de
1854 4174 2153 4234 Jerusalem
2181 4188 2238 4235 et

653 4272 763 4319 tota
800 4264 1077 4335 provincia
1124 4263 1427 4320 Judaeorum
1450 4266 1620 4321 dixit:
1652 4284 1669 4318 ι
1694 4266 1834 4323 Ecce
1857 4283 1958 4339 ego
1983 4269 2234 4326 inducam

653 4372 817 4426 super
851 4357 1103 4429 pupulum
1134 4357 1278 4413 hunc
1315 4358 1472 4424 mala,
1501 4366 1560 4414 ut
1604 4360 1915 4431 quicunque
1982 4364 2234 4433 audierit,

654 4449 889 4504 tinniant
920 4452 1092 4506 amba:
1114 4466 1273 4506 aures
1295 4451 1411 4522 ejus
1438 4450 1504 4504 ⁸⁸.
1548 4469 1565 4504 ι
1616 4450 1910 4523 Postquam
1960 4452 2239 4513 Manasses

652 4543 807 4609 obiit,
833 4543 1005 4597 Annon
1034 4542 1179 4598 illius
1200 4544 1318 4613 ejus
1342 4544 1393 4597 in
1429 4558 1593 4613 regno
1617 4547 1899 4612 successit,
1928 4546 2054 4602 mali
2090 4549 2237 4604 corvi
2270 4532 2313 4586 ί)

652 4638 853 4692 malum
884 4653 1066 4692 ovum.
1092 4638 1297 4692 Eadem
1338 4652 1456 4706 qua:
1493 4636 1601 4703 ille,
1638 4636 1690 4691 in
1758 4637 1965 4697 honore
2028 4640 2234 4698 habuit.

658 4730 801 4785 Vixit
835 4744 995 4796 porro
1024 4718 1303 4784 biennium
1337 4737 1570 4783 tantum.
1614 4729 1744 4786 Post
1773 4732 1917 4788 hunc
1964 4732 2019 4788 in
2051 4748 2233 4804 regem

652 4827 849 4872 unctus
868 4827 951 4872 est
974 4816 1172 4883 Josias,
1207 4816 1348 4871 [ilius
1383 4818 1522 4887 ejus,
1552 4818 1631 4871 vir
1658 4819 1894 4889 sapiens,
1951 4830 2005 4875 et
2040 4821 2234 4886 solers,

654 4908 857 4979 Deique
888 4912 1322 4965 amantissimus.
1360 4908 1435 4965 De
1482 4924 1547 4965 eo
1604 4911 1919 4966 vaticinium
1945 4912 2112 4968 edidit
2145 4927 2236 4968 ve-

652 5001 882 5057 nlensiu
912 4999 1099 5055 Bethel
1133 5002 1295 5057 boum
1356 4999 1469 5065 Dei,
1512 5000 1797 5056 Jeroboam
1852 5012 2031 5058 stante
2074 5018 2238 5075 super

653 5094 844 5161 altare,
863 5095 1116 5151 etvitulis
1139 5095 1481 5151 lmmolandis
1515 5094 1708 5150 festum
1742 5096 1883 5151 diem
1943 5098 2239 5155 dedicatio-

652 5184 740 5242 nis
769 5186 886 5257 ejus
911 5186 1236 5242 celebrante.
1263 5187 1353 5241 Ait
1380 5187 1559 5242 enitu:
1618 5205 1647 5239 ιη
1685 5187 1891 5249 Altare,
1947 5187 2061 5243 hac
2107 5189 2237 5244 dicit

652 5275 915 5332 Dominus
947 5296 959 5332 :
988 5278 1127 5334 Ecce
1152 5277 1295 5334 ﬁlius
1322 5289 1575 5337 nascetur
1600 5278 1780 5333 domui
1832 5277 2024 5345 David,
2052 5277 2230 5335 Josias

652 5371 962 5435 nomine,et
991 5370 1289 5427 immolabit
1314 5385 1475 5441 super
1493 5381 1543 5427 te
1570 5372 1877 5427 sacerdotes
1897 5372 2233 5428 excelsorum

654 5460 1079 5516 sacriﬁcantium
1113 5474 1274 5533 super
1293 5470 1366 5529 te,
1397 5471 1451 5517 et
1477 5476 1600 5519 ossa
1662 5461 1938 5517 hominum
1992 5477 2152 5533 super
2185 5472 2236 5520 te

654 5553 906 5609 incendet
938 5552 1005 5610 ⁸⁸.
1048 5572 1066 5604 ι
1094 5550 1232 5608 inito
1254 5551 1515 5623 siquidem
1557 5569 1739 5624 regno,
1769 5554 1943 5611 Josias
1971 5556 2235 5613 idolorum

655 5643 878 5701 delubra
911 5645 1194 5710 destruxit,
1229 5644 1417 5701 altaria
1442 5646 1656 5711 evertit,
1676 5645 1825 5703 lucos
1853 5649 2237 5718 SllCCidil,C|ll'e

728 5820 776 5855 ιι
799 5800 1029 5894 ινίιεε.
1062 5839 1175 5890 XXI,
1208 5825 1290 5878 1:2.
1369 5825 1412 5856 εδ
1439 5823 1500 5879 lil
1526 5824 1658 5895 Reg.
1696 5841 1810 5893 un,
1846 5826 1907 5883 ε.

2347 3250 2586 3323 Ἐζεχίου
2629 3251 2729 3322 μὲν
2759 3247 2827 3321 ἦν
2852 3250 2986 3314 υίὸς,
3020 3250 3379 3322 ἐτερότροπος
3423 3249 3483 3301 δὲ
3532 3248 3674 3313 λίαν,
3707 3250 3813 3301 καὶ
3849 3249 3936 3319 τῆς

2333 3344 2428 3399 τοῦ
2460 3343 2665 3415 πατρὸς
2702 3343 2985 3407 εὐσεϐείας
3004 3343 3081 3404 ὠς
3106 3343 3383 3397 ἁποτάτω.
3416 3340 3613 3409 Γέγονε
3654 3339 3769 3411 γὰρ
3803 3340 3935 3410 ἀνὴρ

2334 3438 2593 3510 πονηρὸς,
2630 3437 2886 3509 καὶπρὸς
2925 3437 3034 3491 πᾶν
3057 3434 3240 3491 ὁτιοῦν
3266 3434 3376 3489 τῶν
3409 3434 3661 3488 ἐκτόπων
3695 3432 3933 3497 εὔκολος,

2339 3533 2617 3606 βδελυρὸς,
2651 3533 2746 3587 καὶ
2779 3531 3200 3603 εἰδωλολάτρης,
3243 3531 3337 3585 καὶ
3368 3532 3489 3594 ταῖς
3519 3530 3627 3585 τῶν
3664 3531 3935 3601 δαιμόνων

2336 3628 2577 3692 ἀπάταις
2604 3627 2665 3681 ού
2694 3626 2931 3699 μετρίως
2948 3626 3363 3697 προσκείμενος.
3402 3618 3575 3688 υῦτος
3612 3624 3936 3696 ἀνεδείματο

2340 3720 2580 3793 βωμοὺς,
2610 3720 2706 3775 καί
2728 3719 2930 3792 τεμένη
2962 3719 3041 3791 τῷ
3074 3718 3243 3773 Βάαλ.
3267 3717 3730 3790 Προσκεκύνηκεν
3751 3719 3932 3788 ἁπάσῃ

2336 3816 2403 3885 τῇ
2434 3814 2661 3885 στρατιᾷ
2686 3810 2780 3866 τοῦ
2811 3811 3064 3882 ούρανοῦ.
3115 3811 3388 3881 Διήγαγεν
3439 3811 3498 3865 ἐν
3542 3810 3680 3881 πυρὶ
3717 3811 3789 3863 τὰ
3839 3811 3935 3862 tu.

2336 3906 2525 3971 τέκνα,
2582 3905 3024 3977 συγκεκρότηκεν
3067 3903 3484 3968 οἰωνοσκόπους,
3533 3901 3631 3957 καί
3680 3903 3817 3965 τοὺς
3861 3899 3934 3964 οἷς

2341 3996 2542 4069 μελέτη
2587 3996 2649 4050 τὸ
2695 3995 3034 4065 ψευδοεπεῖν,
3083 3999 3213 4059 τοὺς
3254 3994 3535 4065 οἰομένους
3572 3993 3675 4065 μέν
3723 4011 3778 4047 τι
3832 3993 3931 4046 τῶν

2339 4087 2653 4158 ἀναγκαίων
2681 4088 2899 4156 εἰδέναι,
2931 4089 3008 4161 μὴ
3036 4087 3136 4159 μέν
3158 4103 3239 4141 τοι
3265 4087 3361 4141 καὶ
3382 4085 3611 4151 εἰδότας,
3633 4085 3928 4148 λαλοῦντας

2338 4180 2397 4235 δὲ
2437 4179 2638 4251 μᾶλλον
2680 4178 2751 4233 τά
2789 4178 2897 4232 ἀπὸ
2938 4178 3166 4249 καρδίας
3208 4176 3410 4231 αὐτῶν.
3458 4176 3570 4229 Καὶ
3616 4175 3826 4246 τρόπος
3867 4170 3929 4247 ἦν

2339 4275 2481 4345 τάχα
2512 4272 2791 4336 παντελῶς
2823 4271 3003 4335 οὐδεὶς
3044 4271 3144 4341 τῆς
3177 4270 3409 4324 ἀπασῶν
3448 4271 3693 4340 ἐσχάτης
3732 4270 3932 4337 φαυλό·

2339 4384 2523 4437 τητος,
2558 4368 2670 4431 τοῖς
2709 4365 2921 4420 ἐκείνου
2951 4364 3255 4434 θελήμασιν
3281 4362 3728 4433 ἀνεπιτήδευτος.
3760 4361 3932 4415 Αὐτοῦ

2341 4460 2397 4513 δὲ
2437 4458 2811 4530 βασιλεύοντος
2833 4456 2939 4526 ἔφη
3001 4474 3104 4511 που
3150 4454 3281 4519 Θεὸς
3319 4454 3407 4509 διὰ
3430 4454 3620 4526 φωνῆς
3651 4456 3930 4525 προφήτου

2344 4552 2470 4624 περί
2505 4568 2563 4605 τε
2587 4551 2685 4623 τῆς
2739 4549 3113 4622 Ἰερουσαλὴμ,
3155 4548 3251 4602 καὶ
3292 4548 3472 4619 πάσης
3519 4548 3623 4619 τῆς
3674 4546 3932 4609 Ἰουδαίας

2344 4642 2527 4715 χώρας
2551 4660 2565 4673 θ
2602 4661 2619 4694 ι
2643 4643 2774 4696 Ἰδοὺ
2809 4641 2919 4711 ἐγὼ
2942 4642 3135 4709 ἐπάγω
3163 4640 3257 4693 ἐπὶ
3283 4638 3374 4693 τὸν
3394 4638 3525 4694 λαὸν
3544 4637 3743 4693 τοῦτον
3772 4638 3928 4701 κακὰ,

2345 4734 2484 4789 ὥστε
2526 4734 2728 4799 παντὸς
2770 4733 3061 4797 ἀκούοντος
3102 4732 3263 4799 αὐτὰ,
3296 4732 3495 4801 ὴχήσει
3532 4731 3828 4801 ἀμφότερα
3868 4732 3931 4783 τὰ

2344 4819 2460 4881 ὦτα
2479 4824 2666 4881 αὑτοῦ.
2700 4844 2718 4877 ι
2772 4825 2994 4896 Ἐπειδὴ
3023 4824 3081 4878 δέ
3116 4823 3507 4895 τετελεύτηκεν
3550 4824 3581 4874 ὁ
3613 4822 3927 4893 Μανασσῆς,

2342 4918 2645 4989 διαδέχεται
2668 4917 2730 4972 τὸ
2758 4918 3035 4989 σκῆπτρον
3074 4915 3257 4987 Ἀμὼν
3281 4917 3309 4969 δ
3332 4914 3447 4977 υίὸς
3484 4912 3677 4979 αὑτοῦ,
3706 4913 3809 4984 τῆς
3841 4912 3927 4965 τοῦ

2344 5008 2548 5079 πατρὸς
2574 5008 2910 5078 φαυλότητος
2930 5006 3175 5061 ἀποδέων
3195 5006 3369 5060 οὐδέν.
3393 5006 3674 5075 Τετίμηκε
3704 5005 3814 5074 γὰρ
3834 5003 3927 5056 ὅσα

2342 5101 2617 5166 κάκεῖνος.
2646 5102 2783 5169 Ἐτη
2813 5101 2870 5155 δὲ
2899 5100 3036 5172 μόνα
3057 5099 3244 5154 διεϐίω
3267 5100 3382 5153 δύο.
3416 5092 3550 5151 Εἶτα
3582 5099 3705 5168 μετ’
3729 5098 3929 5149 ἐκεῖνον

2343 5190 2627 5263 κέχρισται
2667 5192 2828 5247 πάλιν
2863 5194 2943 5257 εἰς
2980 5191 3205 5263 βασιλέα
3265 5189 3478 5253 Ἰωσίας
3518 5191 3547 5243 ό
3582 5188 3700 5252 υἱὸς
3745 5184 3925 5249 αὑτοῦ,

2341 5284 2530 5355 σοφὸς,
2553 5285 2648 5338 καὶ
2672 5284 2929 5355 ἀγχίνους
2956 5284 3119 5357 ἀνὴρ,
3145 5282 3363 5338 καὶτῶν
3398 5284 3481 5337 ὅτι
3512 5281 3756 5353 μάλιστα
3789 5279 3929 5349 φιλο-

2342 5374 2652 5432 θεωτάτων.
2690 5376 2862 5430 Αὑτὸν
2890 5377 3300 5448 προεκήρυττεν
3342 5373 3650 5445 ἀφιγμένος
3691 5373 3773 5435 εἰς
3807 5371 3928 5424 Βαι-

2344 5466 2444 5535 Θὴλ
2476 5467 2506 5520 ὁ
2538 5466 2829 5540 ἄνθρωπος
2875 5467 2969 5521 τοῦ
3019 5466 3179 5533 Θεοῦ,
3226 5465 3512 5538 Ἰεροϐοάμ
3562 5463 3799 5527 ἑστῶτος
3839 5462 3923 5515 ἐπὶ

2341 5557 2437 5613 τοῦ
2464 5558 2876 5631 θυσιαστηρίου,
2930 5561 3025 5614 καὶ
3073 5559 3477 5629 ἐγκαινίζοντος
3512 5558 3635 5621 ταῖς
3664 5554 3921 5627 δαμάλεσι
3998 5602 4001 5603 ,

2342 5652 2440 5724 τὴν
2473 5654 2687 5725 ἑορτήν.
2725 5656 2871 5726 Ἔφη
2900 5655 3008 5728 γὰρ
3035 5654 3200 5710 οὓτω·
3263 5673 3284 5707 ι
3311 5654 3735 5724 Θυσιαστήριον,
3783 5649 3920 5719 λέγει
