4068 6598
173 441 289 499 465
1138 441 1690 498 COMMENTARIUS
1731 441 1801 499 ΙΝ

1909 441 2033 499 ωδ
2069 442 2296 499 PROPI]
2308 444 2512 499 ETAM.
3270 458 3273 462 '
3348 445 3453 502 466

175 555 422 628 Κύριος·
459 554 590 608 Ἰδοὺ
620 553 735 619 υἱὸς
769 551 1013 607 τίκτεται
1048 552 1124 625 τῷ
1148 556 1283 627 οἴκῳ
1318 554 1503 621 Δαϐῖδ,
1550 554 1809 617 Ἰωσίας-Λ

1912 572 1984 612 tm
2016 557 2147 613 solis
2168 558 2491 623 combussit,
2512 558 2821 613 sacerdotes
2857 572 3189 613 excesornm
3257 559 3306 611 in
3349 558 3454 615 Be'

175 650 354 720 δνομα
381 647 549 719 αὐτῷ,
580 648 673 701 καὶ
699 645 853 701 θύσει
874 647 967 700 ὲπί
989 646 1049 700 σὲ
1066 649 1191 712 τοὺς
1211 649 1376 720 ίερεῖς
1400 648 1508 701 τῶν
1527 647 1768 718 ὑψηλῶν,

1909 649 1984 704 hel
2027 651 2301 713 mactavit,
2327 666 2449 705 ossa
2476 650 2749 704 hominum
2774 664 2933 719 super
2963 651 3131 704 altare
3160 652 3449 706 vitulorum

173 740 292 793 τῶν
321 740 651 794 ὲπιθυόντων
687 737 780 791 ἐπὶ
819 738 901 803 σὲ,
937 738 1032 792 καὶ
1073 740 1209 801 ὀστᾶ
1250 737 1553 810 ἀνθρώπων
1604 754 1773 792 καταρ

1909 740 2132 807 ucendit,
2157 742 2355 797 ariolos
2403 740 2628 811 expulit,
2666 743 3161 813 pseudoprophetas
3208 746 3453 815 inquam,

181 833 381 888 καύσει
413 833 505 885 ἐπὶ
530 832 610 886 σέ.
638 851 656 884 ι
690 830 1101 895 Βεὸασιλευκὼς
1124 830 1233 903 γὰρ
1277 832 1506 897 Ἰωσίας,
1555 831 1774 884 καθεῖλε

1910 833 2113 890 tl'alsos
2142 842 2309 901 vates,
2338 845 2394 889 et
2422 834 2511 903 qui
2545 833 2596 888 in
2626 846 2811 888 ventre
2868 836 3192 902 daemonem,
3224 837 3459 895 interro-

186 926 289 995 μὲν
343 922 416 977 τὰ
478 922 586 975 τῶν
641 922 874 977 εἰδώλων
926 923 1181 995 τεμένη,
1222 923 1533 992 κατέσκαψε
1580 923 1637 977 δὲ
1707 924 1776 976 τά

1909 926 2128 981 antibus
2149 941 2411 996 responsa
2442 926 2658 980 dantem
2686 927 2954 982 habebant
2976 929 3041 981 ".
3088 927 3219 995 Quae
3249 930 3458 1001 Moyses

186 1017 593 1087 θυσιαστήρια,
650 1015 987 1086 κατηφάνισε
1035 1018 1104 1071 τὰ
1148 1017 1309 1086 ἄλση,
1362 1017 1668 1070 κατέκαυσε
1716 1016 1777 1069 τὸ

1909 1020 2169 1082 auxisset,
2198 1019 2249 1073 iu
2271 1019 2433 1073 Israel
2469 1019 2852 1073 auctoritatem
2885 1020 3132 1073 obtinere
3167 1030 3221 1073 et
3277 1022 3461 1075 valere

189 1107 350 1178 ἆρμα
374 1106 468 1159 τοῦ
501 1106 675 1175 ἡλίου,
704 1106 1012 1177 κατέσφαξε
1050 1108 1177 1172 τοὺς
1212 1109 1377 1180 ἱερεῖς
1409 1108 1517 1161 τῶν
1561 1107 1799 1178 ὑψηλῶν.

190 1200 261 1260 ὲν.
283 1196 511 1269 uatem.
547 1197 680 1251 ὀστᾶ
702 1198 1004 1271 ἀνθρώπων
1030 1199 1331 1271 ἐνέπρησεν
1354 1199 1448 1251 ἐπὶ
1476 1198 1570 1251 τοῦ
1601 1198 1781 1252 θυσιαο

192 1289 417 1361 στηρίου
451 1289 559 1342 τῶν
587 1288 891 1358 δαμάλεων,
927 1290 1098 1361 ηλασε
1131 1292 1258 1357 τοὺς
1283 1290 1554 1357 γνώστας,
1588 1289 1782 1359 ψευδο-

192 1387 485 1453 προφήτας
516 1380 581 1452 δὴ
602 1381 763 1451 λέγω,
795 1382 889 1434 καὶ
923 1382 1334 1453 ψευδομάντεις,
1363 1382 1461 1436 καὶ
1489 1384 1784 1452 ἐγγαστρι-

196 1473 428 1543 μύθους.
458 1474 741 1527 Ἐκέλευσε
774 1476 1015 1545 κρατεῖν,
1049 1476 1143 1528 καὶ
1166 1475 1370 1545 ἰσχύειν
1390 1476 1449 1528 ὲν
1477 1475 1554 1546 τῷ
1571 1474 1785 1545 Ἰσραὴλ

192 1564 260 1618 τὰ
299 1564 392 1618 διὰ
425 1565 669 1629 Μωσέως
697 1564 1117 1636 τεθεσπισμένα.
1162 1567 1277 1619 Ἐπ’
1316 1566 1483 1621 αὐτοῦ
1521 1567 1785 1625 τεθύκασι

192 1656 289 1710 τὸν
321 1657 515 1729 ἀμνὸν,
546 1657 639 1711 καὶ
664 1657 724 1710 τὸ
754 1657 946 1727 Πάσχα
974 1657 1321 1712 τετελέκασιν
1369 1659 1784 1732 Ἰεροσολύμοις.

205 1750 435 1820 Ἐπειδὴ
448 1750 504 1803 δὲ
533 1744 601 1821 ἦν
620 1748 968 1818 άγαθὸςριαὶ
988 1751 1211 1821 γνήσιος
1234 1750 1371 1822 μετὰ
1390 1751 1563 1817 Θεοῦ,Δ
1579 1752 1787 1823 πέμπει

194 1842 339 1913 πρὸς
380 1840 568 1895 Ὀλδάν
597 1842 696 1912 τὴν
726 1844 1038 1914 προφήτην,
1080 1832 1541 1897 διαπυνθάνεσθαι
1584 1844 1787 1916 ζητῶν,

195 1902 254 1992 εί
277 1902 548 2006 κατέληξε
579 1902 682 2004 τῆς
724 1902 943 2007 ὀργηξδ
970 1902 1108 1990 ’τιῦν
1128 1935 1266 1990 ὅλων
1300 1902 1611 2007 Δεσπότης,⁷
1641 1902 1694 1992 εἰ
1726 1902 1785 1990 ὲν
1819 1902 1862 1962 Β

197 2024 357 2094 καλῷ
381 2025 749 2095 κείσεταιτῆς
770 2026 1069 2097 εὐημερίας
1100 2028 1133 2079 6
1157 2028 1398 2100 Ἰσραὴλ.
1431 2029 1527 2082 καὶ
1554 2029 1785 2101 ἀργήσει

191 2116 390 2170 λοιπὸν
415 2118 485 2171 τά
509 2117 597 2170 διά
629 2120 815 2188 φωνῆς
846 2119 1142 2189 προφητῶν
1163 2119 1254 2172 ἐπ’
1290 2119 1474 2173 αὐτῶν
1498 2136 1787 2191 προαπηγ-

193 2209 467 2279 γελμένα.
520 2209 665 2263 Ἡδὲ
695 2209 833 2281 πρὸς
866 2210 1097 2275 αύτούς·
1139 2229 1158 2261 ι
1184 2211 1325 2265 Τάδε
1358 2211 1506 2281 λέγει
1533 2212 1736 2284 Κύριος
1760 2214 1789 2267 6

193 2299 335 2365 Θεὸς
390 2300 641 2372 ἰσραήλ’
683 2300 886 2356 Εἴπατε
935 2302 1014 2373 τῷ
1063 2302 1218 2374 ιίινδρί¹
1272 2303 1351 2375 τῷ
1409 2306 1791 2360 ἀποστείλαντι

197 2392 349 2463 ὑμᾶς
377 2393 512 2463 πρὸς
543 2394 610 2464 μέ
634 2408 648 2423 ’
687 2393 814 2447 τάδε
843 2393 992 2463 λέγει
1021 2393 1247 2469 Κύριος·
1298 2395 1430 2451 Ἰδοὺ
1466 2396 1577 2467 ἐγὼ
1600 2397 1792 2467 ἐπάγω

197 2485 352 2539 κακὰ
375 2484 467 2537 ἐπὶ
498 2484 588 2537 τὸν
613 2485 779 2538 τόπον
808 2484 1021 2550 τοῦτον,
1055 2486 1152 2539 καὶ
1176 2487 1270 2544 ἐπὶ
1295 2488 1423 2551 τοὺς
1445 2488 1794 2552 ἐνοικοῦντας

199 2574 355 2645 αὐτῷ
403 2575 613 2638 πάντας
653 2577 780 2640 τοὺς
812 2577 1006 2645 λόγους
1034 2577 1129 2631 τοῦ
1164 2578 1396 2649 βιϐλίου,
1444 2578 1540 2645 οὓς
1579 2580 1794 2649 ἀνέγνω

202 2667 462 2739 βασιλεὺς
510 2667 698 2721 Ἰούδα.
738 2667 878 2721 ‘AvO'
910 2661 999 2723 ὧν,
1025 2669 1382 2738 ἐγκατέλιπον
1413 2687 1515 2741 με,
1548 2671 1643 2724 καὶ
1672 2669 1797 2723 ἐθυ-

206 2760 353 2831 μίων
380 2760 523 2823 θεοῖς
568 2760 797 2831 ἑτέροις,
834 2761 986 2825 ὅπως
1027 2762 1425 2834 παροργήσωσί
1465 2781 1534 2834 με
1584 2764 1642 2816 ὲν
1683 2765 1797 2827 τοῖς

200 2854 395 2926 ἔργοις
422 2852 532 2909 τῶν
558 2852 759 2924 χειρῶν
782 2853 991 2919 αὐτῶν,
1025 2854 1121 2908 καὶ
1139 2854 1545 2924 ἐκκαυθήσεται
1573 2857 1601 2908 6
1628 2854 1800 2925 θυμός

209 2963 316 3017 μου
346 2948 406 3000 ὲν
441 2945 523 3015 τῷ
564 2946 715 3016 τόπῳ
763 2945 959 3017 τούτῳ,
1008 2946 1105 3000 καί⁸
1145 2946 1206 3000 ού
1255 2945 1643 3018 σϐεσθήσεται.
1690 2947 1811 3002 ΚαὶΔ

205 3039 349 3110 πρὸς
381 3037 605 3109 βασιλέα
641 3037 812 3092 Ἰούδα
845 3039 937 3092 τὸν
966 3037 1362 3092 ἀποστείλαντα
1388 3038 1533 3107 ὑμᾶς
1567 3038 1803 3108 ζητῆσαι

205 3132 301 3192 τὸν
333 3127 557 3199 Κύριον,
584 3128 709 3186 τάδε
734 3129 909 3199 ἐρεῖτε
938 3128 1076 3199 πρὸς
1099 3128 1264 3181 αὐτόν
1283 3144 1298 3159 ⁸
1342 3128 1481 3181 Τάδε
1505 3127 1665 3199 λέγει
1688 3128 1803 3182 Κύ-

1875 1111 2058 1183 jussit.
2083 1110 2195 1167 Sub
2216 1126 2281 1168 eo
2309 1126 2504 1183 agnum
2533 1111 2899 1178 immolarunt,
2930 1122 2981 1167 et
3038 1112 3241 1167 Pascha
3274 1112 3463 1167 Hiero-

1882 1202 2106 1273 solymis
2158 1211 2405 1273 egerunt.
2461 1201 2732 1269 Quoniam
2779 1211 2961 1257 autem
3016 1205 3190 1260 bonus
3230 1213 3368 1268 erat,
3410 1211 3465 1258 et

1883 1312 2003 1351 cum
2037 1296 2147 1352 Deo
2181 1296 2393 1351 sincere
2443 1296 2670 1366 agebat,
2740 1296 2805 1349 ad
2857 1295 3043 1350 Oldam
3091 1296 3463 1366 prophetidem

1884 1398 2288 1460 percunctatum
2308 1390 2695 1459 quaesitumque
2711 1390 2875 1451 misit,
2895 1406 3019 1443 num
3038 1388 3286 1444 desiisset
3304 1387 3467 1443 irasci

1886 1481 2259 1536 universorum
2296 1480 2580 1544 Dominus;
2609 1498 2735 1535 num
2770 1482 2907 1537 bene
2956 1482 3193 1536 futurum
3252 1482 3468 1537 Israeli-

1889 1573 1978 1639 tis,
2012 1583 2069 1629 et
2098 1582 2370 1628 cessatura
2388 1582 2528 1628 esset
2561 1572 2814 1642 deinceps
2878 1573 3263 1643 prophetarum
3319 1574 3468 1627 voci-

1887 1667 1987 1721 bus
2015 1665 2122 1721 illis
2157 1665 2511 1734 praenuntiata
2537 1666 2856 1720 calamitas?
2886 1665 3018 1732 Quae
3038 1666 3110 1720 ita
3153 1665 3466 1733 reSpondit:

1895 1773 1914 1807 ι
1945 1752 2072 1810 Haec
2103 1754 2231 1809 dicit
2260 1753 2516 1811 Dominus
2546 1755 2690 1812 Deus
2737 1754 2903 1812 Israel
2937 1772 2950 1809 :
2982 1755 3156 1812 Dicite
3210 1758 3327 1810 viro
3378 1754 3473 1824 qni

1891 1846 2038 1903 misit
2064 1860 2159 1903 vos
2182 1846 2249 1902 ad
2278 1861 2365 1902 me
2391 1865 2406 1903 :
2436 1846 2563 1904 Haec
2596 1848 2722 1904 dicit
2748 1847 3008 1904 Dominus
3035 1864 3050 1902 :
3083 1847 3223 1903 Ecce
3241 1862 3341 1917 ego
3386 1848 3471 1902 in-

1892 1941 2081 1995 ducam
2105 1941 2246 1995 mala
2268 1955 2430 2012 super
2462 1941 2637 1996 locum
2662 1943 2848 2009 istum,
2879 1948 2932 1996 et
2984 1955 3145 2011 super
3188 1940 3468 1995 habitato-

1886 2049 1972 2089 res
2006 2032 2142 2104 ejus,
2173 2041 2472 2103 cunctaque
2494 2032 2773 2089 maledicta
2797 2075 2811 2100 ,
2837 2048 2958 2103 qua:
3006 2034 3206 2104 scripta
3247 2040 3374 2087 sunt
3419 2029 3475 2087 in

1891 2126 2029 2181 libro
2060 2126 2181 2191 hoc,
2215 2141 2374 2195 quem
2394 2124 2633 2195 legitrex
2655 2124 2825 2193 Iuda;
2872 2127 2997 2196 quia
3058 2126 3467 2197 dereliquerunt

1892 2234 1998 2284 me,
2039 2228 2091 2274 et
2120 2217 2562 2274 sacrificaverunt
2592 2217 2696 2274 diis
2715 2217 2925 2284 alienis,
2956 2226 3014 2273 ut
3050 2234 3134 2275 me
3167 2220 3233 2274 ad
3259 2220 3477 2274 iracuu--

1892 2313 2033 2367 diam
2064 2318 2422 2382 provocarent
2449 2311 2503 2365 iu
2534 2310 2746 2365 cunctis
2768 2311 3024 2379 operibus
3063 2326 3321 2366 manuum
3348 2325 3478 2365 sua-

1893 2420 2033 2459 rum.
2068 2403 2133 2457 Et
2163 2401 2522 2457 succeudetur
2544 2400 2693 2453 furor
2722 2399 2885 2470 282
2917 2411 3067 2455 meus
3104 2412 3269 2470 super
3294 2398 3476 2453 locum

1896 2495 2083 2557 istum,
2110 2501 2164 2546 et
2187 2506 2291 2545 nou
2322 2491 2720 2559 exstinguetur.
2751 2491 2831 2545 Ad
2863 2504 3042 2558 regem
3086 2499 3265 2545 autem
3318 2488 3478 2551 Juda,

1896 2585 1986 2656 qui
2021 2583 2170 2638 misit
2191 2597 2285 2638 vos
2311 2582 2377 2635 ad
2422 2581 2769 2651 quaerendum
2818 2581 3143 2646 Dominum,
3180 2581 3259 2635 sic
3303 2581 3481 2650 loqui-

1901 2675 2029 2729 mini
2066 2692 2079 2729 :
2115 2672 2240 2728 Haec
2289 2673 2420 2727 dicit
2470 2672 2727 2727 Dominus
2770 2673 2911 2726 Deus
2961 2671 3161 2727 lsrael:
3215 2671 3480 2739 Quoniam

1901 2766 2096 2821 audisti
2126 2766 2289 2821 verba
2318 2763 2625 2828 voluminis,
2659 2773 2711 2819 et
2737 2762 3037 2819 emollitum
3066 2770 3152 2817 est
3182 2777 3278 2817 eor
3309 2772 3481 2825 tuum,

1902 2868 1957 2915 et
1984 2859 2298 2914 humiliatus
2329 2871 2388 2912 es
2428 2857 2481 2912 iu
2532 2863 2824 2927 conspectu
2865 2856 2961 2911 Dei
3020 2869 3186 2926 super
3240 2856 3323 2911 his
3366 2868 3487 2924 qua:

1906 2951 2050 3007 dicta
2075 2957 2201 3005 sunt
2223 2956 2412 3004 contra
2448 2947 2623 3002 locum
2654 2946 2797 3001 hunc
2814 2955 2869 3001 et
2888 2946 3226 3001 habitatores
3261 2943 3487 3000 Jerusa-

1907 3042 2034 3105 lem,
2075 3040 2191 3097 fore
2229 3040 2281 3094 in
2330 3038 2653 3095 deletiouem
2694 3046 2747 3092 et
2794 3037 3239 3103 maledictum,et
3277 3035 3501 3092 scidisti

1908 3131 2230 3186 vestimenta
2276 3136 2387 3191 tua,
2432 3136 2487 3182 et
2529 3126 2723 3184 ϐοτὴιί
2772 3141 2955 3182 coram
2999 3142 3107 3193 me,
3138 3141 3238 3199 ego
3272 3138 3491 3195 quoque

214 3238 334 3293 ριος
372 3223 402 3274 6
444 3220 575 3283 Θεὸς
630 3218 884 3292 Ἰσραήλο
934 3221 1001 3274 0i.
1047 3218 1194 3288 λόγοι
1244 3236 1346 3291 μου
1395 3217 1489 3283 οὒς
1543 3221 1804 3291 ἡκούσας,

1910 3223 2156 3280 exaudivi
2193 3230 2265 3289 te,
2291 3220 2423 3275 dicit
2452 3218 2733 3274 Dominus.
2762 3219 2901 3274 Ecce
2930 3234 3030 3289 ego
3063 3228 3113 3274 te
3149 3218 3397 3289 colligam
3420 3216 3509 3272 ad.

212 3314 333 3372 ἀνθ’
365 3307 445 3370 ὧν
474 3312 756 3384 άπαλύνθη
784 3316 817 3385 ἠ
854 3312 1053 3384 καρδία
1087 3330 1203 3377 σου,
1242 3313 1338 3369 καὶ
1369 3313 1675 3384 ὲνετράπης
1698 3312 1808 3366 ἀπὸ

1917 3326 2103 3388 patres
2129 3324 2270 3380 tuos,
2293 3312 2617 3368 etinfereris
2639 3313 2695 3366 in
2721 3312 3028 3382 sepulcrum
3060 3321 3209 3366 tuum
3240 3311 3293 3366 iu
3333 3323 3489 3380 pace,

212 3402 515 3475 προσώπου
556 3404 892 3475 Κυρίου,ὡς
921 3404 1159 3475 ἤκουσας
1184 3404 1287 3457 ὅσα
1322 3403 1559 3475 ἐλάλησα
1586 3404 1679 3456 ἐπὶ
1713 3403 1805 3459 τὸν

208 3497 379 3553 τόπον
404 3497 619 3559 τοῦτον,
653 3497 749 3549 καὶ
780 3497 879 3551 ἐπὶ
906 3498 1034 3560 τοὺς
1074 3496 1421 3560 ἐνοικοῦντας
1459 3494 1627 3565 αὐτῷ,
1665 3490 1808 3549 εἶναι

212 3591 298 3653 εἰς
334 3590 662 3659 ἀφανισμὸν,
697 3590 793 3645 καὶ
829 3591 911 3653 εἰς
944 3589 1215 3662 καθάραν,
1261 3590 1355 3643 καὶ
1403 3588 1695 3660 διέρρηξας
1736 3589 1806 3645 τὰ

214 3680 417 3752 ἱμάτιά
476 3698 593 3747 σου,
662 3682 759 3735 καὶ
812 3680 1081 3746 ἔκλαυσας
1125 3680 1361 3736 ἐνώπιόν
1402 3698 1504 3750 μου
1532 3696 1547 3711 ν
1602 3680 1696 3734 καί
1741 3697 1806 3750 γε

215 3774 334 3844 ἑγὼ
372 3775 605 3845 ηκουσα,
663 3773 814 3842 λέγει
870 3773 1114 3845 Κύριοςο
1186 3774 1298 3827 ἰδοὺ
1349 3772 1695 3844 προστίθημί
1743 3789 1804 3825 σε

1914 3425 2013 3466 uec
2040 3406 2297 3463 videbunt
2320 3404 2461 3460 oculi
2494 3404 2569 3458 tui
2596 3418 2758 3459 omne
2788 3404 2986 3459 malum
3016 3404 3161 3473 quod
3183 3418 3282 3474 ego
3333 3403 3494 3458 indu—

1913 3512 2099 3557 cturus
2139 3514 2260 3555 sum
2287 3511 2450 3565 super
2482 3495 2656 3552 locum
2686 3496 2846 3551 istum
2891 3504 2945 3552 et
2971 3511 3135 3567 super
3160 3495 3496 3551 habitatores

1912 3590 2028 3660 ejus
2057 3589 2123 3643 ⁸⁸.
2162 3606 2182 3641 ι
2217 3588 2284 3643 Et
2306 3585 2525 3656 impleta
2561 3594 2646 3641 est
2694 3587 3005 3657 promissio.
3065 3585 3279 3641 Distulit
3345 3584 3495 3640 enim

1914 3683 2049 3736 iram
2116 3681 2497 3738 universorum
2566 3679 2828 3735 Dominus
2878 3692 2976 3749 per
3048 3687 3262 3749 tempus
3342 3675 3499 3746 regni

1910 3788 2046 3841 ejus.

216 3868 361 3943 πρὸς
390 3868 521 3932 τοὺς
545 3867 793 3939 πατέρας
817 3884 937 3932 σου,
967 3867 1063 3921 καὶ
1093 3866 1406 3939 συναχθήσῃ
1430 3868 1511 3931 εἰς
1565 3866 1655 3920 τὸν
1680 3866 1849 3936 τάφον
1886 3885 1982 3921 σου
2013 3870 2071 3921 ὲν
2097 3868 2309 3941 εἰρήνῃ,
2344 3867 2440 3922 καὶ
2510 3865 2613 3920 οὐκ
2638 3863 2936 3936 ὀφθήσεται
2970 3862 3027 3916 ὲν
3065 3864 3176 3925 τοῖς
3201 3859 3503 3931 ὀφθαλμοῖς

220 3978 345 4029 σου,
378 3962 439 4015 ιν
478 3960 614 4014 πᾶσι
644 3961 758 4023 τοῖς
786 3961 983 4023 κακοῖς
1006 3953 1115 4023 ὀἷς
1156 3958 1267 4028 ἐγώ
1304 3960 1421 4029 εἰμι
1454 3958 1688 4027 ἐπάγων,
1727 3958 1821 4012 ἐπὶ
1856 3959 1948 4013 τὸν
1984 3961 2148 4013 τόπον
2175 3960 2385 4025 τοῦτον,
2441 3958 2535 4013 καὶ
2562 3958 2657 4011 ἐπὶ
2683 3957 2812 4020 τοὺς
2873 3953 3261 4016 κατοικοῦντας
3282 3950 3498 4005 αὐτόν.»

219 4058 336 4116 Καὶ
355 4044 725 4129 πεπλήρωται,
742 4056 842 4127 μὲν
870 4055 1188 4127 ὑπόσχεσις.
1233 4054 1555 4113 Ἀνεϐάλετο
1604 4055 1723 4127 γὰρ,
1745 4056 1844 4126 τὴν
1881 4057 2052 4129 ὀργὴν
2082 4059 2112 4110 6
2142 4057 2252 4111 τῶν
2277 4056 2414 4111 ὅλων
2453 4054 2732 4126 Δεσπότης
2754 4052 2846 4107 τὸν
2907 4050 3007 4121 τῆς
3039 4047 3313 4121 βασιλείας
3334 4042 3505 4107 αὑτοῦ

221 4154 441 4225 καιρόν.

296 4243 486 4299 Ἦσαν
515 4244 576 4298 δὲ
605 4242 907 4315 τρίακοντά
936 4258 997 4295 τε
1032 4240 1127 4313 ἔτη
1173 4242 1267 4295 καί
1297 4241 1377 4295 ἓν.
1427 4243 1515 4296 Ἐν
1549 4240 1605 4295 δέ
1643 4259 1707 4311 γε
1739 4241 1819 4313 τῷ

221 4335 431 4407 λοίσθῳ
456 4334 636 4408 καιρῷ
657 4325 1093 4404 κατεστράτευσε
1121 4333 1219 4402 τῆς
1249 4331 1565 4397 Βαϐυλῶνος
1590 4331 1821 4404 Φαραὼν

222 4429 560 4501 Νεχαὼλτῆς
582 4426 898 4497 Αἰγυπτίων
922 4429 954 4481 6
976 4428 1300 4497 ἡγούμενος,
1331 4426 1427 4479 καὶ
1463 4425 1563 4496 τῆς
1591 4425 1822 4494 ἐνεγκα-

229 4524 405 4595 μένης
439 4520 621 4587 ὲξέθειι
653 4521 1018 4591 πανστρατιᾷ.
1064 4519 1282 4590 Ἐπειδὴ
1316 4518 1371 4571 δὲ
1402 4513 1471 4589 ἦν
1520 4516 1729 4580 Ἰωσίας
1766 4517 1825 4569 ὲν

227 4615 531 4686 ὑποψίαις,
555 4614 630 4686 μὴ
664 4609 775 4684 ἆρα
810 4612 911 4683 τὴν
964 4612 1132 4665 Ἰούδα
1171 4611 1536 4683 καταδῃὼσων
1571 4610 1821 4679 ἀφίκετο,

228 4708 325 4762 τὸν
356 4706 597 4777 πολέμου
619 4707 780 4777 νόμον
798 4704 1089 4769 ὡπλίζετο,
1121 4706 1214 4761 καὶ
1240 4703 1589 4768 ὑπαντιάζειν
1607 4702 1819 4774 ἢθελεν.

244 4801 307 4853 '0
354 4799 414 4852 δὲ
456 4800 766 4869 ἀποχωρεῖν
812 4797 1083 4860 ἐκέλευεν,
1130 4796 1444 4864 ἐπείγεσθαι
1498 4795 1679 4866 φήσας
1727 4794 1820 4847 ἐπὶ

230 4891 331 4944 τὸν
359 4891 607 4960 ποταμὸν
635 4890 951 4960 Εὐφράτην,
992 4892 1087 4943 καὶ
1125 4890 1205 4952 εἰς
1239 4890 1338 4960 τὴν
1367 4888 1474 4942 τῶν
1519 4887 1818 4957 Ἀσσυρίων

231 4980 683 5052 ἀποκομίζεσθαι
717 4979 928 5051 χώραν.
983 4978 1206 5051 Ἐπειδὴ
1243 4978 1299 5033 δὲ
1343 4977 1439 5031 καὶ
1485 4976 1626 5046 μετά
1667 4975 1826 5030 τοῦτο

233 5072 512 5144 περιττῶς
536 5071 909 5137 συνετάττετο,
944 5070 1237 5142 πλήττεται
1272 5070 1370 5141 μὲν
1405 5069 1463 5121 ἐν
1480 5066 1558 5138 τῷ
1582 5067 1822 5138 πολέμῳ.

235 5162 487 5227 Τεθνεὼς
502 5163 582 5229 δὲ,
616 5163 800 5217 λοιπὸν
820 5163 962 5217 οίκοι
978 5179 1039 5217 τε
1062 5162 1159 5215 καί
1192 5162 1252 5215 ὲν
1281 5164 1395 5225 τοῖς
1435 5159 1828 5233 Ἰεροσολύμοις

236 5254 351 5311 ὑπὸ
379 5254 491 5307 τῶν
516 5255 732 5310 οἰκείων
760 5254 1134 5324 ἀνεκομίζετο.
1167 5254 1279 5307 Kal.
1305 5252 1591 5325 κέχρισται
1630 5252 1727 5323 μὲν
1748 5251 1828 5316 εἰς

240 5348 473 5420 βασιλέα
514 5348 737 5419 Ἶωάχας
765 5351 794 5403 6
827 5350 943 5413 υίὸς
972 5349 1161 5405 αὐτοῦ.
1202 5347 1397 5419 Τρίτον
1442 5347 1499 5400 δὲ
1543 5345 1693 5416 μόλις
1721 5345 1837 5398 δια-

236 5440 543 5495 τελέσαντα
577 5440 721 5512 μῆνα
752 5441 1053 5513 μετέστησε
1083 5440 1194 5495 τῶν
1221 5442 1515 5511 σκήπτρων
1549 5440 1577 5492 6
1605 5436 1835 5509 Φαραὼν

238 5531 467 5603 Νεχαὼ,
483 5536 582 5586 καὶ
605 5534 911 5605 δεσμεύσας
927 5530 1073 5605 εἶχεν
1101 5535 1159 5587 ὲν
1186 5530 1450 5603 Αἰγύπτῳ
1475 5548 1542 5601 τη
1554 5529 1834 5601 ρούμενον.

258 5624 388 5678 Ἐπὶ
409 5624 625 5688 πολλοῖς
649 5626 705 5679 δὲ
740 5627 990 5697 χρήμασι
1018 5624 1309 5679 κατένευσε
1345 5623 1497 5694 μόλις
1533 5620 1838 5693 βασιλεύειν

242 5720 310 5773 ἐν
348 5717 747 5791 Ἱεροσολύμοις
798 5720 892 5773 τὸν
961 5716 1243 5788 Ἐλιακείμ
1268 5757 1284 5786 ,
1324 5717 1492 5787 ἢγουν
1559 5715 1836 5786 Ἰωακείμ,

326 5895 372 5931 ⁸⁷
402 5893 469 5953 ιν
506 5894 635 5968 Reg.
672 5914 826 5963 sxm,
865 5897 1085 5968 passim.
1162 5895 1205 5928 ⁸⁸
1231 5893 1298 5951 ιν
1327 5892 1465 5967 Reg.
1495 5910 1631 5961 xxu,
1697 5894 1758 5949 ιϐ
1792 5890 1881 5945 20.

1998 4242 2379 4299 Praeterieruut
2404 4253 2586 4299 autem
2621 4238 2744 4294 anni
2766 4250 2905 4292 unus
2933 4250 3096 4306 supra
3121 4234 3507 4303 triginta.cum

1928 4334 1994 4389 ad
2013 4346 2314 4390 extremum
2341 4335 2553 4390 Pharao
2571 4330 2813 4397 Necbao,
2834 4328 3085 4398 princeps
3136 4324 3377 4396 Egypti.
3408 4323 3509 4380 ad-

1929 4440 2121 4481 versus
2150 4424 2479 4496 Babylonem
2512 4421 2852 4493 expeditione
2897 4426 3168 4488 suscepta,
3220 4427 3330 4471 toto
3382 4430 3510 4469 cum

1932 4516 2175 4571 esercitu
2199 4530 2229 4570 e
2260 4516 2429 4584 patria
2443 4510 2849 4579 excurrit.Quia
2880 4522 3008 4563 vero
3026 4507 3209 4562 losias
3230 4506 3508 4570 regionem

1929 4606 2063 4662 Iuda
2089 4614 2420 4659 vastaturnm
2456 4601 2749 4656 adventare
2770 4596 3168 4664 suspicabatur,
3203 4602 3263 4647 ut
3296 4592 3350 4647 in
3373 4589 3512 4645 bello

1931 4712 2079 4753 arma
2103 4697 2730 4767 sumpsit,etoccurrere
2761 4687 3042 4756 cogitavit.
3072 4684 3174 4751 Qui
3201 4696 3326 4739 eum
3360 4696 3513 4738 rece-

1928 4791 2056 4846 dere
2072 4788 2255 4859 jnssit,
2285 4786 2641 4856 prolessusse
2662 4782 2727 4836 ad
2758 4779 3087 4848 Euphratem
3120 4773 3339 4829 ﬂuvium
3358 4769 3516 4826 festi-

1928 4898 2080 4949 nare,
2106 4895 2139 4936 e
2201 4880 2253 4939 Ἧι
2288 4878 2553 4948 tssyriam
2579 4873 2932 4930 contendere.
2965 4868 3103 4936 Quia
3154 4874 3338 4920 tamen
3372 4861 3515 4918 nihi-

1930 4974 2160 5029 lominus
2181 4986 2397 5026 manum
2429 4978 2634 5023 temere
2658 4963 2951 5028 conseruit,
3019 4961 3072 5015 in
3128 4958 3314 5029 praelio
3357 4969 3520 5012 oceu-

1932 5066 2070 5129 buit,
2099 5074 2152 5120 et
2184 5065 2401 5119 domum
2436 5057 2864 5128 Hierosolymam
2883 5069 2914 5109 a
2947 5052 3062 5109 suis
3080 5058 3391 5119 reportatus
3405 5054 3517 5114 est,

1931 5171 1987 5218 et
2015 5168 2211 5215 unctus
2232 5159 2285 5213 in
2314 5170 2492 5226 regem
2521 5153 2758 5211 Joachaz
2785 5150 2927 5205 illius
2950 5149 3084 5219 ejus.
3106 5146 3208 5215 Qui
3245 5159 3366 5201 cum
3431 5141 3522 5197 vix

1935 5253 2208 5308 trimestre
2240 5257 2540 5320 regnasset,
2559 5257 2777 5316 sceptro
2800 5253 3023 5299 exutum
3047 5249 3100 5296 et
3118 5240 3356 5295 vinctum
3380 5234 3518 5291 Pha-

1940 5362 2034 5401 rao
2066 5344 2279 5400 Neehao
2312 5344 2364 5398 in
2389 5340 2622 5413 [Egypto
2652 5340 2753 5395 sub
2781 5337 3026 5393 custodia
3067 5332 3327 5396 servavit,
3354 5339 3411 5387 et
3432 5328 3524 5384 vix

1939 5437 2129 5508 grandi
2183 5443 2405 5504 accepta
2448 5431 2672 5502 pecunia
2759 5428 2968 5492 annuit,
3017 5434 3077 5479 ut
3132 5419 3525 5485 Eliacim,sivc

1938 5529 2167 5594 Joacim,
2216 5530 2329 5599 ipse
2388 5539 2603 5597 quoque
2654 5522 2801 5579 Josia
2850 5521 3088 5593 genitus,
3135 5510 3525 5582 Hierosolymis

1945 5631 2211 5693 regnaret.
2238 5620 2444 5676 Pressit
2493 5627 2671 5673 autem
2716 5618 2850 5670 adeo
2874 5610 3130 5668 lsraelem
3155 5604 3398 5663 Nechao.
3426 5600 3525 5655 Sa-

1943 5692 2258 5779 maritauos,
2287 5712 2527 5781 inquam,
2583 5716 2637 5763 et
2675 5702 3215 5773 llierosolymitauos,
3260 5705 3320 5752 ut
3359 5692 3523 5750 etiam
