4068 6544
191 374 322 433 469

1178 383 1732 446 COMMENTARIUS
1773 388 1839 444 IN
1883 388 2069 444 AMOS
2109 386 2548 445 PROPIIETAM.

3286 454 3289 457 _
3367 390 3472 447 470

196 501 485 564 κείσεταις
510 501 793 571 Οὐδαμῶς,
814 504 967 575 φησί.
1009 522 1027 555 ι
1050 506 1145 560 Διά
1170 508 1329 562 τοῦτο
1354 510 1480 563 τάδε
1506 510 1654 580 λέγει
1680 511 1791 564 Κύ-

1900 511 2034 566 enim
2062 511 2227 566 robur
2256 519 2401 565 tuum
2433 510 2796 581 confringent,
2841 526 2962 582 pro.
2989 512 3168 572 omnis
3189 513 3360 570 virtus
3383 524 3474 571 tua

196 608 331 661 ριος
358 592 387 645 ὀ
420 593 553 657 Θεός
576 612 590 625 ·
621 596 816 665 Τύρος,
851 597 945 650 καὶ
980 598 1312 671 κύκλωθενή
1344 601 1417 671 γῆ
1452 619 1545 654 σου
1574 604 1791 673 ἐρημωο

195 680 458 753 θήσεται,
488 686 580 738 καὶ
618 687 835 753 κατάξω
876 689 939 741 ἐκ
968 689 1059 743 σοῦ
1103 691 1255 761 ἰσχύν
1288 709 1402 755 σου,
1434 695 1529 746 καὶ
1559 694 1789 764 διαρπαο

194 774 473 844 γήσονταὶ
507 778 562 830 αἱ
590 777 762 849 χῶραι
797 797 913 834 σου.
950 799 969 832 ι
1006 782 1079 835 Τὸ
1109 782 1164 836 δὲ
1205 803 1221 834 ι
1244 783 1439 855 Τύρος,
1469 804 1488 837 ι
1520 786 1615 839 καὶ
1650 803 1667 837 ι
1699 785 1794 839 κύ-

197 864 440 933 κλωθεν,
473 888 490 919 ι
539 863 642 923 ὧδέ
678 889 777 924 που
816 874 1041 945 νοήσῃς.
1085 874 1216 928 Ἀπὸ
1251 876 1348 945 τῆς
1393 875 1591 947 Τύρου,
1636 878 1792 947 φησὶ,

197 957 309 1010 καὶ
332 959 440 1012 ἀπο
469 961 566 1031 τῆς
598 963 894 1031 κύκλωθεν,
924 967 1031 1018 καὶ
1050 967 1329 1037 περιοίκου
1366 968 1472 1039 γῆς
1500 967 1793 1040 ἐρημωθή-

199 1051 366 1103 σεταί
399 1056 550 1123 σουή
588 1054 759 1126 χώρα,
790 1058 1163 1112 καταθεόντων
1206 1059 1376 1127 αὐτῆς
1411 1061 1792 1133 συγκροτημά-

198 1154 319 1191 των
342 1140 674 1221 λῃστρικῶν.
707 1146 839 1198 Τότε
873 1147 981 1218 γάρ
1014 1165 1108 1201 σου
1143 1149 1436 1215 κατάξουσι
1472 1148 1573 1221 τὴν
1611 1149 1785 1220 ἰσχὺν.

1895 598 2287 669 coniringetur,
2315 610 2370 655 et
2398 601 2674 656 confracta
2694 602 2847 671 quasi
2874 604 3149 673 languebit
3193 612 3249 659 et
3295 613 3475 676 torpe-

1895 699 2027 747 scet.
2066 690 2246 758 Quare
2296 692 2340 746 si
2385 692 2524 747 forte
2578 693 2629 747 in
2685 692 3028 749 Hebraeorum
3081 695 3318 752 editione
3366 707 3474 765 est,

1900 801 1919 833 σ
1949 783 2259 837 annuntiate
2281 783 2589 853 regionibus
2618 784 2670 837 in
2713 785 2934 851 Azotiis,
2978 805 2996 839 ι
3025 794 3080 841 et
3142 788 3195 842 in
3238 787 3475 857 Septua-

1899 876 2063 944 ginta,
2087 893 2106 926 ι
2140 874 2194 929 in
2221 876 2463 945 Assyria,
2502 876 2731 929 rambae
2776 890 2959 930 verum
3005 879 3208 932 dicunt.
3232 878 3345 933 Non
3380 894 3473 935 so-

1902 968 2010 1022 lum
2042 967 2239 1037 quippe
2285 967 2513 1038 Assyrii,
2564 967 2657 1021 sed
2716 967 2877 1020 etiam
2902 967 3298 1037 SyrietAzotii
3352 986 3474 1026 cum

1900 1060 2069 1130 copiis
2098 1058 2351 1115 lsraelem
2382 1061 2752 1125 incursarunt,
2776 1069 2831 1115 et
2866 1060 3137 1117 latronum
3191 1076 3341 1118 more
3392 1063 3477 1119 di-

1897 1158 2181 1207 vexarunt.

198 1231 332 1283 ἀντὶ
367 1217 487 1299 τοῦ,
526 1236 675 1288 πᾶσα
703 1217 959 1306 δύναμίς
997 1254 1089 1290 σου
1136 1217 1628 1311 συνθραυθήσεται,
1668 1217 1957 1310 »μονονουχὶ
1988 1240 2080 1293 καὶ
2146 1240 2395 1311 ἀτονήσει
2455 1242 2936 1314 συγκεκλασμένη.
2984 1243 3213 1308 Οὐκοῦν,
3248 1245 3296 1297 εί
3327 1234 3479 1312 λέγοῖ

199 1319 373 1390 τυχὸν
425 1322 457 1392 ἠ
496 1324 605 1375 τῶν
642 1324 937 1393 Ἐϐραίων
977 1327 1206 1393 ἕκδοσις,
1255 1348 1271 1379 ι
1312 1329 1710 1398 Ἀπαγγείλατε
1776 1328 1982 1399 χώραις
2023 1332 2080 1384 ὲν
2116 1330 2412 1395 Ἀζωτίοις,
2447 1350 2465 1381 ι
2500 1333 2595 1386 καὶ
2644 1336 2692 1386 εί
2728 1333 2841 1403 ἔχει
2872 1334 3037 1389 πάλιν
3080 1337 3114 1406 ή
3144 1335 3252 1388 τῶν
3298 1326 3480 1389 Ἑϐδο-

202 1411 459 1481 μήκοντα
496 1414 575 1475 τὸ,
624 1418 720 1469 «ἐν
762 1417 1038 1490 Ἀσσυρίᾳ,
1066 1439 1084 1471 ι
1126 1419 1414 1490 ἀληθεύσει
1455 1422 1573 1475 κατ’
1618 1420 1786 1491 ἄμφω
1823 1422 1883 1475 τὸ
1946 1422 2255 1492 εἰρημένον.
2294 1424 2612 1493 Διήρπασαν
2683 1425 2792 1496 γὰρ
2824 1426 2923 1479 οὐκ
2976 1426 3250 1496 Ἀσσύριοι
3296 1426 3478 1496 μόνον,

198 1506 349 1561 ἀλλά
376 1508 473 1563 καὶ
506 1509 664 1581 Σύροι
702 1514 795 1566 καὶ
835 1513 1078 1579 Ἀζώτιοι
1112 1516 1464 1588 καταπληθὺν
1507 1518 1881 1589 ἐκτρέχοντες,
1918 1519 2012 1571 καὶ
2041 1518 2233 1588 τρόπῳ
2266 1518 2522 1589 λῃστείας
2564 1518 2879 1585 ἀδικοῦντες
2908 1521 2999 1574 τὸν
3046 1520 3283 1592 Ἰσραήλ.

288 1598 436 1653 Τάδε
457 1601 619 1669 λέγει
646 1605 857 1673 Κύριος
876 1623 888 1636 ·
925 1609 1033 1659 ⁸ον
1058 1608 1283 1676 τρόπον
1306 1610 1453 1664 ὅταν
1503 1610 1791 1677 ἐκσπάσῃ

201 1688 441 1759 ποιμὴν
477 1693 548 1747 ἐκ
578 1697 874 1764 στόματος
916 1699 1021 1753 τοῦ
1058 1700 1311 1766 λέοντος
1355 1702 1463 1755 δύο
1499 1703 1713 1769 σκέλη,
1755 1702 1793 1769 ἢ

199 1782 399 1835 λοϐὸν
416 1784 615 1851 ὠτίου,
637 1787 825 1853 οὕτως
844 1788 1378 1857 ἐκσπασθήσονται
1396 1793 1510 1846 υἱοὶ
1529 1792 1796 1860 Ἰσραὴλ,

1974 1610 2140 1665 Vens.
2176 1609 2262 1663 12.
2294 1609 2420 1665 Ηαιε
2449 1611 2579 1664 dicit
2600 1611 2851 1665 Dominus
2885 1629 2903 1665 :
2952 1612 3101 1667 Sicut
3164 1611 3347 1666 avellet
3387 1620 3481 1681 pa"

1902 1713 2009 1756 ator
2032 1703 2096 1756 de
2121 1718 2209 1756 ore
2234 1702 2396 1756 leonis
2420 1703 2526 1756 duo
2563 1720 2738 1769 crura,
2771 1716 2861 1758 aut
2879 1716 3165 1759 extremum
3196 1706 3475 1771 auriculw,

1905 1794 1979 1847 sic
1997 1792 2283 1847 avellenlur
2311 1793 2414 1860 ﬁlii
2467 1791 2653 1858 lsraef,
2693 1797 2782 1863 qui
2836 1797 3087 1850 habitant
3126 1797 3203 1849 in
3229 1796 3479 1851 Samaria

202 1873 264 1923 οἱ
318 1875 745 1943 κατοικοῦντες
795 1878 864 1930 ἐν
928 1883 1257 1949 Σαμαρείᾳ,
1326 1883 1638 1938 κατέναντι
1691 1879 1795 1950 τῆς

1905 1894 2086 1940 contra
2124 1887 2337 1951 tribum,
2367 1895 2415 1941 et
2447 1888 2501 1940 in
2536 1885 2817 1943 Damasco.

198 1968 335 2032 φυλ
344 1963 437 2031 ῆς,
474 1968 573 2020 καὶ
595 1969 665 2021 ἐν
702 1972 1016 2039 Δαμασκῷ.

283 2054 415 2106 AB’.
454 2056 737 2129 Ἐπιτήρει
778 2062 1079 2133 πανταχοῦ,
1122 2065 1216 2118 καὶ
1254 2066 1457 2137 σφόδρα
1497 2066 1802 2137 θαυμάσεις

199 2142 312 2213 τῆς
343 2147 809 2219 προφητείαςτὴν
832 2151 1013 2221 νῆψιν.
1059 2153 1276 2225 Ἐπειδὴ
1307 2156 1415 2228 γὰρ
1435 2157 1535 2209 οὐκ
1565 2157 1798 2210 είσάπαν

198 2236 495 2291 ἀπόλωλεν
539 2241 568 2292 ὀ
628 2240 866 2315 Ἰσραὴλ,
920 2246 1189 2300 σέσωσται
1236 2247 1295 2300 δὲ
1336 2248 1398 2301 τὸ
1451 2249 1801 2320 κατάλειμμα

199 2328 353 2381 κατά
384 2345 449 2396 γε
475 2330 806 2401 τήνἮσαῖου
830 2337 1031 2408 φωνὴν,
1065 2339 1154 2393 ἶνα
1183 2338 1457 2411 μὴ-δοκοίη
1482 2340 1800 2411 ψευδοεπεῖν

198 2420 247 2489 ἠ»
277 2420 535 2491 ἀλήθεια,
590 2428 933 2500 συνεισφέρει
980 2430 1089 2500 γὰρ
1136 2432 1353 2494 πάντως
1402 2436 1523 2496 ταῖς
1560 2452 1799 2505 προαγο-

203 2510 432 2580 ρεύσεσι
451 2513 562 2567 τῶν
584 2516 772 2571 κακῶν
800 2519 891 2571 τὸν
916 2520 975 2584 ἐξ
1000 2522 1339 2593 ἡμερότητος
1376 2524 1542 2578 ἔλεον.
1587 2526 1799 2597 Ὠσπερ

198 2601 415 2665 τοίνυν,
463 2608 616 2676 φησι,
660 2611 1011 2679 κορεσθέντος
1066 2614 1299 2678 λέοντος,
1349 2617 1443 2668 καὶ
1488 2616 1549 2668 τὸ
1596 2615 1799 2686 ληφθὲν

202 2695 454 2761 εξσὰπαξ
499 2700 919 2770 κατεδηδοκότος
950 2703 1107 2767 ζῶον,
1149 2706 1303 2774 ὀλίγα
1342 2708 1493 2777 μόλις
1532 2708 1799 2779 ἀπομένει

207 2783 470 2855 λείψανα,
507 2789 599 2843 δύο
633 2792 797 2861 σκέλη
843 2796 1025 2865 τυχὸν,
1066 2797 1099 2867 ἢ
1140 2799 1235 2851 καὶ
1286 2799 1450 2852 ὠτίου
1486 2800 1672 2871 μέρος,
1704 2801 1800 2854 καὶ⁸

203 2878 392 2932 ταῦτα
419 2882 697 2948 κλαίοντες
717 2887 1030 2960 οίαβοτῆρες
1065 2890 1442 2959 συλλέγουσιν⁹
1476 2892 1620 2947 οὕτω
1649 2896 1801 2964 γενή-

203 2983 368 3022 σεται
410 2974 518 3035 τοῖς
545 2975 681 3038 υἱοῖς
720 2975 939 3047 Ἰσραὴλ
976 2981 1089 3042 τοῖς
1117 2980 1176 3032 ὲν
1213 2981 1519 3052 Σαμαρείᾳ,
1555 2982 1646 3035 καὶ
1685 2986 1799 3047 τοῖς

202 3061 571 3119 κατοικοῦσιν
599 3066 658 3118 ὲν
681 3068 981 3139 Δαμασκῷ,
1024 3072 1136 3133 τοῖς
1179 3089 1194 3122 ι
1223 3072 1511 3125 κατέναντι
1547 3073 1741 3143 φυλῆς,
1772 3093 1793 3127 ι

199 3154 483 3221 τουτέστι,
516 3160 627 3220 τοῖς
649 3158 820 3229 ἐχθρά
844 3162 1235 3233 πεφροντικόσι,
1262 3162 1357 3216 καὶ
1381 3163 1799 3235 ἀνθισταμένοις

1975 2062 2184 2117 XXXII.
2219 2064 2455 2117 Observa
2479 2063 2698 2132 ubique,
2728 2070 2782 2116 et
2810 2062 3168 2118 admiraberis
3187 2062 3477 2119 vehemen-

1900 2163 1981 2209 ter
2008 2155 2291 2225 prophetae
2308 2155 2725 2225 providentiam.
2771 2154 2907 2221 Quia
2962 2156 3105 2209 enim
3156 2171 3259 2210 non
3290 2164 3487 2211 totum

1897 2244 2148 2302 lsraelem
2172 2246 2334 2303 simul
2369 2246 2623 2316 perdidit,
2648 2246 2741 2302 sed
2769 2246 3011 2315 reliqnim
3055 2250 3298 2316 quaedam
3336 2263 3470 2304 con-

1899 2351 2128 2395 servatae
2162 2351 2286 2395 sunt
2315 2342 2382 2405 ",
2412 2341 2703 2395 secundum
2766 2355 2954 2397 vocem
2986 2341 3156 2406 Isaiae,
3186 2356 3253 2397 ne
3273 2342 3477 2397 verit-as

1902 2429 2095 2484 falsum
2113 2430 2315 2485 dixisse
2339 2431 2635 2493 videretur,
2666 2430 2886 2485 omnino
2936 2445 3057 2485 cum
3108 2432 3473 2501 praedictioni-

1902 2522 2293 2577 bnsmalorum
2330 2522 2491 2577 simul
2522 2523 2904 2577 misericordiae
2946 2537 3012 2577 ex
3058 2523 3487 2578 mansuetudine»

1904 2614 2165 2671 meminit.
2222 2614 2687 2680 Quemadmodum
2737 2613 2898 2683 igitur
2926 2615 3124 2668 satiato
3184 2614 3359 2680 leone,
3392 2615 3477 2669 in-

1901 2705 2039 2775 quit,
2064 2720 2185 2759 cum
2206 2704 2501 2773 solivagam
2545 2705 2876 2759 animantem
2908 2704 3067 2759 simul
3096 2713 3152 2759 et
3197 2704 3362 2760 semel
3383 2706 3477 2760 de-

1901 2796 2113 2851 voravit
2148 2796 2281 2862 ;vix
2336 2810 2517 2865 parvas
2557 2794 2798 2865 reliquie
2832 2806 3129 2860 remanent,
3178 2797 3286 2852 duo
3315 2810 3477 2852 crura

1903 2891 2050 2954 puta,
2077 2884 2345 2940 autetiam
2376 2899 2503 2952 pars
2525 2886 2800 2949 auricula},
2825 2899 3027 2954 easque
3061 2896 3306 2955 pastores
3340 2884 3478 2941 lien-

1905 2987 1984 3032 tes
2012 2977 2303 3048 colligunt;
2329 2978 2397 3031 ita
2439 2977 2671 3032 tietliliis
2702 2977 2889 3042 Israel,
2920 2977 3235 3033 Samariam.
3269 2989 3325 3033 et
3371 2977 3478 3032 Da-

1904 3083 2142 3123 mascum
2169 3069 2560 3133 habitantibus,
2591 3086 2609 3119 ι
2644 3078 2831 3123 contra
2890 3069 3117 3134 tribum,
3145 3088 3163 3121 ι
3222 3070 3324 3125 hoc
3366 3076 3473 3131 est,

1901 3159 2207 3216 Jndaeorum
2235 3160 2436 3215 tribum
2460 3160 2601 3215 odiis
2645 3161 3116 3230 prosequentibus,
3170 3161 3327 3229 eique
3354 3174 3479 3230 per-

198 3248 299 3301 ὰεὶ
334 3251 405 3321 τῇ
446 3250 556 3304 τῶν
602 3251 871 3306 Ἰουδαίων
909 3254 1071 3326 φυλῇ.
1121 3255 1198 3308 Ol.
1237 3255 1336 3327 μὲν
1381 3256 1491 3329 γὰρ
1522 3256 1795 3321 οἰκοῦντες

1902 3260 2063 3321 petuo
2083 3250 2517 3305 adversantibus.
2542 3251 2731 3306 Incolae
2762 3251 2906 3305 enim
2937 3250 3199 3305 Samaria:
3240 3251 3289 3304 vi
3333 3250 3475 3317 capti

200 3339 310 3413 τὴν
342 3342 657 3413 Σαμάρειαν
702 3346 931 3416 ἥλωσαν,
952 3349 1319 3419 κατακράτος,
1359 3351 1454 3403 καὶ
1484 3350 1796 3421 πεπόρθην-

200 3449 305 3485 ται
339 3436 474 3505 παρ’
519 3435 752 3506 ἐχθρῶν,
814 3439 904 3491 καὶ
940 3439 1357 3509 δαπανήσαντος
1406 3440 1499 3494 τοῦ
1557 3441 1795 3512 πολέμου

208 3526 506 3595 μονονουχὶ
564 3526 908 3597 σύμπαντας,
958 3529 1129 3594 ὀλίγοι
1180 3530 1375 3601 κομιδῇ
1429 3530 1798 3601 διεκομίζοντο

205 3616 393 3685 μόλις,
424 3617 521 3670 καὶ
554 3618 663 3672 τῶν
704 3619 1017 3673 τεθνεώτων
1062 3621 1301 3691 λείψανα.
1334 3624 1705 3693 μεμενήκασιν
1739 3625 1796 3676 ὲν

200 3712 281 3780 τῇ
313 3707 489 3780 χώρᾳ.
520 3712 725 3778 Ἥγουν
743 3712 837 3765 καὶ
866 3712 989 3766 καθ’
1003 3712 1435 3787 ἕτερον-τρόπον,
1456 3711 1797 3786 ὲξεσπάσθη-

206 3819 337 3864 σαν,
379 3803 456 3866 ὡς
507 3805 569 3857 ὲκ
608 3806 873 3874 στόματος
896 3806 1127 3868 λέοντος.
1192 3806 1646 3877 Ἀπενηνεγμένοι
1698 3807 1801 3877 μὲν

204 3896 295 3957 είς
343 3894 447 3963 τὴν
506 3895 819 3968 Ἀσσυρίαν,
862 3899 1081 3960 ἀνέντες
1142 3898 1197 3951 δὲ
1247 3898 1389 3952 κατὰ
1427 3900 1654 3971 καιροὺς
1695 3900 1797 3965 τῆς

203 3985 612 4054 αἰχμαλωσίας,
636 3989 1006 4060 ὑπενόστησαν
1034 3990 1235 4053 πάντες
1266 3988 1471 4060 μὲνοὶ),
1501 3990 1617 4042 ἀλλ’
1642 3989 1797 4058 ὀλίγα

203 4076 495 4140 παντελῶς
515 4078 626 4132 τῶν
653 4079 1130 4149 ἀποκομισθέντων
1161 4079 1407 4147 λείψανα.
1448 4079 1574 4133 Ὅτι
1615 4079 1671 4133 δὲ
1704 4081 1798 4132 καὶ

203 4168 314 4240 τὴν
328 4170 619 4240 Δαμασκὸν
652 4173 793 4225 κατά
820 4173 1042 4243 καιροὺς
1072 4168 1216 4242 εἶχεν
1235 4170 1565 4243 ὀἋσσύριος
1593 4172 1799 4240 Θεγλαφ

204 4261 493 4334 φώασάρ,
529 4263 624 4316 καὶ
658 4257 962 4334 μτῷκισεν
1006 4265 1086 4328 είς
1132 4263 1233 4335 τήν
1260 4262 1478 4327 ἑαυτοῦ,
1513 4263 1677 4317 παντί
1720 4281 1797 4333 τῳ

206 4354 410 4423 σαφὲς.
437 4354 687 4425 καθάπερ
715 4348 927 4425 ἐγῷμαι
945 4370 959 4382 ⁵
992 4353 1069 4417 ὡς
1096 4353 1207 4424 γὰρ
1227 4353 1284 4405 ὲν
1308 4354 1373 4423 τῇ
1422 4350 1656 4423 τετάρτῃ
1686 4351 1796 4404 τῶν

207 4446 519 4501 nonistth
556 4446 887 4517 γέγραπται,
930 4444 1192 4515 κέκληταί
1229 4460 1362 4497 ποτε
1405 4443 1542 4512 πρὸς
1574 4446 1797 4496 ἐπικου-

211 4535 342 4609 ρίαν
368 4537 465 4590 τοῦ
505 4536 767 4606 βασιλέως
812 4535 999 4598 Ἰούδα,
1023 4534 1402 4605 πολεμούντων
1450 4532 1599 4603 αὑτῷ
1643 4550 1795 4603 τηνι-

1899 3351 1953 3397 et
1977 3343 2045 3397 ab
2072 3342 2305 3397 inimicis
2350 3343 2638 3411 expugnati
2671 3382 2687 3407 ,
2735 3353 2789 3397 et
2853 3357 2977 3397 cum
3033 3341 3231 3397 bellum
3283 3355 3479 3397 omnes

1899 3433 2288 3501 propemodum
2338 3434 2781 3502 consumpsisset,
2840 3434 2928 3487 vix
2977 3434 3132 3502 pauci
3183 3432 3479 3487 admodum

1899 3526 2244 3591 transportati
2279 3534 2423 3585 sunt.
2464 3535 2908 3591 mortuornmque
2948 3526 3214 3580 cadavera
3269 3525 3320 3577 in
3390 3539 3476 3577 re-

1897 3618 2057 3685 gione
2086 3626 2420 3673 manserunt.
2442 3618 2775 3683 Siveetiam,
2796 3618 2911 3675 alio
2932 3617 3109 3681 modo,
3131 3615 3277 3671 velut
3301 3630 3331 3669 e
3361 3616 3478 3669 fau-

1898 3712 2051 3765 cibus
2086 3710 2258 3766 leonis
2278 3711 2448 3780 erepti
2481 3718 2628 3764 sunt.
2656 3709 2887 3763 Abducti
2906 3707 3050 3764 enim
3087 3709 3139 3761 in
3173 3707 3473 3778 Assyriam,

1898 3814 1952 3859 et
1975 3812 2217 3873 tempore
2235 3803 2451 3873 expleto
2473 3803 2726 3858 libertate
2756 3801 2963 3867 donati,
2984 3814 3086 3855 non
3105 3799 3323 3868 quidem
3354 3813 3478 3854 om-

1900 3909 2015 3958 nes,
2037 3897 2131 3949 sed
2157 3895 2315 3964 pauci
2346 3896 2569 3949 omnino
2611 3908 2799 3948 eorum
2841 3893 2932 3961 qui
2976 3892 3192 3947 abducti
3233 3890 3472 3952 fuerant.

1900 3987 2198 4041 redierunt.
2233 3986 2499 4041 llabuisse
2528 3992 2707 4041 autem
2750 3984 3070 4041 Damascum
3112 3984 3401 4054 aliquando
3417 3991 3473 4038 et

1899 4078 2355 4148 Theglaplialasar
2378 4077 2681 4148 Assyrium,
2710 4088 2766 4131 et
2788 4077 2935 4132 cives
2964 4075 3086 4131 illos
3114 4076 3166 4129 in
3198 4077 3476 4146 Assyriam

1901 4170 2258 4233 transtulisse,
2282 4169 2550 4223 neminem
2578 4168 2729 4233 latet,
2763 4179 2817 4220 ut
2860 4168 3069 4235 opinor.
3119 4166 3188 4223 Ut
3218 4168 3360 4221 enim
3420 4166 3475 4221 in

1898 4268 2090 4330 quarto
2115 4261 2316 4329 Regum
2349 4260 2601 4329 legimus,
2620 4269 2844 4315 vocatus
2863 4268 2949 4314 est
2968 4260 3199 4327 quodam
3238 4267 3478 4325 tempore

1900 4352 2238 4407 inauxilium
2271 4352 2414 4419 regis
2442 4351 2603 4416 Inda,
2656 4352 2887 4415 Phacee,
2927 4349 3039 4406 tilio
3068 4349 3326 4405 Ronnelizc
3352 4364 3476 4419 rege

1898 4442 2082 4507 Israel,
2117 4443 2280 4513 285
2305 4453 2358 4499 et
2383 4444 2531 4509 nasi,
2568 4458 2695 4511 rege
2726 4444 2915 4512 Syriae,
2938 4442 3086 4497 illum
3117 4440 3478 4512 oppugnantis

1898 4535 2017 4590 bus.
2050 4534 2151 4589 Ubi
2196 4534 2365 4596 venit,
2419 4534 2584 4589 Rasin
2644 4535 2863 4594 occidit,
2926 4533 3095 4602 ipsam
3148 4531 3473 4585 Damascum

208 4628 349 4682 χάδε
398 4629 582 4681 sane:
617 4628 711 4683 τοῦ
767 4628 1043 4700 Ῥομελίου
1092 4627 1358 4697 βασιλέως
1412 4626 1647 4697 Ἰσραὴλ,
1695 4626 1790 4678 καὶ

1900 4628 2037 4695 cepit
2066 4626 2133 4681 “.

211 4722 322 4791 μέν
347 4738 433 4774 τοι
477 4723 569 4775 καὶ
611 4722 856 4776 Ῥαασὼν
900 4721 1163 4793 βασιλέως
1231 4720 1448 4789 Συρίαςο
1500 4720 1823 4789 Ἀφιγμένος
1866 4719 1921 4774 δὲ
1957 4720 2048 4773 τόν
2082 4738 2151 4775 τε,
2197 4719 2445 4773 Ῥαασὼν
2476 4719 2782 4780 ἀπέκτεινε,
2838 4720 2931 4770 καὶ
2981 4716 3148 4787 αὐτὴν
3221 4709 3331 4767 εἷλε
3376 4711 3475 4783 τὴν

208 4814 526 4884 Δαμασκόν.

288 4911 351 4963 Εἰ
376 4910 431 4963 δὲ
468 4911 530 4981 δή
553 4926 636 4971 τις
660 4909 835 4962 ἕλοιτο
862 4910 958 4964 καὶ
988 4912 1082 4964 ἐπὶ
1110 4912 1319 4973 πάντας
1342 4910 1662 4983 ἀνθρώπους
1692 4909 1791 4980 τὴν

207 5002 281 5053 ἐκ
309 4999 411 5067 τῆς
445 5000 823 5070 προκειμένων
867 5000 1099 5069 δύναμιν
1154 5002 1477 5073 ἀποφέρειν,
1524 5002 1625 5055 οὐκ
1684 5000 1794 5054 ἀπὸ

212 5084 428 5139 σκοποῦ
466 5086 747 5157 βαδιεῖται.
780 5090 1010 5160 Συνήσει
1045 5092 1153 5161 γὰρ
1181 5092 1267 5160 δὴ,
1304 5091 1399 5145 καὶ
1428 5091 1547 5145 λίαν
1575 5090 1751 5161 ὀρθῶς
1775 5130 1793 5155 ,

208 5180 397 5231 ἐκεῖνο
429 5179 902 5250 διενθυμούμενος,
954 5183 1030 5246 ὼς
1061 5183 1277 5254 ἥρπασε
1315 5184 1415 5253 μὲν
1455 5185 1484 5237 6
1512 5184 1755 5245 Σατανᾶς
1775 5221 1790 5248 ,

210 5272 312 5325 καὶ
338 5269 665 5341 κατεδήδοκε
688 5274 814 5335 τοὺς
843 5274 934 5327 ἐπὶ
952 5276 1052 5345 τῆς
1080 5275 1204 5346 γῆς,
1229 5275 1322 5331 καὶ
1351 5274 1555 5345 θηρίων
1587 5273 1791 5344 ἀνημέ-

1972 4907 2049 4961 Ac
2081 4905 2125 4958 si
2182 4904 2302 4974 quis
2351 4903 2749 4973 propositorum
2808 4900 3130 4957 sententiam
3174 4904 3474 4973 generatim

1904 4997 1968 5051 ad
2004 5010 2198 5051 omnes
2251 4994 2507 5051 homines
2550 4992 2755 5049 referre
2797 4992 3048 5055 voluerit,
3084 5006 3114 5046 a
3161 5008 3326 5064 scopo
3368 5010 3473 5052 non

1901 5090 2192 5145 aberrabit.
2218 5088 2481 5158 lntelliget
2516 5087 2659 5142 enim
2684 5086 2785 5152 sic,
2808 5093 2863 5140 et
2882 5084 3182 5140 rectissime
3227 5086 3472 5156 quidem,

1902 5180 2328 5251 illudcogitans,
2356 5179 2612 5233 Satanam
2654 5178 2709 5232 in
2737 5186 2880 5231 terra
2914 5188 3194 5233 versantes
3225 5178 3471 5248 rapuisse

1900 5290 1963 5328 ac
1995 5279 2286 5329 devorasse
2312 5270 2548 5327 atrocius
2570 5285 2731 5339 quam
2760 5270 3023 5325 immanes
3049 5269 3242 5325 bellum
3270 5270 3469 5328 solent.

212 5380 330 5433 ρων
391 5362 712 5433 δεινότερον·
765 5364 881 5417 ἀλλ’
930 5365 1201 5436 ἐπεφάνη,
1249 5366 1343 5419 καὶ
1402 5362 1733 5436 βεϐοήθηκεν
1761 5364 1791 5416 ὀ

1900 5367 1999 5421 Sed
2037 5364 2348 5435 apparuisse
2408 5372 2462 5418 et
2490 5364 2795 5419 occurrisse
2826 5373 3099 5430 pastorem
3127 5362 3345 5429 bonum,
3378 5364 3479 5429 qui'

208 5453 425 5524 ποιμήν
454 5456 484 5507 ὀ
509 5455 694 5519 καλὸς,
742 5458 769 5509 6
815 5456 911 5528 τήν
939 5458 1117 5528 ψυχὴν
1156 5457 1319 5511 αὑτοῦ
1362 5456 1475 5519 θεὶς
1512 5454 1654 5527 ὑπὲρ
1682 5455 1789 5511 τῶν

1900 5458 2075 5527 posuit
2108 5457 2341 5511 animam
2360 5469 2513 5510 suam
2543 5469 2640 5523 pro
2665 5455 2855 5510 ovibus
2886 5454 2997 5509 suis
3028 5454 3093 5519 ",
3121 5462 3179 5509 et
3205 5453 3472 5522 eripuisse

211 5546 533 5617 προϐάτων,
554 5548 849 5613 ἐξέσπασεν
879 5552 1024 5619 ἡμᾶς
1058 5551 1183 5613 τούς
1211 5568 1270 5602 τε
1301 5550 1792 5626 ὑπολελειμμένους

1900 5564 1996 5602 nos
2024 5550 2225 5617 quique
2267 5544 2443 5601 relicti
2503 5558 2722 5599 eramus
2769 5544 2910 5598 inter
2950 5544 3116 5611 vivos,
3140 5552 3197 5598 et
3228 5542 3319 5611 qui
3354 5540 3477 5611 jam

208 5642 272 5695 ἐν
305 5638 465 5704 ζῶσι,
502 5641 596 5694 καὶ
640 5643 764 5706 τοὺς
795 5643 897 5713 ήδη
947 5642 1270 5706 τεθνεῶτας.
1310 5644 1395 5706 Ὠς
1430 5644 1537 5713 γάρ
1572 5659 1733 5713 φησιν
1764 5646 1792 5695 ὀ

1901 5654 2118 5695 eramus
2148 5638 2366 5696 mortui.
2404 5635 2561 5702 Nam,
2585 5646 2643 5690 ut
2672 5636 2749 5690 ait
2778 5636 2981 5692 Psaltes
3009 5654 3022 5690 :
3063 5653 3080 5684 ι
3114 5633 3291 5693 'Molas
3354 5634 3482 5689 leom

1542 5818 1768 5874 "Joan.
1804 5834 1856 5877 κ,
1901 5816 1986 5871 ll.

299 5822 349 5855 ⁹¹
376 5818 477 5877 lsa.
517 5838 723 5891 xxxvii,
765 5823 854 5877 51.
930 5822 1064 5877 “IV
1102 5824 1233 5892 Reg.
1275 5837 1381 5885 xw,
1414 5822 1465 5877 9.
