4068 6550
684 360 792 418 ιτε

1678 358 1714 413 S
1778 357 2057 414 CYRILLI
2096 356 2569 413 ADEXANDRIN!
2608 354 2928 413 ARCHIEP.‘
3816 363 3891 416 ὅτε

686 474 904 542 ciasque
930 472 1121 528 studio
1141 472 1426 535 habentes,
1467 472 1609 529 Deus
1638 476 1818 531 vaccis
1844 475 2015 533 Basan
2042 488 2255 545 compa-

2366 489 2466 536 τας
2501 472 2664 542 ἄγαν,
2706 473 2801 527 καὶ
2835 473 3034 546 ἄριστα
3095 473 3530 545 τεθραμμένους,
3592 472 3687 527 καὶ
3715 476 3894 551 μελέτην

688 565 963 633 rat..Quos
998 575 1243 631 accusat,
1285 567 1430 636 quod
1476 568 1849 637 opprimerent
1888 583 2172 639 pauperes,
2205 577 2262 625 et

685 664 898 713 tantum
971 672 1074 712 non
1119 658 1345 727 pedibus
1392 658 1505 714 suis
1565 658 1840 716 mendicos
1900 668 2257 730 proterereut.

689 767 721 801 ι
769 748 974 805 Pascua
1030 751 1175 805 enim
1233 750 1461 805 divitum
1514 758 1641 806 sunt
1698 766 1962 821 pauperes
2009 754 2052 819 ⁸,
2127 772 2166 807 »-
2203 760 2263 809 ut

682 842 946 913 scriptum
976 852 1080 899 est.
1117 844 1333 899 Addens
1367 853 1545 900 autem
1596 861 1609 898 :
1653 863 1672 897 ι
1725 843 1976 901 Dicentes
2028 846 2261 901 dominis

680 933 839 989 suis:
876 933 1011 989 Date
1037 935 1193 990 nobis
1254 944 1319 991 ut
1366 936 1635 1002 bibamus,
1701 956 1720 991 ι
1756 938 1871 1008 jugi
1916 938 2261 1007 impatientes

682 1038 777 1080 cos
811 1025 1100 1097 significat,
1143 1034 1197 1083 et
1229 1029 1631 1096 possessoribus
1661 1030 1854 1084 cedere
1887 1030 2126 1096 nescios,
2160 1032 2255 1101 qui

683 1117 828 1173 velut
862 1119 1071 1189 regium
1114 1119 1168 1175 in
1202 1134 1296 1175 eos
1338 1121 1617 1190 imperium
1644 1123 1985 1189 obtinerent;
2026 1123 2259 1192 sedajam

682 1224 748 1263 ex
792 1210 1151 1266 immoderata
1198 1213 1704 1281 arrogontiaetiam
1732 1214 1865 1283 ipsis
1891 1215 2261 1272 dominissuis

681 1302 899 1356 modum
931 1305 1220 1372 quemdam
1245 1304 1551 1368 familiaris,
1582 1321 1645 1361 ac
1674 1307 1983 1363 domestica:
2002 1309 2260 1364 obedienc

682 1396 769 1448 tiae
796 1395 1227 1464 praeseribentes.
1270 1398 1438 1467 288
1466 1398 1678 1452 Audere
1707 1399 1850 1453 enim
1884 1400 2066 1456 dicere
2117 1416 2257 1470 pra:-

680 1484 871 1553 positis
895 1494 949 1539 et
982 1484 1297 1554 majoribus,
1341 1489 1472 1542 Date
1504 1488 1658 1543 nobis
1687 1498 1745 1542 ut
1787 1491 2052 1555 bibamus,
2085 1491 2258 1561 magis

679 1572 781 1629 sibi
838 1575 1157 1642 ministrari,
1197 1591 1357 1647 quam
1407 1578 1720 1635 ministrare
1772 1582 2101 1650 cupientium
2151 1594 2259 1641 θεῐι.

679 1665 935 1733 Quaenam
966 1682 1096 1738 ergo
1123 1671 1234 1736 jam
1277 1670 1468 1725 horum
1504 1680 1586 1726 est
1641 1672 1817 1728 futura
1869 1675 2130 1741 conditio,
2164 1677 2257 1746 qui

681 1760 787 1815 huc
818 1761 1041 1817 insaniae
1071 1763 1421 1832 prodierunt?
1457 1784 1475 1817 ‹
1511 1764 1687 1830 .lurat,
1749 1768 1940 1836 inquit,
1998 1769 2259 1824 Dominus

678 1868 775 1921 per
805 1863 993 1909 sancta
1034 1869 1153 1920 sua,
1195 1874 1214 1907 ι
1250 1856 1301 1910 id
1340 1867 1423 1912 est
1480 1874 1577 1927 per
1626 1859 2107 1927 sanctiﬁcationes,
2141 1864 2255 1917 sive

681 1945 941 2016 mysteria
980 1947 1122 2017 (quae
1149 1956 1327 2003 tamen
1358 1948 1472 2019 ipse
1506 1959 1609 2013 est,
1642 1950 1842 2005 nullum
1873 1952 2017 2008 enim
2050 1969 2109 2008 se
2138 1971 2258 2010 ma-

672 2032 847 2099 jorem
883 2037 1068 2100 lmbet,
1092 2052 1188 2106 per
1225 2053 1383 2107 quem
1430 2039 1628 2111 juret),
1665 2044 1920 2110 quoniam
1952 2056 2259 2115 sequentur

680 2132 918 2195 tempora
955 2137 1009 2182 et
1038 2129 1174 2195 dies,
1208 2131 1425 2198 quando
1469 2142 1523 2185 et
1576 2148 1669 2188 vos
1714 2133 1861 2202 ipsos
1888 2136 1959 2191 ita
1994 2137 2140 2192 luxui
2173 2140 2253 2193 in»

681 2215 986 2291 dulgentes,
1005 2218 1348 2290 crapulaeque
1374 2232 1424 2275 et
1452 2222 1658 2277 deliciis
1698 2224 2070 2283 incumbentes
2099 2230 2259 2286 timor

679 2306 809 2360 dura
852 2308 1090 2377 patiendi
1123 2313 1187 2365 ad
1227 2312 1439 2368 labores
1470 2314 1764 2383 militares,
1807 2326 1861 2373 et
1892 2334 2047 2376 arma
2068 2337 2256 2392 capes'

676 2399 842 2453 senda
888 2399 1148 2468 impellet.
1190 2401 1560 2463 Nihilominus
1598 2408 1762 2463 etiam
1796 2410 1877 2466 sic
1914 2424 2258 2483 comparatos

676 2492 952 2548 abducent
992 2509 1116 2549 cum
1173 2497 1513 2553 cltarissimis
1564 2500 1772 2567 liberis,
1805 2512 1859 2557 et
1886 2507 2169 2572 uxoribus,
2203 2518 2259 2562 et

674 2582 1066 2652 adulatoribus,
1097 2588 1188 2657 qui
1234 2590 1514 2645 vobiscum
1566 2604 1869 2661 versantes,
1903 2597 2259 2669 longe-pluri~

676 2673 780 2729 mis
810 2674 1060 2733 laudibus
1101 2679 1254 2735 vobis
1270 2696 1489 2749 semper
1506 2682 1841 2752 plauserunt,
1874 2696 1929 2741 et
1966 2697 2047 2743 ter
2067 2690 2257 2747 beatos

672 2768 1043 2824 nominarunt.
1079 2769 1205 2827 Haec
1243 2773 1387 2827 enim
1420 2774 1764 2832 adulatorum
1811 2780 1957 2834 natio
1993 2780 2256 2840 altoribus

674 2857 791 2914 suis
818 2873 1035 2931 semper
1065 2863 1353 2919 acclamat.
1414 2863 1521 2921 Sed
1568 2866 1642 2922 illi
1697 2868 1827 2939 igne
1874 2870 2254 2941 incendentur,

679 2951 997 3020 pestilentes
1031 2956 1175 3009 enim
1209 2967 1353 3025 sunt,
1375 2965 1429 3012 et
1483 2958 1629 3014 allud
1671 2960 1807 3015 nihil
1852 2964 2135 3033 recipient,
2166 2967 2258 3035 qui

676 3041 951 3111 improbos
1000 3053 1058 3100 et
1120 3048 1359 3116 peccatis
1408 3048 1625 3105 deditos
1681 3052 2055 3111 observantet
2084 3057 2259 3125 suspi-

2364 564 2589 638 ξχοντας
2616 567 2718 636 τὴν
2740 567 2973 637 τρυφὴν,
2993 566 3261 635 δαμάλεσι
3299 568 3421 629 ταῖς
3452 566 3515 620 ὲκ
3546 566 3723 620 Βασάν
3754 586 3893 639 παρει-

2364 656 2521 723 κάζει
2551 657 2703 722 Θεός.
2729 659 2977 712 Αίτιᾶται
3002 658 3079 721 δὲ,
3096 659 3179 712 ὅτι
3212 657 3671 713 κατεδυνάστευον
3691 660 3889 733 πένητας,

2363 751 2459 803 καὶ
2495 749 2779 821 μονονουχὶ
2821 750 2935 813 τοῖς
2985 748 3138 810 ἰδίοις
3188 747 3459 801 συνέθλων
3511 748 3644 801 ποσὶ
3680 754 3888 821 πτωχούς,

2369 861 2387 894 ι
2426 842 2608 913 Notaui.
2646 842 2769 911 γάρν
2798 840 3073 894 πλουσίων
3104 841 3328 911 πτωχοὶ,
3370 858 3392 892 ι
3434 840 3578 894 κατά
3604 840 3665 893 τὸ
3697 858 3889 914 γεγραμ·

2365 933 2546 1005 μένον»
2592 932 2969 1003 Προσεπάγων
3004 931 3082 997 δὲ,
3123 933 3205 986 ὅτι
3258 953 3278 984 ‹
3310 932 3378 985 At
3407 930 3679 999 λέγουσαι¹
3709 936 3803 996 τοῖς
3824 953 3888 987 κδ-

2363 1026 2501 1097 ρίοις
2531 1025 2712 1078 αὐτῶν
2734 1041 2748 1056 ο
2781 1025 3027 1078 Ἐπίδοτε
3076 1024 3209 1096 ἡμῖν
3237 1024 3384 1087 ὅπως
3420 1024 3659 1093 πίωμεν,
3691 1041 3709 1074 ι
3742 1025 3890 1081 ἀνυπο-

2359 1118 2596 1181 τάκτους
2616 1116 2774 1180 ὄντας
2803 1114 3025 1182 ἔδειξεν,
3049 1115 3371 1179 οὐδὶαῦτοῖς
3393 1115 3565 1169 εἴκειν
3595 1116 3889 1188 ἀνεχομένους

2359 1211 2474 1273 τοῖς
2497 1207 2789 1279 κρατοῦσιν
2813 1207 3014 1271 αὐτῶν,
3044 1207 3169 1260 ὅσον
3194 1209 3275 1269 είς
3314 1207 3568 1278 βασιλίδα
3609 1208 3779 1279 τιμὴν.
3809 1209 3888 1262 ἀλλ’

2359 1301 2524 1354 οἱονεί
2550 1319 2667 1364 πως
2686 1299 2745 1365 ἐξ
2774 1300 3086 1370 ἀμετρήτου
3119 1299 3305 1352 λοιπὸν
3340 1298 3666 1363 ἀλαζονείας
3682 1300 3736 1353 τὸ
3752 1303 3889 1355 οἰκετι-

2361 1394 2455 1447 κὸν
2478 1394 2573 1447 xui.
2604 1393 2789 1456 αὐτοῖς
2813 1394 2928 1455 τοῖς
2974 1392 3188 1464 κυρίοις
3231 1391 3412 1445 αὐτῶν
3442 1392 3798 1461 ἀπονέμοντας
3823 1397 3887 1462 μέ.

2357 1509 2506 1563 τρον.
2542 1492 2615 1545 Τὸ
2656 1492 2764 1563 γὰρ
2803 1492 2867 1563 δὴ
2899 1492 3065 1561 φάναι
3108 1492 3314 1563 τολμᾷν
3353 1494 3465 1556 τοῖς
3499 1491 3794 1563 προῦχουσι,
3824 1498 3888 1550 καί

2360 1583 2797 1655 ὑπερκειμένοις,
2840 1583 3086 1638 Ἐπίδοτε
3139 1585 3271 1655 ἡμῖν
3330 1586 3480 1645 ὅπως
3541 1584 3762 1655 πίωμεν,
3804 1589 3888 1641 im-

2360 1672 2679 1744 θυμούντων
2720 1673 2837 1726 ἐστὶ
2899 1672 3104 1744 μᾶλλον
3149 1672 3545 1744 ὑπηρετεῖσθαι
3575 1673 3887 1745 ῆὺπηρετείν.

2361 1766 2427 1819 Τί
2457 1762 2550 1820 οὖν
2580 1767 2687 1837 ἄρα
2714 1765 3057 1836 συμϐήσεται
3096 1767 3208 1829 τοῖς
3246 1767 3330 1828 είς
3369 1766 3531 1820 τοῦτο
3581 1765 3755 1818 λοιπὸν
3791 1768 3887 1821 in

2359 1856 2508 1919 νοίας
2561 1854 2957 1926 ὲκϐεϐηκόσιν;
3017 1876 3034 1906 ι
3075 1855 3319 1925 Ὀμνύει,
3370 1858 3532 1925 φησὶ,
3583 1857 3769 1928 Κύριος
3791 1862 3886 1915 ηιτά

2358 1947 2467 2001 τῶν
2514 1947 2685 2016 ἁγίων
2716 1946 2904 2015 αὐτοῦ,
2943 1966 2962 1999 r
3011 1948 3178 2018 ἤγουν
3234 1947 3378 2002 κατά
3424 1948 3542 2001 τῶν
3598 1950 3885 2021 ἁγιασμάτων

2358 2040 2476 2110 ἦτοι
2507 2039 2823 2111 μυστηρίων
2850 2038 2921 2109 (ά
2957 2041 3073 2093 ἐστι
3129 2038 3293 2095 πάλιῦ
3359 2040 3552 2106 αὐτὸς,
3593 2041 3708 2095 κατ’
3731 2042 3887 2107 οὐδενὸς

2358 2130 2468 2201 γὰρ
2499 2130 2613 2200 ἔχει
2664 2130 2909 2201 μείζονος
2940 2131 3139 2200 ὀμόσαι
3162 2130 3205 2199 ),
3238 2131 3321 2186 ὅτι
3352 2131 3692 2203 παρὲπονται
3718 2136 3881 2204 καιροὶ,

2359 2222 2454 2277 καὶ
2489 2222 2715 2293 ἡμέραι,
2742 2224 2830 2277 ὅτε
2854 2223 2947 2279 καὶ.
2981 2224 3126 2294 ὑμᾶς
3147 2224 3346 2287 αὐτοὺς
3370 2225 3500 2287 τοὺς
3527 2224 3885 2295 absumpserin-

2357 2332 2477 2381 τας,
2528 2314 2625 2369 καί
2667 2314 3107 2385 τεθραμμένους,
3146 2315 3240 2368 καὶ
3279 2316 3569 2386 σπαταλᾷν
3610 2317 3884 2381 εἰωθόταςό

2362 2405 2455 2458 τοῦ
2493 2404 2685 2459 παθεῖν
2716 2405 2880 2474 φόϐος
2913 2406 2971 2458 ἐν
3007 2409 3122 2469 τοῖς
3166 2406 3261 2460 τοῦ
3317 2406 3563 2477 πολέμου
3598 2407 3785 2471 πόνοις,
3821 2409 3885 2461 ui.

2359 2497 2422 2547 ὲν
2456 2496 2642 2559 ὅπλοις
2678 2496 2930 2564 γενέσθαι
2970 2497 3401 2569 παρασκευάσει.
3456 2496 3621 2552 Ἀλλά
3646 2500 3731 2551 καὶ
3762 2498 3883 2560 οὕτως

2358 2586 2607 2656 ἔχοντας,
2637 2588 2731 2641 xui.
2762 2588 3198 2657 ἐσκευασμένους
3251 2587 3541 2658 λήψονται,
3585 2589 3755 2659 φησιν,
3788 2590 3883 2659 ἐμοῦ

2357 2679 2654 2747 φιλτάτοις,
2685 2680 2779 2732 καὶ
2819 2679 3057 2747 γυναιξὶ,
3110 2679 3206 2732 καὶ
3237 2679 3477 2745 κόλαξιν,
3537 2680 3587 2733 οἳ
3638 2682 3742 2752 μεθ’
3774 2681 3881 2750 ὑμῶν

2357 2768 2510 2831 ὄντες
2531 2768 2637 2834 ἀεὶ,
2656 2768 2937 2831 πλείσταις
2963 2768 3062 2838 μὲν
3077 2769 3229 2832 ὅσαις
3246 2770 3616 2841 κατεκρότουν
3632 2770 3881 2840 εὐφημίαις,

2357 2860 2637 2931 ὠνόμαζον
2656 2861 2723 2914 δὲ
2750 2860 2845 2914 xui.
2868 2861 3321 2932 τρισμακαρίονς.
3347 2862 3536 2917 Ταῦτα
3557 2861 3663 2931 γὰρ
3680 2862 3883 2930 Eu:qu

2357 2959 2471 3021 τοῖς
2490 2958 2783 3028 τρέφουσιν
2817 2958 2905 3012 ἀεὶ
2938 2958 3049 3011 τῶν
3080 2957 3331 3013 κολάκων
3368 2959 3440 3012 τά
3482 2958 3638 3028 γένη.
3677 2959 3795 3012 Ἀλλ’
3815 2960 3881 3028 ty.-

2361 3049 2795 3121 πυρισθήσονται
2832 3048 2932 3120 μὲν
2978 3051 3196 3113 ἐκεῖνοι,
3256 3050 3435 3121 λοιμοὶ
3474 3050 3588 3122 γὰρ
3630 3046 3771 3122 ἦσαν,
3815 3051 3879 3103 xsl

676 3132 848 3190 ciunt.
880 3134 987 3191 Vos
1012 3145 1189 3192 autem
1235 3139 1419 3194 nudati
1461 3140 1653 3211 gloria,
1687 3152 1743 3197 et
1773 3143 1842 3199 ab
1868 3147 2122 3202 omnibus
2158 3149 2254 3203 de—

2360 3142 2545 3213 ἒτερον
2604 3142 2758 3198 οὐδὲν
2799 3141 3216 3212 ἀποδεχόμενοι,
3248 3142 3662 3213 τεθαυμακότες
3699 3144 3803 3205 τοὺς
3820 3145 3879 3195 al-

676 3222 815 3281 liciis
845 3229 1210 3297 semotissimi,
1251 3238 1306 3286 et
1363 3235 1529 3289 veteri
1589 3234 1676 3291 illa
1709 3235 1972 3294 felicitate
2000 3240 2255 3312 deinceps

2365 3234 2583 3304 σχροὺς,
2616 3234 2712 3287 xui.
2738 3232 3255 3305 φιλαμαρτήμονας.
3279 3233 3489 3305 Γυμνοὶ
3514 3235 3571 3288 δὲ
3590 3232 3735 3305 δόξης
3750 3234 3875 3304 ὑμεῖς,

674 3317 895 3387 privati,
930 3321 1271 3378 abducemini
1304 3326 1446 3381 servi
1483 3337 1535 3382 et
1579 3328 1802 3400 captivi,
1844 3349 1864 3383 ι
1902 3331 1969 3386 Et
1998 3333 2254 3404 projicie—

676 3410 828 3479 mini,
866 3413 1057 3483 inquit,
1122 3416 1175 3471 in
1214 3428 1452 3475 montem
1508 3419 1812 3488 Rhemnan,
1860 3443 1878 3477 ι
1918 3428 2011 3496 qui
2068 3437 2153 3483 est
2199 3430 2253 3484 iu

672 3500 949 3569 Armenia,
979 3504 1033 3558 in
1082 3507 1343 3563 extremis
1388 3510 1698 3567 recessibus
1761 3512 2048 3570 Persarum
2077 3518 2251 3585 situs;

674 3594 866 3652 vicinas
899 3598 1043 3653 enim
1079 3608 1134 3654 et
1155 3602 1509 3659 contermina:
1550 3606 1797 3676 regiones
1846 3617 1994 3663 sunt.
2046 3610 2257 3668 Licebit

675 3688 842 3756 igitur
891 3690 1016 3746 hinc
1052 3694 1362 3763 perspicere
1394 3696 1449 3751 in
1482 3700 1738 3753 acerbum
1772 3700 1933 3756 finem
1965 3703 2252 3774 voluptua-

675 3782 773 3836 riis
800 3784 1035 3839 studium
1062 3786 1300 3855 ipsorum
1333 3789 1654 3846 desiturum.
1678 3791 1831 3848 Sicut
1854 3794 1933 3849 ait
1958 3795 2250 3855 Salvator:

678 3892 700 3926 ι
739 3872 887 3931 Beati
917 3877 1008 3947 qui
1046 3877 1229 3950 lugent
1256 3881 1298 3936 ⁸.
1352 3898 1372 3933 ι
1416 3882 1678 3940 Desinunt
1710 3887 1853 3941 enim
1892 3888 1944 3943 in
1988 3889 2255 3963 lacrymas

674 3964 913 4035 deliciae;
951 3968 1075 4025 finis
1103 3980 1283 4028 autem
1342 3973 1593 4031 laborum
1650 3992 1715 4033 ac
1775 3981 2021 4036 dolorum
2055 3993 2139 4038 est
2166 4001 2253 4041 re-

674 4058 848 4127 quies.
877 4059 1111 4131 ldipsum
1170 4072 1399 4120 testatur
1431 4067 1649 4137 quidam
1677 4068 1764 4126 his
1790 4073 2005 4129 verbis:
2036 4074 2253 4131 «Bono-

675 4166 796 4206 rum
829 4152 1070 4209 laborum
1089 4155 1295 4214 fructus
1312 4157 1582 4228 gloriosus
1598 4161 1799 4217 “.rNec
1834 4163 2129 4222 absurdum
2186 4172 2257 4225 sit

676 4244 950 4315 conjicere
975 4262 1074 4317 per
1097 4264 1297 4306 vaccas
1337 4251 1665 4309 Basanitidis
1708 4256 1962 4312 mulieres
1992 4258 2253 4318 Samaria:

676 4334 1069 4408 intelligendas,
1093 4356 1213 4412 qua:
1250 4342 1498 4408 mollitie,
1520 4353 1575 4399 et
1601 4346 1827 4401 vestium
1860 4347 2011 4415 luxu,
2040 4360 2094 4406 et
2128 4352 2255 4408 fuco

677 4427 825 4484 illitis
855 4430 1122 4488 nitoribus
1159 4433 1380 4490 delicias
1412 4433 1692 4503 facientes,
1729 4447 1783 4494 et
1812 4440 2007 4496 decore
2038 4446 2251 4513 corpori

2362 3325 2457 3379 xui.
2485 3326 2702 3396 τρυφῆς
2721 3324 2941 3395 ἁπάσης
2976 3324 3053 3389 ὡς
3104 3326 3379 3392 ἀποτάτω,
3431 3328 3527 3380 καὶ
3578 3327 3673 3395 τῆς
3709 3327 3879 3397 ἀρχαίας

2362 3415 2578 3484 ἐκείνης
2614 3415 2912 3487 εὐημερίας
2944 3414 3414 3486 ἁπημφιεσμένοι,
3451 3416 3640 3470 λοιπὸν
3676 3418 3878 3485 ἀποκομι-

2363 3506 2631 3579 σθήσεσθε
2657 3505 2854 3571 δοῦλοι,
2890 3507 2987 3561 καὶ
3019 3507 3379 3577 αἰχμάλωτοι,
3428 3526 3448 3559 ι
3486 3508 3598 3562 Καὶ
3629 3506 3876 3578 ριφήσεσθε,

2361 3600 2547 3671 φησὶν,
2579 3599 2673 3652 ἐπὶ
2703 3599 2763 3652 τὺ
2782 3599 2907 3670 ὅρος
2931 3599 2994 3652 τὸ
3032 3601 3285 3670 Ῥεμνᾶν.
3323 3618 3342 3651 ι
3372 3599 3533 3653 Ἐστι
3556 3600 3615 3653 δὲ
3639 3600 3725 3669 τῆς
3741 3601 3879 3668 Ἀρειον

2361 3692 2503 3759 νίας,
2541 3694 2599 3746 ὲν
2647 3693 2906 3763 ἐσχάταις
2954 3692 3222 3757 ἐκϐολαῖς·
3261 3692 3364 3763 τῆς
3415 3693 3643 3764 Περσῶν
3690 3692 3878 3762 κείμενον

2361 3785 2487 3855 γῆς,
2519 3784 2915 3857 ἀγχιτέρμονες
2959 3785 3089 3857 γὰρ,
3118 3785 3311 3855 ὅμοροι
3346 3785 3413 3838 τέ
3440 3787 3584 3839 εἰσιν
3605 3785 3820 3855 ἀλλήλαις
3840 3785 3876 3835 ai

2362 3876 2556 3948 χῶραι.
2585 3878 2780 3930 Ἔσται
2827 3876 3008 3930 τοίνυν
3049 3876 3304 3930 ὲντείθεν
3334 3877 3491 3944 ίδεῖν,
3520 3876 3596 3942 ὡς
3638 3878 3711 3940 είς
3733 3875 3877 3947 πικρὸν

2361 3978 2731 4050 καταστρέφει
2754 3977 2907 4042 τέλος
2933 3980 3049 4041 τοῖς
3083 3977 3335 4049 τρυφῶσι
3355 3978 3423 4033 τὸ
3438 3978 3760 4049 σπούδασμα,
3777 3974 3878 4031 καθά

2361 4071 2574 4142 φησινὸ
2597 4071 2791 4142 Σωτήρ
2814 4087 2830 4101 ·
2868 4088 2887 4121 ι
2920 4069 3197 4140 Μακάριοι
3236 4072 3287 4122 οί
3315 4070 3656 4133 πενθοῦντες.
3692 4088 3710 4122 ι
3744 4070 3875 4122 Κατο-

2361 4163 2518 4233 λήγει
2556 4162 2653 4233 μὲν
2682 4163 2790 4231 γάρ
2815 4163 2894 4226 είς
2926 4162 3161 4233 δάκρυον
3194 4164 3231 4234 ἡ
3257 4162 3458 4234 τρυφὴ,
3492 4162 3722 4235 πέραςδὲ
3750 4159 3876 4213 πόκον

2361 4257 2691 4319 ἀνάπαυσις.
2716 4256 2829 4309 Kui.
2872 4256 3215 4327 μαρτυρήσει
3241 4271 3346 4320 τις,
3378 4255 3573 4323 λέγων’
3608 4274 3626 4306 ι
3655 4255 3725 4307 ὅτι
3748 4251 3875 4305 πόνων

2361 4345 2581 4414 ἀγαθῶν
2606 4345 2814 4417 καρπὸς
2834 4346 3084 4417 εὐκλεής.
3117 4364 3136 4398 ι
3170 4346 3285 4399 Οὐκ
3314 4346 3577 4400 ἀπίθανον
3602 4346 3654 4399 δὲ
3678 4343 3875 4415 δαμάλεις

2360 4439 2460 4509 τῆς
2492 4438 2837 4501 Βασανίτιδος
2858 4440 2959 4499 τάς
2992 4441 3050 4494 ὲν
3084 4440 3149 4509 τῇ
3193 4439 3476 4510 Σαμαρείᾳ
3518 4441 3755 4507 γυναῖκας
3775 4438 3869 4490 ὁπο-

673 4522 1012 4579 conciliando
1036 4525 1181 4581 velut
1241 4527 1521 4596 saginatae,
1552 4544 1816 4599 pauperes
1855 4532 2249 4606 deprimebant,

2359 4534 2521 4597 νοεῖν,
2551 4533 2606 4584 αί
2633 4534 2812 4601 τρυφῇ
2832 4548 2891 4584 τε
2923 4532 3020 4586 xui.
3042 4532 3278 4602 χλιδαῖς,
3297 4533 3391 4587 καὶ
3418 4534 3542 4597 ταῖς
3562 4534 3638 4596 είς
3659 4526 3872 4601 ὡραϊσμὸν

672 4622 729 4668 et
750 4616 1027 4672 mcmlicos
1051 4618 1475 4687 conculcabant,
1498 4629 1660 4692 atque
1686 4624 1751 4678 ad
1791 4624 2035 4696 impuras
2064 4628 2253 4701 volup-

675 4715 814 4764 tates
846 4708 1113 4778 infirmos,
1133 4721 1187 4767 et
1206 4712 1558 4768 mendicitate
1575 4715 1841 4785 spirituali
1872 4719 2251 4781 conﬂictantes

673 4807 881 4855 tantum
902 4817 1005 4857 non
1036 4804 1287 4860 incendio
1305 4808 1538 4876 quodam
1558 4822 1789 4865 venereo
1813 4815 2209 4871 consumebant
2230 4837 2245 4886 ;

675 4893 768 4963 qui
805 4896 1026 4963 superni
1067 4897 1281 4955 roboris
1322 4900 1527 4956 divitiis
1570 4915 1843 4971 carentes,
1875 4909 2251 4973 perturbatio-

672 4998 799 5038 num
840 4986 1159 5056 impulsibus
1185 5005 1281 5046 cor
1297 4991 1451 5047 valde
1474 4992 1771 5049 emollitum
1798 5005 1849 5051 et
1881 4996 2246 5057 effeminatum

672 5075 959 5133 habebant.
1022 5078 1114 5135 lla:
1167 5083 1328 5152 igitur
1381 5099 1560 5140 vaccae
1588 5086 1821 5143 dominis
1867 5089 1983 5145 suis
2020 5089 2243 5148 dicunt:

677 5185 699 5220 ι
726 5168 861 5226 Date
890 5170 1042 5226 nobis
1071 5184 1128 5226 ut
1160 5174 1429 5231 bibamus.
1465 5197 1483 5231 ι
1516 5177 1847 5236 Mulierculas
1896 5183 2039 5237 enim
2070 5200 2249 5253 quas-

674 5262 861 5318 tuaria:
879 5279 1093 5336 semper
1124 5268 1269 5323 viros
1306 5278 1589 5339 appetunt,
1635 5281 1689 5325 et
1725 5287 1856 5340 quos
1889 5274 2245 5341 irretiverint,

672 5368 885 5411 summa
922 5356 1115 5413 inertia
1180 5370 1386 5415 tantum
1450 5375 1555 5415 non
1601 5362 1872 5418 occidunt.
1912 5364 1975 5420 Et
2006 5368 2253 5436 quamvis

2360 4625 2711 4696 κοσμήμασιν
2771 4624 3192 4678 ὲνσπαταλῶσαι
3215 4664 3229 4688 ,
3281 4624 3376 4678 καὶ
3447 4621 3871 4689 καταπιαινόμενιι

2357 4721 2479 4781 ταῖς
2524 4715 2619 4770 τοῦ
2665 4715 2915 4786 σώματος
2947 4719 3139 4789 ὥραις,
3186 4716 3621 4787 κατηγωνίζοντο
3659 4715 3867 4781 πένητας.

2357 4819 2451 4873 xui.
2476 4817 2817 4871 κατεπάτουν
2860 4818 3131 4887 πτωχοὺς,
3168 4818 3452 4887 μονονουχὶ
3499 4815 3869 4885 καταφλέγουστι

2350 4911 2493 4981 πρὸς
2523 4910 2789 4973 ἐκτὸπους
2832 4908 3028 4979 ἡδονὰς
3058 4908 3182 4971 τοὺς
3224 4908 3587 4972 ἀσθενοῦντας
3616 4910 3690 4971 είς
3728 4904 3867 4960 τοῦτο.

2346 5004 2441 5057 xui.
2462 5000 2734 5072 πτωχείαν
2754 5001 2979 5072 ἔχοντας
3000 5001 3100 5073 τὴν
3124 5003 3522 5073 πνευματικήν.
3537 5000 3602 5055 Οἳ
3620 4992 3868 5068 τῆςῶιωθεν

2344 5092 2659 5155 εὐσθενείας
2690 5091 2781 5144 τὸν
2812 5090 3045 5145 πλοῦτον
3069 5092 3171 5145 οὐκ
3205 5093 3439 5162 ἔχοντες,
3470 5095 3579 5153 τοῖς
3607 5089 3704 5142 τῶν
3729 5081 3867 5137 παθῶν

2346 5184 2677 5255 προσϐολαῖς
2716 5182 3114 5256 εὐδιάθρυπτον
3147 5183 3329 5254 ἔχουσι
3363 5184 3463 5255 τὴν
3492 5180 3717 5254 καρδίαν.
3748 5170 3864 5229 Hm:

2350 5277 2415 5349 δὴ
2460 5272 2552 5331 οὗν
2605 5278 2662 5330 ul
2720 5277 2981 5348 δαμάλεις
3036 5276 3251 5346 λέγουσι
3301 5278 3415 5339 τοῖς
3466 5276 3667 5347 κυρίοις
3689 5267 3858 5325 αὐτῶν

2360 5389 2378 5421 ι
2404 5370 2649 5423 Ἐπίδοτε
2685 5372 2818 5441 ἡμῖν
2839 5371 2989 5433 ὅπως
3017 5370 3249 5440 πίωμεν.
3280 5388 3299 5420 ι
3354 5366 3766 5441 Περιανδρίζεται
3786 5358 3863 5445 γάρ

671 5462 766 5502 eos
791 5447 1037 5505 dominos
1067 5450 1322 5515 habeant,
1376 5460 1555 5509 tamen
1610 5465 1669 5509 ut
1718 5456 1936 5513 amasiis
1989 5457 2255 5527 voluptati

2359 5459 2446 5515 ἀεὶ
2482 5460 2551 5514 τά
2593 5461 2701 5515 τῶν
2757 5460 2999 5530 γυναίων
3052 5459 3469 5529 ἑταιριζρμενα,
3513 5459 3604 5514 καὶ
3647 5450 3863 5527 βλακείαις

668 5540 1162 5608 succumbentibus,
1217 5544 1383 5615 289
1432 5546 1573 5617 quod
1624 5551 1860 5606 maxime
1885 5551 2126 5620 cupiunt,
2151 5551 2255 5608 illis

2359 5555 2480 5617 ταῖς
2505 5553 2645 5621 ἄγαν
2678 5554 2962 5625 μονονουχὶ
3013 5553 3107 5605 xui.
3137 5552 3517 5606 ἀποκτείνουσι
3562 5550 3677 5611 τοὺς
3938 5580 3939 5583 η

668 5631 1017 5699 persuadent.
1050 5631 1156 5689 Sed
1186 5649 1281 5690 vos
1320 5635 1561 5705 quidem,
1602 5639 1796 5709 inquit,
1831 5659 1850 5692 ι
1890 5638 1935 5695 Ο
1968 5654 2168 5708 vaccae,
2201 5643 2254 5699 in

2366 5646 2699 5718 πασμένους.
2738 5647 2858 5702 Κᾶν
2891 5647 2950 5699 εί.
2969 5645 3231 5709 δεσπότας
3253 5643 3428 5715 ἔχοιεν
3456 5643 3655 5707 αὐτοὺς,
3682 5635 3775 5691 ἀλλ’
3795 5631 3860 5682 οὖν

758 5812 970 5871 ‘Eccli.
1016 5831 1135 5883 xm,
1169 5815 1256 5872 23.
1339 5821 1355 5848 ⁵
1381 5817 1572 5875 Matth.
1611 5835 1667 5885 ν,
1698 5819 1750 5874 5.
1831 5819 1849 5850 ⁸
1877 5818 2003 5891 Sap.
2040 5836 2119 5889 ill,
2163 5821 2246 5878 15.
