4068 6602
272 416 395 470 4'37

1242 422 1792 487 COMMENTARIUS
1834 429 1902 484 IN
1941 430 2131 487 AMOS
2170 431 2615 492 PROPHETAM.

3336 439 3577 508 .m'

273 527 524 598 ἰρῶντας
548 534 667 595 ταῖς
692 532 1047 602 ἡδυπαθείαις
1082 540 1555 614 ὑπεστρωμένους,
1590 546 1652 600 eo
1679 547 1834 601 αὑτοῖ

1963 549 2129 604 armis
2159 550 2366 618 tollent,
2418 569 2436 602 ι
2475 567 2577 605 non
2633 560 2693 607 ut
2762 558 3049 620 amatores,
3111 554 3213 624 qui:
3253 552 3534 613 adulantes

273 617 365 671 ὅτι
401 619 635 689 μάλιστα
697 622 889 677 δοκοῦν
942 627 1183 696 πληροῦν
1251 633 1661 690 ἀναπείθουσιν.
1717 635 1858 689 Ἀλλ’

276 710 428 779 ὑμᾶς
453 713 574 781 μὲν,
607 712 913 783 φησὶν,.ιὯ
934 717 1215 788 δαμάλεις,
1240 725 1296 774 ἐν
1325 724 1509 789 ὅπλοις
1535 725 1815 796 λήψονται,
1833 746 1850 777 ι

272 803 382 856 οὑκ
401 804 467 855 ἐν
481 804 629 870 τάξει
658 806 765 860 τῶν
792 807 1042 878 ἐρώντων
1071 814 1373 880 γεγονότες,
1398 816 1447 868 οἳ
1475 817 1861 882 κολακεύοντες

278 894 659 956 ἀναπείθουσι.
711 899 807 951 καὶ
839 900 1284 973 ὑποκοριζόμενοι
1333 906 1717 976 θεραπεύουσι,
1770 909 1861 962 διά

276 1000 361 1037 τοι
411 985 473 1036 τὸ
517 986 638 1040 λίαν
677 989 943 1059 ἡττῆσθαι
995 992 1098 1062 τῆς
1151 996 1231 1058 είς
1281 996 1424 1066 ὑμᾶς
1474 998 1685 1068 ἡδονῆς,
1736 998 1857 1053 ἀλλ’

278 1072 471 1143 ὠμῶς,
518 1078 612 1130 καὶ
644 1080 871 1146 ἀγρίως,
911 1085 1005 1137 καὶ
1032 1084 1181 1155 νόμῳ
1221 1086 1493 1158 πολέμου,
1531 1091 1627 1142 καὶ
1658 1090 1855 1152 αὐτοὺς

275 1163 331 1216 δὲ
355 1168 479 1230 τοὺς
512 1169 631 1237 μεθ’
663 1171 817 1240 ὑμῶν
839 1175 966 1238 τοὺς
1013 1176 1336 1246 τρυφῶντας
1376 1180 1609 1249 ἐραστὰς
1647 1196 1854 1248 κατεμ-

1970 642 2310 711 persuadent,
2332 643 2422 710 qui
2466 644 2624 697 rebus
2657 657 2847 712 parum
2899 644 3141 700 honestis
3180 644 3403 700 honesta
3436 662 3533 701 no-

1963 734 2107 787 mina
2164 744 2524 803 praetexentes
2590 733 3000 803 obsequuntur,
3068 737 3209 804 quod
3269 738 3531 807 voluptati

1960 838 2122 892 quam
2158 837 2188 876 e
2211 823 2363 878 vobis
2392 824 2636 891 capiunt,
2680 824 3029 878 vehementer
3063 825 3391 891 inserviant;
3436 824 3530 880 sed

1962 906 2255 960 crudeliter
2278 921 2342 961 ac
2365 906 2643 971 ferociter,
2674 916 2731 961 et
2763 906 2879 977 lege
2907 908 3101 963 bellica
3141 911 3288 979 ipsos
3317 924 3531 979 quoque

1962 994 2236 1051 vobiscum
2296 996 2628 1051 colludentes
2678 1007 2951 1051 amatores
3002 1000 3252 1053 vendent.
3298 1000 3523 1053 Nudatae

1960 1095 2137 1141 autem
2171 1101 2265 1141 vos
2304 1089 2498 1157 ineptis
2526 1088 2630 1143 illis
2665 1088 2923 1151 cultibus,
2960 1089 3013 1142 in
3053 1097 3289 1144 montem
3324 1087 3529 1145 Rhem—

1962 1193 2066 1231 nan
2094 1178 2438 1233 auferemini.

273 1263 583 1334 πορίσουσι.
628 1268 837 1337 Γυμναὶ
873 1269 930 1322 δὲ
967 1271 1127 1342 ὑμεῖς
1176 1271 1286 1326 τῶν
1354 1273 1599 1328 ἐκτόπων
1647 1274 1869 1327 ἐκείνων
1939 1272 2270 1344 ὡραῖσμῶν,
2316 1274 2397 1336 εἰς
2441 1273 2503 1327 τὺ
2562 1274 2690 1346 ὅρος
2741 1275 2804 1329 τὸ
2866 1275 3108 1344 Ῥεμνᾶν
3148 1274 3520 1343 (immuto-0i]-

275 1357 463 1409 σεσθε.

344 1447 676 1516 Εἱσήλθετε
712 1454 801 1516 είς
856 1453 1122 1522 Βαιθὴλ,
1173 1456 1273 1509 καὶ
1331 1457 1705 1523 ἠσεϐήσατε,
1749 1438 1847 1512 aiat

267 1542 358 1604 εἰς
390 1542 440 1590 Γ
442 1541 697 1607 atrata,
731 1542 827 1595 καὶ
861 1544 1237 1611 ἐπληθύνατε
1271 1547 1376 1599 τοῦ
1398 1546 1715 1616 ἀσεϐῆσαι.

336 1631 463 1683 ΛΕ’.
493 1631 870 1703 Παρατίθησιν
892 1635 1056 1698 εὐθὺς
1088 1638 1205 1700 ταῖς
1232 1636 1410 1700 δίκαις
1438 1636 1504 1690 τά
1527 1638 1849 1709 πλημμελή-

264 1738 436 1790 ματα,
481 1724 574 1775 καὶ
596 1727 714 1788 ταῖς
743 1725 852 1779 τῶν
882 1726 1070 1781 δεινῶν
1113 1729 1421 1800 ἀφηγήσεσι
1447 1729 1661 1798 γείτονα
1690 1732 1850 1783 ποιεῖ-

263 1829 365 1867 ται
387 1815 676 1885 χρησίμως
696 1817 796 1886 τὴν
820 1817 929 1872 τῶν
962 1819 1287 1890 ἀνοσιουργη
1298 1820 1485 1890 μάτων
1511 1820 1731 1887 ἔνδειξιν
1766 1822 1838 1874 ἑν-

261 1906 441 1977 αργῆ,
496 1906 572 1970 ὡς
625 1908 690 1960 ἂν
747 1908 820 1978 μὴ
874 1912 1342 1981 καταμωμήσαιτό
1385 1930 1500 1975 τις,
1554 1913 1691 1983 μήτε
1745 1913 1850 1983 μὴν

256 1996 563 2066 ἐπαιτιῷτο
607 1998 759 2063 Θεὸν,
817 2000 892 2063 ὡς
939 2002 1381 2074 ἀπηνεστέρανῆ
1441 2003 1608 2075 ἐχρῆν
1660 2004 1849 2075 ποινὴν

257 2091 649 2161 ὲπαρτήσαντα
672 2094 786 2156 τοῖς
813 2093 876 2157 ἐξα
922 2095 1160 2165 Ἰσραήλ.
1191 2097 1328 2150 Τάδε
1354 2097 1483 2168 γὰρ,
1515 2099 1701 2169 φησιν,
1729 2098 1847 2169 ἥξει

256 2184 352 2251 ἐφ’
389 2184 554 2252 ὑμᾶς,
584 2185 676 2237 καὶ
706 2184 851 2239 τάδε.
878 2185 988 2238 Καὶ
1038 2186 1155 2239 ἀνθ’
1183 2188 1305 2241 ὅτου
1362 2190 1442 2253 είς
1489 2189 1655 2260 μέσον
1690 2189 1809 2260 ἥξει
1833 2230 1845 2254 ,

256 2272 385 2343 βοᾷ,
418 2292 436 2323 ι
466 2273 755 2343 Εἰσήλοετε
782 2278 861 2338 είς
890 2276 1112 2348 Βαιθὴλ.
1142 2278 1237 2334 καὶ
1283 2281 1616 2350 ἠνομήσατε,
1653 2300 1672 2332 ι
1707 2281 1837 2333 ἔνθα

256 2364 368 2435 τὴν
399 2365 629 2436 δάμαλιν
659 2367 893 2421 ἀπέθετο
934 2369 1034 2439 τὴν
1072 2371 1277 2442 χρυσῆν
1318 2373 1347 2423 ὁ
1388 2371 1648 2445 θεομισὴς
1686 2374 1847 2445 Ἰερο-

253 2456 429 2527 σοάμ.
492 2457 639 2513 Ἐκεῖ
685 2461 894 2527 δεινῶς,
950 2462 1045 2516 καὶ
1096 2463 1340 2527 ἐκτόπως
1396 2465 1844 2536 παρανομοῦντες

253 2548 564 2606 ἁλώσεσθε.
599 2552 1017 2626 Νενομοθέτηκα
1051 2555 1152 2625 μὲν
1174 2554 1283 2627 γὰρ
1311 2556 1397 2610 διά
1424 2558 1687 2623 Μωσέως,
1725 2578 1743 2608 ι
1767 2560 1841 2612 Οὑ

253 2641 508 2711 ποιήσεις
537 2642 750 2715 σεαυτῷ
783 2643 939 2707 θεοὺς
972 2645 1206 2715 χρυσοῦς
1243 2647 1336 2700 καὶ
1375 2646 1529 2711 θεοὺς
1548 2650 1842 2721 ἀργυροῦς,

252 2732 357 2785 καὶ
388 2732 599 2803 Κύριόν
625 2749 717 2791 σου
752 2738 1187 2807 προσκυνήσεις,
1250 2740 1345 2792 καὶ
1378 2740 1527 2811 αὐτῷ
1562 2742 1707 2814 μόνῳ
1746 2742 1842 2797 λα-

250 2821 535 2893 τρεύσεις.
566 2844 587 2878 ι
647 2825 810 2879 Αὐτοὶ
867 2827 921 2880 δέ
957 2828 1048 2881 τὸν
1098 2830 1228 2899 ἐμὸν
1275 2831 1629 2900 διαγελῶντες
1679 2835 1841 2905 νόμον

249 2915 771 2984 προσκεκυνήκατε,
806 2916 961 2986 φησὶ,
1011 2920 1122 2981 τοῖς
1172 2918 1353 2989 ἔργοις
1398 2921 1508 2973 τῶν
1562 2922 1706 2976 ἰδίων
1734 2942 1843 2993 χει-

248 3002 389 3072 ρῶν,
423 3003 518 3055 καὶ
546 3004 751 3073 χρυσῆν
777 3005 1013 3075 ὁρῶντες
1036 3007 1289 3078 δάμαλιν,
1326 3010 1420 3063 καὶ
1452 3009 1654 3080 ἄψυχον
1686 3010 1839 3080 ὓλην,

246 3094 687 3166 ὲκαρτερήσατε,
711 3097 960 3166 λέγοντος
992 3099 1087 3153 τοῦ
1106 3102 1207 3172 τὴν
1228 3101 1437 3173 πλάνην
1461 3102 1835 3174 ἐξευρηκότος,

251 3205 275 3237 s
317 3179 481 3240 οὗτοι
511 3190 558 3241 ei
609 3189 720 3243 θεοί
751 3208 866 3257 σου,
922 3192 1157 3264 Ἰσραὴλ,
1195 3195 1249 3246 οἵ
1284 3212 1427 3257 τινες
1477 3196 1746 3265 ἀνήγαγόν
1777 3214 1833 3248 σε
1862 3217 1902 3273 C

242 3277 318 3329 ἐκ
349 3277 457 3346 γῆς
476 3278 773 3346 Αἰγύπτου.
815 3301 833 3332 ι
876 3283 1139 3353 Πλείστην
1168 3285 1225 3338 δὲ
1261 3287 1393 3356 ὅσην
1423 3287 1709 3357 εἴργασται
1738 3288 1836 3358 τὴν

245 3366 516 3424 ἀσέϐειαν
545 3370 606 3423 ἐν
628 3371 943 3440 Γαλγάλοις.
982 3374 1144 3439 Πόλις
1170 3375 1227 3430 δέ
1261 3376 1398 3446 αῦτη
1424 3378 1533 3430 τῶν
1572 3378 1836 3448 Ἰορδάνου

244 3460 516 3529 ναμάτων
568 3462 846 3528 ἐπέκεινα,
899 3464 1088 3529 δεινῶς
1143 3468 1492 3523 ἀπονεύσασα
1538 3471 1675 3541 πρὸς
1700 3472 1835 3526 ἀπό-

244 3567 467 3606 στασιν.
500 3553 611 3607 Καὶ
640 3555 769 3622 γοῦν
792 3555 893 3627 ἔφη
932 3557 1061 3627 περῖ⁵
1106 3559 1274 3630 αὐτῆς
1311 3564 1339 3614 ό
1364 3562 1473 3613 τῶν
1499 3562 1639 3615 ὅλων
1668 3563 1799 3627 Θεὸς
1819 3605 1831 3624 ,

248 3660 274 3694 s
302 3643 487 3696 Πᾶσαι
506 3645 563 3698 αί
592 3646 779 3699 κακίαι
803 3647 984 3701 αὐτῶν
1016 3650 1095 3714 είς
1133 3651 1406 3720 Γάλγαλα.
1439 3652 1564 3708 ’Ότι
1594 3654 1713 3708 ἐκεῖ
1731 3655 1829 3709 αὑ-

240 3734 381 3796 τοὺς
414 3735 651 3805 ἐμίσησα
679 3738 766 3792 διὰ
794 3739 892 3803 τάς
922 3740 1117 3805 κακίας
1140 3743 1247 3795 τῶν
1277 3744 1719 3816 ἐπιτηδευμάτων
1737 3747 1835 3799 αὑ-

241 3821 382 3887 τῶν,
426 3841 444 3873 ι
547 3841 711 3895 φησιν
735 3827 762 3878 ὁ
788 3828 1219 3900 Παροιμιαστὴς,
1254 3850 1272 3882 ι
1314 3830 1574 3886 Ἐνώπιόν
1590 3835 1697 3888 εἰσι
1723 3835 1834 3889 τῶν

244 3916 349 3970 τοῦ
403 3916 541 3970 Θεοῦ
576 3917 872 3987 ὀφθαλμῶν
908 3919 1018 3973 ὁδοὶ
1068 3922 1279 3992 ἀνδρὸς,
1317 3924 1397 3987 είς
1428 3924 1487 3977 δὲ
1529 3926 1709 3990 πάσας
1731 3928 1832 3991 τὰς

241 4007 475 4077 τροχιὰς
512 4007 678 4062 αὑτοῦ
708 4009 984 4065 αοπεὺει.
1021 4030 1040 4063 ι
1076 4012 1186 4066 Καὶ
1212 4014 1533 4084 ἀποδέχεται
1574 4017 1673 4088 μὲν
1709 4019 1835 4082 τοὺς

240 4098 569 4170 ὀρθοποδεῖν
611 4100 1089 4172 μεμελετηκότας⁶
1142 4105 1455 4159 ἀποσείεται
1485 4107 1544 4161 δὲ
1588 4107 1682 4162 τόν
1728 4108 1834 4174 ἔξω

244 4189 513 4261 βαίνοντα
540 4192 643 4261 τῆς
686 4192 927 4268 audebas,
951 4193 1045 4247 καὶ
1088 4196 1172 4264 ἐφ’
1196 4196 1231 4250 ἀ
1276 4198 1350 4269 μὴ
1382 4200 1649 4272 προσήκει
1696 4202 1830 4255 ίέναι

244 4283 642 4348 σπουδάζοντα.

314 4374 429 4428 Καὶ
455 4375 744 4442 ἠνέγκατε
783 4377 871 4441 εὶς
912 4377 1070 4444 πρωῒ
1119 4379 1341 4432 θυσίαν
1362 4380 1553 4449 ὑμῶν,
1573 4384 1662 4448 εἰς
1715 4384 1833 4449 τὴν

240 4465 593 4533 τριημερίαν
614 4465 685 4518 τὰ
709 4466 1033 4521 ἐπιδέκατα
1077 4468 1264 4536 ὑμῶν.
1311 4470 1424 4524 Kal
1470 4471 1827 4541 ἀνέγνωσαν

2024 1451 2184 1505 Vnus.
2221 1452 2275 1506 4.
2313 1452 2539 1507 Venislis
2567 1455 2635 1506 ad
2658 1454 2859 1520 Bethel,
2887 1465 2936 1508 et
2970 1454 3129 1523 impie
3161 1455 3364 1523 egistis,
3396 1467 3444 1510 et
3473 1457 3529 1510 in

1954 1541 2197 1611 Galgala,
2230 1554 2277 1596 et
2302 1543 2692 1608 multiplicastis
2727 1554 2782 1598 ut
2818 1545 2970 1613 impie
3001 1546 3249 1613 ageretis.

2024 1632 2243 1688 XXXV.
2278 1635 2505 1705 Apponit
2530 1636 2715 1690 statim
2752 1635 3050 1690 ultionibus
3082 1647 3327 1703 peccata,
3371 1637 3522 1693 cala-

1959 1724 2313 1795 mitatumque
2343 1725 2744 1781 narrationibus
2795 1726 3059 1782 scelerate
3095 1727 3359 1782 factorum
3411 1745 3527 1783 ma-

1960 1815 2210 1869 nifestam
2230 1817 2746 1872 demonstrationem
2766 1818 2972 1872 utiliter
2997 1819 3260 1888 adiungit.
3282 1828 3339 1874 ut
3367 1836 3525 1876 nemo

1953 1908 2216 1975 derideat,
2249 1924 2421 1978 neque
2458 1910 2776 1964 criminetur
2808 1910 2997 1972 Deum.
3030 1919 3086 1965 ut
3122 1912 3214 1979 qui
3239 1912 3519 1968 crudelio—

1954 2014 2066 2055 rem
2093 2012 2329 2067 pmnam,
2362 2015 2524 2069 quam
2554 2015 2650 2070 pro
2673 2001 2865 2056 merito
2890 2001 3149 2057 lsraelitis
3180 2002 3521 2072 imposuerit.

1950 2091 2075 2146 Haec
2097 2091 2261 2157 enim,
2292 2101 2344 2145 et
2375 2093 2489 2146 time
2543 2092 2779 2157 venient,
2834 2092 3031 2161 inquit,
3091 2108 3257 2164 super
3313 2110 3428 2150 vos.
3456 2096 3525 2151 Et

1948 2184 2073 2251 quia
2115 2185 2168 2237 in
2209 2184 2444 2238 medium
2493 2185 2731 2249 venient,
2766 2168 2984 2239 'clamat
3035 2204 3049 2240 :
3103 2203 3123 2238 ι
3174 2185 3411 2245 Venistis
3467 2190 3521 2243 in

1947 2273 2155 2337 Bethel,
2187 2282 2244 2328 et
2288 2274 2447 2343 impie
2490 2275 2700 2344 egistis,
2766 2293 2789 2328 ι
2865 2277 2954 2330 ubi
3016 2277 3242 2333 vitulum
3295 2292 3521 2333 aureum

1947 2366 2224 2420 constituit
2267 2364 2378 2420 Deo
2415 2366 2624 2420 invisus
2664 2365 2954 2421 Jeroboam
2989 2369 3032 2421 ⁷.
3073 2368 3148 2423 lbi
3201 2371 3439 2439 graviter
3466 2377 3522 2423 et

1947 2458 2152 2514 nefarie
2182 2458 2349 2529 legem
2381 2459 2616 2515 violasse
2669 2460 3073 2516 convincimini.
3103 2462 3220 2515 Tuli
3247 2463 3392 2516 enim
3425 2476 3522 2531 per

1948 2551 2207 2623 Moysen:
2258 2569 2277 2603 ι
2305 2550 2419 2605 Non
2454 2551 2618 2608 facies
2661 2555 2754 2608 tibi
2806 2556 2934 2610 deos
2990 2569 3182 2609 aureos
3224 2564 3280 2609 et
3332 2571 3523 2624 argen-

1948 2646 2099 2700 teos8
2118 2687 2133 2715 ,
2153 2644 2435 2700 Dominum
2459 2646 2622 2702 Deum
2648 2658 2795 2701 tuum
2830 2648 3101 2711 adorabis,
3124 2658 3174 2702 et
3194 2648 3266 2702 illi
3284 2648 3383 2702 soli
3404 2663 3521 2703 ser-

1942 2737 2055 2793 vies
2082 2738 2124 2790 θ.
2166 2756 2186 2789 ι
2221 2737 2327 2791 Vos
2367 2747 2548 2793 autem
2610 2738 2895 2793 irridentes
2944 2738 3115 2808 legem
3162 2739 3518 2803 meam,‘ado-

1946 2829 2126 2893 rastis,
2154 2828 2346 2897 inquit,
2369 2844 2533 2898 opera
2553 2845 2807 2884 manuum
2836 2836 3167 2883 vestrarum.
3201 2830 3264 2882 Et
3295 2845 3516 2883 aureum

1943 2929 2232 2975 cernentes
2258 2919 2508 2984 vitulum,
2565 2929 2620 2976 et
2677 2920 2960 2974 materiam
3022 2921 3338 2986 inanimam,
3369 2922 3515 2988 passi

1941 3014 2071 3067 estis
2115 3028 2268 3084 aequo
2324 3016 2525 3080 animo,
2577 3014 2788 3068 dicente
2849 3014 3051 3068 erroris
3097 3023 3365 3068 auctore:
3401 3032 3420 3065 ι
3452 3013 3514 3067 Hi

1941 3113 2065 3156 sunt
2093 3102 2167 3159 dii
2222 3105 2319 3171 tui,
2380 3103 2563 3168 Israel,
2626 3103 2716 3172 qui
2773 3104 3076 3159 eduxerunt
3137 3114 3190 3158 te
3246 3105 3312 3158 de
3371 3113 3513 3157 term
3562 3174 3589 3179 ἢ

1941 3189 2156 3261 Αῐςγριί
2190 3193 2251 3246 ³ο.
2286 3212 2304 3244 ι
2338 3192 2518 3262 Longe
2545 3202 2726 3246 autem
2776 3192 3067 3246 maximam
3107 3194 3432 3262 impietatem
3461 3194 3513 3246 in

1940 3281 2175 3352 Galgalis
2200 3286 2553 3352 perpetravit.
2599 3282 2723 3339 Haec
2746 3293 2830 3338 est
2860 3285 2988 3340 urbs
3017 3295 3168 3340 trans
3195 3284 3510 3350 Iordanem,

1938 3375 2003 3425 ad
2034 3376 2358 3441 apostasiam
2379 3376 2540 3430 etiam
2565 3384 2739 3445 atque
2768 3377 2932 3431 etiam
2963 3392 3247 3446 propensa.
3282 3377 3514 3432 Proinde

1937 3467 2002 3519 de
2029 3480 2091 3520 ea
2121 3466 2253 3520 dicit
2287 3468 2661 3522 universorum
2693 3469 2954 3524 Dominus
2988 3486 3002 3523 :
3041 3488 3058 3520 ι
3091 3469 3292 3524 Omnes
3322 3467 3514 3537 nequi—

1937 3556 2026 3610 tia:
2049 3572 2236 3610 eorum
2277 3558 2329 3611 in
2370 3558 2615 3626 Galgala,
2644 3559 2768 3628 quia
2822 3559 2893 3614 ibi
2948 3575 3143 3615 exosus
3205 3559 3364 3614 habui
3396 3573 3510 3624 eos,

1934 3660 2153 3719 propter
2187 3650 2443 3703 malitiam
2464 3651 2901 3707 adinveutionum
2924 3654 3162 3720 ipsorum
3198 3651 3265 3704 “.
3307 3670 3327 3703 ι
3359 3650 3513 3705 Sicut

1936 3742 2069 3797 dicit
2124 3742 2633 3811 Paroemiographus
2664 3763 2679 3796 :
2721 3764 2740 3796 ι
2784 3744 2985 3800 Omnes
3019 3744 3120 3798 vim
3146 3742 3378 3797 hominis
3416 3757 3512 3810 pa-

1934 3842 2049 3889 tent
2068 3834 2242 3889 oculis
2273 3835 2415 3905 ejus,
2452 3850 2641 3891 omnes
2669 3839 2890 3893 semitas
2924 3837 3040 3905 ejus
3067 3834 3453 3891 considerat“.
3484 3852 3503 3885 ι

1935 3927 2001 3982 Et
2049 3927 2285 3981 admittit
2348 3927 2440 3996 qui
2491 3928 2887 3982 contenderunt
2943 3935 3088 3983 recte
3129 3926 3442 3991 ambulare;
3475 3942 3505 3979 ιι

1938 4028 2083 4075 recto
2114 4027 2294 4074 autem
2354 4019 2547 4073 itinere
2598 4018 2960 4076 declinantem
3000 4026 3057 4075 et
3087 4017 3394 4073 studentem
3429 4016 3510 4071 ire

1935 4113 2005 4166 ad
2029 4126 2148 4181 quae
2180 4126 2285 4167 non
2309 4110 2580 4180 permisit,
2601 4126 2632 4165 a
2666 4125 2725 4169 se
2758 4111 2989 4183 repellit.

2006 4383 2167 4437 Vens.
2201 4382 2255 4435 5.
2291 4380 2354 4435 Et
2383 4380 2639 4435 attulistis
2661 4379 2713 4434 in
2734 4395 2886 4433 mane
2907 4377 3230 4446 sacri/icium
3253 4383 3503 4438 vestrum,

1934 4479 1986 4531 in
2019 4477 2251 4529 triduum
2280 4476 2509 4528 decimas
2543 4482 2765 4526 vestras.
2800 4470 2869 4524 Et
2889 4470 3123 4540 legerunt
3160 4468 3291 4538 foris
3317 4468 3503 4538 legem,

239 4557 366 4621 ἔξω
390 4558 600 4625 νόμον,
625 4557 723 4611 καὶ
757 4557 1209 4613 ἐπεκαλέσαντο
1243 4564 1586 4632 ὁμολογίαν.
1622 4564 1830 4635 Ἀπαγ-

1942 4577 1989 4622 et
2016 4568 2385 4620 invocaverunt
2430 4564 2829 4632 confessionem.
2868 4562 3207 4626 Anuuntiate,
3255 4559 3502 4630 quoniam

238 4648 486 4717 τείλατε
530 4647 619 4701 ὅτι
665 4648 853 4703 ταῦτα
884 4648 1214 4719 ἠγάπησαν
1260 4652 1379 4707 υἱοὶ
1418 4654 1695 4723 Ἰσραὴλ,
1724 4657 1825 4710 λέ·-

237 4755 335 4806 τει
367 4741 601 4807 Κύριος.

314 4828 459 4896 ΑΕΓ.
489 4832 776 4886 ῐΙάνδεινον
823 4833 1060 4903 ἀληθῶς,
1118 4835 1210 4888 καὶ
1258 4835 1552 4900 δυσσεϐὲς,
1580 4832 1713 4908 ἧκον
1746 4840 1826 4902 είς

237 4921 398 4991 λῆξιν
434 4923 534 4993 τὴν
595 4925 877 4989 ἀνωτάτω,
928 4926 990 4980 τὸ
1034 4927 1475 4997 παρασημαίνειν
1512 4928 1826 4998 ἀποτολμᾷν

234 5014 345 5084 τὴν
366 5013 461 5066 τοῦ
489 5014 624 5068 Θεοῦ
651 5016 826 5079 δόξαν,
851 5018 947 5070 καὶ
977 5018 1127 5087 ἅπερ
1150 5017 1215 5071 ἂν
1244 5016 1393 5087 αὑτῴ
1423 5033 1503 5082 τε,
1553 5020 1646 5071 καὶ
1678 5019 1824 5089 μόνῳ

241 5098 475 5169 πρέπει,
496 5100 667 5154 ταῦτα
689 5105 811 5166 ταῖς
838 5103 1069 5157 εἰδώλων
1101 5105 1362 5160 ἀνάπτειν
1388 5108 1597 5174 τιμαῖς.
1627 5108 1689 5161 Oi
1721 5108 1826 5178 γὰρ

236 5188 408 5241 τοῦτο
432 5188 563 5259 δρᾷν
600 5191 874 5256 εἰωθότες,
908 5193 968 5245 τὸ
1014 5194 1138 5247 ὅσον
1182 5194 1268 5263 ἐφ’
1300 5196 1510 5258 ἑαυτοῖς
1539 5196 1639 5266 τὴν
1670 5196 1823 5249 θείαν

236 5295 299 5331 τε
332 5280 431 5333 καὶ
460 5282 718 5337 ἀνωτάτω
744 5284 905 5351 φύσιν
935 5286 1069 5355 αὑτῇ
1134 5286 1228 5338 καὶ
1261 5286 1396 5357 μόνῃ
1429 5287 1818 5355 πρεπωδεστά-

234 5388 352 5426 των
381 5374 731 5428 κατασείουσι
765 5376 991 5446 θρόνων,
1028 5378 1121 5430 καὶ
1150 5378 1255 5430 τῶν
1280 5377 1442 5447 ἱερῶν
1469 5379 1815 5446 ἐκπέμπουσι

237 5460 459 5526 θώκων,
499 5463 830 5535 ὲνιδρεύουσι
868 5466 924 5519 δὲ
980 5466 1168 5534 ὥσπερ
1198 5467 1380 5531 αὐτοῖς
1418 5468 1544 5531 τοὺς
1572 5468 1817 5539 ἀκαθάρ-

235 5568 369 5615 τους
401 5552 685 5625 δαίμονας.
711 5557 836 5621 Τοῖς
858 5557 1001 5611 οὕτω
1035 5561 1282 5628 φρικτοίς
1334 5559 1671 5630 ἐγκλήμασιν
1696 5561 1819 5613 ἐνι-

238 5638 514 5710 σχημένον
560 5643 865 5717 εὑρήσομεν
926 5646 1018 5701 τὸν
1057 5648 1404 5720 ἀπόπληκτον
1468 5650 1700 5722 Ἰσραήλ.
1761 5650 1817 5703 Ὁ

311 5754 332 5784 ⁷
360 5750 425 5829 Ill
456 5752 584 5829 Reg.
630 5776 725 5829 xu,
753 5760 845 5816 “.29.

943 5762 963 5793 "
1000 5761 1170 5817 Exod.
1210 5775 1297 5825 xx,
1327 5762 1381 5817 5.

237 5838 356 5889 nt,
382 5823 437 5880 2.

1482 5763 1501 5792 ⁹
1526 5761 1675 5817 Deut.
1720 5779 1801 5826 γι,
1835 5762 1919 5815 l5.

1931 4659 2033 4712 ista
2068 4656 2369 4710 dilexerunt
2401 4655 2500 4722 ﬁlii
2540 4653 2733 4718 Israel,
2783 4654 2908 4707 dicit
2944 4653 3218 4707 Dominus.

2001 4835 2241 4892 XXXVI.
2271 4833 2412 4890 Vere
2452 4833 2663 4889 facinus
2716 4833 2872 4904 longe
2924 4831 3401 4887 sceleratissimum
3444 4841 3497 4885 ct

1931 4928 2093 4998 290
2125 4926 2523 4994 impiissimum,
2562 4925 2868 4980 adulterare
2892 4924 3093 4978 audere
3120 4921 3345 4987 gloriam
3382 4922 3497 4987 Dei,

1922 5026 2112 5086 etquae
2138 5015 2307 5078 illum,
2339 5023 2392 5069 et
2419 5014 2592 5069 solum
2642 5014 2856 5077 decent,
2885 5028 2943 5067 ea
2980 5011 3242 5065 idolorum
3277 5010 3498 5064 honori-

1927 5105 2028 5158 bus
2060 5105 2322 5157 tribuere.
2350 5103 2558 5169 Quibus
2589 5102 2730 5155 enim
2758 5102 2859 5155 hoc
2902 5101 3083 5155 facere
3110 5102 3162 5154 iu
3211 5114 3360 5154 more
3393 5109 3494 5165 est,

1927 5196 1984 5258 ii,
2011 5201 2268 5264 quantum
2302 5193 2355 5247 in
2404 5194 2537 5263 ipsis
2586 5202 2689 5258 est,
2743 5193 2975 5247 divinam
3034 5191 3497 5260 celsissimamque

1927 5296 2172 5339 naturam
2228 5300 2257 5340 a
2300 5285 2510 5350 throno,
2557 5287 2655 5354 ipsi
2717 5296 2769 5339 et
2828 5285 2927 5340 soli
2985 5284 3497 5340 convenientissima

1923 5376 2235 5442 deturbant,
2268 5386 2322 5429 et
2358 5377 2533 5430 sacris
2581 5378 2800 5431 sedibus
2834 5376 3077 5446 ejiciunt,
3102 5388 3159 5431 et
3188 5377 3238 5428 in
3265 5376 3332 5430 iis
3356 5389 3495 5445 quo-

1921 5465 2208 5521 dammodo
2246 5467 2485 5535 impuros
2511 5468 2780 5522 daaiuonas
2810 5466 3233 5522 collocant.Tam
3266 5467 3487 5520 horrcn-

1921 5559 2002 5612 dis
2030 5557 2345 5612 criminibus
2382 5557 2698 5627 implicitum
2748 5559 2992 5613 videmus
3017 5562 3261 5612 insanum
3313 5555 3488 5609 Israc-

1923 5649 2047 5704 lem.
2079 5648 2216 5701 Deus
2241 5648 2382 5702 enim
2419 5650 2794 5705 universorum
2831 5650 2998 5715 legent
3039 5648 3139 5702 fert
3174 5646 3366 5700 alicubi
3392 5661 3489 5713 per

2058 5762 2098 5791 ¹⁰
2125 5758 2190 5814 lll
2224 5760 2355 5830 Ilcg.
2391 5777 2466 5815 xu
2490 5801 2503 5826 ,
2534 5762 2624 5818 28.
2734 5762 2771 5793 ¹¹
2802 5760 2938 5817 Osce
2967 5775 3053 5824 ιι,
3086 5759 3170 5813 l5.
3264 5756 3482 5813 "Prov-
