4068 6542
247 367 345 421 431
1212 354 1771 419 COMMENTARIUS
1806 356 1874 414 IN
1914 356 2103 414 ΑΜ(ὶὸ
2138 356 2590 415 PROPIIETAM.
3418 360 3527 417 482

246 484 366 536 θόσι
411 478 744 551 φιλσζέγειν,
777 477 874 533 καὶ
921 476 1022 551 τῆς
1070 479 1298 551 ἐνούσης
1348 479 1470 552 Θεῷ
1509 479 1845 550 ἀγαθότητος

1908 514 1920 541 ι
1950 481 2040 551 qui
2073 490 2261 536 amant
2284 480 2704 551 reprehendere,
2734 490 2787 538 et
2807 496 2874 538 ex
2907 491 3127 553 stupore
3155 497 3350 555 magno
3382 498 3514 540 con-

244 574 521 645 ἀόούλητα
550 570 960 643 καταφλυαρεῖν
987 574 1050 625 ἐκ
1072 572 1174 643 τῆς
1203 572 1404 643 πολλῆς
1430 572 1569 641 ἄγαν
1592 570 1839 643 ἀποπλη-

1946 582 2028 629 Ira
2065 570 2159 627 Dei
2185 573 2482 627 bonitatem
2550 572 2953 631 inconsiderate
3012 573 3302 632 blaterare.
3331 575 3511 643 Quare

246 667 386 731 ξίας.
406 664 548 718 ’Δνθ’
580 666 703 719 ὅτου
734 663 844 735 γὰρ
876 664 981 733 (ἃν
1006 667 1162 735 φαῖεν
1204 666 1334 730 ἴσως
1361 666 1528 733 τινὲς)
1550 664 1842 720 ἀτίθασσον

1941 665 2083 720 enim
2138 662 2413 735 (dixerint
2465 662 2699 719 fortasse
2761 665 3003 736 quidam)
3062 667 3197 721 adeo
3256 666 3516 721 immitem

242 758 411 824 οὕτω,
436 757 531 811 καὶ
562 756 842 810 δύσοιστον
870 758 1071 827 κομιδῇ
1102 758 1215 821 τοῖς
1248 758 1308 823 ἐξ
1334 757 1550 828 Ἰσραὴλ
1576 758 1656 810 ἔτι
1687 757 1841 828 φέρει

1944 766 2283 823 prorsusque
2332 752 2727 810 intolerabilem
2782 768 2995 824 poenam
3051 757 3310 812 lsraelitis
3352 757 3519 813 infert

242 851 425 919 δίκην,
454 847 632 902 καίτοι
685 848 829 901 κατά
874 848 1040 917 φύσιν
1073 848 1335 920 ὑπάρχων
1368 847 1571 917 ἀγαθὸς
1611 848 1640 899 ὀ
1686 844 1839 911 Θεὸς,

1944 843 2111 909 Deus,
2139 860 2263 900 cum
2288 854 2477 900 natura
2505 846 2679 901 bonus
2707 847 2797 913 sit,
2829 856 2884 901 et
2922 848 2997 901 ira
3030 849 3082 903 in
3109 848 3230 905 illos
3262 850 3516 907 inexora-

243 944 342 998 καὶ
370 942 653 1012 ἀποτόμου
690 939 876 994 λοιπὸν
903 941 1074 1011 ὀργῆς
1115 941 1409 1010 ἀποφαίνει
1448 938 1802 1010 δεδεημένους
1820 955 1841 1005 ;

1945 936 2039 993 bili
2077 951 2213 1008 opus
2242 952 2364 993 esse
2412 939 2688 994 declarat?
2720 937 2971 995 Ostendit
3002 935 3163 1011 igitur
3197 941 3299 997 hoc
3328 945 3516 999 eodem

256 1036 346 1089 Ἐν
364 1034 550 1105 ταύτῷ
574 1034 631 1086 δὲ
661 1032 953 1094 δείκνυσιν,
978 1033 1058 1085 ὅτι
1083 1032 1307 1103 πλήττει
1340 1032 1438 1103 μὲν
1461 1034 1520 1085 ἐν
1540 1033 1682 1103 ἀρχῇ
1705 1033 1845 1103 ἠμε-

1947 1028 2089 1097 loco,
2137 1045 2196 1085 se
2236 1030 2502 1101 principio
2558 1032 2741 1086 mitius
2795 1033 2987 1101 punire
3030 1044 3359 1102 peccatores,
3416 1049 3520 1090 non

246 1127 509 1200 putt-59m;
542 1128 665 1189 τοὺς
696 1123 1110 1196 ἡμαρτηκότας,
1144 1125 1206 1177 οὐ
1238 1124 1393 1186 δίκας
1423 1118 1621 1185 αὐτῶν,
1648 1121 1762 1175 ἀλλ’
1784 1121 1845 1187 ἐξ

1946 1120 2238 1173 vindictam
2280 1120 2667 1189 postulantem,
2696 1122 2790 1176 sed
2814 1137 2878 1176 ex
2910 1122 3068 1177 insita
3098 1126 3433 1196 benignitate
3458 1127 3522 1181 ad

243 1220 499 1291 ἐμφύτου
544 1217 956 1288 φιλανθρωπίας
1002 1216 1350 1286 ἐπιστρέφων
1385 1217 1465 1279 είς
1496 1214 1711 1278 ἐαυτὸν,
1748 1213 1845 1267 καὶ¹

1947 1220 2007 1260 se
2052 1207 2230 1275 ipsum
2277 1218 2681 1263 convertentem
2725 1226 2840 1277 eos,
2896 1229 2959 1267 ac
3016 1223 3269 1283 tanquam
3315 1215 3523 1289 ﬂagello

239 1312 410 1365 οἱονεὶ
442 1310 670 1382 μάστιγί
713 1326 773 1361 τε
821 1310 917 1361 καὶ
950 1307 1098 1379 πόνῳ
1133 1307 1445 1379 μετατιθεὶς
1475 1308 1568 1360 ἐπὶ
1612 1306 1673 1359 τί)
1712 1305 1845 1377 δρᾷν

1947 1299 2203 1369 quodam,
2237 1308 2289 1355 et
2320 1300 2505 1355 dolore
2531 1301 2596 1355 ad
2621 1317 2844 1372 Operum
2883 1304 3165 1359 meliorum
3191 1306 3520 1366 voluntatem

240 1403 466 1457 ἑλέσθαι
507 1401 568 1456 τὸ
610 1401 852 1471 ἄμεινον.
890 1398 1192 1467 Γεγονότας
1217 1397 1327 1469 γὰρ
1365 1398 1423 1450 ἐν
1452 1392 1533 1461 οἷς
1560 1396 1717 1468 ἔφην,
1751 1394 1845 1449 καὶ

1949 1390 2393 1446 transferentem.
2433 1391 2726 1448 Versautes
2760 1395 2904 1449 enim
2944 1394 3009 1451 iis
3040 1412 3157 1465 quae
3201 1399 3333 1463 dixi,
3360 1410 3414 1454 et
3444 1402 3525 1456 in-

235 1495 434 1550 οὐκέτι
464 1492 682 1566 φορητά
720 1490 1207 1562 δεδυσσεόηκότας,
1238 1488 1583 1560 γομφιασμῷ
1609 1504 1666 1540 τε
1698 1486 1841 1540 ὀδόν-

1950 1480 2218 1536 tolerabili
2249 1482 2408 1537 modo
2472 1483 2689 1553 impios,
2746 1495 2968 1556 stUpore
3023 1488 3264 1545 dentium
3320 1491 3522 1551 aii‘ecit.

236 1604 351 1640 των
384 1586 662 1650 ἐπαίδευε,
694 1584 789 1637 καὶ
833 1583 941 1654 μὴν
988 1583 1081 1636 καί⁸
1130 1584 1311 1653 ἀρτων
1340 1579 1538 1651 ἐνδείᾳ,
1575 1579 1841 1644 τουτέστι,

1948 1573 2090 1639 Quin
2120 1582 2176 1629 et
2205 1588 2407 1644 panum
2460 1574 2778 1646 indigentia,
2837 1578 2939 1634 hoc
2974 1589 3078 1645 est,
3135 1580 3280 1637 fame
3307 1582 3523 1641 aﬂiixit.

236 1677 412 1749 λιμῷ.
452 1695 471 1730 ι
498 1676 609 1730 Καὶ
637 1676 736 1729 οὐκ
763 1673 1135 1744 ἐπεστρέψατε
1165 1672 1304 1745 πρός
1330 1688 1422 1742 με,
1444 1671 1593 1740 λέγει
1617 1669 1842 1742 Κύριος.

1956 1684 1974 1716 ι
2020 1664 2088 1720 Ει
2118 1681 2224 1721 non
2243 1668 2375 1722 estis
2404 1669 2606 1723 reversi
2635 1669 2701 1722 ad
2728 1683 2835 1736 me,
2859 1670 2989 1725 dicit
3011 1672 3292 1728 Dominus.
3318 1675 3523 1733 Abstuli

250 1770 513 1840 Ἀνέσχον
550 1770 609 1833 ἐξ
643 1767 796 1839 ὑμῶν
840 1766 932 1820 τὸν
968 1766 1123 1819 ὑετὸν
1158 1765 1267 1838 πρὸ
1319 1764 1505 1835 μηνῶν
1555 1764 1722 1836 τριῶν
1748 1762 1842 1817 τοῦ

1950 1770 2015 1810 ex
2046 1756 2203 1813 vobis
2231 1758 2464 1827 pluviam
2494 1767 2620 1813 ante
2655 1767 2763 1815 tres
2799 1775 3012 1817 menses
3043 1762 3368 1831 vindemias,
3410 1766 3526 1821 sire

231 1862 540 1935 τρυγητοῦ,
576 1863 742 1933 ἤγουν
789 1862 905 1935 (ὡς
938 1860 1182 1932 Ἐὄραῖοι
1237 1859 1435 1929 μᾶλλον
1483 1856 1837 1925 ἐκδεδώκασι)

1951 1850 2030 1923 (ut
2066 1850 2274 1907 Hebraei
2306 1853 2484 1923 potius
2516 1854 2847 1926 ediderunt),
2876 1857 3118 1913 messis.»
3147 1859 3338 1929 Aptius
3372 1874 3524 1927 sane,

234 1955 337 2008 τοῦ
363 1953 652 2027 θερισμοῦ.
678 1972 697 2005 ι
734 1952 1190 2025 Πρεπωδέστερον
1208 1951 1264 2006 δὲ
1290 1972 1308 2003 ι
1334 1951 1439 2023 πρὸ
1465 1950 1649 2022 μηνῶν
1674 1949 1839 2020 τριῶν

1956 1961 1973 1993 ‹
2006 1943 2284 1999 mensibus
2317 1945 2489 2000 tribus
2522 1956 2649 2001 ante
2702 1963 2957 2015 messem,
3008 1968 3026 2001 ›
3073 1954 3288 2021 quando
3320 1958 3526 2025 segeti-

234 2047 531 2120 θερισμοῦ,
563 2067 582 2100 )
622 2050 710 2102 ὅτε
767 2047 999 2119 μάλιστα
1044 2049 1155 2109 τοῖς
1200 2046 1373 2115 ληῖοις
1420 2046 1452 2115 ἡ
1488 2043 1582 2098 τοῦ
1634 2062 1840 2117 καταρ-

1948 2034 2052 2089 bus
2083 2034 2148 2090 ad
2177 2036 2545 2093 maturitatem
2573 2040 2762 2093 crebra
2789 2041 2853 2095 de
2878 2042 3017 2098 caelo
3049 2045 3290 2114 irrigatio
3320 2049 3525 2102 condu-

231 2141 498 2195 δεύεσθαι
532 2141 693 2212 χρεία
723 2140 890 2212 πολλή
917 2155 977 2192 τε
1009 2138 1102 2192 καὶ
1135 2137 1412 2206 ἀναγκαία
1443 2136 1579 2208 πρὸς
1608 2136 1668 2190 τὸ
1692 2137 1837 2190 τελε-

1948 2128 2124 2183 cibilis
2143 2137 2199 2183 et
2216 2131 2520 2185 necessaria
2540 2142 2641 2187 εει.
2662 2130 3078 2189 Exstititautem
3098 2146 3242 2191 tanta
3264 2151 3522 2208 aquarum

235 2235 510 2307 φορῆσαι.
538 2235 733 2303 Γέγονε
760 2232 819 2287 δέ
853 2231 1089 2302 τοσαύτη
1120 2230 1315 2293 σπάνις
1348 2230 1581 2294 ὑδάτων,
1610 2229 1685 2294 ὡς
1717 2230 1841 2301 κρί-

1947 2218 2175 2291 penuria
2208 2220 2491 2303 utjudicio
2521 2232 2576 2277 et
2618 2225 2887 2280 sententia
2942 2227 3033 2281 Dei
3066 2230 3246 2282 omnia
3301 2231 3524 2287 scientis

237 2344 330 2379 σει
363 2342 424 2379 τε
452 2327 548 2379 καὶ
579 2326 745 2395 ψήφῳ
786 2322 922 2376 Θεοῦ
952 2322 1046 2375 τοῦ
1088 2322 1269 2376 πάντα
1300 2321 1503 2385 εἰδότος
1532 2319 1721 2374 ὕεσθαι
1743 2320 1841 2390 μὲν

1948 2312 2147 2383 pluerit
2175 2313 2389 2382 quidem
2418 2330 2583 2384 super
2614 2331 2775 2371 unam
2814 2319 3022 2383 urbem,
3056 2320 3222 2375 altera
3253 2323 3523 2391 praeterita

241 2418 384 2489 μίαν
419 2417 591 2478 πόλιν,
625 2412 1021 2485 ἀφαυαίνεσθαι
1046 2414 1104 2467 δέ
1142 2413 1239 2485 τὴν
1266 2412 1493 2485 ἑτέραν
1528 2415 1843 2486 συναγείρε-

1948 2418 2014 2461 ac
2048 2406 2329 2475 repudiata
2364 2422 2378 2459 :
2414 2419 2756 2479 congregata:
2792 2411 2901 2465 sint
2952 2421 3131 2467 autem
3164 2414 3282 2469 dum
3323 2424 3378 2469 et
3417 2424 3524 2471 tres

240 2510 377 2563 σθαι
407 2510 463 2563 δὲ
497 2504 562 2562 αὖ
602 2507 697 2561 δύο
736 2523 796 2559 τε
838 2506 931 2560 καὶ
958 2506 1109 2577 τρεῖς
1144 2508 1221 2569 εἰς
1255 2506 1401 2577 μίαν,
1434 2508 1527 2561 καὶ
1556 2506 1730 2570 οὕτως
1762 2507 1842 2559 ἔτι

1950 2496 2003 2552 in
2035 2512 2224 2561 unam,
2254 2508 2309 2552 et
2336 2499 2515 2553 adhuc
2557 2500 2846 2555 sitiverint.
2887 2518 2905 2553 ι
2944 2501 3008 2556 Et
3035 2517 3137 2558 non
3162 2506 3292 2561 estis
3322 2509 3522 2563 reversi

240 2600 434 2671 διψῇν.
471 2618 488 2651 ι
520 2599 633 2652 Καὶ
682 2599 782 2651 οὐκ
830 2595 1202 2669 ἐπεστρέψατε
1238 2597 1375 2668 πρὸς
1423 2598 1510 2668 μὲ,
1544 2597 1691 2667 λέγει
1729 2598 1843 2651 Κύ-

1949 2590 2018 2645 ad
2039 2606 2146 2656 me,
2178 2592 2307 2646 dicit
2341 2593 2614 2649 Dominus.
2668 2613 2685 2645 ι
2735 2595 2897 2666 292
2950 2595 3238 2653 Enimvero
3264 2600 3378 2655 hrec
3403 2617 3525 2671 per-

245 2711 390 2764 ριος.
414 2713 431 2745 ι
459 2691 778 2762 Συμόέεηκε
810 2690 869 2743 δὲ
893 2690 961 2743 τά
989 2690 1167 2744 τοιάδε
1197 2688 1393 2743 παθεῖν
1414 2692 1525 2753 τοῖς
1543 2690 1602 2755 ἐξ
1628 2690 1843 2763 Ἰσραὴλ

1948 2683 2059 2754 peti
2088 2684 2362 2740 Israelitas
2408 2687 2703 2756 symbolice
2760 2698 2814 2741 et
2869 2690 3126 2744 historice
3172 2692 3417 2760 contigit.
3454 2691 3522 2749 Ut

244 2784 600 2856 συμϐολικῶς
640 2800 699 2835 τε
746 2783 861 2852 ἅμα
912 2782 1007 2835 καὶ
1058 2782 1366 2854 ίστορικῶς.
1397 2782 1488 2845 Ὠς
1536 2782 1645 2854 γὰρ
1675 2783 1703 2835 δ
1748 2784 1841 2837 τοῦ

1949 2776 2093 2831 enim
2125 2776 2423 2833 Salvatoris
2449 2779 2745 2849 discipulus
2765 2781 2902 2835 dixit
2934 2798 2947 2835 :
2988 2802 3006 2833 ‹
3030 2782 3177 2838 Elias
3201 2785 3361 2839 homo
3386 2795 3525 2853 erat,

242 2877 510 2948 Σωτῆρος
551 2874 741 2948 εἴρηκε
794 2872 1044 2946 μαθητὴς
1070 2915 1086 2941 ,
1147 2892 1166 2926 ι
1208 2873 1395 2938 Ἠλίας
1437 2874 1726 2946 ἄνθρωπος
1774 2872 1843 2947 ἦν

1949 2867 2143 2924 similis
2168 2870 2323 2924 nobis
2355 2871 2644 2940 passibilis,
2676 2883 2731 2926 et
2753 2874 2947 2939 oravit,
2984 2882 3038 2928 et
3065 2890 3170 2928 non
3198 2875 3330 2945 pluit
3356 2892 3525 2933 annos

240 2967 590 3039 ὁμοιοπαθὴς
640 2968 794 3037 ἡμῖν,
828 2967 923 3019 καὶ
976 2965 1421 3038 προσευξαμένου
1469 2968 1569 3022 οὐκ
1621 2968 1841 3041 ἔϐρεξεν

1954 2969 2063 3015 tres
2090 2970 2141 3015 et
2166 2976 2378 3017 menses
2409 2979 2500 3017 sex
2532 2963 2595 3016 ".
2632 2964 2696 3019 Et
2750 2963 2891 3020 facta
2951 2973 3034 3022 est
3092 2967 3260 3022 fames
3289 2984 3430 3023 smva
3462 2968 3514 3024 in

242 3059 536 3121 ἐνιαυτοὺς
572 3059 741 3130 τρεῖς,
770 3060 862 3112 καὶ
913 3058 1093 3129 μῆνας
1147 3058 1229 3125 ἐξ.
1264 3059 1373 3111 Καὶ
1416 3059 1575 3131 λιμὸς
1623 3061 1844 3130 γέγονεν

1952 3053 2218 3118 Samaria,
2263 3067 2319 3110 ut
2355 3066 2512 3125 caput
2566 3056 2702 3111 asini
2758 3059 2940 3113 multis
2986 3060 3221 3115 denariis
3275 3064 3530 3119 vendere-

242 3151 470 3223 ἀπηνὴς
498 3150 671 3213 οὕτως
695 3152 754 3203 ἐν
784 3150 1091 3223 Σαμαρείᾳ,
1122 3150 1200 3213 ὡς
1220 3147 1460 3223 κεφαλὴν
1482 3151 1603 3206 δνου
1632 3154 1843 3208 πολλῶν

1951 3152 2041 3200 tur
2070 3145 2131 3198 ".
2171 3164 2189 3196 ι
2227 3145 2363 3212 Quin
2398 3157 2452 3201 et
2493 3148 2823 3216 temporibus
2851 3146 3390 3220 Jeremiaeprophette
3413 3152 3529 3220 plu-

1948 3237 2089 3261 _2-._
2121 3238 2349 3261 --L!I..-!n
2394 3252 2570 3261 --.η-..ρ
2597 3252 2793 3261 -.Α-Α..-
2819 3240 2957 3261 n___-
3000 3238 3176 3261 Au---
3213 3242 3264 3261 j-
3290 3244 3459 3261 --_49.A
3478 3253 3489 3261 .
3510 3260 3517 3261 ,

241 3241 668 3313 πιπράσκεσθαι
709 3242 1004 3312 δηναρίων.
1032 3260 1052 3294 ι
1093 3242 1254 3298 Ἀλλά
1289 3242 1383 3298 καὶ
1411 3245 1468 3298 ἐν
1498 3244 1710 3317 χρόνοις
1734 3247 1846 3310 τοῖς

1948 3237 2091 3292 viam
2117 3238 2375 3303 cohibuit,
2394 3252 2571 3294 rerum
2597 3252 2795 3309 parens
2819 3240 2981 3298 Deus.
3000 3238 3180 3308 Quare
3202 3242 3267 3296 de
3285 3244 3527 3299 siccitate

256 3334 535 3407 Ἱερεμίου
585 3334 863 3405 προφήτου
908 3333 1104 3405 ἀνέσχε
1144 3335 1236 3390 τδν
1280 3335 1436 3389 ὑετὸν
1482 3338 1511 3389 ό
1551 3336 1660 3389 τῶν
1710 3336 1847 3391 ὅλων

1948 3331 2111 3386 verba
2169 3330 2294 3385 fecit
2355 3332 2406 3385 in
2450 3333 2590 3386 lmne
2655 3331 2872 3387 modum
2916 3351 2932 3387 :
2977 3353 2994 3385 ι
3030 3332 3190 3388 Luxit
3232 3331 3439 3398 Iudaea,
3473 3347 3528 3391 et

242 3425 538 3491 Θεός.Καὶ
556 3424 686 3494 γοῦν
712 3425 839 3488 τοὺς
867 3426 997 3495 περὶ
1023 3426 1123 3496 τῆς
1139 3426 1404 3498 ἀϐροχίας
1430 3426 1624 3495 λόγους
1649 3429 1848 3480 ἐποιεῖσ-

1949 3433 2119 3494 ροτιω
2144 3422 2260 3493 ejus
2286 3436 2471 3477 vacua:
2520 3422 2673 3479 factae
2705 3432 2856 3489 sunt,
2889 3436 2943 3479 et.
2968 3425 3176 3480 clamor
3223 3424 3524 3483 Jerusalem

241 3538 333 3586 το,
361 3519 535 3589 λέγων
556 3535 573 3552 ’
608 3536 628 3571 ι
652 3518 1031 3590 Ἑπένθησενή
1062 3519 1312 3583 Ἰουδαία,
1344 3519 1439 3572 καὶ
1467 3516 1525 3571 αἱ
1553 3516 1718 3572 πύλαι
1746 3519 1846 3572 αὐ-

1949 3514 2215 3579 ascendit,
2255 3526 2310 3570 et
2341 3526 2619 3586 maguates
2680 3517 2798 3585 ejus
2862 3517 3123 3573 miserunt
3161 3519 3407 3589 juuiores
3456 3522 3524 3575 ad

241 3613 352 3684 τῆς
405 3608 791 3680 ἐκενώθησαν,
837 3611 932 3663 καὶ
986 3612 1018 3681 ὴ
1069 3609 1289 3682 κραυγὴ
1336 3610 1438 3678 τῆς
1494 3609 1847 3683 Ἰερουσαλὴμ

1949 3620 2184 3676 aquam;
2218 3616 2485 3662 venerunt
2544 3608 2612 3663 ad
2667 3621 2885 3679 puteos,
2942 3618 2997 3666 et
3046 3626 3153 3667 non
3207 3614 3529 3672 invenerunt

242 3703 449 3773 ἀνέση,
490 3702 587 3755 καλ⁵
632 3704 680 3755 οἱ
735 3704 1065 3773 μεγιστᾶνες
1114 3702 1293 3756 αὐτῶν
1342 3701 1673 3756 ἀπέστειλαν
1719 3701 1848 3767 τοὺς

1949 3714 2145 3771 aquam
2176 3699 2244 3765 ⁸⁸,
2281 3719 2298 3752 ι
2327 3709 2433 3756 etc.
2460 3697 2599 3768 Quia
2657 3700 2823 3773 igitur
2858 3702 3121 3761 lsraeiitm
3155 3721 3262 3761 non
3316 3706 3524 3779 vulgari

241 3793 555 3866 νεωτέρους
588 3793 784 3847 αὐτῶν.
807 3794 923 3863 Ἐφ’
950 3793 1096 3866 ὕδωρ
1120 3793 1354 3865 ῆλθοσαν
1381 3793 1475 3846 ἐπὶ
1511 3792 1582 3846 τά
1610 3794 1845 3864 φρέατα,

1949 3806 2009 3848 se
2040 3791 2315 3862 impietate
2342 3794 2868 3859 contaminaverant,
2907 3796 3046 3851 Deus
3072 3797 3305 3867 pluviam
3340 3799 3525 3854 abstu-

243 3887 348 3941 καὶ
386 3888 486 3957 οὐχ
514 3885 745 3958 εὓροσαν
773 3885 941 3960 ὕδωρ,
982 3905 1001 3938 ι
1040 3887 1137 3939 καὶ
1164 3886 1232 3939 τὰ
1261 3884 1409 3955 ἑξῆς.
1442 3886 1846 3957 Δεδυσσεθηκό-

1951 3884 2031 3950 Ιῑῑ,
2062 3894 2116 3940 et
2141 3895 2417 3955 stuporem
2458 3888 2730 3952 dentium,
2758 3899 2813 3942 et
2851 3889 3200 3960 indigentiam
3242 3906 3439 3961 panum
3470 3892 3522 3946 in

236 3994 362 4034 των
408 3978 474 4050 δὴ
515 3974 608 4033 οὖν
655 3977 718 4032 οὐ
754 3978 993 4050 μετρίως
1038 3977 1146 4031 τῶν
1175 3976 1236 4043 ἐξ
1269 3978 1483 4050 Ἰσραὴλ
1528 3978 1721 4048 ἀνέσχε
1756 3978 1842 4033 τὸν

1416 3978 1483 4048 ὴλ
1528 3978 1721 4048 ἀνέσχε
1756 3978 1847 4033 τὸν
1949 3977 2198 4033 omnibus
2225 3993 2411 4034 eorum
2442 3977 2752 4034 civitatibus
2780 3979 3022 4036 immisit.

244 4067 433 4133 ὑετὸν,
470 4068 565 4122 καὶ
614 4067 966 4139 γομφιασμὸν
1016 4067 1266 4132 ὀδόντων,
1297 4069 1395 4122 καὶ
1433 4068 1639 4123 ἔνδειαν
1665 4067 1845 4140 ἀρτων

244 4164 311 4216 ἐν
340 4161 549 4224 πάσαις
581 4159 750 4214 αὑτοῦ
782 4163 904 4224 ταῖς
934 4160 1155 4215 πόλεσιν
1182 4160 1353 4215 ἐδίδου
1380 4160 1533 4226 θεός.

336 4254 486 4307 Ἀλλ’
525 4253 602 4318 ὡς
654 4252 791 4323 ἔφην
839 4253 1077 4325 ἀρτίως,
1114 4253 1451 4318 πεπονθότας
1498 4255 1716 4323 αὐτοὺς,
1752 4256 1845 4309 καὶ

2021 4248 2242 4313 Verum,
2279 4257 2341 4302 ut
2362 4247 2521 4303 modo
2548 4246 2816 4311 dicebam,
2850 4263 2946 4305 eos
2985 4248 3111 4304 item
3143 4250 3301 4305 modo
3324 4248 3527 4307 intelli-

244 4345 461 4417 νοητῶς
490 4346 815 4417 εὑρήσομεν.
851 4344 964 4399 Καὶ
1012 4345 1187 4417 τροφὴ
1233 4346 1333 4416 μὲν
1376 4346 1509 4419 γὰρ,
1540 4348 1637 4402 καὶ
1682 4348 1845 4401 ποτὸν

1947 4341 2096 4412 gibili
2118 4354 2309 4410 passos
2343 4353 2569 4394 cernere
2600 4339 2741 4395 licet.
2777 4339 2841 4394 Et
2863 4356 2985 4397 esca
3015 4342 3232 4412 quidem
3284 4352 3337 4399 et
3367 4356 3524 4414 potus

244 4440 366 4500 τοῖς
402 4438 468 4488 ἐκ
510 4436 615 4505 γῆς
649 4436 888 4505 σώμασι,
917 4436 986 4490 τὰ
1013 4437 1122 4490 ἀπὸ
1162 4438 1262 4507 τῆς
1294 4438 1419 4509 γῆς,
1468 4439 1562 4495 καὶ
1603 4438 1748 4511 ὕδωρ
1783 4439 1844 4494 τὸ

1947 4434 2266 4502 corporibus
2328 4432 2559 4487 terrenis
2610 4431 2919 4501 hujusmodi
2987 4434 3276 4500 debentur,
3326 4451 3447 4506 quae
3493 4453 3526 4493 e

243 4526 531 4597 αἰσθητὸν.
566 4526 714 4596 ψυχὴ
752 4525 809 4578 δὲ
844 4524 1132 4596 ἀνθρώπου
1164 4524 1329 4590 θείοις
1358 4544 1418 4580 τε
1447 4528 1540 4582 καὶ
1571 4528 1845 4600 οὐρανίοις

1919 4555 1922 4580 ι
1950 4533 2093 4580 terra
2124 4522 2442 4594 gignuntur,
2474 4532 2531 4577 et
2569 4536 2711 4592 aqua
2758 4522 2860 4577 sub
2891 4536 3111 4579 sensum
3136 4525 3370 4593 cadens;
3406 4527 3525 4582 ani-

244 4616 626 4687 ἀποτρέφεται
664 4614 865 4683 λόγοις.
903 4616 1071 4686 Νᾶμα
1099 4614 1157 4668 δὲ
1190 4615 1331 4686 αὐτῇ
1359 4615 1422 4669 τὸ
1451 4615 1839 4688 πνευματικὸν,

1951 4632 2079 4673 mus
2122 4614 2356 4671 hominis
2403 4615 2599 4671 divinis
2640 4615 2982 4672 sermonibus
3039 4618 3317 4686 nutritur;'
3369 4620 3523 4691 cujus

243 4708 350 4763 καὶ
385 4705 537 4777 πηγὴ
563 4706 910 4778 κατάρδουσα
938 4705 1143 4777 νοητῶς
1174 4708 1207 4777 ἠ
1246 4706 1601 4772 θεόπνευστος
1628 4707 1841 4781 Γραφὴν

1947 4706 2206 4763 fluentum
2234 4715 2315 4761 est
2344 4704 2644 4774 spirituale,
2684 4715 2739 4761 et
2774 4704 2893 4761 fons
2930 4704 3371 4764 intellectualiter
3400 4710 3525 4766 irri-

245 4797 313 4851 τὺ
336 4796 434 4851 τοῦ
465 4796 705 4869 Χριστοῦ
726 4795 960 4849 λαλοῦσα
988 4796 1306 4867 μυστήριον.
1325 4797 1465 4850 Ἀλλ’
1491 4797 1640 4851 ὥσπε
1649 4815 1680 4868 ρ
1699 4798 1843 4852 ὀδόν-

1947 4814 2100 4872 gans,
2128 4798 2388 4853 divinitus
2433 4798 2696 4867 inspirata
2746 4797 3048 4868 Scriptura,
3080 4798 3285 4855 Christi
3322 4813 3524 4873 myste-

242 4906 343 4952 τες
376 4891 425 4943 εί
459 4888 681 4943 πάθοιεν
709 4888 800 4942 τὸν
828 4887 1202 4959 γομφιασμδν,
1225 4888 1608 4961 ἀδρανέστεροί
1636 4906 1755 4953 πως
1775 4888 1842 4943 ἂν

1948 4893 2085 4945 rium
2112 4889 2408 4943 disSerens.
2466 4886 2571 4943 Sed
2628 4888 3087 4958 quemadmodum
3144 4892 3356 4957 dentes,
3396 4908 3519 4948 cum

244 4978 365 5035 εἶεν
400 4980 480 5045 εἷς
508 4997 571 5051 γε
603 4981 667 5034 τὸ
690 4980 949 5035 δύνασθαι
988 4980 1413 5051 ωταμασᾶσθαί
1441 4998 1515 5044 τι,
1547 4981 1641 5035 καὶ
1673 4998 1843 5036 κατα-

1946 4984 2367 5053 obstupuerunt,
2394 4980 2782 5037 imbecilliores
2808 4980 2963 5047 ﬁunt,
2996 4996 3156 5052 quam
3181 4992 3241 5038 ut
3263 4984 3522 5042 mandere

243 5072 490 5127 λεαίνειν
512 5074 722 5145 τροφήν
742 5088 756 5103 ’
784 5072 961 5136 οὕτως
990 5072 1086 5127 καὶ
1116 5071 1460 5145 ἀνθρώπινος
1478 5072 1604 5137 νοῦς
1628 5073 1846 5128 κατολι-

1941 5077 2219 5148 quidpiam
2253 5084 2306 5131 et
2339 5076 2516 5130 cibum
2540 5074 2867 5148 eomrnolere
2897 5085 3128 5144 queant;
3164 5078 3243 5134 sic
3277 5089 3331 5133 et
3370 5095 3522 5137 mens

245 5170 467 5241 σθήσας
484 5170 578 5223 ἐπὶ
604 5168 665 5223 τὸ
688 5170 903 5234 άναλκι,
932 5170 1027 5222 καὶ
1046 5167 1109 5223 τδ
1132 5168 1233 5239 τῆς
1253 5168 1484 5232 νωθείας
1507 5168 1763 5241 ἀρῤὠστη
1773 5184 1849 5239 μα

1942 5146 2180 5224 humana
2213 5165 2265 5221 in
2297 5166 2669 5221 intirmitatem
2714 5146 2930 5236 delapsa
2972 5180 3028 5223 et
3053 5166 3285 5240 pigritia:
3332 5172 3522 5226 morbo

244 5259 468 5325 παθὼν,
502 5260 605 5314 οὐκ
649 5260 717 5313 ἂν
749 5260 965 5313 δύναιτο
1009 5261 1110 5331 τῆς
1148 5261 1521 5332 πνευματικῆς
1564 5260 1847 5329 ἐφικέσθαι

1944 5269 2215 5330 correpta,
2257 5259 2325 5313 ad
2374 5259 2710 5328 spiritualem
2767 5258 3130 5329 cognitionem
3180 5262 3511 5331 pertingere,

242 5352 531 5423 γνώσεως,
560 5353 655 5407 καί
684 5371 739 5407 τι
766 5353 877 5407 τῶν
913 5354 974 5407 ἐν
1006 5354 1262 5426 θεωρίαις
1296 5357 1418 5418 ταῖς
1455 5354 1595 5423 ἀγαν
1628 5355 1837 5424 ίσχναϊς

1943 5363 1997 5409 et
2012 5368 2079 5410 ex
2102 5351 2324 5408 theoriis
2341 5351 2495 5407 valde
2510 5350 2794 5407 subtilibus
2811 5350 2878 5406 ad
2893 5351 3300 5407 concoctionem
3319 5351 3519 5423 aliquid

244 5445 332 5508 είς
384 5442 548 5513 πέψιν
600 5443 762 5498 ἑλεῖν.
781 5442 1091 5516 Ἐπαχύνθη
1123 5442 1414 5517 τοιγαροῦν
1443 5445 1476 5515 ἡ
1514 5444 1712 5517 καρδία
1744 5443 1839 5498 τοῦ

1942 5460 2139 5518 capere
2165 5460 2269 5501 non
2286 5445 2505 5515 poterit.
2532 5443 2893 5500 lncrassatum
2916 5451 2998 5500 est
3031 5458 3160 5514 ergo
3189 5461 3284 5498 cor
3316 5445 3479 5500 israel
3502 5463 3518 5513 ;

259 5534 503 5606 Ἰσραὴλ,
535 5534 737 5605 συνῆκε
758 5534 870 5607 γὰρ
895 5535 1149 5607 οὐδαμῶς
1177 5536 1237 5590 τὸ
1256 5535 1493 5607 Χριστοῦ
1520 5536 1835 5608 μυστήριον.

1944 5535 2255 5607 neutiquam
2283 5535 2426 5590 enim
2479 5534 2678 5590 Christi
2730 5534 3045 5606 mysterium
3083 5534 3366 5601 intellexit,
3398 5533 3519 5588 ideo

242 5626 527 5697 Ταύτῃτοι
547 5627 641 5681 καὶ
667 5626 875 5682 ἔνδειαν
904 5627 1087 5699 ἀρτων
1117 5629 1383 5700 ἐσχήκασι
1408 5628 1518 5682 τῶν
1545 5644 1841 5699 πνευματι-

1943 5625 2312 5699 etindigentia
2361 5639 2561 5697 panum
2616 5622 2980 5697 spiritualium
3022 5633 3077 5681 et
3113 5638 3264 5695 aqua:
3291 5620 3518 5693 penuria

324 5805 372 5838 ἰ
396 5800 511 5859 Jac.
543 5818 595 5867 ν,
631 5802 718 5858 i7.
799 5804 841 5836 ιτ
868 5802 933 5858 IV
963 5801 1097 5875 Reg.
1136 5819 1212 5872 vr,
1239 5804 1334 5861 25.
1412 5805 1453 5837 “
1473 5802 1585 5861 Jer.
1621 5819 1732 5871 xiv,
1759 5803 1817 5867 ‘2,
1851 5801 1905 5857 Ξ.
