4068 6584
553 372 669 427 4S3

1586 361 1652 416 S.
1684 359 1973 417 'CYRILLI
2014 358 2489 417 ALEXANDRINI
2528 358 2851 415 ARCHII'II’.

3748 358 3868 412 13%

566 488 899 551 laborarunt,
941 478 1196 549 quoniam
1251 488 1357 530 non
1406 475 1713 532 habuerunt
1767 477 2001 533 Verbum
2049 492 2149 531 uu-

2280 475 2385 540 :th,
2418 474 2513 529 καὶ
2542 474 2731 536 ὕδατος
2757 473 2978 537 σπάνιν,
2999 472 3117 525 ἐπεὶ
3148 471 3222 542 μὴ
3248 470 3429 540 ἔχουσι
3458 473 3550 526 τὸν
3570 473 3866 543 τρέφοντα

569 575 771 637 triens,
811 591 829 623 ι
870 571 1014 643 quod
1070 570 1137 625 de
1183 569 1321 623 caalo
1384 567 1680 631 descendit,
1730 576 1785 621 et
1829 567 1920 620 dat
1981 567 2146 619 vitam

567 666 766 722 mundo
806 666 872 730 '9,
915 682 935 716 ι
974 662 1114 732 quod
1164 661 1335 731 gratia
1399 658 1635 729 Spiritus
1699 659 1909 712 animas
1939 660 2146 726 irrigat,

567 760 772 814 fontem
804 757 984 809 vivum
1020 769 1084 808 ex
1121 751 1233 807 Deo
1294 749 1455 805 Patre
1512 749 1729 815 Filium,
1764 765 1861 819 per
1897 750 2065 820 legem
2096 757 2152 803 et

568 855 859 925 prophetas
883 851 1158 907 solatium.
1206 847 1371 913 Nam,
1407 855 1461 901 ut
1487 847 1654 901 Isaias
1675 844 1750 898 ait
1786 861 1799 896 :
1835 841 2152 896 t'Mandavit

568 946 805 1000 nubibus
842 944 1092 1013 desuper,
1136 953 1203 993 ne
1227 939 1415 1010 pluant
1450 951 1612 1006 super
1636 951 1734 990 eos
1763 934 1986 988 imbrem
2022 932 2088 985 ³ο.
2125 950 2144 981 ι

646 1125 807 1177 Vens.
833 1122 886 1187 9,
919 1120 1004 1175 I0.
1044 1119 1288 1174 Percussi
1324 1134 1412 1172 vos
1468 1118 1520 1170 in
1568 1115 1944 1177 commistione,
1999 1123 2045 1166 et
2098 1113 2151 1165 iu

572 1219 755 1272 ictero.
787 1214 1184 1283 Multiplicastis
1215 1212 1393 1265 hortos
1413 1222 1630 1271 vestros,
1654 1219 1699 1259 et
1731 1208 1905 1259 tineas
1933 1218 2149 1267 vestras,

571 1317 618 1361 et
650 1306 805 1376 ﬁceta
830 1312 1022 1369 vestra,
1047 1313 1095 1357 et
1127 1302 1315 1355 oliveta
1347 1310 1532 1360 vestra,
1557 1314 1670 1368 quia
1687 1297 1950 1351 devoravit
1974 1312 2149 1349 eruca.

576 1398 643 1451 Et
678 1412 840 1467 neque
891 1396 965 1448 sic
1027 1392 1219 1447 reversi
1281 1392 1404 1444 estis
1453 1396 1519 1442 ad
1560 1406 1662 1454 me,
1702 1389 1832 1441 dicit
1874 1387 2151 1440 Dominus.

577 1490 702 1544 Misi
735 1489 791 1541 in
830 1501 917 1539 vos
947 1493 1166 1537 mortem
1198 1483 1253 1535 in
1290 1482 1372 1534 via
1404 1479 1648 1549 zEgypti.
1692 1478 1874 1532 Occidi
1904 1477 2067 1548 293
2100 1478 2153 1530 in

578 1580 758 1653 gladio
771 1578 991 1648 juvenes
1030 1586 1224 1629 vestros
1283 1590 1397 1626 cum
1436 1572 1732 1641 captivitate
1764 1587 2017 1640 equorum
2067 1586 2156 1624 ve-

578 1688 814 1733 strorum
842 1715 858 1738 ,
900 1684 943 1725 et
977 1669 1178 1722 adduxi
1227 1671 1279 1721 iu
1315 1668 1431 1737 igne
1470 1676 1643 1719 castra
1679 1672 1846 1718 vestra
1873 1664 1928 1717 iu
1965 1666 2044 1717 ira
2072 1682 2157 1718 ve-

576 1782 723 1832 atra;
752 1778 802 1823 et
838 1781 1000 1835 neque
1047 1764 1124 1816 sic
1176 1760 1366 1815 reversi
1408 1760 1533 1813 estis
1575 1759 1643 1811 ad
1674 1773 1775 1824 me,
1797 1756 1927 1810 dicit
1966 1757 2153 1811 Domi-

578 1877 699 1916 nus.

658 2033 951 2095 XXXVIII.
990 2032 1092 2102 Qui
1115 2031 1295 2103 poenis
1331 2032 1402 2086 ab
1436 2031 1576 2086 irato
1625 2029 1846 2084 numine
1890 2027 2163 2098 impositis

583 2131 720 2190 nihil
739 2135 1174 2189 eummoventur,
1200 2126 1554 2179 vehementer
1568 2123 1798 2194 supinis,
1826 2122 2068 2192 adeoque
2095 2122 2162 2176 ad

586 2234 857 2295 torporem
906 2229 961 2274 et
988 2218 1237 2273 inertiam
1274 2216 1640 2287 pessundatis,
1676 2222 1735 2268 ut
1756 2216 1823 2269 de
1843 2214 2163 2285 pmniteutia

585 2333 653 2374 ue
702 2315 1089 2387 cogitationem
1138 2313 1357 2381 quidem
1408 2311 1687 2380 suscipere
1739 2310 1928 2374 velint,
1959 2308 2163 2363 nullum

584 2412 754 2481 plagae
772 2423 942 2480 genus
963 2406 1261 2471 suffecerit,
1284 2403 1469 2474 plures
1488 2403 1685 2473 potius,
1713 2410 1769 2457 et
1798 2402 1917 2457 aliae
1934 2401 2055 2457 aliis
2075 2403 2165 2457 de-

585 2503 843 2566 teriores,
875 2509 930 2555 et
966 2500 1033 2554 ad
1098 2497 1341 2553 dolorem
1377 2493 1552 2563 majus
1606 2508 1822 2563 semper
1856 2493 2166 2548 incremen-

589 2605 701 2651 tum
760 2595 1051 2656 habentes,
1122 2588 1442 2643 neeessariae
1500 2594 1646 2641 sunt.
1696 2584 1963 2652 Quoniam
2037 2599 2168 2654 ergo

590 2687 865 2744 lsraelitas
886 2681 1184 2754 indigentia
1210 2680 1366 2749 panis
1388 2687 1444 2733 et
1460 2688 1620 2749 potus
1649 2678 1715 2733 ad
1737 2678 2167 2732 emendationem

590 2795 782 2852 parum
814 2820 830 2846 ,
894 2786 953 2832 ut
1001 2777 1235 2841 videtur,
1280 2774 1671 2845 permovebat,
1729 2772 1831 2826 hoc
1890 2771 2171 2827 molestius

591 2871 848 2941 quiddam
887 2868 1019 2939 ipsis
1049 2865 1313 2932 infertur,
1366 2864 1539 2918 morbi
1573 2862 1825 2918 videlicet
1856 2876 2169 2933 corporum,

592 2964 763 3020 febris
797 2963 1071 3018 etieterus
1109 2960 1223 3029 (qui
1272 2957 1431 3011 aliter
1480 2958 1700 3011 morbus
1750 2966 2045 3025 arquatus,
2075 2971 2171 3011 seu

596 3055 777 3125 regius
804 3053 1102 3122 vocatur)!
1126 3052 1238 3107 Hoc
1266 3062 1318 3106 et
1371 3065 1467 3121 per
1511 3047 1803 3105 Jeremiam
1856 3050 2171 3119 praedictum

2189 1830 2231 1885 Β

2251 567 2422 635 Λόγον
2466 586 2484 618 ι
2516 567 2619 620 Τὸν
2648 566 2707 633 ἐξ
2735 562 2965 635 οὐρανοῦ
2992 562 3426 633 καταϐεϐηκότα,
3454 566 3547 616 καὶ
3575 562 3730 633 ζωὴν
3774 562 3866 614 δι-

2250 658 2409 712 δόντα
2465 657 2544 728 τῷ
2597 658 2808 727 κόσμῳ,
2838 675 2857 707 ι
2895 655 2986 709 τὸν
3029 654 3364 726 κατάρδοντα
3407 655 3584 725 ψυχὰς
3632 659 3703 726 τῇ
3761 653 3865 706 τοῦ

2252 748 2393 804 Πνεύ
2404 767 2572 820 ματος
2594 749 2803 821 χάριτι,
2826 749 2925 818 τὴν
2951 746 3131 811 ζῶσαν
3159 746 3365 817 πηγὴν,
3384 747 3474 800 τὸν
3499 749 3563 800 ὲκ
3584 748 3681 801 τοῦ
3708 744 3864 799 Θεοῦ

2254 841 2467 911 Πατρὸς
2502 841 2649 905 rem,
2680 839 2777 911 τὴν
2806 838 2893 891 διὰ
2923 838 3089 908 νόμον
3116 838 3210 890 καὶ
3236 837 3530 909 προφητῶν
3548 836 3865 909 παράκληο

2254 950 2358 987 σιν.
2377 934 2462 995 Ὠς
2487 933 2597 1003 γὰρ
2619 934 2646 984 ὁ
2672 933 2955 1003 προφήτης
2986 931 3149 1000 φησὶν
3184 931 3435 997 Ἡσαΐας,
3469 950 3487 981 ι
3510 930 3867 984 Ἐνετεῖλατο

2254 1028 2374 1090 ταῖς
2404 1024 2656 1094 νεφέλαις
2679 1024 2774 1077 τοῦ
2809 1025 2884 1096 μὴ
2922 1024 3109 1096 βρέξαι
3137 1024 3224 1077 ἐπ’
3258 1024 3421 1077 αὑτὸν
3450 1024 3627 1078 ὑετόν.
3662 1044 3681 1076 ι

2341 1116 2641 1182 Ἐπάταξα
2668 1114 2824 1186 ὑμᾶς
2851 1116 2921 1169 ἐν
2944 1114 3228 1184 πυρώσει,
3251 1114 3349 1168 καὶ
3380 1116 3607 1184 maps).
3626 1117 3866 1182 Ἐπληο

2255 1209 2474 1263 θύνατε
2504 1207 2744 1278 κήπους
2772 1207 2962 1277 ὑμῶν,
2998 1206 3096 1262 καὶ
3134 1207 3494 1276 ἀμπελῶνας
3524 1207 3719 1278 ὑμῶν,
3759 1208 3865 1260 καί

2254 1299 2538 1365 συκῶνας
2581 1296 2750 1368 ὑμῶν
2779 1340 2794 1363 ,
2844 1297 2945 1351 καὶ
2993 1297 3284 1365 ἐλαιῶνας
3348 1296 3531 1367 ὑμῶν.
3591 1300 3867 1363 Teutam;

2258 1388 2598 1459 κατέφαγεν
2626 1390 2663 1456 ὴ
2694 1388 2922 1458 κάμπη.
2943 1389 3053 1443 Καὶ
3079 1389 3207 1443 οὐδ’
3226 1390 3415 1457 οὓτως
3432 1390 3866 1458 ἐπεστρέψατε

2256 1484 2408 1551 πρός
2459 1499 2557 1551 με,
2589 1481 2755 1551 ,λέγει
2804 1483 3042 1551 Κύριος.
3079 1482 3510 1546 Ἑξαπέστειλα
3554 1484 3645 1548 εὶς
3695 1482 3868 1551 ὑμᾶς

2258 1576 2522 1629 θάνατον·
2547 1575 2618 1629 ἐν
2637 1573 2755 1640 ὀδῷ
2779 1575 3105 1644 Αἰγύπτου,
3133 1574 3460 1629 ἀπέκτεινα
3490 1575 3560 1628 ἐν
3578 1577 3868 1644 ,ῥομφαίᾳ

2259 1667 2401 1733 τοὺς
2433 1668 2799 1735 νεανίσκους
2836 1665 3005 1737 ὑμῶν
3025 1666 3176 1736 μετὰ
3209 1668 3627 1737 αἰχμαλωσίας
3654 1668 3867 1720 ἳππων

2260 1757 2449 1827 ὑμῶν,
2480 1757 2581 1811 καὶ
2628 1756 2938 1829 ἀνήγαγον
2993 1758 3063 1813 ἐν
3114 1758 3259 1827 πυρὶ
3312 1758 3419 1825 τὰς
3470 1760 3864 1828 παρεμϐολὰς

2261 1857 2429 1928 ὑμῶν
2454 1860 2525 1912 ἐν
2552 1858 2627 1927 τῇ
2655 1857 2805 1928 ὀργῇ
2836 1856 3023 1927 ὑμῶν,
3056 1858 3155 1912 καὶ
3192 1857 3321 1913 οὐδ’
3347 1859 3540 1926 οὕτως
3564 1859 3865 1928 ὲπεστρέσ

2258 1955 2415 2021 ’φατε
2446 1952 2599 2020 πρός
2630 1968 2732 2021 με,
2768 1952 2933 2021 λέγει
2969 1952 3223 2019 Κύριος.¹

2332 2046 2462 2100 Aﬂ'.
2503 2046 2629 2109 Τοῖς
2682 2044 3006 2115 ἀναλγήτως
3053 2044 3240 2114 ἔχουσι
3291 2043 3418 2117 περὶ
3468 2042 3538 2097 τὰ
3578 2042 3645 2108 ἐξ
3692 2042 3867 2114 ὀργῆς

2264 2137 2651 2210 συμϐαίνοντα,
2685 2137 2782 2190 καὶ
2830 2136 2966 2190 πολὺ
3014 2136 3137 2189 λίαν
3192 2136 3607 2208 ὑπτιουμένοις,
3661 2135 3868 2189 άναπί-

2265 2246 2459 2283 πτουσι
2487 2228 2544 2282 δὲ
2577 2228 2675 2281 καὶ
2696 2228 2838 2281 οὕτω
2878 2228 3015 2300 πρὸς
3038 2228 3099 2280 τὸ
3127 2227 3369 2300 ῥᾴθυμον
3397 2227 3497 2293 ἑτι,
3525 2227 3601 2291 ὡς
3631 2226 3700 2279 τὸ
3729 2226 3869 2297 χρῆ·

2267 2340 2352 2376 ναι
2387 2322 2666 2391 μετανοεῖν
2698 2320 2820 2373 οὐδὲ
2873 2321 2955 2383 είς
2999 2318 3124 2373 νοῦν
3168 2320 3312 2390 ἔχειν
3363 2320 3571 2387 ἀξιοῦν,
3609 2320 3866 2390 ἀρέσειεν

2266 2414 2332 2469 ἂν
2359 2413 2533 2477 οὐδεὶς
2562 2412 2657 2466 τοῦ
2686 2411 3018 2483 πλήττεσθαι
3046 2412 3269 2484 τρόπος,
3298 2412 3515 2475 πλείους
3542 2411 3601 2464 δὲ
3635 2410 3866 2482 μᾶλλον,

2267 2507 2362 2560 καὶ
2390 2505 2636 2577 ἀλλήλων
2665 2504 2885 2578 χείρους
2927 2504 3065 2577 πρὸς
3110 2504 3173 2558 τὸ
3213 2504 3293 2558 ἔτι
3328 2504 3597 2576 μειζόνως
3630 2504 3868 2557 κατα-λιιι

2269 2597 2405 2653 ποῦν
2439 2597 2653 2668 ἔχοντες
2698 2597 2798 2668 τὴν
2845 2595 3109 2651 ἐπίδοσιν.
3143 2596 3353 2650 Οὐκοῦν
3403 2596 3715 2665 ἐπειδήπερ
3758 2595 3869 2656 τοῖς

2270 2690 2329 2755 ἐξ
2372 2689 2587 2761 Ἰσραὴλ
2639 2687 2834 2759 μικρὸν
2879 2683 2948 2759 ἦν
2996 2688 3140 2760 τάχα
3187 2687 3323 2758 πρὸς
3380 2684 3871 2755 ὲπανόρθωσινηδ

2271 2768 2499 2846 ἐνδείαις
2538 2781 2704 2852 ἄρτου
2747 2779 3101 2851 πορεύεσθαι,
3130 2780 3222 2833 καὶ
3255 2779 3456 2844 ποτῶν,
3504 2780 3870 2849 ὲπενήνεκται

2270 2877 2332 2930 τὸ
2370 2877 2561 2930 παθεῖν
2607 2876 2702 2929 καὶ⁸
2727 2874 2789 2928 τὸ
2817 2874 2897 2928 ἔτι
2932 2874 3123 2927 τούτου
3165 2871 3590 2945 φορτικώτερον,
3616 2874 3651 2941 ή
3691 2871 3871 2956 αὐτῶν

2274 2968 2532 3024 ἀσθένεια
2571 2967 2680 3021 τῶν
2720 2967 2989 3038 σωμάτων
3012 3006 3027 3030 ,
3069 2965 3143 3028 ὡς
3179 2966 3238 3018 ἐν
3269 2963 3490 3037 πυρετῷ
3527 2964 3625 3016 καὶ
3671 2962 3872 3033 ἰκτέρῳ

2281 3060 2683 3131 συμϐαίνουσα.
2716 3058 2887 3111 Τοῦτο
2913 3058 3007 3110 καί
3037 3055 3126 3110 διὰ
3161 3056 3344 3126 φωνῆς
3390 3052 3657 3125 Ἰερεμίου
3713 3053 3871 3106 πάλιν

595 3156 700 3212 est,
731 3146 809 3201 ait
836 3146 979 3202 enim
1013 3160 1027 3197 :
1066 3161 1084 3195 ι
1128 3141 1253 3197 ιιωο
1283 3142 1413 3196 dicit
1448 3142 1705 3197 Dominus
1734 3158 1748 3196 :
1781 3141 1918 3196 Ecce
1957 3155 2058 3210 ego
2104 3140 2174 3195 do

2280 3152 2755 3225 εὑρήσομεν.Ἔφη
2797 3150 2927 3220 γὰρ,
2955 3151 3037 3203 ὅτι
3072 3169 3091 3201 ι
3124 3148 3264 3203 Τάδε
3293 3148 3443 3215 λέγει
3470 3148 3703 3217 Κύριος·
3746 3146 3871 3199 Ἰδοὺ

595 3253 758 3310 super
781 3236 1035 3309 populum
1062 3238 1223 3292 istum
1250 3235 1646 3299 inﬁrmitatem,
1676 3241 1731 3288 et
1755 3232 2174 3287 intirmahuntur

598 3333 654 3387 in
704 3346 770 3386 ea
804 3340 987 3400 patres
1026 3337 1080 3383 et
1129 3328 1226 3382 ﬁlii
1279 3325 1485 3391 simul;
1540 3325 1752 3380 virinus
1795 3333 1850 3380 et
1896 3323 2175 3394 proximus

599 3417 714 3489 ejus
740 3417 992 3489 peribunt
1023 3417 1089 3469 “.
1117 3436 1135 3469 ι
1174 3416 1237 3471 Ει
1265 3416 1392 3486 quia
1419 3415 1666 3485 turpibus
1694 3414 1857 3470 etiam
1882 3414 2177 3486 quastibus

601 3518 757 3566 erant
783 3509 1003 3576 addicti,
1031 3518 1085 3563 et
1120 3512 1171 3563 in
1216 3509 1441 3577 pecunia
1474 3509 1639 3562 multa
1691 3507 1936 3563 facienda
1991 3507 2176 3562 animo

601 3613 656 3658 et
680 3603 1006 3673 cogitatione
1031 3600 1300 3671 occupati,
1345 3601 1573 3671 ideoque
1610 3602 1814 3665 hortos,
1865 3607 1917 3654 et
1968 3599 2177 3663 vineas,

602 3705 659 3752 et
683 3694 859 3759 liceta,
897 3704 953 3750 et
998 3694 1201 3749 oliveta
1258 3694 1658 3763 conquirebant
1689 3735 1704 3759 ,
1758 3692 1933 3762 tetigit
1974 3701 2029 3748 et
2065 3694 2179 3749 IIEBC

604 3787 766 3852 Deus,
794 3802 888 3857 per
919 3802 1037 3856 qua:
1066 3802 1173 3840 non
1200 3785 1459 3840 mediocri
1501 3784 1688 3838 dolore
1715 3782 1898 3838 ali‘ecti
1925 3822 1940 3849 ,
1982 3784 2048 3838 ad
2088 3800 2177 3839 sa-

606 3880 827 3935 nitatem
865 3880 1062 3934 meutis
1092 3878 1270 3934 redire
1301 3887 1547 3948 possent,
1595 3883 1648 3932 et
1676 3892 1772 3947 pro
1819 3876 1996 3932 noxiis
2042 3878 2185 3932 salu-

608 3972 745 4029 taria
792 3970 1023 4039 eligere,
1058 3985 1245 4040 pmnas
1292 3971 1396 4025 illis
1430 3968 1778 4023 accumulans
1807 4009 1823 4035 ,
1866 3978 1922 4022 ut
1952 3969 2187 4039 undique

608 4065 851 4135 percussi
874 4064 1235 4118 salvarentur.
1269 4062 1405 4128 Quia
1431 4072 1607 4115 tamen
1631 4068 1685 4115 et
1718 4063 1817 4115 hoc
1833 4076 2019 4131 parum
2045 4073 2183 4127 erat,

610 4157 852 4212 additum
887 4164 967 4211 est
1012 4154 1204 4226 majus.
1257 4155 1483 4222 Quando
1533 4154 1712 4218 enim,
1757 4154 1949 4223 inquit,
2005 4168 2186 4209 meam

612 4254 1019 4302 contemnentes
1042 4261 1287 4309 manum,
1331 4255 1539 4298 tantum
1572 4260 1677 4299 non
1722 4243 1891 4299 Deum
1938 4246 2190 4315 omnipo-

617 4346 815 4393 tentem
852 4337 1238 4393 imbecillitatis
1274 4346 1591 4407 arguentes,
1625 4338 1690 4390 ad
1721 4336 2007 4409 Egyptios
2054 4338 2191 4392 abii-

616 4428 719 4484 stis
742 4466 757 4494 ,
791 4442 1168 4497 equorumque
1190 4440 1387 4481 carnes
1412 4440 1510 4495 pro
1544 4425 1912 4481 sollicitudine
1944 4442 2069 4498 erga
2097 4442 2191 4483 vos

2274 3245 2387 3315 ἐγὼ
2420 3245 2617 3316 δίδωμι
2644 3243 2736 3298 ἐπὶ
2757 3243 2849 3297 τὸν
2880 3242 3006 3297 λαὸν
3040 3241 3228 3296 τοῦτον
3253 3240 3566 3305 ἀσθένειαν,
3592 3240 3689 3293 καὶ
3714 3238 3873 3293 ἀσθε-

2276 3338 2537 3407 νήσουσιν
2568 3337 2626 3388 ὲν
2656 3335 2796 3406 αὐτῇ
2833 3334 3094 3405 πατέρες,
3126 3333 3219 3388 καὶ
3245 3334 3370 3398 υἱοὶ,
3395 3333 3512 3404 ἅμα
3540 3331 3873 3399 yet-atomum

2275 3431 2304 3482 ὁ
2347 3426 2577 3498 πλησίον
2626 3426 2793 3480 αὐτοῦ
2842 3425 3143 3478 ἀπολεῖται.
3178 3445 3196 3476 ι
3247 3425 3465 3493 Ἐπειδὴ
3506 3424 3565 3477 δὲ
3608 3419 3754 3494 ἦσαν
3783 3423 3873 3475 καὶ

2278 3520 2522 3592 αἰσχρῶν
2566 3518 2871 3590 λημμάτων
2916 3516 3245 3589 ἡττώμενοι,
3276 3515 3373 3571 καὶ
3406 3516 3541 3570 πολὺ
3584 3515 3872 3586 βλέποντες

2279 3616 2359 3677 είς
2397 3611 2765 3684 φιλοκερδίας,
2796 3612 2971 3682 ταύτῃ
3008 3628 3067 3663 τε
3104 3608 3466 3680 πληθύνοντες
3514 3610 3750 3678 κήπους,
3785 3607 3875 3661 καὶ

2280 3704 2631 3777 ἀμπελῶνας,
2674 3703 2924 3766 συκῶνὰς
2971 3718 3031 3754 τε
3077 3702 3173 3755 καὶ
3219 3700 3507 3765 ὲλαιῶνας,
3556 3699 3743 3771 ἥψατο
3783 3700 3873 3751 καὶ

2281 3798 2448 3853 τῶνδε
2473 3799 2629 3863 Θεὸς,
2661 3796 2730 3850 δι’
2760 3790 2836 3850 ὧν
2862 3791 2932 3866 ἦν
2971 3796 3032 3849 οὐ
3069 3795 3305 3867 μετρίως
3340 3794 3769 3865 κατηλγηκὸτας
3800 3795 3874 3855 εὶς

2285 3891 2409 3946 νοῦν
2452 3891 2752 3962 ἐπανήκειν
2798 3890 2889 3943 τὸν
2949 3886 3223 3959 σώφρονα,
3257 3889 3352 3942 καὶ
3402 3886 3732 3942 ἀνθελέσθαι
3785 3884 3871 3940 τοῦ

2283 3983 2525 4056 χείρονος
2544 3983 2604 4037 τὸ
2632 3982 2933 4054 συμφέρον,
2968 3980 3320 4052 ὲπισωρεύων
3354 3981 3539 4043 αὐτοῖς
3561 3981 3653 4034 ἵνα
3679 3996 3875 4034 παντα-

2285 4075 2446 4146 χόθεν
2480 4073 2843 4145 πληττόμενοι
2892 4071 3171 4137 σώζοιντο.
3218 4071 3434 4143 Μικροῢ
3483 4072 3541 4124 δὲ
3588 4073 3745 4135 δντος
3787 4070 3873 4124 καὶ

2286 4167 2497 4231 τούτου,
2515 4166 3015 4237 προσεπενήνεκται
3033 4164 3128 4218 καὶ
3142 4164 3204 4217 τὸ
3220 4164 3562 4235 μεῖζον.”οτε
3578 4164 3715 4233 γάρ,
3730 4163 3872 4235 φησὶ,

2287 4260 2385 4330 τὴν
2438 4258 2578 4330 ἐμὴν
2625 4258 2986 4329 ἀτιμάζοντες
3034 4261 3219 4329 χεῖρα,
3275 4256 3559 4327 μονονουχὶ
3606 4256 3747 4309 Θεοῦ
3787 4255 3873 4308 τοῦ

2291 4349 2469 4403 πάντα
2518 4346 2792 4418 ἰσχύοντος
2836 4348 2897 4401 τὺ
2945 4348 3141 4403 ἄναλκι
3173 4345 3591 4418 καθορίξοντες,
3644 4347 3746 4418 τήν
3768 4347 3872 4401 ὁδὸν

2295 4438 2599 4510 πεποιῆσθε
2632 4437 2733 4511 τὴν
2767 4438 2903 4510 πρὸς
2927 4437 3284 4507 Αἰγυπτίους,
3312 4436 3495 4490 ἵππων
3543 4436 3758 4508 σάρκας
3784 4437 3876 4506 τῆς

618 4535 735 4576 mea
770 4519 1030 4590 elegistis,
1065 4528 1120 4574 et
1146 4515 1464 4588 IEgyptium
1497 4518 1770 4573 hominem
1813 4519 1941 4573 mihi
1980 4529 2174 4590 praetu-

2297 4533 2425 4603 παρ’
2449 4531 2583 4601 ἐμοῦ
2616 4530 2896 4602 φροντίδος
2923 4530 3309 4601 ἀνθῃρημένοι,
3336 4528 3432 4582 καὶ
3464 4528 3766 4597 Αίγύπτιον
3788 4529 3874 4584 ἄν·

618 4612 778 4678 listis,
803 4621 930 4667 tunc
957 4625 1109 4676 sane,
1128 4619 1254 4664 tunc
1275 4607 1698 4681 Babyloniorum
1728 4610 2039 4681 rhomphaaa
2069 4611 2186 4666 bel-

618 4705 1002 4761 lieosissimum
1035 4717 1207 4774 genus
1262 4710 1637 4772 consumptum
1664 4712 1747 4758 est
1776 4740 1792 4767 ,
1846 4712 1989 4758 totus
2020 4713 2197 4758 vester

618 4796 893 4865 equitatus
932 4794 1179 4862 captivus
1200 4802 1283 4848 est
1313 4793 1509 4862 Iactus,
1544 4792 1863 4848 debilitante
1887 4791 1997 4849 Deo
2025 4796 2190 4848 etiam

621 4889 712 4957 qui
765 4886 831 4940 ad
867 4885 1094 4955 gloriam
1130 4885 1369 4955 grassari
1422 4894 1733 4949 noverant,
1781 4891 1837 4938 et
1878 4884 2119 4940 victoriis
2169 4900 2200 4939 c

622 4995 797 5051 pugna
829 4980 1170 5049 reportandis
1222 4990 1595 5034 assueverant.
1643 4976 1915 5049 Intelliges
1931 4988 2111 5033 autem
2146 4987 2199 5031 et

623 5075 783 5128 aliter
814 5073 964 5139 illud,
1006 5092 1024 5123 ι
1060 5070 1182 5127 Misi
1222 5073 1288 5127 ad
1314 5088 1410 5128 vos
1436 5081 1663 5128 mortem
1690 5072 1741 5126 in
1766 5073 1853 5126 via
1881 5071 2129 5143 Egypti.
2168 5090 2185 5124 ι

622 5164 769 5221 Josia
808 5172 1068 5235 regnante
1099 5179 1261 5235 super
1295 5162 1511 5229 Iudam,
1537 5163 1688 5218 duxit
1733 5175 1921 5218 contra
1966 5163 2198 5235 Babylo-

624 5273 745 5313 nem
780 5255 988 5310 Pharao
1018 5254 1232 5310 Nechao
1256 5254 1632 5326 [Egyptiorum
1663 5265 1924 5325 tyrannus
1956 5257 2021 5310 ¹¹.
2058 5256 2195 5323 Quia

625 5366 755 5405 vero
787 5366 883 5420 per
920 5348 1159 5405 Iudaeam
1192 5347 1426 5403 transire
1456 5348 1761 5417 oportebat,
1798 5358 1949 5404 ratus
1997 5346 2198 5413 Josias,

624 5444 727 5501 iter
755 5441 1085 5514 Babylonem
1105 5456 1295 5496 versus
1319 5440 1693 5494 tantummodo
1719 5450 2037 5509 praetextum
2061 5454 2200 5506 esse,

622 5546 679 5593 et
730 5545 919 5592 contra
972 5550 1031 5589 se
1084 5548 1235 5588 arma
1273 5533 1571 5602 sumpsisse
1602 5531 1921 5604 Egyptinm
1951 5573 1966 5600 ,
2002 5541 2205 5587 temere

626 5644 749 5685 cum
796 5626 1039 5684 exercitu
1073 5625 1331 5693 occurrit,
1396 5636 1451 5682 et
1511 5626 1675 5682 Israel
1726 5625 1973 5696 oppetiit.
2039 5623 2204 5697 294

704 5804 917 5861 "Joan.
948 5821 1023 5875 Vl,
1054 5805 1145 5861 35.
1224 5806 1269 5837 ’θ
1299 5806 1399 5863 Isa.
1438 5823 1489 5875 ν,
1522 5807 1573 5861 6.
1654 5808 1694 5839 ²¹
1722 5805 1833 5861 Jer.
1869 5822 1941 5871 vt,
1970 5807 2059 5859 2|.

2302 4624 2521 4693 θρωπον
2558 4621 3043 4694 προτετιμηκότες,
3077 4621 3199 4674 τότε
3232 4621 3297 4692 δὴ
3324 4619 3447 4674 τότε
3495 4621 3873 4691 δεδαπάνηται,

2303 4715 2486 4786 φησὶν,
2519 4714 2623 4767 ὑπὸ
2650 4717 2748 4785 τῆς
2774 4714 2884 4767 τῶν
2917 4711 3271 4767 Βαϐυλωνίων
3311 4713 3589 4784 ῥομφαίας
3628 4714 3695 4766 τὸ
3731 4731 3877 4784 μαμ-

2308 4810 2556 4876 μώτατον
2589 4807 2765 4875 γένος.
2794 4807 2903 4861 Καὶ
2928 4805 3073 4869 ἄπας
3096 4805 3252 4876 ὑμῶν
3278 4805 3514 4876 ἱππότης
3542 4806 3877 4877 αίχμάλωτος

2305 4893 2397 4968 ἦν,
2432 4896 2860 4967 ἀπονευροῦντος
2897 4895 3056 4963 Θεοῦ,
3096 4894 3193 4948 καὶ
3240 4896 3368 4959 τοὺς
3417 4895 3630 4958 εἰδότας
3683 4896 3875 4949 εὐδοκι-

2310 4992 2449 5060 μεῖν,
2491 4988 2586 5042 καὶ
2614 4989 2714 5041 οὐκ
2742 4987 3078 5058 ἀμελέτητον
3118 4986 3341 5057 ἔχοντας
3387 4987 3450 5039 τὸ
3491 4987 3654 5058 νικᾷν
3684 4987 3744 5039 ὲν
3784 4986 3877 5056 μά-

2305 5095 2448 5148 χαις.
2493 5078 2751 5148 Συνήσεις
2796 5077 2853 5131 δὲ
2900 5078 2996 5130 καὶ
3039 5078 3238 5149 ἑτέρως
3288 5077 3371 5141 τὸ,
3404 5076 3775 5131 ι’Λπέστειλα
3808 5077 3877 5139 είς

2306 5171 2449 5241 ὑμᾶς
2480 5168 2708 5224 θάνατον
2741 5170 2797 5221 ὲν
2821 5169 2926 5239 ὁδῷ
2954 5168 3254 5237 Αίγύπτου.
3284 5189 3303 5221 ι
3346 5169 3553 5223 Ἰωσίου
3580 5168 3876 5238 βασιλεύον-

2303 5279 2396 5325 τος
2428 5263 2521 5315 ὲπὶ
2566 5262 2657 5316 τὸν
2696 5261 2915 5325 Ἰούδαν,
2962 5262 3401 5332 κατεστράτευσε
3438 5262 3540 5331 τῆς
3574 5262 3877 5324 Βαϐυλῶνος

2303 5351 2504 5424 Φαραὼ
2527 5352 2747 5424 Νεχαὼ,
2775 5352 2875 5423 τῆς
2902 5355 3215 5423 Αἰγυπτίων
3258 5356 3286 5407 ὁ
3323 5354 3714 5426 τύραννος.Ὥς
3742 5356 3797 5409 δὲ
3818 5350 3877 5423 ἦν

2306 5445 2518 5516 ἀνάγκη
2575 5445 2665 5499 διὰ
2700 5448 2798 5518 τῆς
2839 5445 3108 5501 Ἰουδαίων
3146 5447 3311 5501 αὑτὸν
3357 5446 3734 5519 παρέρχεσθαι
3769 5446 3876 5515 γῆς,

2305 5535 2510 5606 οἰηθεὶς
2529 5537 2557 5589 ὁ
2582 5535 2791 5600 Ἰωσίας
2819 5536 3020 5607 σκῆψιν
3052 5539 3151 5608 μὲν
3178 5534 3318 5591 εἶναι
3347 5538 3443 5609 τὴν
3469 5540 3563 5591 ἐπὶ
3598 5537 3876 5592 Βαϐυλῶνα
3980 5592 3981 5595 η

2306 5627 2444 5694 ὁδὸν,
2476 5626 2745 5681 ὡπλίσθαι
2770 5628 2826 5681 δὲ
2855 5630 2977 5683 κατ’
3008 5630 3171 5683 αὑτοῦ
3206 5630 3296 5685 τὸν
3321 5630 3641 5700 Αίγύπτιον,
3676 5628 3877 5694 ἀντεξά-

2136 5806 2180 5836 ⁹¹
2208 5803 2270 5862 ιν
2307 5805 2442 5877 Reg.
2476 5823 2631 5869 χχιιι,
2668 5807 2887 5878 passim.
