4068 6540
173 374 297 431 ⁴85

1153 373 1709 432 COMMENTARIUS
1746 373 1814 430 IN
1861 375 2045 433 AMOS
2086 377 2532 433 PROPHETAM.

3272 374 3497 452 διεδί

175 506 273 558 γει
323 488 669 560 παραλόγως.
702 489 849 541 Ἐκεῖ
894 490 1185 542 πέπτωκεν
1230 493 1258 543 ὁ
1295 491 1529 562 Ἰσραήλ.
1565 490 1775 545 Οὐκοῦν

1883 491 2062 561 Itaque
2107 513 2125 545 ι
2192 495 2432 560 luunisi,
2493 494 2685 563 inquit,
2728 492 2780 545 in
2832 506 2926 545 vos
2978 499 3205 546 mortem
3262 491 3316 545 in
3367 492 3451 545 via

182 599 199 631 ι
226 580 643 646 Ἐξαπέστειλα,
677 579 864 650 φησὶν,
902 581 978 642 εἰς
1026 580 1170 649 ὑμᾶς
1197 580 1427 633 θάνατον
1459 584 1515 634 ἐν
1542 581 1645 651 ὁδῷ
1671 582 1766 633 Αί-

171 672 431 742 γύπτου,
462 694 479 724 ι
528 673 840 732 τουτέστιν,
897 673 955 723 ἐν
1007 673 1224 743 παρόδῳ
1273 674 1380 726 τῶν
1432 674 1766 740 Αἰγυπτίων,

180 785 200 817 ι
232 766 361 819 τότε
393 767 487 819 καὶ
513 766 790 835 ἀνήγαγον
816 766 875 818 ὲν
907 765 1041 836 πυρὶ
1061 765 1159 828 τὰς
1182 765 1533 835 παρεμϐολάς
1558 764 1764 836 ύμῶν,›

174 856 309 909 ἀντὶ
347 856 461 918 τοῦ,
497 858 560 908 ὲκ
604 853 819 925 βάθρων
870 854 1155 924 ἀνέσκαψα
1210 855 1309 918 τὰς
1351 854 1769 924 ’τετειχισμένας

177 946 363 1016 ὑμῶν,
396 948 489 1001 κα)⁸
536 947 946 1019 εὐπυργοτάτας
981 946 1341 1015 πόλεις.Ἔφη
1386 946 1443 999 δὲ
1491 945 1649 998 τοῦτο
1678 946 1772 998 καὶ

176 1039 239 1089 ὲν
268 1041 438 1109 ἀρχῇ,
475 1058 493 1089 ι
524 1040 634 1092 Καὶ.
672 1036 945 1110 ἐπορεύθη
980 1038 1222 1109 Ἐφραῖμ
1262 1037 1397 1109 πρὸς
1430 1038 1770 1108 Ἀσσυρίους,

180 1130 281 1182 καὶ
319 1130 523 1193 Ἰούδας
565 1129 835 1201 ἐπλήθυνε
884 1130 1070 1193 πόλεις
1106 1129 1536 1199 τετειχισμένας,
1563 1130 1654 1183 καὶ
1683 1129 1772 1195 ἐξ-

179 1222 470 1275 αποστελῶ
512 1222 620 1293 πῦρ
655 1225 733 1286 είς
756 1222 858 1287 τὰς
888 1223 1073 1285 πόλεις
1102 1222 1305 1287 αὐτῶν,
1333 1223 1428 1275 καὶ
1470 1223 1776 1291 καταφάγε-

148 1296 272 1366 ίται
306 1313 537 1384 θεμέλια
569 1314 770 1367 αὐτῶν.
805 1333 823 1365 ι
881 1313 1090 1367 Οὐκοῦν
1120 1312 1180 1377 ἐξ
1211 1312 1415 1376 αὐτῶν,
1445 1314 1600 1383 φησὶ,
1647 1331 1775 1366 κατι-

178 1404 379 1459 ἑσεισα
411 1407 628 1477 βάθρων
654 1406 753 1471 τὰς
782 1408 1132 1477 ὀχυρωτάτας
1171 1404 1324 1475 ὑμῶν
1367 1405 1570 1468 πόλεις,
1619 1424 1636 1458 ι
1667 1407 1775 1459 Καὶ

178 1498 295 1552 οὐδ’
328 1498 503 1561 οὕτως
535 1498 929 1569 ἐπεστρέψατε,
956 1497 1105 1565 λέγει
1142 1495 1366 1567 Κύριος.
1400 1515 1419 1547 ι

255 1616 654 1684 Κατέστρεψα
683 1613 838 1684 ὑμᾶς
874 1613 1071 1680 καθὼς
1112 1611 1523 1682 κατέστρεψεν
1561 1615 1775 1683 Κύριος

179 1704 425 1773 Σόδομα
452 1705 549 1758 καὶ
584 1705 885 1773 Γόμορῤα,
912 1704 1009 1757 καὶ
1034 1704 1317 1773 ἐγένεσθε
1355 1703 1436 1768 ὡς
1459 1702 1646 1768 δαλὸς
1681 1705 1777 1767 ἐξ·

176 1794 575 1864 εσπασμένος
617 1796 736 1849 ἀπὸ
775 1795 1082 1860 καύσεως,
1139 1793 1237 1847 καὶ
1285 1792 1412 1847 οὐδ’
1441 1793 1630 1860 οὕτως
1676 1794 1776 1847 ἐπ-

177 1886 523 1956 εστρέψατε
552 1888 703 1955 πρός
727 1903 823 1957 με,
855 1886 1019 1958 λέγει
1046 1886 1283 1955 Κύριος.

253 2002 387 2057 ΛΘ’.
430 2000 722 2070 Οὐδεμίαν,
772 2000 957 2073 φησὶν,
993 2001 1051 2053 ὲν
1100 1999 1230 2069 ὑμῖν
1272 1998 1373 2070 τὴν
1409 1998 1781 2074 ἐπανόρθωσιν

182 2080 429 2162 βλέπων,
461 2093 823 2165 προστέθεικα
857 2094 979 2149 ταῖς
1009 2092 1200 2162 όργαῖς
1232 2090 1327 2143 καὶ
1350 2090 1420 2144 τά
1458 2090 1541 2144 ἔτι
1577 2090 1781 2145 τούτων

179 2185 575 2255 ἀπηνέστερα,
623 2184 718 2237 καὶ
766 2183 1107 2255 θερμοτέραν
1155 2181 1463 2252 πεποίημαι
1504 2181 1602 2254 τὴν
1658 2183 1780 2236 καθ’

181 2278 345 2350 ὑμῶν
374 2280 768 2350 ἀγανάκτησιν.
802 2278 1169 2350 Κατέστρεψα
1218 2280 1325 2349 γάρ
1346 2280 1421 2343 ὡς
1452 2279 1661 2350 Σόδομα
1687 2281 1783 2335 καὶ

181 2369 471 2441 Γόμορρα,
501 2370 598 2424 καὶ
630 2370 729 2422 οὑκ
755 2371 1345 2442 ὲπεστρέψατε.Ἔοικε
1380 2371 1449 2424 δὲ.
1471 2372 1569 2442 τὴν
1596 2372 1781 2426 τελευ-

182 2460 347 2514 ταίαν
404 2462 461 2513 ὲν
512 2459 723 2524 τούτοις
768 2462 903 2531 ἡμῖν
946 2462 1212 2533 πόρθησιν
1244 2462 1565 2532 ύποδηλοῦν,
1590 2464 1689 2534 τήν
1725 2466 1782 2516 ἐν

183 2554 407 2622 καιροῖς
447 2552 709 2623 Ἱερεμίου
760 2552 850 2605 διὰ
900 2555 1081 2624 χειρὸς
1117 2555 1590 2627 Ναϐουχοδονόσορ
1620 2573 1781 2625 γεγε-

184 2642 454 2714 νημένην,
493 2643 553 2708 ὃς
599 2646 779 2698 πᾶσαν
811 2638 923 2697 εἷλε
974 2646 1071 2716 τήν
1105 2647 1385 2709 Ἰουδαίαν,
1425 2647 1691 2720 ἐνέπρησε
1725 2650 1783 2703 δὲ

185 2736 279 2789 καὶ
334 2736 480 2789 αὐτὰ
526 2737 596 2789 τὰ
637 2735 1004 2808 Ἱεροσόλυμα,
1032 2740 1126 2792 καὶ
1155 2740 1253 2804 τὰς
1286 2740 1597 2812 περιοίκους
1640 2742 1780 2813 αὐτῇ

186 2830 381 2894 πόλεις
416 2848 475 2883 τε
515 2831 609 2885 καὶ
651 2828 864 2901 κώμας,
897 2830 991 2884 καὶ
1017 2830 1180 2884 αὐτὸν
1213 2831 1269 2884 δὲ
1299 2831 1388 2884 τὸν
1433 2831 1573 2885 θεῖον
1613 2850 1781 2886 κατα-

187 2923 415 2985 σπάσας
442 2921 590 2986 ναδν,
619 2921 970 2993 δορικτήτους
1000 2920 1138 2992 ἔχων
1164 2923 1292 2988 τοὺς
1342 2924 1400 2976 ὲν
1440 2922 1519 2993 τῷ
1564 2923 1782 2995 πολέμῳ

186 3013 733 3085 περιλελειμμένους,
765 3014 908 3067 οἴκοι
942 3013 1104 3067 πάλιν
1124 3014 1416 3086 λαμπρῶς,
1446 3017 1541 3069 καὶ
1568 3034 1783 3088 νενικη⁹

186 3102 299 3166 κὼς
328 3105 449 3165 τοῖς
480 3101 697 3156 ἁλοῦσιν
729 3102 867 3173 ὁμοῦ
899 3105 997 3157 καὶ
1025 3102 1401 3174 ἀνεκομίζετο,
1430 3106 1480 3159 οῐ
1506 3107 1599 3159 καὶ
1628 3108 1782 3177 μόλις

188 3194 499 3263 ἐπανῆλθον
533 3194 611 3257 είς
644 3192 740 3265 τὴν
778 3193 1060 3259 Ἰουδαίαν,
1112 3195 1249 3248 ἑτῶν
1300 3197 1390 3249 ἐπ’
1414 3198 1597 3261 αὐτοῖς
1640 3198 1780 3269 πλη·
1808 3182 1852 3240 CI

191 3286 481 3358 ρωθέντων
506 3285 597 3338 τὸν
633 3284 865 3355 ἀριθμὸν
892 3286 1285 3357 ἑϐδομήκοντα.
1322 3286 1507 3358 Κῦρος
1550 3288 1679 3360 γὰρ,
1708 3289 1784 3353 ὡς

188 3378 352 3449 ἔφην,
382 3376 481 3449 τὴν
523 3375 817 3430 Βαϐυλῶνα
866 3374 1023 3440 ἐλῶν,
1050 3380 1151 3449 τῆς
1189 3379 1566 3448 αἰχμαλωσίας
1614 3380 1783 3450 ἀνῆκε

186 3470 316 3533 τοὺς
369 3466 839 3539 περιλειφθέντας,
876 3467 972 3520 κοιλ⁹
1017 3469 1397 3539 σεσωσμένους
1444 3469 1502 3535 ἐξ
1542 3470 1782 3541 Ἰσραήλ.

188 3560 286 3615 Διά
315 3559 501 3624 τοῦτο,
541 3558 726 3629 φησὶν,
752 3558 1003 3627 ἐγένεσθε
1034 3553 1145 3613 οἷον
1169 3560 1401 3614 δαλίδιον
1430 3561 1781 3632 ἡμίφλεκτον,

189 3655 281 3708 καὶ
312 3654 379 3707 ἐν
407 3652 609 3722 ὀλίγοις
638 3652 717 3706 ἔτι
747 3652 1022 3721 λειψάνοις
1050 3651 1376 3723 σωζόμενον.
1401 3652 1535 3706 Θεοῦ
1558 3671 1783 3726 τοιγαρο

189 3742 282 3797 οὖν
316 3741 673 3804 παιδεύοντος
712 3741 771 3794 τὸ
812 3742 1209 3798 ὑποπτιοῖὴθαι
1242 3742 1461 3814 πικρὸν,
1493 3744 1782 3814 παραίτιον

187 3835 243 3889 δὲ
273 3835 377 3889 καὶ
406 3833 514 3887 τῶν
558 3833 637 3887 ἔτι
680 3833 1121 3907 δυσαχθεστέρων
1151 3833 1303 3887 ἔσται
1330 3836 1515 3889 κακῶν
1537 3840 1651 3900 τοῖς
1685 3837 1784 3910 τὴν

190 3926 450 3996 αἴσθησιν
495 3925 927 3996 ἀποσειομένοις,
968 3926 1077 3979 ἀπό
1110 3943 1174 3994 γε
1215 3926 1308 3979 τοῦ
1343 3926 1452 3980 δεῖν
1503 3929 1785 4000 ἀκαταλή-

191 4036 337 4081 κτως
377 4019 513 4072 ἱέναι
548 4018 685 4088 πρὸς
729 4018 790 4071 τὸ
822 4018 953 4090 δρᾷν
994 4016 1233 4085 ἑλέσθαι,
1270 4018 1364 4073 καὶ
1397 4023 1613 4090 φρονεῖν
1642 4021 1677 4075 ἃ
1709 4022 1783 4094 μὴ

192 4108 595 4181 θέμις.⁶’ονπερ
625 4110 733 4181 γάρ
766 4110 964 4180 τρόπον
994 4111 1041 4163 οἱ
1073 4108 1174 4175 τὰς
1215 4110 1323 4163 τῶν
1358 4113 1628 4180 σωμάτων
1654 4114 1786 4167 ἀνα-

192 4200 496 4263 κόπτοντες
520 4199 731 4264 νόσους,
762 4199 861 4254 καλ⁵
884 4198 980 4253 τοῦ
1010 4198 1336 4272 θεραπεύειν
1365 4200 1630 4256 δύνασθαι
1684 4203 1784 4275 τὴν

192 4294 395 4363 πεῖραν
425 4292 813 4363 ὲξησκηκότες,
844 4291 915 4345 τὰ
942 4291 1051 4345 τῶν
1073 4292 1407 4363 τραυμάτων
1429 4293 1785 4366 δυσαισθητό-

190 4395 325 4453 τερα
360 4382 583 4454 θερμοῖς
613 4384 709 4436 καὶ
732 4382 949 4454 δριμέσι
972 4383 1284 4454 φαρμάκοις
1326 4383 1780 4456 ἀποκαθαίρουσι,

194 4475 286 4528 καί
315 4475 422 4546 τῆς
453 4474 680 4545 ἐνούσης
712 4475 894 4539 αὐτοῖς
928 4475 1271 4546 ἀκαθαρσίας
1295 4476 1357 4529 τὸ
1388 4477 1560 4547 πάχος
1583 4478 1780 4531 ἀπολε-

195 4567 510 4631 πτύνοντες,
538 4570 649 4631 τοῖς
674 4568 737 4620 ἐκ
769 4567 962 4637 τέχνης
992 4567 1399 4639 ὲπικουρήμασι
1430 4570 1783 4639 παραχωρεῖν

194 4658 604 4724 ἀναπείθουσιν,
639 4656 781 4711 οὕτω
807 4659 900 4711 καὶ
931 4660 959 4711 ὁ
987 4658 1166 4711 πάντα
1193 4657 1478 4727 γινώσκων
1506 4660 1636 4723 Θεὸς
1658 4662 1784 4725 τοὺς

196 4750 516 4821 ἀναλγήτως
542 4749 765 4820 ἔχοντας
792 4748 919 4820 περὶ
944 4748 1015 4802 τά
1049 4748 1241 4820 μικρὰ,
1267 4752 1387 4814 ταῖς
1419 4750 1498 4804 ἔτι
1528 4750 1781 4820 χαλεπω-

1871 584 2115 654 Arlgypti,
2160 605 2177 635 ι
2220 587 2321 639 hoc
2366 594 2467 651 est,
2503 586 2554 638 in
2592 585 2844 649 transitu,
2888 597 2981 638 seu
3044 582 3455 638 transeuntibus

1870 676 2160 747 Aigyptiis.
2206 697 2224 729 ‹
2264 678 2327 731 Et
2362 678 2560 731 adduxi
2610 677 2661 729 in
2691 677 2813 746 igne
2860 684 3039 731 castra
3077 685 3278 740 vestra,
3326 694 3345 726 ι
3398 674 3453 730 id

1871 778 1954 822 est
1976 770 2244 823 inmitibus
2272 778 2326 823 et
2355 771 2596 823 turribus
2627 770 2895 833 munitas,
2958 783 3022 822 ac
3066 767 3204 823 bene
3247 769 3455 822 instru-

1872 874 1990 915 etas
2021 861 2183 915 urbes
2217 873 2430 917 vestras
2460 862 2653 916 everti.
2692 861 2845 927 Quod
2894 861 3057 915 etiam
3095 860 3149 915 in
3190 860 3457 930 principio

1874 953 2009 1007 dixit
2043 970 2057 1006 :
2098 974 2116 1005 ι
2156 954 2220 1008 Ει
2257 954 2389 1008 abiit
2439 956 2696 1024 Epltraim
2744 954 2810 1006 ad
2866 953 3147 1024 Assyrios,
3206 963 3260 1006 et
3287 951 3456 1007 Judas

1874 1046 2249 1115 multiplicavil
2279 1046 2441 1101 urbes
2492 1049 2751 1099 munitas.
2808 1044 2874 1099 Et
2940 1047 3153 1097 mittam
3195 1045 3373 1113 ignem
3403 1044 3454 1097 in

1876 1139 2036 1192 urbes
2076 1138 2211 1207 ejus,
2242 1147 2296 1191 et
2349 1139 2631 1191 devorabit
2663 1137 3015 1190 fundamenta
3061 1151 3271 1190 eorum.
3320 1154 3338 1187 ο
3378 1136 3451 1189 Ex

1878 1229 2005 1298 ipsis
2033 1231 2199 1299 igitur
2233 1229 2604 1285 fundamentis
2629 1231 3024 1285 ntuuitissiutas
3057 1230 3217 1283 urbes
3248 1236 3461 1283 vestras

1877 1324 2037 1383 dirui,
2077 1324 2268 1392 inquit,
2306 1342 2324 1375 ι
2364 1322 2433 1375 Ει
2474 1336 2539 1376 ne
2585 1323 2665 1377 sic
2698 1323 2916 1392 quidem
2966 1322 3169 1376 reversi
3214 1320 3347 1376 estis
3393 1320 3459 1373 ad

1878 1431 1982 1475 me,
2018 1415 2149 1469 dicit
2193 1415 2451 1468 Dominus
2478 1414 2545 1468 ”.
2580 1431 2605 1464 ν»

1952 1611 2113 1667 Vsus.
2148 1614 2236 1667 Η.
2272 1611 2513 1667 Subveni
2559 1628 2669 1678 vos,
2723 1612 2861 1665 sicut
2916 1609 3163 1663 subvertit
3207 1610 3463 1664 Dominus

1880 1703 2168 1760 Sodomam
2206 1718 2252 1757 et
2298 1700 2668 1769 Gomorrham,
2706 1713 2751 1755 et
2784 1702 2915 1771 facti
2958 1702 3082 1755 estis
3116 1702 3256 1755 sicut
3304 1701 3462 1754 torris

1880 1807 2059 1859 raptus
2098 1793 2163 1848 ab
2191 1795 2468 1859 incendio;
2500 1810 2590 1848 nec
2617 1794 2691 1847 sic
2723 1792 2933 1863 quidem
2987 1792 3216 1845 rediistis
3251 1792 3318 1844 ad
3358 1805 3463 1857 me,

1884 1888 2010 1939 dicit
2036 1885 2315 1941 Dominus.

1956 2000 2194 2056 XXXIX.
2231 1999 2363 2055 Cum
2393 1999 2594 2055 nullam
2623 2000 2673 2055 in
2702 1998 2858 2055 vobis
2877 1999 3310 2055 emendationem
3341 2012 3461 2053 cer-

1884 2108 2089 2156 nerem,
2126 2092 2323 2161 inquit,
2358 2091 2530 2147 iratus
2568 2092 2996 2155 'vebementius,
3047 2091 3130 2146 his
3185 2090 3461 2146 atrociora

1886 2185 2079 2255 adieci,
2118 2184 2653 2255 indignationemque
2672 2198 2849 2238 meam
2865 2183 3154 2238 adversum
3182 2198 3281 2238 vos
3331 2198 3464 2238 exa-

1884 2278 1992 2332 cui.
2026 2269 2277 2333 Subverti
2310 2292 2546 2348 namque
2572 2292 2670 2332 vos
2694 2276 2837 2331 haud
2868 2290 3028 2331 secus
3074 2291 3237 2345 quam
3289 2275 3464 2332 Sodo-

1886 2388 2026 2428 mam
2085 2381 2140 2427 et
2167 2372 2548 2437 Gomorrltam,
2583 2380 2639 2427 et
2689 2384 2794 2425 non
2823 2370 2958 2425 estis
2989 2369 3216 2424 reversi.
3246 2368 3454 2435 Quibus

1884 2466 2069 2522 verbis
2129 2475 2459 2536 postremam
2514 2462 2875 2517 vastationem
2922 2461 3149 2517 innuere
3203 2461 3461 2526 videtur,

1883 2575 2004 2630 qua:
2032 2558 2367 2628 temporibus
2413 2556 2662 2612 Ieremia:
2693 2570 2789 2625 per
2830 2570 3052 2609 manum
3108 2554 3465 2609 Nabuchodo-

1884 2668 2049 2709 nosor
2083 2653 2334 2722 contigit,
2382 2651 2473 2720 qui
2510 2658 2679 2705 totam
2718 2648 2960 2704 Judzeam
3008 2647 3355 2718 subiugavit,
3409 2654 3466 2702 et

1885 2744 2318 2816 Hierosolymam
2344 2743 2549 2813 ipsam,
2577 2756 2680 2795 una
2717 2755 2837 2794 cum
2869 2740 3114 2795 ﬁnitimis
3142 2741 3260 2809 eius
3306 2740 3461 2793 urbi-

1884 2839 1985 2893 bus
2015 2852 2079 2892 ac
2118 2836 2253 2891 vicis
2293 2834 2509 2891 exussit
2542 2834 2613 2897 “,
2668 2832 3057 2901 destructoque
3100 2832 3285 2886 divino
3326 2839 3465 2883 tem-

1884 2927 1991 2997 plo,
2033 2942 2134 2982 una
2167 2941 2290 2981 cum
2338 2924 2677 2992 captivorum
2720 2919 2986 2989 reliquiis,
3027 2918 3262 2988 gloriose
3293 2918 3469 2972 victor

1885 3024 2099 3075 domum
2139 3017 2319 3081 rediit,
2368 3030 2487 3082 qua:
2524 3014 2616 3068 vix
2658 3012 2873 3066 tandem
2920 3011 3162 3065 decmsis
3200 3024 3465 3065 annorum

1886 3111 2232 3181 septuaginta
2301 3108 2492 3182 spatiis
2542 3106 2594 3160 in
2653 3103 2891 3159 .ludaaam
2953 3102 3252 3157 redierunt.
3294 3100 3467 3172 Cyrus

1884 3205 2054 3270 enim,
2088 3210 2149 3257 ut
2176 3201 2310 3268 dixi,
2350 3199 2627 3270 Babylone
2651 3203 2953 3266 expugnata
2977 3235 2992 3260 ,
3038 3195 3380 3263 superstites,
3412 3204 3467 3249 et

1886 3303 2267 3357 restantes,ex
2297 3290 2611 3359 captivitate
2663 3287 2823 3343 solvit
2875 3288 2945 3341 ’³.
2992 3287 3220 3349 Idcirco,
3253 3286 3457 3357 inquit,

1886 3387 2015 3441 facti
2051 3384 2187 3440 cstis
2233 3393 2492 3452 tanquam
2536 3380 2698 3435 torris
2744 3380 2998 3449 exiguus,
3050 3378 3368 3442 semiustus,
3412 3386 3467 3430 et

1887 3477 2064 3531 adhuc
2115 3474 2169 3528 iu
2211 3473 2402 3541 paucis
2452 3470 2696 3541 reliquiis
2734 3480 3085 3524 conservatus
3126 3469 3192 3522 ".
3232 3467 3468 3523 Proinde

1888 3566 1997 3621 Deo
2038 3564 2316 3633 puniente,
2355 3563 2607 3631 supinum
2641 3576 2706 3616 ac
2752 3562 3112 3631 negligentem
3154 3573 3296 3625 esse,
3339 3573 3465 3627 per-

1887 3657 2176 3723 niciosum;
2205 3664 2260 3710 et
2299 3653 2514 3708 amoliri
2541 3667 2779 3717 sensum,
2823 3653 3068 3719 citraque
3104 3650 3463 3705 cessationem

1886 3750 1953 3803 ab
1980 3746 2155 3803 ofﬁcio
2193 3748 2258 3800 ad
2299 3745 2588 3800 arbitrium
2631 3742 2835 3798 nefaria
2869 3741 3107 3797 faciendi
3164 3741 3468 3811 cogitandi-

1886 3853 1991 3909 que
2056 3838 2358 3902 discedere,
2398 3834 2888 3889 iutolerabiliorum
2957 3834 3137 3888 adhuc
3199 3832 3464 3888 malorum

1886 3946 2049 3986 causa
2073 3939 2177 3985 est.
2206 3928 2322 3995 Quo
2353 3927 2497 3983 enim
2552 3936 2740 3995 pacto,
2783 3926 3002 3980 morbos
3047 3938 3333 3993 corporum
3374 3922 3468 3979 de-

1885 4024 2169 4093 pellentes,
2220 4030 2275 4074 et
2316 4019 2367 4073 in
2398 4017 2697 4073 tnedicandi
2743 4016 2938 4087 peritia
2990 4014 3306 4080 exercitati,
3346 4014 3466 4069 vul-

1886 4129 2014 4169 nera
2049 4114 2114 4168 ad
2148 4112 2483 4168 curationem
2537 4108 2846 4165 difﬁciliora
2896 4108 3088 4165 calidis
3136 4117 3191 4164 et
3249 4107 3467 4163 acribus

1885 4204 2302 4261 medicamentis
2348 4202 2701 4269 abstergunt,
2746 4210 2803 4256 et
2849 4199 3207 4255 immunditize
3243 4214 3362 4270 qua
3411 4199 3465 4254 in

1887 4298 1994 4353 illis
2026 4306 2112 4352 est
2142 4296 2560 4352 crassitudinem
2592 4303 2950 4349 extenuantes
2970 4332 2984 4356 ,
3030 4291 3341 4346 artiﬁciosis
3368 4306 3467 4345 cu-

1886 4388 2186 4445 rationibus
2241 4389 2430 4442 cedere
2470 4396 2703 4455 cogunt;
2754 4387 2825 4439 ita
2871 4400 3087 4454 quoque
3134 4383 3315 4439 omnia
3368 4397 3463 4437 co-

1887 4494 2154 4552 gnoscens
2188 4477 2352 4542 Deus,
2395 4476 2557 4547 295
2591 4491 2655 4529 ex
2688 4476 2868 4545 parvis
2918 4475 3158 4530 dolorem
3190 4489 3296 4530 non
3341 4489 3467 4531 sen-

1892 4571 2107 4635 tientes,
2136 4568 2311 4622 adhuc
2334 4566 2708 4621 acerbioribus
2752 4566 2925 4637 plagis
2958 4577 3175 4633 onerat,
3232 4582 3463 4637 quorum

1886 4660 2274 4732 experientiam
2315 4660 2477 4714 ltomo
2526 4658 2747 4728 sapiens
2805 4668 2861 4713 et
2896 4659 3073 4715 solers
3122 4659 3319 4713 merito
3364 4660 3463 4714 de-

1887 4761 2157 4820 precetur.

198 4845 389 4916 τέραις
435 4844 827 4916 καταφορτίζει
864 4844 1120 4915 πληγαῖς,
1160 4838 1235 4897 ὧν
1267 4844 1428 4916 εἴπερ
1485 4864 1569 4911 τις
1620 4847 1783 4917 σοφός
1822 4850 1961 4908 ἐστι,
1998 4846 2089 4898 καὶ
2116 4842 2394 4915 ἀγχίνους,
2462 4845 2781 4912 παραιτοῖτο
2805 4843 2869 4896 ἂν
2932 4842 3155 4906 εἰκότως
3186 4842 3322 4914 πρὸς
3345 4842 3465 4894 πεί-

202 4953 294 5007 ρας
328 4934 432 5006 τὴν
467 4934 674 5004 ἔφοδον.

298 5048 409 5103 Διὰ
441 5049 620 5104 τοῦτο
651 5049 841 5117 οὕτως
879 5049 1114 5119 ποιήσω
1140 5068 1263 5119 σοι,
1282 5052 1551 5122 Ἰσραήλ.

263 5164 360 5216 Μ’.
416 5161 633 5231 Ἐπειδὴ
682 5161 827 5234 γὰρ,
864 5162 1067 5234 φησὶν,
1115 5164 1235 5217 τόδε
1282 5182 1333 5237 τι
1386 5162 1779 5233 πεποιηκότος,

195 5256 421 5308 κάκεῖνο
448 5254 798 5325 προσθέντος,
821 5255 916 5308 καὶ
948 5256 1231 5326 μονονουχὶ
1261 5257 1368 5309 πᾶν
1393 5250 1532 5318 εἶδος
1555 5255 1782 5324 ἐπάγον-

192 5363 287 5410 τος
306 5346 497 5410 αἰκίας
541 5345 635 5398 καὶ
680 5346 880 5413 πόνων,
913 5347 1029 5401 ἀλλ’
1055 5348 1375 5417 ἀναλγήτως
1425 5346 1649 5417 ἔχοντας
1694 5364 1781 5399 τε-

195 5436 399 5509 θέαμαί
431 5455 493 5491 τε
523 5439 619 5491 καὶ
659 5438 718 5505 ὲξ
744 5438 911 5508 αὐτῆς
941 5438 1245 5509 ἐμάνθανον
1281 5438 1496 5509 πείρας,
1525 5437 1780 5509 ταύτῃτοι

199 5548 221 5583 ι
252 5530 366 5583 Καὶ
387 5529 563 5593 οὕτως
612 5532 826 5601 ποιήσω
855 5546 956 5583 σοι.
990 5550 1009 5583 ι
1047 5530 1172 5593 Πῶς
1219 5530 1276 5583 δὲ
1324 5529 1531 5595 οὓτωςς
1577 5530 1638 5581 οὐ
1671 5529 1780 5600 γὰρ

193 5619 442 5692 ἠρκέσθη
488 5623 601 5684 τοῖς
650 5621 907 5692 πρώτοις.
946 5621 1342 5693 Προσεπήγαγε
1368 5620 1424 5673 δὲ
1455 5620 1549 5674 καὶ
1590 5620 1687 5691 τήν
1724 5623 1780 5673 ἐν

266 5830 312 5860 ⁸³
341 5829 478 5884 Osee
511 5844 627 5895 vtu,
668 5830 755 5885 M.
854 5828 1029 5885 "lor.
1060 5846 1246 5898 xxxix,
1269 5831 1322 5885 8.

1420 5834 1466 5864 "
1504 5831 1547 5886 ιι
1572 5832 1747 5887 Parui.
1776 5845 1956 5896 xxxvr,
1984 5830 2091 5895 22;

1960 5043 2251 5111 Propterea
2280 5042 2354 5095 sic
2382 5039 2576 5108 faciam
2602 5039 2717 5107 tibi,
2741 5038 2939 5095 Israel.

1958 5157 2072 5213 XL.
2100 5157 2417 5225 Postquam,
2446 5153 2750 5224 inquit,ltoc
2780 5152 2905 5222 ieci,
2930 5161 2985 5209 et
3011 5153 3143 5208 illud
3167 5155 3372 5225 addidi,
3411 5166 3468 5212 et

1888 5260 2093 5306 tantum
2126 5264 2233 5304 non
2263 5261 2424 5301 omne
2457 5260 2628 5317 genus
2652 5244 2934 5315 plagarum
2971 5244 3333 5317 dolorumque
3376 5249 3464 5302 in-

1888 5343 2007 5409 tuli,
2036 5350 2091 5397 et
2146 5338 2500 5395 nihilominus
2554 5336 2701 5393 nullo
2755 5336 2943 5393 dolore
2995 5338 3322 5393 commoveri
3368 5353 3462 5397 eos

1889 5437 2018 5500 vidi,
2072 5442 2435 5503 expertusque
2478 5429 2667 5496 didici,
2712 5429 2915 5485 idcirco
2947 5446 2967 5483 ι
3024 5430 3092 5485 Ει
3141 5429 3222 5485 sic
3266 5430 3461 5485 faciam

1891 5526 2007 5581 tibi.
2043 5544 2062 5579 ι
2106 5524 2388 5592 Quomodo
2424 5532 2604 5577 autem
2631 5521 2763 5576 sic?
2816 5520 2930 5578 Non
2970 5523 3115 5577 enim
3174 5529 3465 5577 contentus

1891 5619 1989 5674 fuit
2024 5617 2235 5688 primis,
2289 5615 2381 5671 sed
2418 5614 2679 5684 aequalem
2737 5614 3134 5672 Sodomitarum
3169 5614 3464 5671 calamitati

2168 5832 2215 5863 "
2245 5830 2443 5887 lEsdr.
2473 5847 2511 5900 ι,
2538 5831 2757 5901 passim.
