4068 6576
623 366 718 435 487
1656 366 1721 423 S.
1761 360 2039 424 CYRILLI
2075 360 2551 426 ALEXANDRINI
2591 360 2913 425 ARCHIEP.
3802 372 3883 431 433

624 489 1004 560 catastroplien
1037 486 1255 556 adjecit.
1284 479 1567 542 Postrema
1619 488 1787 555 enim,
1819 497 1877 542 ιιι
1905 489 2047 554 dixi,
2087 490 2210 545 talis

2272 520 2283 552 ι
2316 488 2415 560 ἴσῳ
2447 490 2722 560 Σωδύμοις
2750 485 3464 559 καταστροφήν.Τελευταία
3489 488 3631 559 γὰρ,
3655 488 3731 553 ὡς
3751 491 3878 564 ἔφην,

622 585 779 656 plaga
803 585 871 639 ab
896 584 1036 637 irato
1071 582 1179 637 Deo
1218 580 1324 635 illis
1354 577 1560 634 inllicta
1588 588 1697 634 est.

2314 583 2497 646 αὐτοῖς
2532 583 2565 653 ἡ
2594 581 2772 635 τοιάδε
2799 580 2984 651 πληγὴ
3015 579 3104 633 διὰ
3135 578 3234 650 τῆς
3266 578 3419 641 θείας
3443 579 3628 651 ὀργῆς
3655 583 3879 655 ἐπενήνε.

1630 682 1633 685 ’
2316 689 2464 726 κται.

706 762 1098 824 Verumtamen.
1137 761 1261 831 quia
1308 762 1383 815 sic
1406 760 1602 831 faciam
1634 759 1730 813 tibi
1757 798 1773 825 ,
1806 774 2114 830 pra’parare
2144 762 2214 813 ad

2388 762 2582 831 Πλὴν,
2612 763 2703 817 ὅτι
2730 763 2919 828 οὕτως
2946 761 3183 829 ποιήσω
3213 772 3335 829 σοι,
3365 760 3684 832 stoutde
3711 764 3879 822 ἐπικα-

622 856 974 911 invocantium
1018 854 1182 908 Deum
1212 861 1384 918 tuum,
1420 852 1620 908 Israel.

2314 854 2551 910 λεῖσθαι
2574 854 2683 908 τὸν
2716 855 2865 909 Θεόν
2888 867 3029 919 σου,
3048 853 3316 923 Ἰσραήλ.

692 945 832 1004 XLI.
864 948 936 1001 At
976 946 1145 1012 enim,
1190 946 1236 1001 si
1273 947 1379 1010 vis,
1417 946 1614 1015 inquit,
1640 956 1863 1002 causam
1911 960 2074 1001 nosse
2114 957 2215 999 cur

2385 941 2525 1001 MA'.
2582 947 2721 1000 Ἀλλ’
2749 948 2796 1000 εἰ
2818 945 2883 1018 δὴ
2916 944 3148 1015 βούλοιο,
3173 945 3331 1016 φησι,
3359 944 3559 1015 μαθεῖν
3584 945 3686 1015 τὴν
3709 946 3875 1016 αἰτίαν,

625 1040 701 1095 ita
732 1041 927 1096 faciam
971 1041 1093 1105 tibi,
1124 1039 1315 1094 audies
1361 1039 1547 1107 utique
1576 1076 1592 1103 ,
1634 1038 1763 1094 dum
1816 1037 2053 1093 ferimini
2100 1046 2214 1091 tan-

2313 1039 2383 1093 δι’
2403 1039 2470 1111 ἢν
2497 1038 2671 1103 οὕτως
2693 1039 2907 1111 ποιήσω
2930 1054 3036 1101 σοι,
3062 1037 3240 1109 πεύσῃ
3266 1036 3331 1109 δὴ
3358 1037 3608 1101 πάντως,
3635 1044 3878 1113 μονονουχὶ

626 1142 738 1189 tum
767 1146 874 1186 non
910 1130 1179 1186 clamante
1207 1139 1262 1185 et
1292 1129 1530 1194 dicente,
1563 1128 1655 1198 qui
1686 1138 1783 1184 vos
1807 1128 1955 1196 ferit,
2007 1146 2027 1181 ι
2068 1127 2213 1183 Prae-

2314 1131 2690 1202 πληττομένου
2730 1131 2759 1184 ὑ
2768 1130 2885 1201 μῶν
2918 1129 3149 1201 βοῶντός
3170 1147 3229 1183 τε
3261 1131 3355 1182 καὶ
3377 1128 3638 1199 λέγοντος
3658 1147 3673 1160 ·
3703 1151 3721 1182 ι
3740 1132 3875 1187 Ἑτοι-

627 1238 819 1294 parare
874 1223 942 1278 ad
998 1222 1356 1277 invocantium
1424 1222 1591 1275 Deum
1642 1230 1828 1285 tuum,
1874 1220 2058 1286 Israel,
2100 1238 2121 1273 ι
2158 1219 2209 1274 id

2318 1224 2489 1295 μάζου
2522 1222 2617 1277 τοῦ
2662 1221 3013 1277 ἐκκαλεῖσθαι
3044 1222 3136 1275 τὸν
3170 1222 3305 1275 Θεὸν
3330 1238 3447 1288 σου,
3485 1221 3733 1291 Ἰσραήλ.
3762 1241 3779 1274 ι
3806 1225 3876 1289 Τὸ,

625 1327 730 1381 est,
756 1316 985 1386 impiger
1012 1322 1068 1370 et
1096 1314 1279 1369 alacer
1307 1322 1448 1378 esto,
1481 1321 1542 1366 ut
1566 1328 1670 1367 non
1722 1312 1958 1367 alienum
2010 1320 2065 1367 ct
2111 1310 2213 1366 fal-

2325 1308 2651 1386 Ἑτοιμάζου
2679 1315 2800 1368 ἀντὶ
2830 1313 2948 1380 τοῦ,
2983 1311 3280 1378 Σπούδαζε,
3310 1314 3508 1378 ἇοκνός
3551 1330 3615 1367 τε
3664 1316 3753 1368 καὶ
3770 1320 3874 1389 πρό-

625 1422 745 1461 sum
777 1406 935 1461 deum
971 1404 1209 1469 invoces,
1240 1404 1334 1458 sed
1369 1402 1534 1458 Deum
1573 1403 1760 1465 Israel,
1795 1404 1895 1458 hoc
1923 1411 2027 1469 est,
2049 1418 2208 1473 quem

2315 1406 2484 1477 θυμος
2538 1405 2630 1460 ἔσο
2679 1405 2774 1460 τοῦ
2812 1405 3194 1459 ἐπικαλεῖσθαι
3218 1405 3309 1458 τὸν
3357 1405 3431 1476 μὴ
3466 1404 3769 1475 ἀλλότριον,
3805 1413 3876 1463 καὶ

629 1514 726 1554 usu
760 1498 876 1569 ipso
906 1495 1228 1567 cognovisti,
1262 1495 1353 1564 qui
1386 1504 1581 1550 natura
1616 1506 1671 1549 et
1702 1497 1955 1563 veritate,
2006 1507 2062 1550 et
2101 1511 2207 1550 non

2310 1494 2681 1567 ψευδώνυμον,
2713 1495 2855 1550 ἀλλὰ
2895 1497 2986 1550 τὸν
3031 1495 3161 1549 Θεόν
3189 1513 3306 1561 σου,
3346 1495 3587 1568 Ἰσραὴλ,
3619 1498 3872 1567 τουτέστιν,

627 1588 985 1661 quorumdam
1007 1586 1295 1643 excellenti
1353 1587 1588 1643 artiﬁcio
1623 1588 1874 1645 inventus
1898 1598 2020 1653 est,
2069 1589 2211 1644 sicut

2311 1576 2370 1635 ὃν
2397 1581 2463 1635 δι’
2494 1582 2664 1653 αὐτῆς
2694 1582 2866 1651 ἔγνως
2892 1584 2993 1653 τῆς
3024 1584 3241 1656 πείρας,
3274 1584 3351 1648 ὡς
3375 1584 3493 1638 ἔστι
3529 1585 3693 1654 φύσει
3727 1605 3780 1641 τε
3804 1591 3874 1644 καὶ

625 1681 876 1738 videlicet
906 1697 1029 1751 qua:
1068 1694 1135 1735 ex
1178 1678 1339 1751 lignis
1367 1688 1423 1736 et
1471 1680 1739 1750 lapidibus
1773 1680 2135 1739 fabricantur.

2312 1672 2562 1745 ἀληθείᾳ,
2599 1674 2693 1727 καὶ
2730 1668 2793 1726 οὐ
2821 1668 2911 1727 διὰ
2941 1676 3042 1745 τῆς
3089 1683 3252 1728 τινων
3292 1675 3585 1745 εὐτεχνίας
3614 1676 3871 1749 ἐξευρημέ-

2313 1783 2423 1830 νος,
2455 1765 2708 1838 καθάπερ
2737 1766 2931 1838 ἀμέλει
2954 1767 3023 1820 τὰ
3050 1768 3115 1821 ἐκ
3149 1765 3322 1833 ξύλων
3368 1767 3461 1821 καὶ
3490 1768 3661 1822 λίθων
3682 1787 3872 1842 πεποιη-

2245 1864 2288 1920 ιι
2319 1862 2480 1933 μένα.

698 1950 862 2007 Vnus.
891 1952 978 2007 15.
1007 1950 1221 2006 Idcirco
1276 1969 1392 2006 ecce
1421 1969 1512 2023 ego
1548 1953 1770 2022 ﬁrmans
1816 1953 2127 2018 tonitruum,
2163 1964 2212 2009 et

2387 1952 2541 2005 Διότι
2584 1948 2715 2006 ὶδοὺ
2757 1951 2893 2022 ἐγὼ,
2923 1951 3189 2022 στερεῶν
3228 1952 3530 2022 βροντὴν,
3562 1954 3663 2007 καὶ
3705 1954 3871 2014 etiam

634 2060 824 2099 creans
851 2045 1117 2115 spiritum,
1142 2054 1188 2099 et
1229 2043 1555 2099 annuntians
1602 2042 1657 2098 in
1686 2044 1923 2100 homines
1946 2045 2214 2101 Christum

2316 2043 2553 2113 πνεῦμα
2577 2083 2591 2110 ,
2646 2044 2748 2099 καὶ
2802 2045 3204 2115 ἀπαγγέλλων
3256 2046 3344 2109 εἰς
3396 2043 3749 2111 ἀνθρώπους
3793 2046 3870 2101 τὸν

626 2153 801 2198 suum,
832 2135 1030 2206 faciens
1054 2146 1209 2192 mane
1239 2146 1287 2191 et
1330 2136 1598 2204 nebulam,
1650 2145 1698 2192 et
1731 2139 2019 2193 ascendens
2056 2156 2214 2208 super

2316 2134 2581 2204 Χριστὸν
2612 2135 2823 2201 αὐτοῦ,
2860 2134 3048 2190 ποιῶν
3096 2136 3332 2204 ὄρθρον,
3368 2135 3465 2189 καὶ
3504 2134 3775 2205 ὀμίχλην,
3798 2138 3867 2190 xal

626 2226 831 2285 excelsa
890 2238 1044 2282 terrm
1075 2267 1090 2292 ,
1136 2225 1399 2282 Dominus
1451 2226 1593 2282 Deus
1647 2227 1972 2299 omnipotens
2029 2245 2213 2284 nomen

2314 2224 2641 2282 ἐπιϐαίνων
2665 2224 2765 2282 ἐπὶ
2795 2226 2868 2281 τὰ
2893 2227 3109 2297 ὑψηλὰ
3140 2227 3252 2299 τῆς
3279 2225 3414 2296 τῆς,
3452 2228 3675 2295 Κύριος
3704 2230 3734 2281 ὁ
3762 2230 3869 2295 Θεὸς

627 2320 728 2375 illi.
887 2382 903 2393 ἱ
2317 2316 2742 2388 παντοκράτωρ
2781 2320 2971 2390 ὄνομα
2996 2319 3179 2386 αὐτῷ.

697 2410 854 2465 XLII.
889 2410 1216 2467 Excellentis
1248 2411 1618 2481 oppositione,
1658 2413 1803 2481 quod
1844 2410 2084 2467 deterius
2112 2410 2213 2466 ba-

2387 2408 2521 2465 MB’.
2563 2412 2641 2482 Τῇ
2690 2411 2786 2465 τοῦ
2838 2410 3170 2483 προῦχοντος
3224 2408 3697 2483 ἀντιπαραθέσει,
3741 2412 3792 2466 τὸ
3828 2416 3868 2468 ἐν

626 2505 786 2561 betur
809 2504 968 2560 facile
996 2505 1262 2559 noscitur.
1293 2502 1364 2560 Ut
1388 2503 1555 2575 igitur
1576 2502 1845 2558 idolorum
1871 2498 2216 2557 imbecillitas

2320 2505 2587 2577 ὑπολήψει
2607 2509 2672 2578 τῇ
2698 2506 2902 2578 χείρονι
2928 2506 3125 2578 ῥᾳδίως
3150 2502 3588 2578 ἐλέγχεται.”Ινα
3609 2508 3773 2562 τοίνυν
3787 2510 3865 2562 τῶν

627 2606 888 2669 appareat
911 2598 1053 2666 apud
1105 2610 1234 2663 eos,
1277 2594 1368 2666 qui
1420 2608 1530 2665 pm
1580 2606 1774 2666 magna
1814 2593 2043 2650 stultitia
2085 2595 2216 2650 deos

2319 2598 2554 2653 εἰδώλων
2586 2600 2647 2653 τὸ
2676 2597 2906 2672 ἀδρανὲς
2935 2600 3264 2670 ἐκφαίνηται
3296 2600 3454 2672 παρά
3487 2618 3552 2670 γε
3581 2603 3691 2665 τοῖς
3714 2601 3868 2673 οἰηθεῖ-

626 2704 749 2746 esse
771 2698 827 2745 et
857 2688 1165 2745 adorandos
1193 2689 1563 2759 Opinabantur
1587 2729 1603 2755 ,
1648 2688 1858 2743 utiliter
1888 2686 2046 2743 nobis
2078 2688 2218 2758 seip-

2323 2709 2406 2746 σιν
2432 2692 2496 2746 ἐκ
2531 2688 2733 2763 πολλῆς
2769 2692 2908 2762 ἄγαν
2935 2692 3286 2764 ἁϐελτηρίας,
3317 2692 3393 2759 ὡς
3422 2694 3540 2748 θεοί
3570 2711 3627 2747 τε
3659 2688 3772 2759 εἶεν,
3798 2696 3864 2749 καὶ

626 2798 747 2838 sum
787 2783 1172 2837 universorum
1226 2780 1486 2835 Dominus
1529 2779 1920 2847 manifestans,
1959 2774 2217 2837 Condito-

2322 2787 2751 2859 προσκυνεῖσθαι
2800 2786 3123 2859 πρέποντες,
3154 2787 3444 2859 χρησίμως
3477 2790 3615 2858 ἡμῖν
3658 2788 3817 2841 ἑαυτὸν
3842 2776 3865 2840 ὁ

629 2891 744 2932 rem
792 2886 847 2929 et
894 2873 1279 2929 universorum
1310 2871 1738 2939 fabricatorem,
1793 2881 1849 2927 et
1891 2881 2216 2943 potestatem

2319 2881 2429 2935 τῶν
2462 2881 2599 2934 ὅλων
2632 2880 2765 2944 Θεὸς
2810 2880 3031 2952 ἐμφανῆ
3062 2882 3347 2945 καθιστὰς,
3378 2881 3616 2953 ποιητὴν
3646 2882 3861 2952 εἰσφέρει,

630 2971 685 3023 in
715 2981 813 3022 nos
848 2976 1141 3032 tenentem,
1188 2975 1242 3022 et
1296 2975 1355 3021 nt
1382 2976 1561 3022 rerum
1618 2966 1977 3022 humanarmn
2021 2968 2219 3039 guber-

2321 2971 2416 3027 καὶ
2443 2971 2536 3025 τὸν
2564 2971 2700 3025 ὅλων
2725 2966 3082 3044 δημιουργὸν,
3112 2972 3207 3026 καὶ
3227 2973 3328 3045 τὴν
3364 2971 3492 3027 καθ’
3525 2972 3669 3043 ἡμᾶς
3702 2972 3864 3043 ἀνημέ-

631 3070 899 3124 natorem,
933 3057 1080 3112 omni
1114 3054 1408 3111 altitudine
1434 3064 1490 3111 et
1520 3058 1667 3111 omni
1702 3057 2025 3113 excellentia
2060 3071 2219 3127 snpe-

2322 3078 2410 3114 νον
2460 3060 2559 3132 τὴν
2607 3058 2876 3127 ἐξουσίαν,
2912 3060 3007 3115 καὶ
3050 3053 3215 3114 οἱονεί
3258 3080 3377 3127 πως
3421 3062 3537 3116 τῶν
3566 3062 3860 3133 ἀνθρωπίνωι

633 3148 862 3213 riorem,
901 3156 957 3201 et
978 3146 1158 3203 omnis
1198 3155 1462 3201 creaturae
1505 3144 2003 3202 administratorem
2049 3146 2221 3202 intro-

2255 3214 2289 3226 Α
2322 3148 2739 3225 οἱακοστρόφον,
2766 3152 3030 3207 ἐπέκεινά
3076 3172 3137 3207 τε
3182 3153 3313 3208 ὄντα
3355 3153 3567 3217 παντὸς
3608 3155 3861 3226 ὑψώματος,

630 3240 800 3296 ducit.
843 3239 937 3295 Dei
965 3239 1166 3310 quippe
1218 3248 1409 3293 natura
1457 3238 1869 3310 supergreditur
1928 3240 2215 3306 universa,

2254 3214 2291 3272 C
2327 3249 2418 3300 xan-
2697 3214 2994 3317 b'nepoxﬁg,
3028 3248 3124 3300 καὶ
3170 3246 3374 3317 ταμίαν
3424 3214 3619 3319 ὥσπερ
3653 3214 3765 3301 τινὰ

632 3346 735 3389 nec
762 3332 1050 3389 altitudine
1076 3334 1370 3388 secundum
1412 3332 1613 3402 locum,
1642 3334 1737 3388 sed
1771 3333 1955 3404 gloriae
1990 3350 2222 3405 exsupe-

2327 3342 2453 3415 ὅλης
2481 3345 2734 3407 κτίσεως.
2766 3342 2902 3397 Θεοῦ
2931 3342 3040 3414 γὰρ
3070 3342 3231 3411 φύσις
3271 3342 3333 3396 τὸ
3368 3342 3597 3397 πάντων
3638 3342 3861 3407 ἐπέκεινα,

634 3427 812 3481 rantia
843 3465 860 3491 ,
904 3435 960 3481 et
1011 3425 1425 3496 incomparabili
1468 3427 1671 3482 virtute
1721 3441 1938 3483 omnem
2000 3428 2218 3483 modum

2326 3438 2420 3491 xui
2462 3438 2521 3489 οὐ
2562 3440 2811 3501 τοπικοῖς
2843 3435 3153 3507 ὑψώμασιν,
3190 3436 3327 3490 ἀλλὰ
3360 3438 3485 3500 ταῖς
3528 3435 3627 3507 τῆς
3667 3435 3860 3498 εὐκλείας

634 3528 1057 3589 mensuramque
1089 3518 1463 3589 cujuscunque
1513 3518 1660 3591 quod
1687 3529 1865 3575 ortum
1886 3521 2217 3577 estexcedit.

2328 3526 2642 3598 ὑπεροχαῖς,
2671 3528 2765 3582 καὶ
2802 3525 3121 3598 ἀσυγκρίτῳ
3145 3526 3374 3597 δυνάμει
3423 3528 3629 3590 παντὸς
3656 3524 3861 3598 γεννητοῦ

639 3629 661 3664 ι
703 3609 896 3665 lnvoca
929 3611 1095 3681 igitur
1141 3607 1311 3668 Deum
1347 3620 1500 3666 tuum
1527 3652 1542 3677 ,
1585 3611 1771 3678 Israel,
1812 3630 1830 3666 ι
1888 3613 2082 3683 inquit,
2125 3628 2225 3685 po-

2332 3617 2527 3689 μέτρον
2599 3616 3019 3688 ὑπερκείμενον.
3086 3633 3106 3669 ι
3148 3615 3440 3670 Ἐπικαλοῦ
3498 3614 3763 3689 τοιγαροῦν
3795 3616 3858 3669 τὸν

635 3711 885 3760 testatem
911 3703 1341 3772 omnipotentem
1388 3711 1445 3759 et
1487 3705 1855 3774 prazstantiam
1885 3700 2052 3777 296
2075 3721 2222 3762 sum-

2326 3709 2459 3763 Θεόν
2485 3728 2600 3775 σου,
2642 3710 2828 3780 φησιν,
2848 3698 3087 3783 Ἰσραὴλ,
3120 3725 3138 3759 ι
3175 3708 3561 3777 ἐπιγινώσκων
3585 3707 3797 3773 ἐξουσίας
3818 3706 3860 3758 τὸ

636 3810 781 3850 mam
813 3809 1138 3866 agnoscens.
1173 3793 1283 3866 Ego
1306 3794 1449 3851 enim
1474 3810 1617 3862 sum,
1646 3805 1700 3851 et
1737 3811 1841 3851 non
1886 3797 2027 3853 alius
2062 3817 2080 3849 ι
2123 3797 2217 3852 fir-

2327 3803 2628 3868 παναλκές,
2659 3802 2755 3856 καὶ
2805 3800 2905 3872 τὴν
2954 3799 3281 3874 ὑπερϐολήν.
3300 3799 3442 3869 Ἐγὼ
3485 3801 3594 3872 γάρ
3640 3800 3759 3870 εἰμι,
3793 3798 3859 3850 καὶ

638 3898 792 3939 mans
822 3884 1145 3951 tonitruum,
1184 3902 1204 3937 ι
1271 3886 1375 3940 hoc
1403 3893 1505 3951 est,
1559 3886 1790 3942 nubibus
1821 3888 2075 3957 operiens
2108 3902 2223 3943 cte-

2325 3897 2421 3967 οὑχ
2446 3897 2651 3967 ἕτερος,
2678 3898 2708 3950 ὁ
2739 3895 2977 3966 στερεῶν
3005 3892 3256 3966 βροντὴν,
3283 3894 3585 3957 τουτέστιν,
3612 3891 3859 3960 συνεφειιιις

639 3978 773 4045 lum,
807 3987 863 4032 et
887 3976 1184 4032 demittens
1217 3977 1469 4047 pluvias;
1517 3996 1537 4031 ι
1571 3987 1626 4033 et
1657 3994 1854 4035 creans
1890 3980 2169 4049 Spiritum,
2198 3999 2217 4033 ι

2327 3987 2618 4044 καλύπτων
2665 3988 2757 4045 τὸν
2810 3988 3061 4060 οὐρανὸν,
3107 3988 3203 4043 καὶ
3249 3986 3461 4050 καθιεὶς
3515 3986 3711 4049 ὑετοὺς,
3743 3984 3857 4037 «Καὶ

638 4072 743 4128 hoc
773 4081 875 4135 est,
919 4071 1085 4126 etiam
1140 4079 1432 4127 ventorum
1480 4072 1751 4128 conditor.
1803 4091 1825 4125 ι
1878 4072 2224 4131 Annuntians

2326 4077 2529 4143 κτίζων
2554 4077 2795 4150 πνεῦμα,
2830 4097 2848 4131 ι
2896 4078 3144 4133 τουτέστι
3199 4074 3383 4141 πάλιν,
3416 4076 3633 4147 ἀνέμων
3661 4076 3842 4143 ποιητής

638 4178 770 4217 vero
803 4163 854 4217 in
888 4162 1140 4219 homines
1164 4159 1452 4219 Christum
1486 4178 1642 4220 suum
1665 4205 1681 4231 ,
1714 4164 1941 4235 perinde
1977 4174 2061 4221 est
2087 4180 2150 4221 ac
2178 4165 2223 4221 si

2340 4170 2728 4240 Ἀπαγγέλλων
2758 4170 2816 4225 δὲ
2844 4172 2939 4224 καὶ
2966 4171 3046 4235 εἰς
3087 4167 3412 4242 ἀνθρώπους
3438 4160 3533 4222 τὸν
3557 4164 3765 4238 Χριστὸν
3788 4163 3857 4218 αὑ-

640 4255 833 4312 dicat:
878 4255 980 4311 Per
1006 4270 1093 4310 me
1135 4270 1293 4327 reges
1340 4264 1595 4329 regnant,
1658 4266 1713 4312 et
1748 4256 1966 4327 tyranni
2015 4272 2114 4328 per
2138 4272 2225 4312 me

2324 4258 2443 4327 τοῦ,
2474 4261 2659 4331 ὅμοιον
2687 4259 2763 4324 ὡς
2789 4262 2837 4314 εί
2860 4259 3041 4330 λέγοι·
3072 4260 3151 4314 Δι’
3178 4258 3313 4332 ἐμοῦ
3350 4258 3588 4331 βασιλεῖς
3605 4254 3854 4328 βασιλεύω·

641 4349 760 4406 orbi
796 4357 1062 4405 terrarum
1095 4348 1529 4419 imperitant’h
1559 4345 1837 4404 Christum
1870 4348 2014 4404 enim
2050 4350 2103 4406 in
2143 4350 2226 4407 bis

2328 4369 2401 4417 σι,
2435 4352 2529 4406 καὶ
2559 4351 2810 4425 τύραννοι
2844 4352 2912 4406 δι’
2941 4353 3075 4423 ἐμοῦ
3109 4349 3373 4424 κρατοῦσι
3397 4352 3523 4423 γῆς.
3556 4348 3763 4423 Χριστὸν
3779 4344 3854 4417 γὰρ

642 4457 751 4497 non
776 4441 1207 4508 Emmanuelem,
1255 4439 1352 4497 sed
1389 4452 1610 4497 unctum
1641 4441 1821 4512 potius
1873 4438 1929 4497 in
1973 4458 2220 4514 regnum,

2326 4446 2384 4499 ἐν
2415 4444 2649 4510 τούτοις,
2682 4445 2744 4498 ού
2793 4444 2885 4498 τὸν
2922 4444 3298 4517 Ἐμμανουὴλ,
3331 4444 3424 4497 τὸν
3471 4440 3790 4515 κεχρισμένον
3814 4436 3854 4489 ἃ

643 4547 736 4588 seu
769 4532 836 4587 ad
860 4534 1191 4603 regnandum
1229 4532 1496 4588 nominat.
1527 4531 1789 4588 Similiter
1809 4531 2085 4603 spiritum,
2117 4550 2221 4591 non

2256 4562 2302 4622 ο
2333 4532 2532 4606 μᾶλλον
2570 4536 2649 4599 εἰς
2688 4533 2965 4605 βασιλείαν
3004 4533 3157 4603 φησί.
3192 4531 3419 4622 Πνεῦμὰ
3450 4548 3513 4584 τε
3540 4521 3853 4622 spumam}

644 4623 886 4681 divinum
921 4630 977 4679 et
1001 4634 1247 4680 sanctum
1284 4623 1524 4695 (tametsi
1557 4624 1777 4694 quidam
1807 4625 1880 4680 ita
1926 4623 2224 4690 insaniunt,

2258 4610 2299 4622 ν
2330 4626 2392 4680 τὺ
2422 4624 2561 4680 θεῖόν
2587 4641 2647 4677 τε
2675 4624 2768 4678 καὶ
2808 4624 2964 4692 ἅγιον
2993 4623 3119 4693 (κᾶν
3157 4624 3206 4676 εἰ
3239 4621 3515 4693 μαίνοιντό
3545 4635 3677 4681 τινες
3703 4612 3788 4668 τῶν
3804 4610 3850 4664 τὰ

645 4716 740 4787 qui
780 4722 927 4771 recta
962 4724 1273 4787 pervertere
1299 4718 1478 4771 conati
1518 4719 1691 4787 sunt),
1714 4716 1810 4771 sed
1845 4717 1991 4772 hunc
2023 4717 2226 4772 aerium

2330 4718 2467 4790 ὀρθὰ
2494 4717 2837 4789 διαστρέφειν
2864 4735 2931 4788 με
2942 4714 3368 4788 μελετηκότων),
3402 4713 3543 4768 ἀλλὰ
3569 4710 3702 4765 τουτὶ
3726 4706 3774 4759 τὸ
3792 4704 3850 4757 ἐν·

645 4809 1114 4883 mundanumque,
1137 4809 1203 4864 de
1229 4826 1335 4880 quo
1368 4811 1481 4881 ipse
1510 4809 1762 4864 Salvator
1794 4811 1869 4864 ait
1899 4826 1913 4864 :
1946 4828 1963 4861 ι
1998 4809 2231 4881 Spiritus

2331 4810 2515 4881 αέριόν
2547 4827 2607 4863 τε
2644 4809 2738 4863 καὶ
2771 4809 3085 4881 ὲγκόσμιον,
3120 4808 3249 4880 περὶ
3286 4801 3346 4862 οὗ
3391 4824 3527 4877 φησι
3568 4804 3652 4859 καὶ
3689 4795 3849 4860 αύτὸςό

648 4902 740 4956 ubi
764 4901 881 4957 vult
907 4901 1075 4971 spirat
1107 4902 1176 4957 ⁸⁸.
1210 4922 1229 4955 ι
1277 4903 1384 4973 Ego
1442 4902 1628 4973 igitur,
1677 4903 1875 4973 inquit,
1913 4903 2005 4973 qui
2059 4905 2230 4961 nubes

2336 4902 2531 4973 Σωτήρ
2550 4917 2565 4935 ο
2598 4902 2703 4955 «Τὸ
2732 4900 2951 4973 πνεῦμα
2983 4902 3117 4956 ὅπου
3145 4900 3287 4957 θέλει
3328 4902 3471 4955 πνεῖ.
3509 4920 3526 4951 ι
3546 4894 3674 4967 Ἐγὼ
3698 4892 3846 4952 τοίνυν,

650 4995 866 5066 colligo,
903 5006 957 5051 et
988 4994 1145 5051 ﬁrmo
1171 4996 1487 5062 tonitruum,
1524 5015 1543 5049 ι
1584 5006 1639 5052 et
1669 4997 1908 5067 produco
1937 5007 2126 5053 ventos
2165 4999 2231 5053 de

2333 4994 2518 5064 φησιν,
2554 4995 2582 5047 ὁ
2626 4994 2855 5065 νεφέλας
2901 4993 3199 5063 συλλέγων,
3232 4992 3328 5047 καὶ
3375 4990 3607 5064 στερεῶν
3655 4981 3844 5058 βροντὴν,

652 5086 927 5141 thesauris
971 5100 1158 5142 eorum
1212 5086 1259 5118 ’9
1305 5104 1323 5138 ι
1371 5090 1463 5157 qui
1523 5088 1814 5144 manifesto
1871 5103 2031 5159 quem
2071 5088 2229 5144 velim

2336 5103 2354 5137 ι
2375 5087 2471 5140 καὶ
2495 5086 2705 5156 ἐξάγων
2732 5085 2968 5158 ἀνέμους
2998 5089 3062 5140 ἐκ
3093 5080 3381 5157 θησαυρῶν
3412 5083 3610 5146 αὐτῶν,
3638 5098 3655 5131 ι
3682 5078 3707 5130 ὁ
3729 5088 3846 5145 φανε-

653 5176 805 5246 regio
834 5175 973 5233 solio
1010 5178 1193 5233 ornari
1224 5187 1279 5234 et
1306 5178 1590 5234 illustrari.
1628 5198 1647 5231 ι
1694 5181 1833 5250 Ergo
1874 5179 1989 5235 Rex
2020 5195 2231 5251 regum,

2336 5178 2427 5248 ρὸν
2457 5178 2719 5243 καθιστὰς
2759 5179 2818 5232 ὃν
2858 5179 2924 5233 ἂν
2971 5177 3210 5248 ἐθέλοιμι
3239 5180 3354 5241 τοῖς
3381 5177 3483 5247 τῆς
3512 5170 3751 5246 βασιλείας
3782 5165 3842 5217 ἐν·

654 5279 710 5324 et
734 5267 1005 5325 Dominus
1031 5271 1432 5327 dominantium
1466 5272 1536 5337 ³ο,
1592 5290 1613 5327 ι
1656 5283 1849 5329 natura
1888 5275 2050 5340 Dens,
2081 5293 2099 5327 (
2139 5274 2231 5345 qni

2338 5270 2674 5344 αὸρύνασθαι
2692 5271 2909 5336 θώκοις.
2930 5290 2948 5321 ι
2968 5270 3178 5326 Οὐκοῦν
3198 5269 3460 5334 Βασιλεὺς
3481 5268 3585 5322 τῶν
3604 5255 3842 5337 βασιλευόν-

657 5361 787 5416 facit
811 5376 991 5429 mane,
1027 5381 1046 5417 ι
1072 5364 1178 5419 hoc
1208 5372 1312 5428 est,
1341 5364 1482 5419 diem
1515 5372 1608 5418 ant
1643 5365 1852 5432 lucem,
1887 5365 2004 5437 ipse
2029 5372 2113 5421 est
2140 5366 2233 5437 qni

2337 5380 2466 5428 των,
2499 5363 2593 5416 καλ⁸
2636 5362 2839 5434 Κύριος
2881 5362 2992 5416 τῶν
3041 5361 3422 5433 κυριευόντων,
3456 5380 3475 5414 ι
3513 5361 3541 5413 ὀ
3568 5357 3704 5428 φύσει
3730 5346 3838 5409 Θεὸς,

663 5472 684 5504 ι
714 5455 843 5509 facit
872 5456 1144 5522 nebulam,
1178 5466 1196 5507 ι
1255 5456 1357 5511 hoc
1409 5465 1513 5522 est,
1551 5458 1836 5524 tenebras,
1879 5466 1973 5512 aut
1996 5468 2232 5525 noctem,

2337 5455 2500 5518 αὐτὸς
2529 5455 2558 5507 ὁ
2585 5453 2754 5508 ποιῶν
2782 5452 2998 5525 ὄρθρον,
3023 5453 3321 5519 τουτέστιν,
3351 5452 3580 5523 ἡμέραν,
3628 5437 3840 5518 ἦτοιφῶςι

660 5544 823 5616 Ipse:
882 5546 973 5615 qni
1023 5548 1267 5602 ascendit
1318 5561 1480 5616 super
1520 5548 1733 5604 excelsa
1781 5557 1963 5615 terra},
2014 5568 2034 5603 ι
2084 5548 2232 5604 omni

2231 5590 2232 5601 η
2338 5548 2497 5611 αὐτὸς
2533 5565 2551 5599 ι
2581 5549 2610 5601 ὁ
2638 5546 2807 5600 ποιῶν
2852 5545 3105 5620 ὁμίχλην,
3141 5564 3159 5598 ι
3196 5546 3463 5610 τουτέστι,
3501 5542 3685 5602 σκότος,
3719 5529 3837 5604 ἦνά-

660 5639 877 5695 excelso
902 5651 957 5695 et
986 5621 1244 5697 eminenti
1275 5642 1621 5712 praestantior
1653 5651 1708 5699 et
1743 5642 2093 5708 eminentior,
2135 5655 2234 5696 no-

2232 5673 2234 5679 ι
2338 5656 2475 5695 κταο
2506 5638 2669 5704 αὐτὸς
2703 5656 2723 5691 ι
2752 5637 3047 5693 ἐπιϐαίνων
3081 5639 3175 5693 ἐπὶ
3212 5639 3280 5694 τὰ
3321 5638 3505 5722 ὑψηλᾷ
3542 5636 3626 5706 τῆς
3665 5630 3760 5699 γῆς,
3784 5623 3838 5675 ’ὁ

733 5837 777 5870 ¹⁷
803 5837 963 5891 Prov.
999 5851 1115 5903 vm,
1147 5836 1232 5906 15,
1270 5837 1332 5895 l6
1430 5838 1650 5895 “Joan.
1684 5857 1762 5909 tn,
1791 5841 1844 5895 8.
1920 5839 2129 5895 "Psal.
2163 5854 2382 5906 cxxxtv,
2416 5839 2471 5897 7.
2551 5838 2634 5892 “l
2664 5836 2806 5894 Tim.
2839 5855 2914 5905 vt,
2952 5840 3035 5893 l5.
