4068 6612
162 488 275 545 439

1122 464 1669 531 COMMENTARIUS
1707 462 1774 520 IN
1815 462 2003 519 AMOS
2041 459 2480 517 PROPIIETAM.

3243 461 3247 465 ’
3316 459 3420 515 490

164 604 378 668 παντὸς
457 600 771 674 ἐπηρμένου
839 598 934 652 καὶ
987 595 1189 668 ὑψηλοῦ
1238 592 1504 665 κρείττων
1552 606 1612 642 τε
1661 587 1755 641 καὶ

1869 600 1981 639 men
2010 584 2207 638 decens
2242 591 2296 636 et
2341 580 2524 650 gloriae
2543 592 2654 632 sum
2696 576 2749 630 in
2779 576 2965 646 primis
2998 587 3418 633 consentauemu

164 696 589 768 ὑπερκείμενος,
613 692 783 763 ὄνομά
804 708 864 744 τε
887 689 1095 760 πρέπον
1146 686 1243 740 καὶ
1270 684 1403 739 πολὺ
1428 683 1549 736 λίαν
1576 680 1751 743 ἐοικὸς

164 793 234 861 τῇ
274 788 473 842 ἑαυτοῦ
505 786 632 858 δόξῃ
662 784 865 855 φορῶν,
896 783 956 837 τὸ
994 800 1012 834 ι
1041 780 1243 852 Κύριος
1272 774 1683 845 παντοκράτωρ.
1724 791 1742 823 s

167 881 282 935 Θέα
310 880 378 951 δὴ
406 874 521 941 οὖν,
550 878 682 947 ὅσην
712 876 797 945 ἐφ’
827 876 978 946 ἡμᾶς
1008 875 1237 927 ποιεῖται
1277 867 1589 940 ἡμερότητα
1654 863 1750 917 καὶ¹

169 972 370 1043 φιλανθ
381 971 589 1042 ρωπίαν
616 971 645 1023 ὁ
677 968 785 1022 τῶν
814 968 951 1021 ὅλων
978 965 1128 1028 Θεός.
1149 962 1493 1037 Ἐπαρτὴσας
1525 957 1630 1029 γὰρ
1651 956 1748 1026 τὴν

167 1061 427 1132 ἀπειλὴν,
462 1060 557 1114 καὶ
594 1059 663 1112 τά
694 1059 791 1129 μὲν
834 1057 910 1120 ὡς
944 1055 1043 1125 ἤδη
1069 1053 1281 1123 γέγονε,
1306 1051 1376 1104 τὰ
1407 1050 1463 1104 δὲ
1489 1049 1563 1113 ὡς
1595 1047 1749 1100 ἔσται

168 1150 544 1224 προειρηκὼς,
576 1150 733 1203 καλεῖ
760 1147 894 1218 πρὸς
928 1146 1223 1212 ἐπίγνωσιν
1244 1163 1259 1207 ,
1282 1142 1374 1196 καὶ
1399 1138 1752 1212 μυσταγωγεῖ

166 1247 263 1298 τὸν
290 1242 671 1305 ὲκκεκλικότα,
702 1241 795 1293 καὶ
826 1237 1147 1308 ἀνακομίζει
1174 1235 1309 1307 πρὸς
1334 1234 1545 1288 σύνεσιν
1570 1230 1661 1284 τὸν
1690 1230 1748 1296 ἐξ

167 1335 417 1406 ἀμαθίας
448 1333 791 1404 ὠλίσθηκότα
814 1347 828 1361 ’
854 1331 948 1384 καὶ
974 1332 1083 1393 τοῖς
1123 1329 1222 1382 οὐκ
1264 1325 1430 1380 είδόσι
1462 1325 1552 1377 τὸν
1587 1322 1749 1393 φύσει

168 1445 231 1481 τε
266 1429 365 1480 καὶ
392 1426 608 1496 άληθῶς
654 1423 940 1494 δεσπότην,
961 1422 1070 1475 ἀπό
1092 1438 1151 1474 τε
1174 1419 1266 1473 τοῦ
1290 1419 1465 1472 πάντα
1490 1415 1748 1469 δύνασθαι

167 1517 500 1589 κατορθοῦν,
520 1518 615 1571 καὶ
635 1517 930 1585 κατάρχειν
958 1513 1063 1567 τῶν
1088 1512 1241 1578 ὅλων,
1276 1510 1463 1565 ἑαυτὸν
1488 1509 1748 1579 καθίστη-

168 1628 260 1663 σιν
296 1608 525 1681 ὲναργῆ.
562 1608 731 1661 Τοῦτο
766 1607 821 1660 δὲ
838 1601 905 1677 ἦν
928 1605 1075 1675 πόνῳ
1104 1604 1198 1657 καὶ
1234 1604 1455 1673 μάστιγι
1483 1599 1750 1670 σωφρονί-

168 1700 386 1763 ζοντος,
413 1699 507 1751 καὶ
555 1695 837 1767 μονονουχὶ
868 1694 962 1746 καὶ
990 1692 1325 1762 ἀνεθελήτως
1354 1688 1550 1750 αὐτοὺς
1579 1703 1749 1740 κατα-

167 1792 435 1854 παίοντος
465 1792 543 1853 είς
572 1786 926 1858 ἐπιστροφὴν,
958 1785 1050 1838 καὶ
1074 1785 1143 1839 τὰ
1178 1783 1244 1837 δι’
1270 1777 1344 1837 ὧν
1369 1780 1514 1843 εἰκὸς
1539 1779 1751 1847 ἀναμα-

168 1883 291 1935 θεῖν
318 1881 577 1937 δύνασθαι
610 1878 679 1933 τά
707 1878 915 1949 ἀμείνω
934 1879 1171 1949 φρονεῖν,
1205 1873 1491 1945 χρησίμως
1520 1868 1751 1937 ἐπάγον-

166 1991 291 2039 τος.

800 2081 1053 2137 ΚΕΦΑΛ.
1080 2080 1159 2135 E'.

261 2218 582 2274 Ἀκούσατε
609 2214 717 2270 τὸν
751 2215 937 2284 λόγον
958 2213 1202 2281 Κυρίου,
1238 2211 1311 2264 ὃν
1341 2208 1454 2279 ἐγὼ
1478 2205 1759 2277 λαμϐάνω

168 2313 271 2382 ἐφ’
302 2311 459 2380 ὑμᾶς
482 2308 725 2378 θρῆνον.
760 2303 936 2373 Οἶκος
964 2305 1070 2360 τοῦ
1106 2303 1340 2371 Ἰσραὴλ
1366 2303 1607 2362 ἔπεσεν,
1648 2301 1759 2353 οὐκ

170 2405 270 2460 ἔτι
291 2406 366 2458 οὺ
389 2401 476 2472 μὴ
506 2398 805 2469 προστεθῇ
828 2395 1184 2466 ἀναστῆναι.
1202 2392 1496 2462 Παρθένος
1523 2389 1761 2459 Ἰσραὴλ

170 2497 424 2567 ἐσφάλη
452 2495 550 2549 ἐπὶ
576 2492 687 2563 τῆς
715 2491 828 2564 γῆς
854 2489 1063 2554 αὑτοῦ,
1093 2490 1204 2543 οὐκ
1230 2487 1402 2541 ἔστιν
1436 2488 1469 2539 ὀ
1495 2480 1761 2539 ἀνιστῶν

172 2589 404 2657 αὑτήν.

251 2705 395 2759 MI".
436 2702 498 2755 Οἱ
537 2698 795 2772 μακάριοι
832 2696 1103 2768 προφῆται
1150 2694 1218 2747 τά
1247 2690 1392 2745 κατά
1430 2707 1590 2743 τινων
1639 2686 1760 2740 ἐσό-

178 2812 328 2867 μενα
379 2788 979 2863 προαναμανθάνοντες,
1026 2781 1144 2838 εἶτα
1187 2782 1455 2853 δειμάτων
1514 2777 1762 2832 ἐντεῦθεν

177 2866 675 2952 ἀναπιμπλάμενοι
724 2878 819 2929 κοιλ⁵
878 2872 1308 2946 ὑπεραλγοῦντες
1373 2870 1448 2932 ὡς
1500 2866 1761 2936 ἀδελφῶν,

177 2973 528 3045 θερμοτέρας
555 2970 664 3024 ἔσθ’
688 2971 776 3022 ὅτε
803 2966 1079 3021 ποιοῦνται
1098 2964 1195 3027 τὰς
1211 2960 1548 3031 ἐπιπλήξεις,
1573 2976 1764 3030 μονον-

176 3068 308 3137 ουχὶ
340 3066 629 3126 δάκνοντες
676 3061 733 3128 ἐξ
768 3060 1011 3129 ἀγάπης,
1041 3056 1135 3110 καὶ
1160 3053 1536 3114 διανιστῶντες
1561 3053 1639 3115 είς
1666 3050 1762 3120 νῆ-

176 3160 278 3228 ψιν
309 3158 379 3228 τῇ
410 3152 799 3227 προαγορεύσει
834 3149 944 3204 τῶν
971 3150 1092 3202 ὅσον
1120 3145 1271 3198 οῦπω
1312 3141 1762 3213 συμϐησομένων.

180 3248 447 3302 Τοιοῦτόν
475 3264 530 3300 τι
554 3247 647 3299 καὶ
674 3244 769 3297 νῦν
795 3245 825 3295 ὁ
858 3241 1143 3313 προφήτης
1182 3236 1441 3299 ἐπιτελεῖ,
1466 3234 1641 3303 λέγων
1667 3234 1765 3303 μὲν

180 3340 262 3402 ὼς
314 3337 377 3402 ἐξ
420 3337 552 3389 ἰδίου
588 3333 901 3405 προσώπου,
928 3330 1067 3402 πλὴν
1112 3329 1235 3399 οὐχὶ
1283 3327 1351 3381 τὰ
1398 3324 1506 3379 ἀπὸ
1540 3325 1765 3396 γνώμης

186 3429 349 3492 ἰδίας,
382 3427 500 3481 ἀλλ’
535 3426 609 3489 ὡς
649 3427 713 3478 ὲκ
743 3423 902 3477 θείων
952 3418 1460 3493 χρησμῳδημάτων.
1496 3414 1765 3487 Ταύτῃτοί

183 3534 379 3589 φησιν·
425 3537 443 3568 ι
467 3514 757 3569 Ἀκούσατε
785 3515 879 3567 τὸν
905 3513 1062 3582 λόγον
1106 3510 1310 3581 Κυρίου
1335 3508 1542 3571 τοῦτον,
1573 3506 1630 3560 ὃν
1658 3506 1768 3576 ἐγὼ

180 3610 458 3682 λαμϐάνω
489 3610 575 3679 ἐφ’
607 3609 749 3678 ὑμᾶς
794 3606 1011 3677 θρῆνον.
1045 3624 1063 3657 ι
1101 3603 1379 3674 Λελάληκε
1433 3603 1533 3673 μὲν
1571 3601 1679 3672 γάρ
1712 3601 1769 3653 ὲν

183 3701 337 3769 ἐμοὶ,
370 3700 558 3768 φησὶν,
594 3700 623 3752 6
660 3696 765 3750 τῶν
809 3696 943 3749 ὅλων
993 3695 1145 3759 Θεὸς,
1195 3693 1529 3748 συντέθειται
1576 3693 1634 3746 δέ
1682 3709 1770 3761 μοι

184 3792 393 3865 θρῆνος
418 3792 498 3854 είς
526 3790 668 3860 ὑμᾶς
686 3788 812 3851 τοὺς
838 3787 1251 3856 ἀποφοιτιῖωτας
1282 3784 1469 3840 αὐτοῦ.
1496 3784 1605 3837 Καὶ
1626 3784 1680 3836 τί
1705 3783 1769 3853 δὴ

183 3886 300 3957 ἄρα
328 3884 394 3935 τὸ
426 3881 619 3953 γοερόν
653 3884 768 3934 ἐστι
823 3879 1023 3951 μέλος;
1055 3878 1109 3931 τί
1130 3879 1192 3933 τὸ
1220 3878 1501 3949 θρήνημας
1547 3877 1643 3930 καὶ
1686 3876 1772 3945 ἐφ’

183 3978 413 4046 ὅτῳπερ
442 3974 511 4027 ἂν
542 3972 748 4041 γένοιτο
775 3968 1062 4043 παρὐὲμοῦ
1092 3969 1154 4023 τὸ
1180 3968 1439 4039 δάκρυον;
1468 3966 1624 4036 Δεινὴ
1678 3967 1773 4021 καὶ

182 4065 556 4135 ἀνουθέτητος
601 4062 873 4133 συμφορά.
908 4057 1069 4124 υἷκος
1111 4058 1327 4130 Ἰσραὴλ
1378 4059 1560 4112 ἔπεσε.
1593 4060 1775 4112 Συνει-

186 4161 391 4231 στήκει
426 4158 525 4227 μὲν
551 4156 682 4227 γὰρ,
725 4154 1040 4226 τιμωμένου
1074 4154 1169 4207 καὶ
1206 4152 1572 4223 ἀγαπωμένου
1614 4151 1773 4206 Θεοῦο

184 4250 602 4305 καταπέπτωκε
623 4248 679 4300 δὲ
704 4247 967 4312 νυνὶ,ταῖς
987 4245 1095 4300 τῶν
1115 4245 1479 4315 πλανωμένων
1500 4245 1775 4307 ἀπονοίαις

184 4339 699 4414 παρωτρυμμένου.
734 4334 868 4391 Εἶτα
911 4336 994 4399 τίς
1041 4338 1069 4390 ὀ
1115 4336 1323 4407 ὲγερῶν
1347 4336 1438 4389 τὸν
1471 4338 1582 4400 τοῖς
1611 4335 1775 4399 θείοις

186 4433 437 4503 νεύμασι
468 4430 911 4495 καταπίπτοντας
948 4447 968 4480 ι
990 4427 1228 4499 Ἑσφάλη
1253 4427 1413 4499 γάρὴ
1441 4426 1726 4497 παρθενία,
1752 4446 1769 4478 ι

185 4523 470 4583 τουτέστι,
517 4521 877 4592 πεπόρνευκε.
912 4519 1048 4573 Ποία
1093 4518 1151 4572 δὲ
1198 4518 1374 4588 αῦτη;
1422 4519 1641 4581 πάντως
1673 4534 1775 4571 που

1849 691 2064 747 gerens,
2099 686 2346 744 nempe“
2398 672 2652 727 Dominus
2688 670 3049 738 omnipotens.
3098 687 3118 720 ι
3163 668 3293 723 Vide
3323 670 3423 740 igi-

1851 777 2223 837 tunquantam
2267 781 2393 835 erga
2448 778 2546 819 nos
2598 762 3058 817 mansuetudinem
3115 761 3423 833 benignita-

1849 871 2066 931 temque
2116 859 2474 915 declaraverit
2511 856 2886 911 universorum
2934 855 3094 909 Deus.
3134 853 3418 910 Intentatis

1849 954 1995 1008 enim
2028 952 2208 1017 minis,
2251 947 2795 1013 commemoratisque
2828 946 2985 1001 malis
3043 948 3237 1018 partim
3279 960 3421 1015 prm-

1858 1046 2057 1109 teritis,
2090 1043 2285 1114 partim
2315 1043 2614 1106 eventnris,
2632 1040 2699 1094 ad
2726 1038 3053 1108 agnitionem
3086 1038 3169 1092 sui
3208 1037 3419 1101 invitat,
3458 1096 3469 1107 η

1849 1146 1906 1192 et
1953 1151 2077 1190 eum
2131 1135 2221 1203 qui
2279 1132 2621 1196 declinavit,
2665 1130 2986 1202 mysterium
3033 1131 3208 1196 docet,
3260 1140 3423 1200 atque

1850 1244 1915 1285 ex
1947 1228 2217 1298 imperitia
2267 1225 2476 1295 lapsum
2505 1224 2572 1278 ad
2626 1223 3033 1294 intelligentiam
3066 1222 3314 1287 reducit;
3370 1232 3426 1276 et

1861 1319 2240 1389 ignorantibus
2274 1325 2467 1370 natura
2501 1329 2566 1369 ac
2596 1328 2722 1368 vere
2764 1314 3069 1378 Dominum,
3101 1326 3166 1366 ex
3195 1325 3259 1366 eo
3285 1311 3427 1379 quod

1848 1412 2029 1466 omnia
2048 1410 2184 1465 bene
2207 1409 2385 1463 facere
2403 1408 2589 1478 possit,
2603 1406 2939 1477 imperetque
2960 1406 3298 1469 omnibus,se
3315 1420 3432 1458 ma-

1848 1503 2097 1557 uifestum
2118 1501 2308 1556 reddit.
2333 1499 2442 1555 Hoc
2466 1508 2548 1554 est
2566 1498 2619 1553 in
2642 1499 2826 1554 dolore
2848 1506 2905 1553 et
2923 1496 3133 1567 ﬂagello
3145 1498 3208 1550 ad
3230 1496 3431 1551 sanita-

1852 1604 1957 1650 tem
2010 1608 2283 1657 revocare,
2333 1590 2409 1652 etl.
2447 1591 2589 1661 [nasi
2642 1591 2869 1645 invitum
2942 1591 3091 1660 ipsos
3150 1588 3314 1646 ferire
3360 1590 3430 1645 ad

1851 1688 2231 1750 reversionem,
2263 1695 2318 1739 et
2346 1697 2438 1753 per
2454 1698 2573 1753 quae
2593 1692 3015 1738 consentaneum
3043 1691 3122 1739 est
3152 1694 3309 1752 posse
3334 1680 3430 1736 de-

1852 1795 1960 1835 nuo
1983 1777 2208 1832 meliora
2245 1790 2457 1844 sapere,
2488 1774 2692 1830 utiliter
2724 1774 2997 1832 inducere.

2506 2081 2656 2137 CAP.
2696 2082 2761 2139 γ.

1941 2220 2104 2275 Vens.
2138 2219 2271 2284 1,2.
2327 2219 2516 2272 Audite
2578 2220 2792 2274 verbum
2848 2220 3105 2286 Domini,
3152 2225 3291 2292 quod
3337 2241 3433 2295 ego

1874 2329 2083 2365 assumo
2117 2328 2271 2378 super
2298 2328 2386 2366 vos
2417 2313 2709 2380 planctum.
2746 2313 2942 2368 Damus
2990 2314 3160 2369 Israel
3204 2318 3431 2382 cecidit,

1862 2423 1965 2458 non
1995 2405 2219 2472 amplius
2269 2403 2489 2468 adjiciat
2536 2420 2829 2474 resurgere.
2888 2406 3047 2477 Virgo
3101 2407 3272 2463 Israel
3304 2426 3435 2477 pro-

1854 2495 1998 2562 jecta
2056 2503 2131 2548 est
2186 2496 2242 2547 in
2298 2504 2493 2547 terram
2547 2509 2703 2547 suam
2733 2534 2750 2561 ,
2801 2511 2906 2550 non
2950 2505 3027 2550 est
3089 2498 3179 2563 qui
3219 2499 3434 2554 suscitet

1861 2601 1999 2638 eam.

1933 2693 2115 2749 XLIII.
2148 2693 2299 2749 Beati
2343 2694 2617 2764 prophetze
2649 2696 2969 2764 quibusdam
3001 2707 3261 2754 eventura
3297 2716 3436 2771 pra:-

1864 2786 2122 2852 dicentes,
2162 2785 2285 2840 inde
2334 2786 2476 2855 pleni
2510 2785 2671 2856 297
2734 2788 3052 2851 terroribus,
3100 2788 3437 2862 fratrumque

1864 2879 2039 2931 vicem
2076 2877 2373 2946 nimiopere
2404 2877 2649 2933 dolentes
2675 2916 2691 2941 ,
2737 2879 2948 2934 acriore
2997 2880 3284 2949 aliquando
3333 2887 3434 2939 ob-

1860 2967 2169 3037 jurgatione
2225 2975 2450 3023 utuntur
2490 3009 2507 3034 ,
2558 2970 2946 3038 propemodum
3003 2972 3313 3028 mordentes
3364 2988 3432 3029 er

1866 3058 2153 3122 rharitate,
2188 3067 2244 3112 et
2271 3058 2605 3129 vigilantiam
2637 3061 3053 3131 cautionemque
3089 3064 3436 3133 pnedictione

1868 3166 1992 3204 mox
2014 3151 2317 3205 futurorum
2342 3151 2761 3207 exsuscitantes.
2791 3151 2921 3207 Tale
2937 3154 3189 3223 quiddam
3209 3166 3263 3211 et
3294 3172 3438 3214 nunc

1869 3242 2128 3311 propheta
2179 3242 2342 3309 facit;
2391 3256 2489 3297 ceu
2524 3257 2590 3298 ex
2645 3257 2876 3313 persona
2931 3258 3027 3299 sua
3073 3245 3298 3316 loquens
3348 3248 3440 3305 ille

1868 3333 2103 3401 quidem,
2137 3343 2507 3387 verumtamen
2539 3348 2645 3388 non
2674 3348 2740 3389 ex
2776 3344 2956 3388 mente
2984 3351 3105 3401 sua,
3159 3338 3255 3392 sed
3288 3340 3437 3395 velut

1868 3438 1897 3476 a
1942 3423 2052 3479 Deo
2100 3424 2311 3481 amatus
2351 3426 2434 3480 sic
2459 3426 2535 3479 ait
2580 3443 2594 3479 :
2631 3444 2650 3478 ι
2703 3426 2901 3481 Audite
2951 3430 3175 3483 verbum
3225 3431 3441 3487 Domini

1868 3519 1992 3582 hoc,
2024 3518 2167 3587 quod
2192 3532 2294 3587 ego
2343 3531 2560 3572 assumo
2598 3531 2762 3588 super
2811 3533 2907 3575 vos
2936 3519 3235 3589 planctum.
3276 3541 3294 3575 ι
3333 3523 3440 3579 Lo-

1868 3617 2024 3664 cutus
2056 3619 2141 3664 est
2185 3611 2329 3664 enim
2366 3609 2418 3663 in
2447 3622 2553 3673 me,
2607 3609 2801 3678 lnqnit.
2836 3610 3214 3666 universorum
3252 3615 3435 3667 Domi-

1869 3716 1991 3764 nus,
2017 3710 2071 3755 et
2104 3702 2380 3769 composui
2414 3699 2861 3756 lamentationem
2891 3715 3054 3769 super
3082 3717 3198 3766 vos,
3244 3705 3337 3774 qni
3370 3706 3438 3759 ab

1869 3808 1934 3848 eo
1961 3792 2312 3847 discessistis.
2351 3791 2632 3858 Quodnam
2661 3789 2827 3862 igitur
2868 3792 2971 3848 hoc
3000 3792 3229 3862 lugubre
3258 3796 3440 3850 cauti-

1871 3884 2031 3938 cum?
2052 3897 2172 3952 quae
2198 3884 2298 3937 ista
2329 3882 2649 3937 lamentatio
2672 3881 2696 3935 I
2721 3891 2776 3938 et
2802 3884 2929 3952 quid
2958 3884 3170 3939 tandem
3196 3884 3401 3941 deﬂebo
3417 3887 3443 3941 τ

1872 3973 2161 4029 Horribilis
2190 3982 2245 4027 et
2274 3971 2687 4028 inemendabilis
2713 3971 3015 4027 calamitas.
3046 3973 3241 4029 Domus
3275 3975 3443 4031 Israel

1877 4064 2090 4119 cecidit.
2162 4063 2508 4120 Consistebat
2579 4079 2701 4118 cum
2775 4064 3070 4119 honoraret
3126 4076 3182 4121 et
3236 4076 3444 4123 amaret

1874 4155 2059 4208 Deum.
2092 4153 2245 4209 Nunc
2266 4154 2453 4209 eodem
2483 4154 2783 4209 errantium
2817 4155 3038 4210 vesania
3066 4156 3283 4211 irritato
3310 4172 3443 4213 con-

1876 4248 2022 4300 cidit.
2073 4244 2190 4299 Jam
2224 4246 2347 4315 quis
2404 4244 2589 4299 divino
2651 4254 2783 4299 nutu
2843 4256 3171 4315 prostratum
3220 4248 3448 4319 eriget?

1883 4356 1901 4389 ι
1935 4336 2176 4406 Projecta
2201 4346 2283 4390 est
2315 4339 2456 4388 enim
2487 4336 2795 4405 virginitas.
2838 4355 2857 4388 ι
2900 4338 3012 4394 Iloc
3038 4325 3148 4404 est,
3178 4340 3447 4398 fornicata

1875 4440 1982 4483 est.
2033 4428 2292 4493 Quzenam
2355 4427 2511 4482 ista?
2570 4428 2794 4482 omnino
2844 4427 3005 4483 Israel
3057 4445 3292 4501 quoque,
3332 4435 3448 4491 sive

1876 4518 2182 4574 Jndzeorum
2215 4517 2518 4588 Synagoga,
2540 4520 2626 4574 cui
2656 4520 2854 4573 dictum
2883 4530 2968 4575 est
2992 4536 3021 4575 a
3053 4522 3196 4578 Deo:
3229 4524 3448 4582 «Nonne

188 4614 360 4668 πάλιν
410 4615 440 4665 ὁ
477 4612 711 4683 Ἰσραὴλ,
746 4612 911 4681 ἥγουν
940 4612 974 4681 ἡ
1008 4610 1116 4665 τῶν
1145 4610 1411 4664 Ἰουδαίων
1454 4611 1765 4681 Συναγωγὴ,

1880 4611 2174 4665 utdorunm
2209 4625 2296 4664 me
2321 4610 2546 4672 vocasti,
2580 4617 2635 4664 et
2677 4618 2887 4676 patrem
2939 4620 2994 4666 et
3024 4613 3216 4668 ducem
3278 4615 3449 4683 virgi-

190 4705 336 4774 πρὸς
362 4703 431 4772 ἣν
460 4702 673 4773 εἴρηται
701 4701 852 4772 παρά
878 4700 1039 4753 Θεοῦο
1070 4718 1089 4750 ι
1120 4700 1230 4769 Οὐχ
1261 4700 1335 4763 ὡς
1364 4696 1512 4754 οἶκόν
1552 4717 1618 4771 με
1651 4701 1779 4753 ἑκά-

189 4795 386 4855 λεσας,
409 4792 505 4847 καὶ
530 4792 759 4862 πατέρα,
779 4791 874 4845 καὶ
894 4791 1135 4862 ἀρχηγὸν
1155 4792 1257 4861 τῆς
1279 4791 1573 4862 παρθενίας
1605 4807 1698 4843 σου
1720 4807 1734 4855 ;
1756 4806 1775 4841 ι

194 4882 417 4938 Οὐκοῦν
464 4884 499 4951 ή
549 4881 649 4951 τῆς
702 4880 999 4951 παρθενίας
1048 4880 1288 4952 ἀρχηγὸν
1344 4880 1583 4950 λαχοῦσα
1625 4878 1778 4942 Θεὸν,

194 4971 416 5040 ἐσφάλη
439 4970 533 5023 ἐπὶ
551 4971 648 5041 τῆς
672 4971 775 5041 γῆς
793 4972 987 5041 αὐτῆς,
1004 4972 1268 5036 τουτέστι,
1290 4974 1649 5042 πεπόρνευκε,
1688 4971 1783 5025 καὶ¹

192 5062 615 5134 ἀπροφάσιστον
660 5062 772 5131 ἔχει
818 5062 918 5133 τὴν
961 5064 1253 5133 ἁμαρτίαν.
1283 5063 1628 5134 Πεπόρνευκε
1683 5062 1783 5132 μὲν

190 5156 311 5223 γὰρ
354 5155 417 5205 ὲν
445 5152 706 5223 Αἰγύπτῳ
736 5153 888 5207 ποτέ.
908 5153 1046 5205 Ἀλλ’
1074 5148 1143 5223 ἦν
1188 5154 1245 5206 ὲν
1285 5156 1356 5223 γῇ
1394 5153 1493 5206 οὐκ
1530 5153 1655 5225 ἰδία,
1686 5156 1781 5207 καὶ⁵

191 5248 319 5307 τοῖς
364 5242 477 5295 τῶν
524 5242 869 5313 κρατούντων
911 5243 1227 5315 ὑπέστρωτο
1247 5244 1441 5313 ,νόμοις
1489 5244 1631 5314 τάχα
1676 5262 1780 5298 που

192 5337 300 5389 καὶ
328 5332 644 5405 ἀϐουλήτως
675 5335 753 5396 εἰς
782 5334 849 5387 τά
889 5335 1111 5388 ἐκείνων
1142 5334 1239 5404 ἔθη
1281 5334 1651 5402 κατεϐιάζετο,
1682 5335 1782 5405 τῆς

194 5425 547 5497 προγονικῆς
593 5425 873 5487 εὐσεϐείας
904 5424 978 5488 ὡς
1021 5424 1080 5488 ἐξ
1123 5426 1368 5495 ἀνάγκης
1414 5425 1778 5495 ἐξωθουμένη.

192 5516 348 5572 Νυνὶ
373 5516 434 5569 δὲ
459 5516 828 5579 κατωθοῦντος
851 5516 1063 5580 οὐδενὸς
1089 5517 1224 5585 (ἐστι
1249 5518 1358 5588 γὰρ
1381 5519 1473 5570 ἐπὶ
1494 5518 1595 5587 γῆς
1624 5517 1782 5581 ἰδίας,

191 5610 339 5666 ἔνθα
369 5608 535 5678 νόμος
558 5609 585 5659 ὁ
604 5607 966 5675 παιδαγωγὸς,
990 5608 1339 5679 ἀποκομίζων
1368 5609 1538 5679 αὐτὴν
1562 5612 1642 5672 εἰς
1664 5608 1785 5662 ἐπί-

190 5717 415 5771 γνωσιν
435 5700 527 5752 τοῦ
554 5700 711 5769 φύσει
734 5719 793 5755 τε
818 5703 913 5757 καὶ
940 5701 1170 5774 ἀληθοῦς
1197 5702 1349 5765 ὄντος
1382 5702 1539 5769 Θεοῦ,
1569 5700 1787 5772 ἀνειμέ-

271 5879 320 5912 ³¹
346 5877 466 5934 Jer.
494 5895 577 5943 Ill,
606 5879 661 5934 ιι.

454 5976 727 6035 Parum.
773 5974 819 6034 (Ξ
832 5993 865 6033 ιι
933 5971 1154 6033 LXXI.

1888 4701 2071 4756 uitatis
2098 4700 2257 4754 tua)“
2281 4699 2304 4753 ‘l
2330 4717 2347 4750 ι
2385 4700 2514 4765 Quae
2560 4699 2721 4766 igitur
2770 4700 2936 4754 Deum
2972 4702 3301 4773 virginitatis
3339 4720 3449 4761 sua:

1883 4793 2073 4845 ducem
2104 4788 2295 4843 sortita
2345 4797 2426 4843 est
2451 4826 2467 4851 ,
2513 4789 2565 4841 in
2610 4797 2807 4843 terram
2850 4804 3002 4843 suam
3045 4789 3284 4860 projecta
3315 4807 3396 4847 εει
3431 4834 3447 4860 ,

1889 4886 1993 4939 hoc
2025 4890 2130 4947 est,
2162 4880 2425 4935 fornicata
2454 4887 2558 4945 est,
2590 4888 2644 4933 et
2680 4888 2963 4948 peccatum
3014 4881 3178 4937 habet
3226 4881 3448 4937 inexcu-

1884 4974 2073 5029 sabile.
2135 4971 2420 5026 Fornicata
2467 4980 2549 5023 est
2587 4970 2731 5023 enim
2777 4970 2905 5024 olim
2955 4972 3007 5025 in
3046 4970 3306 5042 Egypto.
3344 4973 3451 5029 Sed

1884 5074 2000 5120 tum
2037 5079 2139 5119 non
2174 5072 2290 5117 erat
2324 5064 2376 5115 in
2415 5071 2556 5115 terra
2586 5075 2704 5125 sua,
2739 5071 2793 5117 et
2821 5077 2954 5130 quos
2989 5063 3235 5120 dominos
3278 5066 3449 5135 patie-

1887 5159 2065 5221 batur,
2094 5170 2279 5210 eorum
2312 5154 2517 5224 legibus
2535 5154 2999 5217 snbsternebatur,
3031 5170 3095 5210 ac
3114 5155 3305 5211 nolens
3342 5157 3454 5211 for-

1888 5251 2028 5303 sitan
2090 5256 2252 5315 atque
2311 5245 2475 5297 invita
2522 5245 2587 5297 ad
2631 5258 2816 5299 eorum
2873 5259 3055 5300 mores
3102 5246 3451 5314 adigebatur.

1891 5340 2150 5409 maiorum
2210 5351 2428 5391 suorum
2477 5335 2730 5404 pietatem
2793 5350 2856 5391 ac
2900 5336 3212 5407 religionem
3270 5354 3452 5393 coacta

1891 5431 2164 5484 deserere.
2198 5425 2352 5480 Nunc
2400 5439 2554 5478 nemo
2600 5425 2763 5495 cogit.
2817 5424 2911 5479 Est
2958 5427 3101 5480 enim
3146 5428 3198 5481 in
3238 5429 3455 5497 regione

1891 5521 2130 5591 propria,
2163 5518 2252 5573 ubi
2288 5517 2372 5573 lex
2402 5516 2740 5587 paedagogus,
2770 5518 3032 5573 reducens
3065 5520 3267 5572 eamad
3303 5520 3456 5587 agni-

1896 5614 2093 5668 tionem
2140 5610 2286 5679 ejus,
2333 5608 2423 5677 qui
2464 5616 2548 5662 est
2587 5618 2780 5663 natura
2829 5616 2885 5664 et
2925 5624 3050 5665 vere
3096 5611 3256 5677 Deus,
3282 5610 3455 5665 soluta

1895 5717 1958 5759 ac
1990 5702 2156 5757 libera
2180 5741 2196 5765 ,
2233 5708 2289 5755 et
2324 5698 2669 5768 inculpabilis
2698 5713 2922 5769 prorsus
2952 5702 3017 5755 ad
3053 5702 3278 5769 quodvis
3315 5716 3455 5770 prae-

3001 5968 3068 6031 16
