4068 6548
651 425 747 481 491

1677 409 1734 463 S.
1776 406 2053 461 (LYIHIJJ
2097 401 2565 456 ALEXANDHIM
2609 391 2929 453 ARCHIEP.
3799 401 3881 456 493

653 538 1018 596 clarissimum
1054 547 1190 603 opus
1243 530 1351 584 via.
1411 528 1527 595 Qua
1561 527 1727 598 igitur
1765 524 2083 579 defensione
2119 532 2234 575 ute-

2340 535 2403 588 νη
2453 519 2509 572 δὲ
2556 519 2649 572 καὶ
2696 517 2956 588 ἐλευθέρα
3018 516 3110 568 καὶ
3139 513 3537 585 ἀνεπίπλήκτῡς
3577 513 3876 589 παντελῶςή

654 632 784 687 tur?
835 628 1121 684 Fornicata
1169 635 1252 679 est
1301 623 1468 686 enim,
1536 637 1641 674 uou
1683 618 1968 688 compulsa
2014 615 2083 668 ab
2127 612 2230 674 ali-

650 740 779 795 quo,
811 723 907 780 sed
921 721 1348 792 quodsequitur,
1378 723 1569 785 sponte
1601 729 1663 768 ac
1690 713 1987 766 voluntate.
2023 709 2231 762 Idcirco

651 816 960 887 proiectam
985 829 1088 868 non
1120 811 1328 880 estqui
1379 809 1576 878 erigat.
1634 805 1860 859 Dicatur
1899 812 1954 858 et
1997 819 2024 855 a
2079 801 2232 855 nobis

651 918 1049 981 peropportune
1080 906 1188 958 Deo
1210 903 1388 957 omnia
1422 899 1653 954 valenti:
1697 917 1714 948 ι
1755 895 2038 951 Terribilis
2066 910 2146 959 es,
2179 903 2234 948 et

651 1003 774 1072 quis
811 1000 1026 1056 resistet
1052 997 1147 1052 tibi
1179 999 1246 1052 ab
1281 995 1359 1049 ira
1393 1004 1480 1048 tua
1514 992 1607 1047 ³³⁸1
1649 1010 1665 1043 ι

723 1274 930 1331 Cecidit
961 1281 1019 1328 et
1046 1271 1205 1326 aliter
1239 1267 1468 1339 populus
1500 1264 1831 1321 Judmorum.
1873 1275 1968 1328 per
1998 1257 2230 1327 injurias

653 1381 710 1424 ct
735 1365 1090 1422 contumelias
1139 1364 1191 1416 in
1235 1361 1516 1416 Christum
1563 1365 1719 1410 actus
1774 1354 1825 1408 in
1875 1352 2132 1407 dedecus.
2167 1349 2235 1404 Et

653 1461 800 1529 jacet
838 1471 978 1512 nunc
1029 1454 1245 1510 nemine
1295 1456 1672 1507 succurrente.
1721 1445 2009 1510 Exspectat
2050 1450 2232 1495 autem

655 1569 812 1607 suam
849 1548 1156 1604 miserantis
1186 1544 1438 1615 gratiam,
1471 1539 1698 1604 Christi,
1732 1539 1986 1606 inquam;
2025 1549 2145 1588 nam
2180 1542 2236 1587 et

654 1645 776 1716 ipse
804 1657 1018 1714 quoque
1048 1640 1113 1693 ad
1166 1637 1498 1705 agnitionem
1531 1648 1627 1704 per
1660 1631 1814 1684 ﬁdem
1853 1627 2110 1684 extremis
2135 1643 2236 1681 sa:-

657 1736 762 1791 culi
804 1733 1138 1803 temporibus
1179 1728 1478 1783 vocabitur.

2335 609 2415 673 εῖς
2452 611 2558 662 πᾶν
2591 607 2769 661 ὁτιοῦν
2799 607 2906 660 τῶν
2937 605 3176 676 ἀρίστων
3217 606 3334 667 ὁδὸς
3355 647 3369 669 ,
3400 604 3484 668 τίς
3517 600 3611 658 οὖν
3653 606 3778 675 αὐτῇ
3803 607 3878 676 τῆς

2331 699 2629 768 ἀπολογίας
2679 697 3030 770 ἐκπορισθείη
3064 697 3300 766 τρόποςς
3346 697 3693 767 ιῐεπὸρνευκε
3719 699 3812 768 γάρ
3831 701 3875 753 οὐ

2335 789 2666 862 βεϐιασμένη
2719 789 2928 856 ποθὲν,
2983 789 3098 843 ἀλλ’
3142 788 3344 842 ἑκοῦσα
3395 788 3602 842 λοιπόν.
3650 788 3879 859 Tuus-grai

2333 873 2789 954 κατερῤαγμένὴν
2817 881 2918 934 οὐκ
2943 880 3088 934 ἐστιν
3113 881 3142 932 ὁ
3173 881 3400 948 ὲγερῶν.
3435 877 3690 949 Εἰρήσθω
3727 878 3781 950 δὴ
3809 878 3880 936 οὖν

2333 971 2392 1030 εὖ
2431 975 2574 1046 μάλα
2601 974 2697 1028 καὶ
2728 972 2861 1046 πρός
2890 990 2952 1042 γε
2983 971 3143 1043 ἡμῶν
3165 971 3346 1024 αὐτῶν
3375 971 3452 1040 τῷ
3477 970 3658 1023 πάντα
3689 971 3880 1039 ἰσχύοντι

2333 1069 2472 1140 Θεῷ·
2505 1087 2524 1119 ι
2560 1068 2631 1120 Σὺ
2661 1067 2888 1137 φοϐερὸς
2933 1060 3001 1131 εἷ,
3031 1065 3126 1119 καὶ
3165 1065 3248 1128 τίς
3291 1061 3677 1134 ἀντιστήσεται
3709 1080 3779 1115 σοι
3800 1065 3880 1118 ἀπὸ

2332 1160 2434 1231 τῆς
2455 1158 2624 1229 ὀργῆς
2657 1174 2751 1209 σου
2776 1174 2823 1222 ;›

2406 1249 2670 1301 Πέπτωκε
2711 1246 2766 1300 δὲ
2817 1245 2912 1299 καὶ
2944 1245 3146 1313 ἑτέρως
3178 1245 3210 1314 ἡ
3246 1241 3353 1295 τῶν
3387 1241 3658 1295 Ἰουδαίων
3685 1242 3874 1310 πληθὺς,

2333 1339 2424 1393 διά
2462 1340 2563 1410 τῆς
2592 1339 2671 1403 εἰς
2706 1337 2940 1409 Χριστὸν
2973 1335 3257 1407 παροινίας
3295 1332 3736 1404 καταϐιαζομένη
3773 1337 3878 1406 πρὸς

2334 1429 2576 1500 ἔλεγχον·
2633 1429 2725 1483 καὶ
2778 1419 3196 1490 κεῖταιθλοιπὸν,
3259 1423 3634 1494 ἐπαμύνοντος
3691 1423 3879 1487 οὐδενὸς,

2338 1521 2711 1594 περιμένουσα
2749 1519 2805 1573 δὲ
2850 1518 3019 1589 μόνην
3049 1517 3145 1587 τὴν
3173 1515 3266 1569 τοῦ
3312 1515 3771 1584 κατοικτείροντος
3802 1517 3876 1585 χά-

2339 1631 2444 1687 ριν,
2506 1612 2652 1684 φημὶ
2695 1612 2759 1682 δὴ
2806 1609 3066 1681 Χριστοῦ.
3116 1607 3461 1680 κληθήσεται
3504 1607 3616 1677 γάρ
3655 1607 3742 1659 καὶ
3774 1609 3876 1674 αὐτὴ

2338 1705 2476 1776 πρὸς
2512 1704 2806 1773 ἐπίγνωσιν
2837 1701 2925 1756 διὰ
2955 1699 3190 1763 πίστεως
3218 1700 3274 1752 ἐν
3323 1699 3576 1769 ἐσχάτοις
3609 1697 3700 1752 τοῦ
3723 1701 3876 1765 αἰῶνος

2337 1818 2569 1870 καιροις.

734 1915 903 1988 298
928 1914 1088 1969 Vens.
1107 1913 1157 1966 5.
1183 1910 1318 1975 Quia
1336 1909 1444 1961 haec
1465 1902 1858 1959 dicitDominns
1895 1897 2061 1952 Deus:
2081 1894 2144 1949 Ut
2161 1895 2236 1957 bs,

2411 1894 2566 1947 Διότι
2609 1891 2748 1945 τάδε
2781 1890 2943 1961 λέγει
2981 1891 3197 1958 Κύριος
3217 1902 3233 1918 ⁸
3270 1889 3333 1944 Ἡ
3362 1891 3577 1955 πόλις,
3621 1889 3687 1953 ἐξ
3713 1884 3776 1960 ἧς
3805 1889 3876 1954 ἐε-

656 2027 723 2067 ea:
754 2026 858 2079 qua
894 2004 1291 2078 egrediebantur
1315 1999 1477 2060 mille,
1507 1999 1863 2065 relinquentur
1911 2003 2135 2046 centum.
2175 1989 2237 2042 Iit

657 2120 723 2158 ea:
768 2118 870 2174 qua
927 2097 1326 2169 egrediebantur
1368 2101 1598 2156 centum,
1657 2089 2020 2157 relinquentur
2066 2085 2238 2136 decent

658 2196 839 2249 domui
869 2190 1060 2247 Israel.

737 2283 918 2341 XLIV.
980 2281 1272 2350 Perspicua
1322 2275 1612 2332 admodum
1669 2271 1910 2326 declarat
1971 2270 2053 2323 liis
2115 2283 2238 2318 ver-

660 2380 767 2446 bis,
794 2390 1034 2448 quonam
1069 2374 1227 2428 modo
1252 2373 1430 2424 cadet.
1454 2367 1646 2421 Vacuac
1663 2363 1930 2432 siquidem
1963 2361 2092 2414 viris
2124 2377 2233 2412 Ina-

663 2468 868 2523 Iabunt
897 2465 1086 2525 urbes.
1124 2461 1264 2516 bello
1299 2460 1447 2514 cives
1475 2464 1854 2519 consumente,
1894 2462 1949 2506 et
1980 2466 2044 2505 eo
2072 2450 2235 2502 mise-

663 2562 866 2615 riarum
913 2557 1208 2627 redigenle,
1274 2563 1330 2606 ut
1381 2550 1514 2620 ipsis
1553 2550 1640 2602 vix
1673 2547 1878 2601 decima
1922 2560 2044 2613 pars
2073 2544 2240 2596 relin-

663 2661 884 2721 quatur.
918 2649 1217 2716 Postquam
1266 2642 1410 2696 enim
1469 2642 1634 2694 Deum
1689 2638 1964 2692 irritantes
2017 2633 2242 2700 impuris

666 2743 1007 2800 dmunonibus
1032 2740 1100 2794 ad
1132 2737 1368 2792 triduum
1401 2734 1527 2787 illud
1556 2731 1797 2786 decimas
1822 2727 2157 2789 obtulerunt,
2190 2733 2242 2778 et

665 2839 770 2908 ipsi
825 2836 914 2891 vix
962 2832 1225 2889 decimam
1263 2838 1470 2899 partem
1503 2829 1904 2886 remanserunt,
1955 2818 2069 2890 pari
2119 2832 2246 2886 pro-

665 2929 956 3002 pemodum
993 2938 1246 2980 mensura
1279 2921 1387 2976 Deo
1416 2927 1696 2989 peccatum
1744 2919 2149 2982 compensanle,
2192 2915 2246 2965 et

671 3016 1046 3088 impietatibns
1099 3012 1308 3066 illorum
1353 3022 1568 3077 pinnam
1605 3003 2020 3075 respondentem
2067 3011 2241 3053 reme-

665 3111 863 3166 tiente.
896 3104 1168 3161 llorribile
1206 3112 1289 3156 est
1332 3102 1494 3169 igitur
1523 3099 1576 3152 in
1608 3097 1792 3150 furore
1829 3092 2029 3160 corripi
2063 3091 2129 3144 ³³.
2169 3088 2245 3143 ld-

2341 1986 2699 2054 επορεύοντο
2727 1983 2929 2054 χίλιοι,
2955 1981 3506 2052 ὑπολειφθήσονται
3543 1980 3776 2033 ἑκατόν·
3806 1983 3875 2035 καί

2343 2076 2412 2140 ἐξ
2469 2071 2544 2146 ἧς
2593 2075 3024 2142 ἐξεπορεύοντο
3073 2073 3311 2136 ἑκατὸν,
3372 2070 3875 2141 ὺπολειρθήσονται

2341 2169 2490 2222 δέκα
2520 2167 2600 2234 τῷ
2627 2170 2772 2232 οἴκῳ
2807 2168 3076 2236 Ἰσραήλ.

2414 2263 2542 2315 MA'.
2563 2264 2852 2332 Διατρανοῖ
2877 2260 2940 2329 δὴ
2965 2260 3085 2312 λίαν
3111 2260 3169 2311 ἐν
3198 2257 3406 2321 τούτοις
3431 2257 3512 2324 τὸ,
3539 2257 3659 2311 τίνα
3679 2261 3872 2312 πεσεῖται

2345 2352 2568 2424 τρόπον.
2607 2351 2905 2422 Κένανδροι
2946 2351 3074 2421 γὰρ,
3107 2351 3295 2420 φησὶν,
3335 2349 3705 2420 ἀπομενοῦσιν
3729 2353 3776 2404 αἱ
3806 2355 3865 2403 τιτὲ

2343 2443 2476 2506 λεις,
2511 2442 2858 2505 δαπανῶντος
2905 2441 2999 2495 τοῦ
3035 2441 3272 2512 πολέμου
3301 2442 3429 2505 τοὺς
3475 2443 3534 2493 ἐν
3567 2441 3774 2504 αὑταῖς,
3808 2444 3873 2495 sui

2345 2533 2660 2603 ἀθλιότητος
2699 2536 2779 2596 εἰς
2808 2532 2963 2586 τοῦτο
2997 2532 3458 2603 μετακομίζοντος
3484 2573 3498 2596 ,
3530 2533 3607 2596 ὼς
3639 2534 3774 2612 μέλις
3804 2534 3874 2585 αὓ-

2345 2623 2462 2682 ταῖς
2491 2619 2584 2690 τὴν
2611 2619 2842 2690 δεκάτην
2876 2621 3167 2690 ἀπομεῖναι
3204 2622 3415 2691 μοῖραν.
3438 2621 3659 2690 Ἐπειδὴ
3687 2621 3781 2690 γὰρ
3804 2623 3875 2674 αὑ-

2347 2712 2430 2762 τοὶ
2455 2710 2892 2782 παροτρύναντες
2928 2713 3282 2782 ἀνενηνόχασι
3307 2717 3417 2776 τοῖς
3457 2713 3775 2784 ἀκαθάρτοις
3794 2714 3872 2766 δαί-

2347 2821 2505 2874 μοσιν
2553 2806 2632 2867 είς
2663 2805 2760 2874 τὴν
2810 2805 3136 2875 τριημερίαν
3172 2805 3240 2858 τά
3276 2805 3594 2869 ἐπιδέκατα,
3641 2807 3729 2858 καὶ
3760 2807 3873 2858 αὐτοὶ

2348 2895 2502 2966 μόλις
2561 2895 2635 2959 ὡς
2699 2897 2757 2948 ἐν
2809 2897 2976 2968 μοίρᾳ
3039 2897 3307 2968 δεκατέρᾳ
3373 2895 3872 2967 περιλειφθήσονται.

2349 2987 2632 3056 μονονουχὶ
2660 2986 3079 3052 ταλαντεύοντος
3119 2984 3254 3040 Θεοῦ
3293 2986 3354 3039 τὸ
3391 2985 3778 3057 πλημμέλημα,
3812 2986 3873 3035 καὶ

2344 3080 2464 3141 ταῖς
2490 3077 2830 3142 δυσσεϐείαις
2860 3078 3041 3132 αὐτῶν
3071 3078 3468 3147 άντεπάγοντος
3497 3078 3602 3148 τὴν
3645 3078 3874 3147 ἰσόρροπον

664 3206 812 3260 circo
851 3211 905 3257 et
939 3199 1255 3268 suppliciter
1286 3167 1452 3250 Deum
1491 3190 1754 3260 propheta
1785 3187 1977 3242 orabat
2007 3183 2092 3238 bis
2121 3198 2242 3236 ver-

2345 3170 2522 3268 iix‘qv.
2566 3171 2801 3242 Φοὸερὸν
2833 3168 2926 3225 οὖν
2975 3173 3084 3242 ἄρα
3135 3171 3197 3224 τὸ
3241 3173 3298 3224 ἐν
3349 3169 3508 3241 θυμῷ
3558 3167 3873 3224 παιδεύεσθαι.

666 3245 811 3260 ων..
852 3245 905 3257 ν.
939 3245 1245 3268 unum---
1287 3245 1432 3250 --η
1491 3245 1504 3259 ,
1592 3245 1606 3260 _

666 3299 789 3354 bis:
824 3316 842 3350 ι
879 3293 1107 3364 Corripe
1137 3306 1258 3355 nos,
1302 3287 1526 3342 Dom-ine
1562 3302 1574 3338 :
1613 3287 1987 3338 verumtamen
2023 3276 2072 3330 in
2098 3264 2242 3344 judi-

2348 3261 2616 3334 Ταύτῃτοι
2667 3261 2762 3315 καὶ
2806 3262 3052 3332 ἐλιπάρει
3099 3261 3232 3314 Θεὸν
3282 3262 3309 3314 ὁ
3362 3261 3675 3332 προφήτης,
3717 3259 3872 3326 λέγων·

664 3393 794 3457 cio,
855 3403 961 3444 non
1021 3387 1074 3441 in
1124 3384 1308 3439 lurore
1367 3389 1481 3445 tuo,
1542 3391 1608 3431 nc
1653 3374 1717 3428 ad
1775 3385 1977 3441 paucos
2031 3367 2244 3437 redigas

663 3500 764 3538 nos
786 3481 850 3538 ⁸⁸.
886 3499 904 3534 ι

786 3500 850 3538 ..⁸
886 3500 904 3534 ,

703 3500 900 3628 οἶκος.
932 3568 1054 3625 ιοο.
1093 3565 1230 3632 Quia
1284 3563 1397 3616 hcce
1449 3559 1574 3614 dicit
1639 3556 1891 3610 Dominus
1949 3567 2106 3621 super
2150 3551 2245 3602 ilo-

664 3682 806 3720 mum
840 3661 1011 3717 Israel
1035 3675 1052 3713 :
1073 3658 1310 3724 Quwrite
1340 3670 1444 3719 me,
1467 3647 1518 3705 et
1544 3648 1758 3704 vivatis:
1789 3657 1835 3700 et
1867 3661 1970 3698 non
1994 3643 2242 3714 quaeratis

667 3756 872 3822 Bethel,
896 3764 946 3808 et
991 3754 1044 3806 in
1072 3747 1299 3818 Galgala
1335 3762 1438 3799 non
1479 3738 1871 3811 ingrediamini,
1892 3747 1939 3790 et
1961 3735 2014 3788 in
2036 3744 2245 3801 puteum

665 3847 953 3918 iuramenti
984 3861 1086 3898 non
1121 3839 1424 3900 trementis,
1460 3835 1585 3904 quia
1613 3829 1840 3899 Calgala
1868 3827 2125 3894 captivam
2156 3839 2246 3877 ca-

667 3917 977 4012 ptivabitur,
996 3946 1042 3988 et
1063 3931 1241 3988 Betltel
1267 3945 1367 3982 non
1395 3926 1670 3981 exsistens.
1695 3920 1926 3986 Quaerite
1942 3917 2244 3981 Dominum,

666 4006 719 4088 et
748 4031 920 4093 uiuite,
967 4038 1020 4079 ut
1075 4040 1176 4078 non
1222 4019 1448 4075 relucent
1514 4025 1568 4071 ut
1616 4014 1752 4085 ignis
1793 4013 1979 4065 domus
2025 4006 2242 4074 Ioseph,

669 4135 716 4178 et
753 4123 992 4188 ,devoret
1050 4131 1166 4170 eam
1199 4151 1215 4176 ,
1271 4123 1316 4166 et
1368 4127 1470 4166 non
1519 4109 1616 4164 erit
1671 4107 2032 4176 exstinguens
2064 4101 2245 4154 domui

667 4213 864 4270 Israel.

739 4385 908 4442 XLV.
937 4383 1173 4439 Rursum
1203 4379 1442 4449 peccatis
1485 4375 1833 4447 quantumvis
1871 4372 2166 4446 grandibus
2195 4379 2250 4426 et.

669 4481 894 4538 minime
918 4474 1156 4542 ferendis
1178 4471 1424 4541 alligatos
1457 4471 1508 4524 iu
1535 4467 1968 4538 desperationem
2001 4463 2107 4519 labi
2137 4478 2242 4518 non

669 4575 823 4630 sinit.
865 4568 1125 4640 Proponit
1165 4571 1346 4619 autem
1378 4571 1434 4617 et
1465 4560 1712 4631 praetexit
1753 4556 1928 4613 divina
1963 4555 2244 4625 promissa,

668 4673 832 4732 atque
867 4661 938 4714 ita
969 4670 1064 4712 eos
1092 4654 1237 4710 velut
1267 4653 1502 4721 piscator
1540 4663 1738 4718 sageua
1775 4650 1841 4703 ad
1872 4646 2243 4717 pmnitentiaut

669 4749 966 4808 concludit.
995 4744 1317 4802 Necessario
1344 4751 1524 4796 autem
1562 4740 1734 4808 ipsum
1775 4746 1830 4793 et
1863 4753 2006 4794 nunc
2035 4736 2244 4792 scelera

668 4844 751 4898 eis
792 4841 1169 4900 remissurum,
1195 4845 1250 4888 et
1298 4834 1474 4912 pennis
1509 4844 1898 4901 pmnarumqne
1949 4829 2246 4884 terroribus

669 4934 1026 4988 liberaturum
1056 4926 1398 4997 pollicentem
1451 4921 1765 4974 introducit.
1803 4937 1822 4970 ι
1862 4917 2066 4972 Natura
2100 4918 2246 4976 enim

670 5024 939 5091 benignus
963 5028 1047 5074 est
1075 5016 1277 5085 opifex,
1308 5015 1518 5084 patiens
1563 5021 1615 5064 et
1655 5011 1877 5064 multum
1911 5011 2244 5072 misericors,

673 5126 728 5170 et
775 5110 1103 5184 praestabilis
1150 5122 1312 5178 super
1378 5103 1597 5158 malitiis
1626 5102 1692 5167 ³⁸,
1736 5121 1755 5154 ι
1804 5102 1944 5157 sicut
1986 5105 2248 5172 scriptum

671 5215 870 5262 exstat.
901 5205 970 5258 Et
998 5213 1054 5256 ut
1079 5210 1164 5256 est
1185 5199 1325 5269 apud
1359 5195 1694 5251 Ezecliielem
1724 5211 1737 5248 :
1777 5213 1796 5246 ι
1827 5193 1940 5250 Non
1970 5195 2082 5248 vult
2105 5209 2251 5248 mor-

671 5311 778 5354 tem
813 5294 1137 5368 peccatoris,
1161 5299 1234 5345 ut
1281 5297 1630 5344 convertatur
1667 5302 1696 5341 a
1727 5287 1812 5342 via
1848 5301 1946 5341 sua
1996 5287 2158 5350 mala,
2195 5294 2252 5340 et

669 5392 818 5445 vivat
861 5389 927 5444 ³⁸.
960 5406 979 5437 ι
1019 5381 1418 5452 Quamobrem,
1466 5379 1510 5434 si
1559 5377 1920 5449 magnifacitis
1962 5379 2164 5444 vivere,
2200 5386 2254 5432 et.

672 5499 760 5539 res
791 5481 942 5537 vobis
977 5472 1351 5546 amplectenda
1379 5472 1611 5536 videtur,
1643 5470 1874 5525 desinite
1898 5472 2106 5537 seduci,
2137 5481 2192 5526 et
2220 5485 2252 5526 a

670 5582 778 5625 tam
825 5570 991 5638 longa;
1025 5562 1381 5635 perplexitate
1431 5560 1787 5624 absistentes,
1822 5561 2090 5630 quuirite
2143 5577 2248 5627 me,

671 5666 884 5734 inquit:
914 5665 1019 5717 hoc
1051 5667 1156 5722 est,
1183 5656 1314 5710 mihi
1347 5654 1571 5720 servile,
1594 5653 1686 5722 qui
1713 5669 1832 5709 sum
1859 5666 2050 5711 natura
2085 5657 2248 5722 Deus,

741 5847 784 5877 ³¹
813 5847 950 5902 Psul.
979 5862 1134 5912 ωιτν,
1168 5847 1221 5900 8.
1298 5844 1342 5875 ³³
1366 5841 1508 5899 Psal.
1545 5852 1619 5907 Vt,
1658 5837 1710 5890 1.

2353 3372 2371 3404 ι
2401 3354 2697 3406 Παίδευσον
2730 3355 2897 3424 ἡμᾶς,
2929 3355 3120 3424 Κύριε,
3149 3353 3288 3423 πλὴν
3323 3355 3382 3407 ἐν
3409 3353 3616 3424 κρίσει,
3642 3350 3729 3405 καὶ
3755 3350 3815 3420 μὴ
3834 3353 3873 3400 ἐν

2348 3445 2526 3516 θυμῷ,
2559 3446 2645 3498 ἴνα
2675 3446 2748 3515 μὴ
2775 3446 2988 3513 ὀλίγους
3014 3447 3161 3514 ἡμᾶς
3189 3445 3442 3515 ποιήσῃς.
3475 3463 3495 3496 ι

2415 3537 2570 3589 Διότι
2615 3534 2756 3588 τάδε
2799 3535 2964 3604 λέγει
3011 3536 3228 3604 Κύριος
3275 3536 3374 3589 ἐπὶ
3433 3533 3545 3588 τὸν
3597 3529 3751 3588 οἶκον
3797 3529 3873 3583 τοῦ

2363 3625 2642 3695 Ἰσραήλ’
2683 3624 3074 3693 Ἐκζητήσατε
3110 3627 3237 3696 ἐμὲ,
3281 3627 3383 3680 καὶ
3419 3625 3633 3695 ζήσετε
3657 3643 3670 3656 ·
3704 3623 3784 3678 καὶ
3812 3621 3872 3690 μὴ

2345 3715 2640 3785 ἐκζητεῖτε
2681 3716 2942 3786 Βαιθὴλ,
2992 3718 3091 3772 καὶ
3132 3719 3220 3784 εις
3255 3718 3548 3786 Γάλγαλα
3597 3716 3680 3786 μὴ
3722 3718 3873 3768 εἰσπο-

2341 3812 2617 3880 ρεύεσθε,
2649 3811 2746 3864 καί
2776 3809 2877 3863 ἐπὶ
2905 3809 2970 3863 τὸ
3004 3811 3194 3880 φρέαρ
3219 3811 3328 3865 τοῦ
3357 3812 3582 3879 ’Ὀρκου
3602 3810 3683 3879 μὴ
3707 3809 3872 3862 διαϐαί-

2347 3918 2501 3955 νετε’
2538 3900 2688 3954 διότι
2719 3899 3008 3970 Γάλγαλα
3037 3900 3608 3970 αἰχμαλωτευομένη
3630 3899 3873 3966 αἰχμαλω-

2348 3991 2834 4060 τισθήσεται,καὶ
2857 3992 3087 4060 But!)in
3109 3993 3221 4060 οὐχ
3249 3987 3632 4061 ὑπάρχουσα.
3659 3986 3873 4056 Ἑκζητή-

2348 4104 2497 4142 σατε
2530 4089 2638 4141 τὸν
2659 4088 2896 4157 Κύριον,
2917 4088 3015 4142 καὶ
3041 4086 3276 4153 ζῆσατε,
3304 4087 3466 4152 ὅπως
3479 4087 3570 4156 μὴ
3596 4086 3869 4152 dra.)de

2347 4181 2429 4246 ὠς
2463 4179 2582 4248 πῦρ
2610 4176 2776 4245 οἶκος
2814 4177 3061 4247 Ἰωσὴφ,
3099 4178 3195 4234 καὶ
3237 4177 3552 4247 καταφάγῃ
3586 4177 3770 4241 αὐτὸν,
3797 4172 3869 4225 καὶ

2347 4275 2460 4326 οὐκ
2488 4273 2662 4326 ἔσται
2691 4275 2724 4326 ὀ
2749 4270 2990 4326 σϐέσων
3020 4271 3100 4336 τῷ
3132 4271 3274 4334 οἴκῳ
3315 4271 3580 4339 Ἰσραήλ.

2419 4364 2552 4418 ME'.
2580 4365 2696 4418 Οὐκ
2725 4365 2790 4436 ἐᾷ
2817 4362 2980 4417 πάλιν
3005 4364 3132 4424 τοὺς
3167 4363 3559 4434 ἡμαρτηκότας
3591 4358 3870 4416 κατολισθεῖ-ι

2349 4457 2430 4520 είς
2460 4452 2793 4524 ἀπόγνωσιν,
2820 4455 2996 4508 καίτοι
3028 4454 3230 4518 δειναῖς
3287 4455 3382 4508 καὶ
3409 4456 3699 4526 άφορήτοις
3731 4453 3871 4521 πλημ-

2355 4546 2601 4616 μελείαις
2649 4545 3146 4618 ἐνειλημ[μ]ἐνους.
3186 4546 3515 4617 Προῖσχεται
3562 4549 3620 4600 δὲ
3654 4547 3715 4599 τὰ
3757 4544 3869 4613 παρὰ

2351 4639 2524 4702 Θεοῦ,
2567 4637 2884 4709 σαγηνεύων
2933 4639 3011 4700 είς
3059 4639 3418 4709 μετάγνωσιν.
3470 4636 3799 4708 Εῖσκεκόμιιιέ
3827 4651 3867 4685 τε

2351 4731 2447 4784 καὶ
2492 4729 2587 4784 νῦν
2624 4728 2938 4798 ἀναγκαίως
2982 4730 3146 4782 αὐτὸν
3178 4730 3399 4801 ἀνήσειν
3425 4731 3610 4794 αὐτοῖς
3640 4725 3870 4797 ὑπισχνοὺ-

2356 4839 2517 4892 μενον
2561 4823 2918 4894 ἐγκλήματα,
2970 4820 3302 4887 ἀπαλλάξειν
3335 4821 3392 4874 δὲ
3445 4824 3540 4875 καὶ
3599 4821 3766 4890 ποινῆς
3799 4815 3869 4869 καὶ

2351 4919 2460 4972 τῶν
2507 4921 2586 4982 εἰς
2611 4919 2770 4972 τοῦτο
2799 4918 3090 4988 δειμάτων.
3139 4936 3158 4969 ι
3189 4917 3351 4971 Φύσει
3388 4919 3498 4989 γάρ
3535 4917 3722 4986 ἀγαθὸς
3751 4916 3863 4981 Mr,-

2357 5011 2614 5086 μιουργὺς
2643 5052 2658 5074 ,
2723 5010 3076 5083 μακρόθυμος
3126 5011 3221 5064 καὶ
3296 5011 3583 5074 πολυέλεος
3625 5009 3710 5061 καὶ
3748 5021 3866 5076 μετα-

2358 5105 2494 5159 νοῶν
2541 5105 2633 5156 ἐπὶ
2663 5106 2782 5167 ταῖς
2824 5102 3068 5169 κακίαις,
3105 5121 3123 5153 ι
3163 5101 3346 5165 καθὼς
3385 5101 3718 5172 γέγραπται.
3742 5086 3866 5163 κτιὶῇ

2359 5213 2525 5267 φησιν
2557 5194 2718 5258 αὐτὸς
2757 5195 2844 5249 διὰ
2883 5195 3174 5265 Ἰεξεχιήλο
3228 5214 3246 5246 ι
3279 5195 3352 5248 Οὐ
3393 5194 3534 5247 θέλει
3571 5193 3656 5247 τὸν
3691 5192 3866 5244 θάνατον

2356 5286 2450 5339 τοῦ
2501 5285 2846 5357 ἁμαρτωλοῦ,
2892 5286 2967 5349 ὡς
3000 5286 3062 5338 τὸ
3105 5285 3431 5356 ἐπιστρέψαι
3477 5287 3635 5339 αὑτὸν
3675 5278 3867 5345 ἁπότῆς

2352 5377 2471 5431 ὁδοῦ
2517 5378 2617 5448 τῆς
2643 5380 2887 5450 πονηρᾶς
2914 5379 3008 5432 καὶ
3039 5379 3138 5449 ζῇν
3183 5379 3367 5432 αὐτόν.
3410 5397 3428 5430 ι
3460 5379 3631 5448 Εἴπερ
3663 5371 3742 5429 οὖν
3772 5369 3865 5438 περὶ

2351 5473 2552 5526 πολλοῦ
2602 5472 2844 5527 ποιεῖσθε
2891 5472 2951 5525 τὸ
2994 5471 3125 5542 ζῇν,
3168 5471 3262 5525 καὶ
3311 5472 3634 5542 άξιόληπτον
3676 5469 3782 5538 ὑμῖν
3824 5461 3866 5515 ιδ

2351 5567 2543 5636 χρῆμα
2574 5567 2850 5634 φαίνεται,
2899 5564 3243 5633 καταλήγετε
3286 5565 3384 5634 τῆς
3417 5564 3646 5634 ἀπάτης·
3690 5558 3765 5611 καὶ
3795 5553 3865 5620 τῆς
3933 5589 3935 5591 ι

2351 5659 2492 5712 οὕτω
2547 5659 2764 5730 μακρᾶς
2799 5656 3036 5728 ἀθυμίας
3067 5657 3542 5728 ἀποπηδήσαντες,
3583 5642 3862 5722 ἐκζητήσιτέ

1788 5836 1833 5869 ³⁵
1857 5833 1968 5891 Jer.
2004 5851 2059 5902 ιι,
2081 5834 2175 5890 24.
2250 5835 2296 5868 ³⁵
2317 5833 2454 5902 Jocl,
2486 5850 2546 5904 ιι,
2576 5835 2664 5892 l5.
2744 5836 2790 5868 ³⁸
2807 5833 3003 5890 Ezecb.
3033 5831 3187 5900 x'vm,
3216 5832 3309 5890 (ΒΞ.
