4068 6542
140 432 242 489 4’33

1096 430 1650 489 COMMENTARIUS
1693 433 1754 485 ΙΝ
1798 434 1980 487 ΛΜυὸ
2018 434 2459 489 PliOPllETAM.

3225 439 3229 443 ’
3287 444 3385 497 MM

143 568 227 624 με,
260 551 417 620 φησι,
448 550 746 611 τουτέστιν,
779 550 900 619 ἐμοὶ
932 548 1222 620 λατρεύετε
1268 550 1345 620 τῷ
1370 551 1531 619 φύσει
1571 552 1707 622 Θεῷ,

1817 554 2082 616 vivificns,
2112 554 2319 608 salvare
2363 555 2526 623 petis.
2570 564 2623 607 et
2674 556 2911 611 cultores
2954 574 3098 613 meos
3139 562 3204 614 ab
3243 566 3385 619 omni

138 642 211 713 τῷ
241 642 515 713 ζωοποιῴ.
545 642 620 711 τῷ
652 641 843 705 σώζειν
878 642 1135 713 ἰσχύοντι,
1159 643 1254 695 καὶ
1289 644 1487 707 παντὸς
1511 644 1615 708 ἔξω
1635 661 1713 697 τιο

142 736 279 788 Θέντι
334 734 511 786 κακοῦ
557 734 680 795 τοὺς
736 733 1062 803 σεϐομένους
1116 733 1297 788 αὐτόν.
1347 735 1468 787 Δεῖν
1512 735 1569 788 δὲ
1614 736 1710 806 δὴ,

143 825 302 893 φησι,
361 824 795 895 προαπονίπτειν
844 825 1104 888 ἑαυτοὺς,
1145 827 1243 896 τῆς
1291 827 1503 879 ἑαυτῶν
1538 826 1717 898 ψυχῆς

144 914 481 979 ὲξωθοῦντας
529 917 628 985 τῆς
663 915 1017 978 ἀποστάσεως
1066 915 1157 968 τὸν
1206 918 1395 987 ῥύπον,
1442 917 1535 971 καὶ
1581 935 1716 989 προ-

148 1006 392 1075 εκτήκειν
436 1001 496 1057 εὖ
533 1004 678 1073 μάλα
711 1005 808 1074 τὴν
844 1006 907 1057 ἐκ
944 1005 1039 1059 τοῦ
1090 1007 1465 1078 πεπλανῆσθαι
1497 1011 1712 1079 κηλῖδα,

152 1094 437 1150 κολλᾶσθαι
483 1112 540 1147 τε
582 1094 725 1149 οὕτω
777 1096 918 1166 Θεῷ.
963 1096 1028 1148 Τί
1079 1098 1135 1149 δὲ
1183 1098 1247 1167 δὴ
1300 1099 1392 1151 καὶ
1434 1099 1567 1171 δρᾷν
1608 1101 1715 1154 ἔδει

149 1190 419 1257 μετανοεῖν
444 1186 755 1257 ἑλομένους,
779 1189 1034 1256 διασαφεῖ
1062 1189 1255 1257 λέγων·
1281 1192 1403 1262 (Μὴ
1434 1193 1713 1262 ὲκζητεῖτε

148 1276 355 1348 autem,
389 1278 489 1332 καὶ
539 1279 618 1341 εἰς
646 1278 895 1347 Γάλγαλα
942 1281 1017 1351 μὴ
1070 1282 1476 1352 εἰσπορεύεσθε,
1506 1285 1598 1336 καὶ
1636 1286 1716 1347 εἰς

148 1369 202 1421 τὸ
219 1371 392 1439 φρέαρ
412 1368 509 1421 τοῦ
544 1370 709 1424 "Oxon
746 1372 821 1443 μὴ
844 1372 1215 1425 ἀναϐαίνετεί
1241 1375 1423 1445 Φρέαρ
1444 1376 1714 1447 δὲ”Ορκου

148 1460 211 1512 τά
232 1460 453 1532 Γέραρά
486 1479 639 1532 φησι,
687 1464 840 1526 πόλις
878 1464 933 1516 δὲ
958 1464 1096 1536 αὕτη
1123 1466 1215 1518 τοῦ
1248 1467 1570 1538 Φιλιστιεὶμ,
1598 1470 1715 1539 ἤτοι

149 1551 245 1603 τῶν
294 1552 693 1607 Παλαιστινῶν.
753 1555 969 1627 Ἐπειδὴ
1024 1558 1131 1627 γὰρ
1189 1557 1410 1628 ὤμοσαν
1465 1559 1715 1631 ἀλλήλοις

160 1640 406 1712 Ἀϐραὰμ
432 1644 853 1716 καὶᾌϐιμελὲχ.
879 1647 970 1699 καὶ
994 1649 1263 1719 συνθήκας
1287 1651 1507 1723 εἰρήνης
1532 1651 1713 1704 ἔθεντο

149 1736 233 1787 ἐπὶ
255 1735 346 1788 τοῦ
376 1738 635 1807 φρέατος,
680 1741 1095 1810 μετωνόμασται
1122 1742 1305 1796 λοιπὸν
1331 1748 1363 1815 ἡ
1430 1746 1586 1808 πόλις
1633 1747 1714 1809 εἰς

148 1825 218 1884 τὸ,
246 1826 418 1897 φρέαρ
459 1828 554 1880 τοῦ
587 1829 813 1900 Ὃρκου.
841 1831 1090 1900 Γάλγαλα
1119 1832 1329 1903 δὴιοῦν,
1360 1838 1451 1888 καὶ
1481 1836 1707 1908 Βαιθὴλ,

150 1919 233 1971 καὶ
278 1918 463 1988 μέντοι
504 1922 596 1973 καὶ
624 1922 663 1973 Γ
667 1922 846 2000 έραραλ
880 1922 1063 1987 πόλεις
1097 1920 1239 1995 ἦσαν
1265 1927 1398 1979 πολὺ
1427 1929 1561 2000 πρὸς
1591 1928 1717 1983 ἀσέ-

152 2009 291 2061 ϐειαν
314 2013 782 2082 ὲκτετραμμέναι,
810 1996 904 2067 καὶ
926 2014 1173 2087 πολυειδῆ
1199 2020 1311 2082 τοῖς
1334 2019 1716 2090 άπατωμένοις

156 2100 504 2171 περιτιθεῖσαι
553 2104 652 2175 τὴν
691 2105 919 2177 πλάνην.
968 2106 1185 2161 Τούτων
1226 2110 1539 2179 ἀναγκαίως
1581 2114 1717 2167 ἀπο-

155 2195 326 2262 φοιτᾷν
358 2193 716 2264 προσέταξεν,
746 2195 1054 2263 ἀναπλέξας
1073 2198 1151 2269 τῷ
1179 2200 1322 2271 λόγῳ
1342 2203 1435 2255 καὶ⁸
1464 2204 1713 2276 ἀπειλὴν,

156 2286 230 2336 ἵνα
270 2285 608 2355 πανταχόθεν
634 2288 926 2362 συνελαύνῃ
963 2291 1097 2361 πρὸς
1130 2292 1190 2344 τδ
1225 2296 1521 2365 συμφέρον.
1556 2299 1717 2371 Οῑχή-

158 2392 320 2427 σονται
349 2377 481 2446 γάρ,
518 2380 673 2450 φησὶ,
707 2382 907 2452 Βαιθήλ
936 2400 994 2435 τε
1033 2386 1125 2437 καὶ
1174 2387 1227 2437 αἱ
1280 2386 1480 2442 λοιπαί.
1527 2392 1635 2443 Καὶ
1681 2393 1715 2463 ἡ

159 2469 244 2537 μὲν
272 2470 617 2539 αἰχμάλωτος
660 2472 921 2543 βαδιεῖται
956 2477 1090 2546 πρὸς
1131 2479 1378 2549 ἐχθρούς·
1421 2483 1537 2553 ἡδὲ
1574 2483 1716 2538 οὕτω

156 2561 686 2632 καταπρησθήσεται,
713 2564 787 2628 ὡς
811 2566 985 2619 δοκεῖν
1019 2568 1120 2638 ἤδη
1160 2588 1275 2633 πως
1317 2572 1451 2642 μηδὲ
1479 2574 1716 2645 ὑπάρξαι

158 2650 294 2705 ποτέ.
330 2651 543 2703 Οὐκοῦν
572 2651 840 2722 ζητείσθω
864 2654 1019 2720 Θεὸς,
1048 2657 1133 2709 ἵνα
1158 2657 1381 2729 ζήσητε,
1408 2661 1560 2730 φησι,
1588 2664 1716 2732 πρὶν

157 2740 455 2810 ἀναλάμψαι
503 2742 598 2795 τὸν
642 2740 789 2797 οἷκον
826 2746 1042 2818 Ἰωσὴφ,
1085 2750 1179 2802 καὶ
1211 2752 1585 2820 καταφάγεται
1625 2754 1716 2806 αὺ-

155 2831 256 2894 τὲν,
283 2835 372 2885 καὶ
402 2834 505 2887 ούκ
536 2836 688 2887 ἔσται
718 2839 746 2889 ὁ
779 2836 985 2893 σϐέσων
1006 2856 1019 2869 ·
1055 2842 1117 2893 τὸ
1150 2841 1248 2911 μὲν
1277 2838 1370 2896 οὖν
1396 2844 1713 2916 ἀναλάμψαι

157 2922 208 2974 τὸ
227 2925 605 2996 ἐμπρησθῆναί
636 2945 788 2996 φησι,
822 2927 970 2984 οἷκον
1002 2932 1058 2984 δὲ
1104 2934 1303 3002 Ἰωσὴφ
1326 2935 1583 3006 ὀνομάζει
1619 2938 1710 2990 τὸν

167 3014 409 3086 Ἐφραῖμ,
455 3018 577 3088 ἤτοι
610 3022 734 3083 τοὺς
767 3022 824 3075 ὲν
867 3023 1168 3095 Σαμαρείᾳ⁶
1220 3027 1475 3094 γεγόνασι
1509 3029 1616 3096 γὰρ
1656 3028 1714 3094 ἐξ

170 3104 349 3178 Ἰωσὴφ
387 3108 633 3181 Ἐφραῖμ
664 3128 722 3164 τε
751 3112 846 3165 καὶ
882 3115 1207 3185 Μανασσῆς.
1236 3118 1443 3188 ’Ὠσπερ
1472 3114 1564 3172 οὖν
1588 3120 1715 3173 ὅταν

172 3194 371 3267 Ἰσραὴλ
408 3200 609 3264 αὐτοὺς
635 3202 899 3276 ὀνομάζῃ,
934 3205 1162 3277 νοοῦμεν
1191 3207 1266 3271 ὡς
1292 3210 1356 3263 ἐκ
1389 3211 1592 3282 πατρὸς
1622 3230 1712 3265 κε-
1740 3232 1783 3289 C

163 3287 373 3357 κλῆσθαι
404 3292 537 3355 τοὺς
577 3293 634 3360 ἐξ
682 3293 869 3349 αὐτοῦ’
908 3295 1049 3349 οὕτω
1088 3297 1192 3351 κᾶν
1219 3299 1367 3368 λέγοι
1409 3303 1569 3372 τυχὸν
1597 3305 1710 3357 ἰω-

165 3378 419 3448 cruentaret
443 3382 538 3435 τὸν
567 3384 676 3437 ἴσον
703 3384 953 3457 συνήσεις
981 3388 1200 3457 τρόπον.
1219 3390 1397 3444 Καλὸν
1428 3393 1715 3464 τοιγαροῦν

162 3472 189 3538 ἠ
218 3475 571 3542 μετάγνωσις,
601 3476 947 3532 ἀποσοϐοὖσα
975 3480 1074 3543 τὰς
1116 3480 1291 3545 δίκας,
1323 3483 1416 3536 καὶ
1440 3483 1508 3536 τὰ
1536 3485 1594 3551 ἐξ
1630 3486 1717 3556 ὀρ-

161 3562 249 3631 γῆς
282 3564 684 3631 ἀνακόπτουσα,
716 3568 820 3632 ἔξω
844 3588 922 3627 ,τε
957 3570 1167 3626 τιθεῖσα
1210 3573 1336 3637 τοὺς
1370 3575 1716 3647 ἐπιτηδεύον-

162 3656 429 3727 τας,αὐτῇ,
462 3658 577 3711 τῶν
604 3658 939 3715 δεσποτικῶν
974 3663 1312 3735 κινημάτων,
1363 3668 1457 3719 καὶ
1497 3668 1716 3742 ἁπάσης

165 3746 291 3813 ἡμᾶς
320 3751 607 3820 συμφορᾶς
638 3752 1077 3810 ἁπαλλάττουσα.

234 3836 280 3889 '0
315 3840 494 3893 ποιῶν
519 3845 608 3908 εὶς
635 3843 791 3911 ὕψος
823 3845 1027 3916 κρῖμα,
1064 3849 1163 3901 καὶ
1193 3849 1589 3925 δικαιοσύνην
1628 3857 1715 3922 εις

165 3924 261 3993 γῆν
292 3929 525 3997 ἔθηκεν.
547 3933 601 3985 ’0
630 3935 817 3988 ποιῶν
854 3937 952 3992 καὶ
997 3937 1192 3993 πάντα
1238 3945 1713 4012 μετασκευάζων,

166 4019 245 4071 καὶ
283 4021 584 4090 ἐκτρέπων
610 4027 696 4090 εἰς
734 4027 800 4080 τὸ
832 4028 982 4095 πρωῒ
1007 4037 1209 4095 σκιὰν,
1250 4033 1347 4085 καὶ
1380 4034 1606 4105 ἡμέραν
1629 4040 1716 4104 εις

166 4111 328 4163 νύκτα
365 4115 774 4180 συσκοτάζων,
829 4121 860 4172 ό
888 4124 1423 4193 προσκαλούμενος
1456 4127 1521 4180 τὸ
1559 4128 1715 4197 ὕδωρ

168 4200 257 4269 τῆς
281 4205 614 4274 θαλάσσης,
667 4210 764 4263 καὶ
795 4210 1023 4281 ἐκχέων
1061 4214 1207 4268 αὐτὸ
1249 4216 1346 4268 ἐπὶ
1392 4221 1717 4286 πρόσωπον

166 4292 258 4359 τῆς
281 4294 399 4363 γῆς.
436 4299 660 4366 Κύριος
693 4304 726 4353 ό
764 4302 908 4368 Θεὸς
936 4305 1357 4375 παντοκράτωρ
1395 4309 1580 4378 ὄνομα
1612 4314 1715 4366 αὺ-

166 4385 273 4438 τοῦ.
314 4388 363 4439 Ὁ
401 4388 651 4459 διαιρῶν
694 4396 1067 4464 συντριμμὸν
1103 4397 1199 4451 ἐπὶ
1240 4400 1441 4468 ἰσχὺν,
1481 4403 1577 4455 καὶ
1618 4420 1715 4456 τα-

167 4481 467 4549 λαιπωρίαν
499 4484 601 4537 ἐπὶ
632 4486 908 4556 ὀχύρωμα
932 4488 1189 4557 ἐπάγων.

1821 644 1966 698 malo
1996 653 2140 699 tutos
2168 655 2451 715 prmstans.
2498 644 2742 700 Aﬂirmat
2769 661 2970 712 autem,
3006 654 3153 720 prius
3179 657 3386 711 animas

1818 752 1944 791 suas
1977 738 2196 793 abluere
2226 736 2415 808 ejectis
2442 741 2725 808 apostasia:
2753 741 2919 812 299
2947 745 3196 801 sordibus
3222 761 3386 815 opor-

1821 837 1954 890 tere,
2000 836 2054 880 et
2116 827 2282 898 probe
2339 828 2523 883 eluere
2566 830 2855 897 maculam,
2921 848 3038 901 quae
3082 849 3148 889 ex
3202 852 3387 893 errore

1818 920 2052 985 inhaesit,
2096 932 2150 975 et
2182 922 2250 974 ita
2282 919 2392 975 Deo
2422 922 2815 978 adhaerescere.
2852 922 2991 989 Quid
3025 935 3203 980 autem
3240 928 3385 983 facto

1815 1026 1953 1079 opus
1989 1012 2061 1066 sit
2093 1012 2359 1080 poenitere
2392 1013 2818 1080 instituentibus,
2870 1016 3131 1081 declarat,
3160 1019 3387 1075 dicens:

1823 1120 1841 1151 ι
1874 1101 1951 1156 Ne
1980 1104 2233 1172 quaeratis
2256 1103 2463 1170 Bethel,
2483 1114 2537 1158 et
2571 1106 2623 1159 in
2647 1104 2867 1177 Galgala
2893 1122 2959 1162 ne
2986 1108 3385 1179 ingrediamini,

1817 1204 1872 1247 et
1919 1194 1970 1248 in
2008 1205 2227 1264 puteum
2276 1193 2577 1251 Juramenti
2640 1211 2707 1251 ne
2758 1200 3069 1253 transeatis.
3106 1219 3125 1251 ι
3161 1199 3388 1256 Puteum

1811 1285 2103 1352 juramenti
2162 1298 2387 1341 narrant
2448 1304 2569 1343 esse
2620 1288 2857 1355 Gerara,
2913 1307 3032 1360 qua:
3075 1292 3388 1359 Philistiim,

1816 1379 1932 1431 sive
1966 1377 2270 1434 Palmstina:
2293 1381 2427 1435 urbs
2470 1392 2573 1436 est.
2630 1381 2920 1451 Postquam
2960 1384 3106 1438 enim
3150 1388 3290 1441 inter
3329 1404 3415 1443 se=

1810 1468 2181 1536 jnramentum
2229 1472 2482 1527 dixerunt
2521 1471 2795 1528 Abraham
2847 1485 2902 1529 et
2947 1476 3285 1545 Abimelech,
3336 1490 3391 1534 et

1817 1563 1966 1630 pacis
1996 1561 2174 1617 foedus
2210 1565 2274 1617 ad
2305 1563 2511 1619 fontem
2542 1565 2801 1633 inierunt,
2842 1568 3188 1624 denominata
3218 1580 3303 1625 est
3322 1571 3391 1626 de

1816 1664 2009 1708 caetero
2062 1656 2192 1709 urbs
2250 1674 2268 1705 ε
2318 1656 2382 1707 ad
2421 1666 2642 1725 puteum
2688 1656 3079 1716 Juramenti”.
3116 1680 3134 1713 ι
3169 1661 3388 1732 Galgala

1819 1745 2001 1814 igitur,
2040 1757 2091 1799 et
2121 1746 2326 1813 Bethel,
2359 1756 2523 1816 atque
2558 1748 2720 1803 etiam
2767 1750 2973 1805 Gerara
3015 1751 3177 1806 urbes
3209 1761 3387 1820 erant,

1819 1852 2147 1909 magnopere
2195 1842 2259 1892 ad
2308 1840 2637 1908 impietatem
2672 1842 2915 1907 detortas,
2949 1851 3004 1896 et
3054 1844 3387 1901 multimodis

1818 1929 2094 1983 erroribus
2129 1943 2158 1983 a
2184 1943 2242 1984 se
2264 1930 2518 1998 deceptos
2549 1928 2903 1986 involventes.
2933 1933 3016 1989 Ab
3056 1934 3139 1988 his
3166 1936 3389 1993 omnino

1818 2018 2176 2073 recedendum
2219 2019 2512 2085 mandavit,
2544 2019 2724 2075 verbis
2761 2022 2875 2077 suis
2912 2024 3386 2082 comminationem

1818 2109 2134 2180 adjungens,
2162 2121 2218 2164 ut
2245 2111 2480 2181 undique
2500 2112 2567 2165 ad
2592 2111 2878 2169 utilitatem
2910 2116 3220 2187 compellat.
3255 2118 3386 2174 Per-

1818 2204 1974 2258 ibunt
2001 2204 2167 2266 enim,
2201 2203 2393 2273 inquit,
2438 2204 2647 2267 Betltel,
2687 2214 2738 2259 et
2766 2206 2902 2263 alire.
2942 2207 3005 2261 Et
3033 2208 3135 2262 alia
3169 2211 3385 2279 quidem

1815 2306 1969 2364 capta
2002 2295 2067 2349 ad
2099 2294 2281 2349 hostes
2313 2295 2566 2350 transibit
2592 2336 2606 2358 .
2635 2296 2736 2350 alia
2768 2297 3156 2364 devasmbitur,
3197 2311 3251 2354 ut
3276 2301 3385 2371 jam

1816 2400 1915 2440 nec
1957 2386 2248 2456 aliquando
2276 2387 2555 2441 exstitisse
2590 2388 2850 2441 videatur.
2892 2408 2909 2437 ι
2946 2390 3178 2456 anerite
3227 2393 3389 2463 igitur

1816 2476 2009 2543 Deum,
2053 2478 2246 2546 inquit,
2294 2487 2349 2530 ut
2419 2479 2639 2542 vivatis,
2681 2482 2993 2549 priusquam
3045 2484 3279 2537 relucent
3330 2497 3390 2539 ut

1818 2570 1956 2637 ignis
1979 2570 2173 2624 domus
2199 2568 2423 2639 Joseph,
2460 2579 2514 2625 et
2544 2571 2826 2626 devorabit
2870 2589 3008 2635 cam,
3042 2585 3095 2628 et
3143 2591 3247 2639 non
3283 2579 3388 2629 erit

1815 2661 1904 2728 qui
1957 2663 2287 2730 exstinguat,
2334 2661 2669 2732 ἀναλάμψαι,
2706 2665 2804 2720 hoc
2836 2676 2941 2727 est,
2978 2666 3386 2737 ἐμπρησθῆναι,

1816 2752 2095 2805 succendi.
2123 2750 2350 2806 Domum
2370 2764 2551 2808 autem
2577 2752 2771 2824 Joseph
2797 2756 3083 2824 appellant
3107 2758 3387 2827 Ephraitn,

1817 2845 1929 2897 sive
1993 2846 2412 2901 Samaritanus:
2474 2847 2584 2901 nati
2658 2859 2784 2903 sunt
2855 2851 2997 2903 enim
3055 2866 3119 2905 ex
3185 2852 3385 2923 Joseph

1816 2933 2069 3002 Ephraim
2105 2946 2159 2991 et
2198 2936 2459 2991 Manasse.
2505 2936 2964 3002 Quemadmodum
3019 2940 3213 3010 igitur,
3263 2957 3387 2996 cunt

1814 3041 1909 3079 eos
1960 3025 2122 3081 Israel
2164 3029 2427 3095 nominat,
2478 3028 2829 3097 intelligimus
2876 3045 2905 3083 a
2941 3039 3093 3099 patre
3146 3044 3390 3101 posteros

1816 3116 1930 3186 ejus
1978 3120 2076 3172 hoc
2127 3121 2342 3175 nomine
2389 3120 2648 3190 appellari
2684 3139 2697 3174 :
2734 3122 2828 3189 ita,
2862 3124 2905 3177 si
2944 3126 3163 3194 quando
3187 3123 3387 3196 Joseph

1817 3208 2032 3273 dixerit,
2067 3211 2253 3264 eodem
2295 3212 2452 3265 modo
2487 3211 2770 3279 intelliges.
2807 3213 2954 3269 Bona
2981 3226 3066 3271 est
3091 3218 3252 3287 igitur
3276 3232 3389 3286 pte-

1818 3299 2042 3354 nitentia
2087 3315 2276 3369 pinnas
2327 3316 2540 3366 arcens,
2586 3314 2635 3356 et
2674 3319 2739 3358 ex
2783 3305 2863 3359 ira
2906 3306 3205 3362 invehenda
3259 3324 3387 3378 sur-

1816 3392 1973 3462 plicia
2001 3404 2275 3459 avertens,
2311 3395 2505 3464 suique
2549 3396 2823 3452 studiosos
2874 3414 2901 3451 a
2957 3398 3252 3454 Dominicis
3304 3401 3390 3454 in-

1816 3484 2239 3552 dignationibus,
2300 3492 2355 3540 et
2415 3485 2484 3538 ab
2538 3487 2684 3540 omni
2739 3490 3048 3544 calamitate
3107 3506 3207 3545 nos
3255 3492 3388 3546 lite-

1816 3588 1963 3630 rans.

1888 3862 2051 3918 Vens.
2081 3864 2137 3926 8,
2168 3864 2219 3918 9.
2255 3863 2477 3919 Faciem
2511 3866 2564 3919 in
2604 3867 2864 3920 excelsum
2901 3868 3187 3938 judicium.
3225 3882 3269 3923 et
3296 3872 3390 3941 ju-

1817 3958 2015 4008 stitiam
2049 3957 2101 4010 in
2147 3968 2344 4010 terram
2388 3961 2584 4026 posuit.
2621 3956 2848 4012 Faciem
2893 3961 3090 4026 omnia,
3133 3972 3182 4015 et
3221 3963 3389 4031 [abri-

1819 4065 1964 4113 cans,
1990 4059 2036 4102 et
2068 4058 2368 4103 convertens
2401 4049 2457 4102 in
2490 4065 2642 4102 mane
2672 4050 2931 4118 umbraut,
2965 4066 3011 4107 et
3037 4052 3172 4106 diem
3199 4070 3253 4107 in
3290 4071 3388 4107 ηο-

1818 4150 1950 4190 ctem
1980 4138 2350 4192 ronlenebrans
2370 4153 2389 4192 :
2412 4155 2599 4192 uocans
2628 4156 2820 4207 aquam
2851 4143 3093 4208 maris,et
3116 4144 3388 4213 e/fundens

1818 4230 1965 4283 illam
2000 4247 2156 4297 super
2184 4230 2372 4299 faciem
2404 4242 2577 4296 terra),
2611 4231 2865 4287 Dominus
2897 4233 3033 4287 Deus
3064 4237 3387 4305 omnipotens

1820 4335 2005 4374 nomen
2046 4319 2146 4374 illi.
2204 4319 2455 4374 Dividens
2501 4324 2870 4377 contritionem
2923 4341 3079 4394 super
3126 4326 3304 4392 robur,
3339 4339 3389 4381 et

1819 4413 2085 4465 miseriam
2118 4427 2273 4480 super
2303 4412 2463 4465 robur
2487 4413 2758 4470 inducens.

225 4571 355 4638 Μετ’.
397 4576 777 4646 Μυσταγωγὺς
802 4581 829 4632 ὁ
857 4579 1031 4647 λόγος,
1070 4583 1163 4635 καὶ
1191 4584 1272 4636 ὅτι
1310 4586 1543 4654 μάλιστα
1582 4587 1715 4659 πρέ-

1892 4589 2072 4644 XLVI.
2105 4589 2289 4646 Oratio
2324 4591 2642 4660 mysterium
2688 4593 2870 4660 habet,
2902 4603 2956 4649 et
2994 4596 3060 4649 ad
3097 4596 3186 4651 Dei
3233 4600 3389 4665 agni-

168 4677 265 4713 πων
292 4668 398 4729 τοῖς
437 4668 800 4738 καλουμένοις
834 4673 913 4734 εἰς
944 4673 1238 4741 ἐπίγνωσιν
1273 4676 1428 4742 Θεοῦ,
1459 4680 1552 4731 καὶ
1582 4681 1717 4751 πρὸς

170 4749 333 4823 τὸτῆς
370 4756 631 4827 ἀληθείας
678 4760 796 4827 φῶς
842 4760 978 4814 ἰέναι
1010 4763 1393 4829 σπουδάζουσι.
1430 4749 1718 4839 Πρόκειται

168 4840 260 4911 γὰρ
288 4843 359 4911 τῷ
391 4850 646 4920 προφήτῃ
674 4850 881 4917 διδάξαι
920 4855 1045 4918 τοὺς
1080 4856 1485 4929 πλανωμένους,
1506 4863 1719 4933 πρῶτον

172 4931 254 4999 μὲν
282 4935 355 4988 ὅτι
390 4937 496 4992 τῶν
537 4940 674 4992 ὅλων
703 4942 762 4995 τὸ
796 4945 995 5014 κράτος
1026 4948 1261 5017 ἀνῆπται
1291 4950 1443 5017 Θεὸς,
1472 4931 1566 5007 και
1604 4957 1717 5019 τοῖς

171 5022 314 5077 αὑτοῦ
359 5028 591 5099 νεύμασι
642 5032 1082 5106 πηδαλιουχεῖται
1133 5039 1199 5092 τὰ
1255 5039 1576 5111 σύμπαντα,
1619 5047 1712 5099 καὶ

168 5113 297 5185 νόμῳ
325 5116 663 5193 δικαιοσύνης
702 5126 733 5194 ἡ
781 5129 1156 5200 παμμακαρία
1196 5131 1304 5184 τῶν
1330 5134 1575 5201 ἀγγέλων
1609 5138 1711 5190 ὐπ-

170 5205 423 5274 ενήνεκται
444 5210 673 5280 πληθὺς,
699 5215 791 5266 καὶ
817 5216 898 5269 ὃτι
923 5218 1099 5289 πάντη
1133 5236 1190 5273 τε
1219 5221 1312 5273 καὶ
1340 5222 1558 5288 πάντως
1582 5227 1711 5290 τοὺς

168 5295 305 5360 ὄντας
336 5302 424 5352 ἐπὶ
459 5304 559 5373 τῆς
593 5306 695 5375 γῆς
727 5308 1015 5363 ἀκόλουθόν
1043 5329 1102 5364 τε
1137 5314 1228 5366 καὶ
1266 5316 1561 5384 ἀναγκαῖον
1600 5322 1711 5382 τοῖς

171 5384 252 5452 τῆς
277 5390 395 5457 παρ’
422 5391 584 5443 αὑτοῦ
626 5393 969 5466 δικαιοσύνης
1003 5398 1360 5469 κατεζεύχθαι
1402 5402 1607 5469 νόμοις.
1654 5404 1716 5456 Εἰ

170 5476 257 5546 γὰρ
305 5480 360 5531 τὸ
404 5484 623 5552 ἄμεινον
667 5488 723 5537 ὲν
758 5486 967 5552 τούτοις
1016 5490 1109 5541 καὶ
1148 5490 1387 5544 δουλεύει
1434 5491 1572 5562 Θεῷ,
1621 5496 1716 5549 καὶ

172 5568 487 5641 ὑπέστρωται
526 5578 625 5645 μὲν
665 5578 813 5646 φόϐῳ
847 5578 953 5631 τῶν
988 5582 1046 5633 ἐν
1082 5581 1204 5652 ὕψει
1254 5587 1638 5655 πνευματικῶν
1676 5592 1709 5658 ὴ

172 5654 282 5721 ἁγία
306 5661 524 5729 πληθὺς,
557 5667 673 5730 πῶς
709 5668 769 5721 ἂν
828 5670 857 5739 ᾖ
903 5672 1063 5725 πόθεν
1092 5674 1152 5726 τὸ
1179 5675 1581 5747 ἀνεπίπληκτον
1612 5678 1710 5751 ἔχῃ

234 5832 269 5862 ³⁷
296 5836 420 5891 Gen.
459 5857 566 5907 xxi,
597 5844 680 5897 52.

1820 4684 2017 4738 tionem
2070 4687 2292 4749 vocatis,
2337 4694 2500 4753 atque
2559 4688 2624 4740 ad
2684 4684 2879 4742 lumen'
2910 4688 3158 4743 veritatis
3205 4691 3391 4747 venire

1814 4777 2267 4832 contendentibus
2316 4778 2545 4832 miriﬁce
2600 4780 2873 4834 convenit.
2924 4780 3263 4851 PropOsitum
3302 4794 3390 4840 est

1815 4869 1963 4922 enim
2014 4868 2288 4937 propheta:
2343 4869 2539 4924 docere
2580 4871 2853 4935 seductos,
2900 4872 3129 4942 primum
3169 4876 3387 4943 quidem

1818 4973 1997 5012 rerum
2044 4957 2417 5012 universarum
2473 4956 2757 5026 imperium
2807 4971 2929 5012 esse
2986 4974 3151 5029 penes
3197 4960 3388 5025 Deum,

1819 5062 1867 5106 et
1903 5050 2020 5119 ejus
2054 5061 2185 5104 nutu
2221 5050 2510 5121 gubernari
2562 5064 2626 5104 ac
2664 5051 2772 5120 regi
2813 5050 3014 5115 omnia,
3052 5062 3106 5106 et
3142 5052 3244 5122 legi
3295 5054 3387 5123 ju-

1820 5137 1978 5190 stitia:
2024 5137 2140 5204 ejus
2176 5137 2546 5191 sanctissimas
2591 5138 2912 5208 angelorum
2948 5139 3112 5210 300
3138 5153 3386 5199 catervas

1820 5228 2064 5284 subditas
2101 5244 2242 5291 esse,
2285 5239 2337 5283 et
2375 5230 2523 5284 omni
2555 5231 2733 5292 modo.
2765 5245 2829 5286 ac
2862 5233 3069 5286 ratione
3103 5236 3382 5303 consequi,

1819 5335 1882 5374 ac
1909 5320 2279 5374 necessarium
2309 5335 2450 5385 esse,
2481 5322 2570 5390 qui
2606 5321 2657 5375 in
2688 5323 2847 5376 terris
2895 5334 3184 5377 versantur
3214 5326 3388 5380 humi-

1817 5426 1936 5479 nes,
1959 5412 2184 5481 justitiae
2222 5412 2339 5483 ejus
2377 5412 2583 5483 legibus
2633 5412 2920 5485 devinciri.
2964 5414 3018 5469 Si
3065 5417 3210 5470 enim
3243 5418 3386 5485 quod
3432 5400 3441 5419 ²

1816 5505 2157 5574 praestantius
2189 5514 2270 5559 est
2310 5504 2365 5557 in
2412 5505 2676 5559 creaturis
2726 5505 2895 5558 servit
2937 5504 3044 5559 Deo
3068 5543 3082 5567 ,
3108 5516 3156 5559 et
3193 5511 3388 5559 timore

1816 5594 2101 5664 subjicitur
2157 5595 2232 5650 illi
2273 5596 2558 5663 spirituum
2608 5594 2659 5648 in
2704 5596 2935 5650 excelsis
2978 5606 3161 5650 sancta
3210 5596 3387 5649 multi-

1814 5686 1962 5751 tndo,
2005 5687 2297 5757 quomodo,
2325 5696 2413 5741 aut
2445 5684 2587 5741 unde
2620 5687 3040 5755 reprehensione
3072 5695 3255 5741 careat
3288 5686 3386 5739 ab-
