4068 6594
649 441 754 505 ωδ
1650 440 1707 498 S.
1751 441 2023 497 CYRILLI
2062 440 2530 497 ALEXANDRINI
2570 441 2895 498 ARCHIEP.
3784 458 3861 514 496

648 576 869 628 nutans,
905 570 992 615 aut
1030 559 1240 614 frenum
1289 572 1569 623 recusans,
1598 559 1740 625 quod
1776 568 1993 623 natura,
2026 568 2080 614 et
2108 559 2209 629 glo-

2321 558 2663 623 διανενευκὸς
2702 560 2783 623 εἰς
2816 559 2877 613 τὸ
2912 557 3125 631 ὲξήνιον
3164 561 3225 614 τὸ
3255 560 3398 616 οῦτω
3430 566 3860 638 μειονεκτούμενον

646 657 726 712 ria
762 662 913 709 tanto
947 660 1032 707 est
1075 649 1299 705 inferius
1326 690 1342 715 ,
1373 649 1422 703 id
1456 661 1562 711 est,
1590 662 1656 703 ex
1700 658 1845 702 terra
1882 662 2217 719 procreatus,

643 757 698 802 et
728 747 779 800 in
812 754 1012 800 terram
1041 751 1326 797 revertens
1353 741 1511 795 homo
1541 740 1613 793 ³⁸⁸1
1642 738 1755 811 Ego
1784 742 1968 813 igitur,
1998 742 2074 794 ait
2099 741 2221 794 υηί..

643 836 921 893 versitatis
975 833 1268 899 Dominus,
1328 833 1467 903 «qui
1524 831 1665 887 facio
1710 833 1973 903 judicium
2030 834 2082 888 in
2125 848 2221 888 ex-

643 928 811 984 celso.
862 946 881 979 »
931 925 1094 992 Quasi
1139 925 1308 990 dicat,
1351 924 1447 994 qui
1495 925 1817 979 sublimibus
1865 933 1918 979 et
1970 925 2221 993 supernis

643 1017 929 1089 spiritibus
978 1016 1207 1085 justitite
1260 1014 1368 1071 illis
1420 1016 1773 1084 congruentis
1822 1016 2036 1071 tnodum
2081 1031 2220 1085 pra:-

643 1108 1134 1179 scribit(judicium
1172 1107 1315 1161 enim
1352 1121 1450 1177 pro
1480 1106 1691 1177 justitia
1725 1105 1897 1178 dicit),
1934 1108 2047 1175 ipse
2076 1117 2130 1159 et
2164 1107 2216 1160 in

644 1209 787 1253 terra
812 1198 1089 1267 justitiam
1114 1197 1325 1267 posuit;
1358 1199 1457 1253 hoc
1491 1205 1593 1263 est,
1619 1198 1859 1252 deﬁnivit
1888 1209 2052 1268 atque
2088 1215 2218 1255 con-

643 1291 820 1346 stituit
857 1290 1020 1344 ctiam
1063 1290 1116 1343 in
1158 1289 1317 1345 terris
1367 1288 1513 1359 leges
1542 1291 1838 1344 secundum
1879 1305 2015 1358 quas
2052 1290 2215 1345 vitam

640 1398 736 1438 eos
760 1384 994 1452 dirigere
1025 1384 1330 1448 conveniat,
1360 1391 1414 1436 et
1442 1393 1520 1437 cst
1558 1381 1752 1435 rationi
1789 1382 1928 1451 apud
1961 1398 2054 1437 eos
2087 1382 2216 1436 insi-

635 1485 779 1539 tum,
826 1474 965 1530 bene
998 1488 1155 1537 esse,
1209 1482 1265 1527 et
1307 1473 1509 1537 vivere,
1545 1472 1768 1541 ejusque
1807 1471 2219 1527 mansuetudine

630 1575 698 1620 et
732 1566 1065 1637 benignitate
1111 1565 1334 1634 petft‘ui.
1371 1564 1505 1620 Esse
1544 1574 1721 1619 autem
1766 1561 1934 1616 Deum
1972 1565 2218 1633 omnipo-

636 1669 871 1722 tentem,
900 1667 959 1713 et
990 1657 1199 1715 viribus
1233 1656 1646 1722 validissimum,
1673 1664 1725 1710 et
1753 1655 1883 1709 nihil
1920 1655 1969 1709 ei
2018 1656 2215 1726 impos-

640 1749 799 1804 sibile
827 1751 1063 1819 penitus,
1086 1751 1386 1816 cedereque
1411 1746 1485 1800 illi
1522 1756 1770 1802 naturam
1800 1746 2214 1812 elementorum,

639 1853 697 1896 et
726 1840 1047 1896 commutari
1099 1854 1187 1897 res
1229 1854 1326 1910 pro
1393 1839 1510 1909 ejus
1557 1840 1818 1894 arbitratu
1859 1842 2213 1905 demonstrat,

2329 652 2491 722 φύσει
2522 670 2585 706 τε
2616 654 2710 707 καὶ
2739 653 2885 725 δόξῃ,
2904 655 3201 718 τουτέστιν,
3233 659 3261 710 6
3284 657 3347 709 ἐκ
3363 657 3467 730 γῆς
3494 675 3554 711 τε
3581 660 3672 713 καὶ
3697 663 3765 726 είς
3784 666 3860 736 γῆν

2330 744 2809 814 άνθρωποςςἘγὼ
2836 746 3036 811 τοίνυν,
3062 747 3247 817 φησιν,
3287 766 3305 798 ι
3332 749 3360 802 ό
3378 748 3487 802 τῶν
3514 749 3647 804 ὅλων
3673 753 3856 824 Ktiptog,

2325 839 2355 891 6
2389 840 2469 902 εἰς
2500 837 2632 907 ’ύψος
2662 838 2831 892 ποιῶν
2863 841 3091 911 κρῖμα.»
3121 840 3347 907 Ὅμοιον
3384 840 3441 893 δέ
3473 840 3549 905 ὡς
3575 843 3622 894 εἰ
3649 841 3793 910 λέγοι·
3817 849 3860 900 ὐ

2324 932 2437 993 τοῖς
2473 929 2607 999 ὑψοῦ
2637 947 2694 982 τε
2718 930 2812 984 καὶ
2834 931 2946 984 ἄνω
2976 929 3248 1002 πνεύμασι
3270 932 3371 1002 τῆς
3392 932 3572 994 αὐτοῖς
3593 948 3861 1007 πρεπουσης

2324 1021 2673 1091 δικαιοσύνης
2713 1020 2981 1085 συντιθεὶς
3022 1021 3114 1075 τὸν
3155 1021 3358 1093 τρόπον
3402 1023 3620 1093 (κρῖμα
3658 1024 3757 1096 γὰρ
3786 1028 3861 1095 τὴν

2324 1110 2673 1182 δικαιοσύνην
2700 1112 2915 1183 φησὶν),
2936 1112 3099 1176 αὐτὸς
3114 1113 3322 1166 τέθεικε
3346 1112 3440 1165 καὶ
3466 1114 3547 1176 είς
3573 1113 3674 1183 γῆν
3696 1115 3860 1170 δικαιο-

2328 1204 2516 1276 σύνην,
2553 1205 2836 1260 τουτέστιν
2858 1246 2874 1270 ,
2911 1205 3150 1277 ὡρίσατο
3195 1207 3290 1259 καὶ
3334 1206 3459 1269 τοὺς
3490 1207 3550 1259 ὲν
3579 1209 3649 1279 γῇ
3681 1209 3860 1279 νόμοις,

2327 1297 2450 1351 καθ’
2486 1296 2579 1361 οὓς
2612 1296 2678 1351 ἂν
2709 1297 2912 1367 πρέποι
2949 1296 3140 1368 διαζῇν
3167 1297 3365 1361 αὐτοὺς
3418 1297 3517 1352 καὶ
3551 1299 3611 1350 ἐν
3637 1297 3766 1369 λόγῳ
3796 1301 3862 1354 τέο

2325 1389 2496 1442 θειται
2535 1390 2666 1460 παρ’
2711 1389 2894 1453 αὐτοῖς
2937 1388 3000 1442 τὸ
3047 1384 3107 1442 εὖ
3152 1385 3293 1443 εἶναι
3364 1390 3461 1444 καὶ
3508 1390 3631 1461 ζῇν,
3675 1392 3861 1463 καὶτῆς

2325 1481 2457 1550 παρ’
2488 1478 2653 1533 αὑτοῦ
2687 1480 2937 1549 μετέχειν
2966 1479 3306 1550 ἡμερότητος
3355 1480 3449 1532 καὶ
3473 1479 3858 1552 φιλανθρωπίας.

2325 1572 2449 1625 Ὀτι
2478 1572 2534 1625 δέ
2561 1574 2678 1626 ἐστι
2702 1570 3098 1642 παντοκράτωρ
3140 1571 3235 1625 καὶ
3262 1571 3544 1642 παναλκὴς
3574 1573 3604 1624 ό
3628 1567 3767 1636 Θεὸς.
3791 1575 3862 1627 καὶ

2323 1664 2604 1734 ἀμήχανον
2636 1660 2790 1716 ούδέν
2819 1660 2970 1731 αὐτῷ
3000 1660 3301 1724 παντελῶς,
3339 1662 3476 1715 εἴκει
3522 1661 3583 1715 δὲ
3626 1663 3715 1715 καὶ
3753 1663 3859 1735 αὑτὴ

2321 1754 2428 1808 τῶν
2464 1755 2741 1825 στοιχείων
2770 1752 3009 1824 ἡφύσις,
3034 1753 3129 1806 καὶ
3160 1752 3479 1823 μεθίσταται
3510 1752 3580 1806 τὰ
3613 1753 3735 1806 ὄντα
3756 1754 3860 1825 πρὸς

2320 1842 2381 1895 τὸ
2407 1841 2555 1913 αὺτῷ
2585 1841 2792 1907 δοκοῦν,
2831 1842 3203 1908 ἀποδείκνυσι,
3228 1841 3408 1894 λαϐὼν
3437 1843 3518 1905 εἰς
3551 1842 3860 1913 παράδειγμα

642 1931 947 2002 exemplum
997 1948 1282 1987 assumens
1327 1932 1467 2000 quod
1517 1933 1707 1987 umbra
1741 1932 1971 1989 declinet
2015 1932 2069 1985 in
2115 1948 2209 1984 ma.

2320 1934 2380 1989 τὸ
2408 1932 2695 2005 ἐκτρέπειν
2728 1933 2827 2003 μὲν
2863 1934 2942 1997 εἰς
2978 1933 3040 1987 τὸ
3073 1933 3219 2005 πρωῒ
3253 1933 3412 1987 σκιὰν
3434 1974 3448 1997 ,
3483 1934 3696 2006 ἡμέραν
3729 1934 3777 1987 δὲ
3808 1930 3858 1989 αὖ

642 2039 730 2089 ne,
764 2036 817 2078 et
860 2039 1048 2079 rursus
1093 2025 1209 2079 dies
1246 2026 1600 2083 contenebret
1638 2026 1690 2079 in
1731 2036 1966 2082 noctem.
1997 2025 2209 2094 Insuper

2320 2023 2674 2089 συσκοτάζειν
2713 2026 2791 2090 είς
2820 2024 3012 2080 νύκτα.
3041 2025 3153 2079 Καὶ
3185 2026 3321 2097 πρός
3348 2042 3413 2096 γε
3439 2025 3497 2079 δὲ
3534 2025 3764 2093 τούτοις,
3796 2027 3859 2079 ὅτι

642 2118 783 2186 quod
828 2127 985 2172 nutus
1027 2116 1342 2186 imperantis
1392 2131 1587 2186 aquam
1627 2135 1655 2171 a
1700 2118 1834 2173 mari
1888 2118 1935 2171 vi
1969 2118 2214 2187 quadam

645 2210 903 2271 inell‘abili
940 2222 995 2267 et
1029 2227 1227 2267 arcana
1263 2214 1314 2266 in
1365 2227 1562 2282 supera
1598 2226 1856 2275 evocans,
1897 2212 1950 2266 in
1990 2212 2217 2280 qualita-

644 2315 748 2359 tem
799 2319 903 2358 nou
955 2304 1257 2358 naturalem
1310 2304 1673 2371 migrantem,
1715 2312 1981 2358 terrarum
2022 2301 2215 2356 incolis

642 2394 851 2449 dulcem
885 2394 1030 2448 facit.
1063 2393 1257 2448 Mutari
1283 2405 1462 2448 autem
1489 2394 1562 2448 ait
1590 2410 1609 2444 ι
1634 2394 1685 2447 in
1711 2408 1867 2450 mane
1888 2393 2154 2458 umbram,
2190 2412 2207 2444 ι

643 2490 746 2543 hoc
794 2498 899 2551 est,
949 2497 1161 2543 noctem
1214 2487 1329 2542 sive
1377 2487 1629 2542 tenebras
1668 2487 1898 2545 transire
1944 2486 1995 2543 in
2048 2486 2211 2543 diem.

640 2581 803 2645 Nam,
846 2590 903 2635 ut
947 2596 975 2633 a
1008 2582 1159 2634 Mose
1207 2579 1467 2648 scriptum
1496 2590 1600 2639 est,
1643 2597 1660 2629 ι
1694 2578 1929 2633 tenebrae
1971 2590 2124 2637 erant
2160 2579 2211 2633 in

640 2673 906 2743 principio
943 2686 1104 2741 super
1130 2671 1386 2741 abyssum
1418 2671 1484 2733 δ’.
1522 2688 1541 2721 ι
1570 2671 1672 2724 Ιιοο
1699 2678 1809 2733 est,
1844 2674 2053 2728 umbra.
2080 2668 2209 2734 Sed,

641 2785 666 2818 ί
704 2764 852 2818 Dixit
896 2764 1055 2829 Deus,
1090 2762 1285 2833 inquit,
1320 2775 1370 2816 et
1400 2761 1543 2816 facta
1583 2772 1665 2816 est
1708 2760 1796 2815 lux
1821 2760 1867 2795 ⁸ο
1897 2778 1911 2816 :
1952 2779 1970 2809 ›
2015 2761 2092 2815 sic
2124 2761 2209 2814 οἱς-

642 2858 836 2911 mirum
870 2854 925 2909 in
956 2869 1114 2908 mane
1158 2853 1307 2923 (puta
1357 2854 1410 2907 in
1440 2850 1607 2921 diem)
1636 2852 1907 2915 umbram,
1941 2852 1991 2909 id
2015 2860 2099 2909 est
2130 2861 2211 2907 te-

643 2950 859 3013 nebras,
896 2959 1215 3001 conversam
1250 2958 1390 3000 esse.
1429 2942 1536 2999 Sed
1572 2944 1712 2999 diem
1759 2942 1899 2999 facta
1937 2957 2040 2996 nox
2086 2955 2207 2994 rur-

640 3054 760 3094 sum
782 3038 1011 3108 expulit,
1042 3038 1143 3092 boc
1170 3045 1271 3103 est,
1302 3036 1443 3090 diem
1478 3036 1530 3089 in
1560 3044 1770 3090 noctem
1804 3034 2205 3093 tenebrescere.

640 3130 887 3186 Consulit
929 3132 1088 3200 igitur
1138 3128 1396 3199 propheta
1444 3128 1718 3199 deceptis,
1774 3143 1877 3183 non
1925 3126 2205 3181 materiam

642 3220 775 3275 nihil
807 3221 1157 3282 sentientem,
1195 3218 1289 3271 sed
1333 3231 1455 3272 eum
1505 3217 1593 3287 qui
1641 3228 1833 3275 munra
1893 3225 1948 3272 et:
1986 3218 2277 3316 veritatec

638 3322 726 3373 est
758 3312 932 3377 Deus,
965 3310 1285 3375 ostendens;
1320 3325 1425 3365 non
1456 3311 1641 3379 quales
1670 3320 1795 3366 sunt
1839 3308 1987 3367 vituli
2030 3307 2206 3371 aurci,

647 3406 699 3459 id
735 3413 842 3470 est,
875 3403 1141 3472 ejusmodi
1174 3401 1365 3471 quales
1390 3402 1519 3457 deos
1543 3416 1635 3459 ars
1664 3401 1896 3459 humana
1933 3399 2134 3459 invenit
2156 3408 2212 3455 et

643 3494 969 3565 excogitavit
998 3511 1013 3549 :
1057 3493 1153 3548 sed
1188 3503 1243 3548 et
1275 3506 1638 3563 supernorum
1682 3491 1968 3560 spirituum
2004 3506 2206 3559 regem,

644 3598 700 3642 et
742 3586 1128 3657 legislatorem,
1158 3594 1214 3640 et
1246 3584 1523 3639 hominum
1556 3584 1609 3637 in
1647 3583 1809 3638 terris
1847 3581 2119 3648 similiter,
2153 3591 2211 3641 et

642 3680 1011 3735 dominantem
1034 3677 1337 3741 elementis,
1362 3685 1418 3730 et
1447 3674 1513 3729 ad
1540 3689 1695 3730 suum
1720 3673 2002 3729 arbitrium
2029 3690 2208 3730 rerum

640 3780 887 3824 naturam
933 3769 1309 3824 inclinantem.
1359 3765 1434 3819 Ea
1482 3765 1745 3834 siquidem
1798 3766 1863 3819 de
1914 3778 2095 3828 causa,
2151 3774 2207 3820 et

634 3862 944 3931 justissime
992 3874 1185 3915 nomen
1218 3859 1293 3914 illi
1328 3867 1510 3928 aptum
1544 3871 1663 3912 esse
1693 3856 1842 3924 dicit,
1886 3874 1906 3909 ι
1946 3856 2205 3913 Dominus

639 3951 785 4005 Deus
843 3948 1197 4005 exercituum.
1250 3965 1269 3999 ι
1309 3947 1575 4015 Quoniam
1629 3956 1808 4001 autem
1862 3947 1976 4003 haec
2015 3958 2207 4002 natura

636 4050 692 4096 ct
713 4054 838 4094 vera
868 4049 1014 4105 sunt,
1059 4058 1078 4093 ι
1122 4039 1363 4095 Suscitat
1404 4038 1785 4095 contritionem
1817 4053 1979 4110 super
2020 4038 2205 4103 robur,

638 4142 696 4190 et
725 4134 931 4190 inducit
957 4133 1227 4188 miseriam
1250 4147 1413 4201 super
1437 4132 1881 4189 munimentum.»
1914 4131 2202 4201 Discerpit,

640 4224 833 4294 inquit,
861 4225 1141 4293 superbos,
1165 4233 1221 4279 et
1257 4222 1445 4294 jugum
1486 4222 1604 4290 ejus
1644 4224 2031 4293 repellentibus
2069 4239 2204 4279 con-

642 4312 885 4366 tritiones
903 4311 1112 4379 inﬂigit.
1130 4311 1286 4381 30],
1302 4310 1610 4379 Quinetiam
1632 4313 1675 4366 si
1697 4312 1819 4383 quis
1842 4311 1978 4369 forte
1995 4328 2060 4369 ex
2084 4324 2202 4368 stu-

639 4416 769 4471 pore
809 4403 1040 4469 quodam
1078 4403 1273 4456 mentis
1301 4412 1449 4472 putet
1475 4417 1534 4457 se
1561 4402 1840 4458 robustum
1866 4418 1928 4458 ac
1950 4420 2200 4475 magnum

636 4504 779 4555 esse,
807 4490 949 4543 hunc
976 4489 1193 4544 miseria
1224 4490 1479 4545 cumulat.
1518 4488 1629 4547 [loc
1663 4491 1821 4546 modo
1845 4492 2035 4546 dextre
2069 4491 2198 4546 sub-

2316 2118 2377 2175 τὸ
2405 2118 2462 2185 ἐξ
2485 2117 2611 2181 ἁλὸς
2644 2117 3011 2190 ὕδωρ,ἀφάτῳ
3041 2118 3268 2189 δυνάμει
3295 2118 3430 2191 πρὸς
3456 2118 3519 2172 τὸ
3549 2117 3687 2188 ὑψοῦ
3715 2136 3769 2171 τε
3786 2120 3859 2170 καὶ

2316 2210 2430 2264 ἄνω
2469 2209 2653 2263 καλῶν
2668 2209 2861 2279 ,γλυκὺ
2892 2209 3185 2281 καθίστησι
3211 2213 3327 2275 τοῖς
3352 2210 3445 2263 ἐπὶ
3483 2210 3587 2282 τῆς
3621 2211 3741 2282 γῆς,
3772 2214 3860 2275 τοῖς

2314 2301 2408 2359 τοῦ
2439 2300 2766 2374 κρατοῦντος
2814 2301 3049 2373 ῥεύμασι
3088 2301 3437 2374 μεταχωροῦν
3486 2303 3569 2367 εἰς
3616 2302 3688 2356 τὰ
3739 2305 3859 2373 παρὰ

2316 2393 2497 2462 φύσιν.
2543 2392 2936 2462 Ἐκτρέπεσθαι
2962 2392 3020 2446 δέ
3047 2409 3179 2464 φησι
3218 2411 3236 2443 ι
3273 2394 3353 2456 είς
3380 2392 3442 2445 τὸ
3472 2391 3623 2463 πρωῒ
3653 2392 3810 2455 σκιάν,
3840 2411 3854 2443 ι

2316 2487 2587 2548 τουτέστι,
2620 2484 2681 2538 τὸ
2704 2484 2895 2549 νύκτα,
2937 2485 3106 2555 ἤγουν
3131 2484 3192 2538 τὸ
3220 2485 3409 2547 σκότος
3437 2486 3768 2555 καταφοιτᾷν
3794 2486 3857 2547 είς

2315 2578 2546 2648 ἡμέραν.
2586 2577 2673 2642 Ὠς
2716 2579 2823 2649 γὰρ
2867 2576 3072 2647 Μωσῆς
3118 2576 3351 2647 γράφει,
3410 2595 3428 2627 ι
3465 2576 3667 2640 Σκότος
3713 2572 3772 2648 ἢν
3813 2578 3857 2629 ἐν

2313 2672 2453 2741 ἀρχῇ
2503 2668 2685 2723 ἐπάνω
2728 2668 2829 2739 τῆς
2857 2667 3118 2731 ἀὸύσσου,
3152 2686 3171 2719 ι
3203 2667 3473 2731 τουτέστι,
3521 2669 3674 2723 σκιά.
3715 2668 3853 2731 Ἀλλ’,

2318 2782 2336 2815 ι
2376 2758 2543 2817 Εἶπεν
2573 2762 2601 2815 ό
2628 2754 2779 2827 Θεὸς,
2812 2762 2966 2832 φησὶ,
3010 2761 3106 2814 καὶ
3133 2760 3350 2830 ἐγένετο
3380 2760 3517 2830 φῶς·
3552 2780 3574 2812 ι
3606 2759 3770 2824 οὕτως
3794 2763 3857 2824 είς

2313 2853 2375 2906 τὸ
2400 2851 2565 2924 πρωῒ,
2590 2853 2890 2918 τουτέστιν,
2922 2853 3004 2919 είς
3034 2852 3266 2923 ἡμέραν,
3302 2852 3743 2923 μετατετράφθαι
3779 2854 3856 2923 μὲν

2310 2943 2409 3014 τὴν
2454 2944 2633 3011 σκιὰν,
2667 2944 2937 3009 τουτέστι,
2973 2944 3033 2997 τὸ
3064 2945 3274 3007 σκότος.
3317 2944 3457 2997 Ἀλλ’
3484 2944 3702 3016 ἡμέρας
3727 2960 3859 3012 γεγε.

2312 3034 2553 3104 νημένης
2605 3032 2931 3087 ἐπελαύνετο
2958 3028 3114 3097 αὖθις
3152 3036 3185 3105 ἡ
3215 3032 3330 3099 νὺξ,
3362 3033 3613 3085 τουτέστι
3642 3032 3721 3097 τὸ,
3744 3032 3857 3101 ἡμέο

2313 3143 2413 3196 ραν
2448 3126 2524 3188 είς
2553 3125 2725 3178 νύκτα
2771 3121 3148 3189 συσκοτάξειν.
3189 3124 3401 3194 Ὠφελεῖ
3443 3123 3509 3194 δὴ
3549 3119 3648 3177 οὖν
3687 3124 3715 3177 ό
3750 3139 3859 3193 προ-

2313 3217 2490 3290 φήτης
2518 3218 2643 3287 τοὺς
2676 3215 3129 3289 πεπλανημένους
3152 3257 3167 3280 ,
3204 3216 3304 3271 οὐκ
3353 3215 3561 3289 ἄψυχον
3594 3216 3749 3288 ὓλην,
3784 3214 3858 3268 τὸν

2312 3308 2472 3377 φύσει
2528 3308 2585 3362 δέ
2628 3310 2723 3362 καὶ
2760 3308 2933 3380 ἀληθῆ
2982 3310 3110 3363 ὅντα
3156 3308 3286 3362 Θεὸν
3342 3309 3726 3374 καταδεικνύςο
3757 3306 3857 3361 οὔτε

2314 3400 2420 3471 μὴν
2448 3401 2506 3453 ἐν
2540 3399 2638 3471 ἴσῳ
2664 3402 2783 3467 ταῖς
2816 3401 3082 3472 δαμάλεσι
3110 3403 3229 3465 ταῖς
3268 3403 3513 3472 χρυσαῖς,
3544 3400 3715 3472 ἤγουν
3738 3400 3858 3454 κατά

2311 3507 2434 3547 τινα
2465 3490 2594 3545 όντα
2643 3491 2750 3544 τῶν
2784 3493 2849 3546 ἐκ
2880 3492 3069 3564 τέχνης
3105 3493 3451 3565 ἀνθρωπίνης
3502 3492 3858 3565 ἐξευρημένων

2310 3580 2467 3646 θεῶν,
2515 3582 2654 3637 ἀλλά
2702 3584 2797 3641 καὶ
2828 3583 2937 3637 τῶν
2982 3584 3092 3638 ἄνω
3125 3584 3450 3655 πνευμάτων
3481 3583 3747 3654 βασιλέα,
3782 3586 3858 3636 καὶ

2308 3672 2606 3745 νομοθέτην
2659 3676 2754 3729 καὶ
2779 3675 2886 3728 τῶν
2920 3676 3013 3729 ἐπὶ
3044 3675 3146 3744 γῆς
3173 3674 3391 3746 ὁμοίως,
3429 3676 3521 3728 καὶ
3549 3674 3859 3740 δεσπόζοντα

2307 3764 2417 3819 τῶν
2448 3765 2746 3835 στοιχείων.
2798 3767 2892 3819 καὶ
2924 3768 3061 3842 πρὸς
3095 3767 3156 3821 τὸ
3198 3767 3346 3838 αὐτῷ
3378 3766 3571 3821 δοκοῦν
3622 3766 3858 3839 μετακλί-

2306 3873 2467 3911 νοντα
2511 3857 2620 3910 τῶν
2657 3858 2825 3911 όντων
2864 3858 2961 3928 τὴν
3008 3858 3189 3929 φύσιν.
3242 3859 3429 3930 Ταύτῃ
3491 3858 3605 3931 γὰρ
3649 3859 3745 3932 δὴ,
3780 3860 3859 3913 καὶ
3918 3922 3929 3932 ἱ

2311 3946 2461 4017 μάλα
2486 3947 2731 4015 δικαίως,
2751 3950 2938 4019 φησιν,
2957 3951 3128 4020 ὄνομα
3164 3951 3371 4022 πρέπον
3412 3950 3583 4020 αὐτῷ,
3620 3970 3640 4004 ι
3678 3950 3859 4021 Κύριος

2304 4039 2334 4089 ό
2356 4036 2487 4102 Θεὸς
2517 4040 2544 4091 6
2573 4038 2984 4110 παντοκράτωρ.
3022 4058 3041 4093 ι
3082 4040 3298 4112 Ἐπειδὴ
3325 4041 3383 4094 δὲ
3423 4040 3604 4095 ταῦτά
3637 4042 3752 4093 ἐστι
3775 4038 3859 4106 φύ-

2307 4144 2390 4180 σει
2422 4145 2482 4181 τε
2518 4128 2611 4181 καὶ
2648 4128 2897 4201 ἀληθείᾳ,
2928 4132 3173 4201 «Διαιρεῖ
3201 4130 3536 4203 συντριμμὸν
3564 4131 3668 4185 ἐπὶ
3703 4131 3855 4199 ἰσχὺν,

2303 4219 2499 4289 ἐπάγει
2531 4219 2587 4272 δὲ
2634 4220 2729 4273 καὶ
2767 4220 3143 4292 ταλαιπωρίαν
3188 4223 3274 4274 ἐπ’
3315 4222 3601 4295 ὀχύρωμα.
3638 4240 3659 4273 ι
3697 4223 3858 4274 Κατα-

2301 4309 2608 4383 δράττεται,
2661 4310 2835 4381 φησὶ,
2886 4310 2997 4363 τῶν
3046 4311 3426 4383 ὑπερηφάνων,
3459 4313 3552 4365 καὶ
3585 4315 3705 4375 τοῖς
3744 4312 3859 4365 ἀπο-

2304 4401 2602 4472 σειομένοις
2629 4400 2720 4454 τὸν
2752 4402 2841 4455 ἐπ’
2873 4402 3054 4456 αὐτῶν
3100 4403 3264 4472 ζυγὸν
3311 4402 3630 4474 ἐπιμερίζει
3664 4417 3859 4471 συντρι-

2302 4488 2425 4549 6ἀς.
2445 4488 2610 4544 Ἀλλά
2638 4490 2739 4545 κάν
2777 4507 2861 4552 τις
2893 4492 3065 4544 οῐεται
3089 4490 3249 4561 τυχὸν
3272 4489 3330 4555 ἐξ
3354 4490 3703 4557 ἀποπληξίας
3728 4491 3859 4559 ἰσχυ-

634 4581 873 4638 ostendit
927 4582 1070 4651 quod
1118 4582 1163 4638 si
1211 4582 1478 4638 voluerint
1523 4583 1806 4653 pigritari,
1857 4593 1913 4639 et
1964 4584 2016 4638 in
2060 4582 2201 4636 vitiis

2313 4579 2404 4649 ρὸς
2435 4575 2577 4634 εἶναι
2625 4581 2720 4633 καὶ
2750 4580 2946 4651 μέγας,
2964 4580 3059 4635 καὶ
3076 4580 3251 4651 τούτῳ
3272 4579 3855 4651 ταλαιπωρωνέτάγει.

637 4674 869 4745 ίιροιιιὶιε
905 4671 1184 4741 cujusdam
1225 4673 1546 4741 persistere,
1602 4683 1659 4728 ut
1717 4673 1849 4728 nihil
1898 4673 2054 4742 plane
2093 4671 2198 4727 ulla

637 4764 933 4821 monitione
962 4775 1427 4828 commoveantur,
1463 4765 1570 4819 imo
1600 4780 1727 4821 vero
1760 4765 1923 4821 etiam
1952 4765 2054 4819 sibi
2080 4766 2199 4835 pla-

634 4870 777 4922 cere,
835 4854 887 4908 in
940 4863 1240 4909 extremam
1280 4870 1577 4909 aerumnam
1621 4856 1970 4925 delapsuros,
2037 4873 2197 4911 manu

634 4947 873 5006 omnium
901 4945 1140 5016 potentis
1167 4948 1294 5001 tacti
1323 4947 1596 5013 videlicet,
1630 4963 1693 5002 ac
1721 4949 1786 5003 de
1815 4960 2012 5003 caetero
2053 4949 2199 5019 jnste

633 5038 971 5097 comminuti.
1008 5057 1026 5090 ι
1067 5038 1321 5093 Dominus
1346 5039 1491 5093 enim
1541 5040 1789 5108 superbis
1832 5040 2036 5096 resistit
2066 5040 2131 5106 δι,
2174 5059 2194 5093 ι

634 5131 833 5200 inquit,
870 5139 923 5185 et
970 5140 1335 5198 arrogantem,
1371 5138 1427 5185 et
1459 5129 1875 5194 inobedientem,
1922 5140 1975 5186 et
2001 5142 2196 5187 contu-

635 5236 842 5277 macem
900 5222 1071 5277 hostis
1114 5222 1229 5276 loco
1278 5222 1479 5277 ducit:
1532 5240 1551 5274 ‹
1589 5222 1827 5292 Respicit
1880 5234 2059 5280 autem
2110 5238 2198 5279 su-

633 5330 729 5386 per
771 5312 1062 5378 humilem,
1090 5323 1144 5369 et
1184 5314 1449 5384 quietum,
1478 5323 1535 5369 et
1565 5323 1878 5371 trementem
1922 5329 2201 5372 sermones

634 5407 750 5477 ejus
766 5406 830 5461 δ’.
862 5422 881 5457 ι
909 5403 976 5460 Ει
1001 5405 1197 5460 bonum
1231 5403 1393 5469 istud,
1420 5413 1475 5459 et
1496 5418 1625 5460 vere
1655 5404 1949 5461 imitatione
1978 5405 2198 5478 dignmn

632 5498 772 5569 apud
794 5512 889 5553 eos
917 5497 1011 5567 qui
1038 5498 1298 5567 optimum
1327 5495 1539 5552 vivendi
1569 5497 1902 5552 curriculum
1932 5498 2033 5552 sibi
2075 5512 2199 5565 pro-

631 5599 943 5661 posuerunt.

704 5682 866 5737 Vsus.
907 5681 991 5735 10.
1033 5678 1184 5748 Odia.
1208 5680 1497 5736 habuerunt
1530 5682 1585 5734 in
1618 5682 1780 5750 portis
1806 5679 2190 5747 corripientem,

632 5783 680 5827 et
730 5788 1014 5829 sermonem
1041 5782 1275 5826 sanctum
1304 5772 1588 5827 abominati
1616 5784 1755 5826 sunt.

2304 4671 2476 4725 Τοῦτο
2517 4671 2574 4725 δὲ
2614 4666 2683 4743 ἦν
2730 4672 3159 4744 ὐπεμφαίνοντος
3198 4672 3433 4742 εὐφυῶς,
3463 4673 3537 4737 ὡς
3587 4672 3642 4725 εἰ
3679 4673 3860 4725 ἕλοιντο

2304 4760 2591 4833 ῥᾳθυμεῖν,
2610 4762 2835 4827 καὶτοῖς
2851 4764 2951 4833 τῆς
2969 4764 3236 4828 ἀπαθείας
3261 4765 3566 4835 ἐγκλήμασι
3596 4763 3858 4833 διαμένειν

2303 4855 2405 4921 ἔτι,
2453 4855 2548 4908 καὶ
2596 4854 2739 4927 μέγα
2777 4858 2993 4927 φρονεῖν
3050 4855 3141 4909 ἐπί
3185 4872 3249 4925 γε
3296 4856 3477 4924 σφίσιν
3522 4854 3742 4916 αὐτοῖς,
3791 4852 3859 4913 εἰς

2302 4946 2539 5017 ἐσχάτην
2597 4945 2890 5001 πεσοῦνται
2959 4945 3358 5017 ταλαιπωρίαν,
3406 4947 3475 5015 τῇ
3504 4944 3598 4997 τοῦ
3660 4944 3859 4997 πάντων

2306 5040 2638 5111 κρατοῦντος
2701 5040 2846 5111 χειρὶ
2912 5039 3097 5093 λοιπὸν
3156 5040 3318 5103 ὁσίως
3394 5038 3855 5110 περιθραυόμενοι.

2311 5152 2329 5184 ι
2367 5132 2571 5203 Κύριος
2600 5132 2731 5205 γὰρ,
2780 5133 2944 5202 φησιν
2964 5171 2980 5197 ,
3006 5133 3376 5203 ὑπερηφάνοις
3408 5131 3804 5193 ἀντιτάσσεται,
3836 5146 3850 5177 ι

2305 5225 2401 5278 καὶ
2430 5224 2688 5294 πολέμιον
2727 5225 2939 5295 ἡγεῖται
2972 5224 3065 5277 τὸν
3098 5223 3354 5289 ἀλαζόνα,
3394 5224 3489 5277 καὶ
3525 5221 3751 5291 ἀπειθῆ,
3777 5219 3859 5273 καὶ

2303 5315 2655 5384 δυσάγωγονο
2695 5333 2713 5366 ι
2738 5314 3052 5369 Ἐπιὸλέπει
3087 5331 3149 5383 γε
3182 5314 3288 5386 μὴν
3326 5315 3419 5368 ἐπὶ
3461 5314 3551 5368 τὸν
3590 5311 3853 5371 ταπεινὸν,

2305 5407 2399 5460 καὶ
2422 5405 2664 5478 ἡσύχιον,
2698 5403 2793 5458 καὶ
2822 5404 3094 5475 τρέμοντα
3123 5404 3250 5467 τοὺς
3284 5403 3473 5471 λόγους
3501 5399 3689 5457 αὑτοῦ.
3715 5418 3734 5451 ι
3760 5396 3859 5451 Καὶ

2304 5495 2505 5564 ἀγαθὸν
2536 5494 2597 5548 τὸ
2632 5494 2840 5565 χρῆμα,
2869 5494 2963 5547 καὶ
2999 5493 3359 5566 ἀξιοζήλωτον
3385 5493 3597 5564 ἀληθῶς
3630 5490 3779 5560 παρά
3800 5502 3855 5554 γε

2302 5590 2414 5650 τοῖς
2449 5588 2646 5657 ἄριστα
2669 5584 2859 5657 διαζῇν
2888 5586 3188 5654 ἑλομένοις.

2384 5681 2721 5749 Ἐμίσησαν
2772 5678 2840 5730 ὲν
2886 5677 3107 5743 πύλαις
3145 5677 3503 5747 ἐλέγχοντα,
3548 5675 3647 5729 καὶ
3684 5673 3856 5744 λόγον

2299 5772 2472 5825 ὅσιον
2507 5772 2926 5834 recusem-ro.

705 5887 748 5919 ³⁸
771 5885 907 5944 Gen.
939 5902 1022 5956 ιιι,
1052 5887 1138 5945 l9.
1211 5889 1256 5923 ”
1279 5859 1414 5943 Cen.
1450 5904 1487 5955 ι,
1518 5889 1572 5943 2.
1653 5888 1697 5919 ⁴⁰
1724 5888 1880 5955 lbid.,
1914 5890 1966 5943 5.
2046 5889 2081 5919 ⁸³
2121 5890 2209 5943 l'rc

2316 5903 2392 5953 ill,
2432 5887 2534 5953 5t;
2578 5886 2691 5941 Jac.
2731 5902 2803 5954 tv,
2838 5885 2889 5939 6.
2970 5884 3013 5917 "
3040 5883 3149 5947 ,lsa.
3184 5898 3327 5950 mi,
3364 5880 3419 5937 2.
