4068 6612
216 429 331 485 497

1180 422 1738 536 COMMEN'EARIUS
1778 424 1843 479 ΙΝ
1884 426 2074 483 AMOS
2108 426 2549 483 PROPHETAM.

3293 461 3297 466 δ
3379 431 3484 490 498

285 543 421 596 ΜΖ’.
471 539 777 610 ’Δντέχεται
816 552 976 594 παΑιν
1013 541 1112 610 τῆς
1149 538 1299 610 αὺτῷ
1332 539 1647 612 πρεπούσης
1676 540 1804 592 ἀκο-

1982 540 2182 597 XLVII.
2219 542 2448 597 Rursum
2475 555 2635 611 quam
2673 555 2771 612 par
2796 550 2880 597 est
2911 541 3343 599 consecutionem
3371 559 3488 599 ser-

211 632 443 697 λοθθίας
471 634 502 686 ὁ
528 632 708 699 λόγος.
744 630 963 702 Ἐπειδὴ
1000 632 1111 704 γὰρ
1138 632 1171 684 ὁ
1196 632 1482 696 Θεσπέσιος
1515 632 1804 703 προφήτης

214 722 644 794 παντοκράτορά
664 738 723 775 τε
749 722 843 776 καὶ
870 722 1121 794 παναλκῆ
1150 723 1507 794 κατωνόμαξε
1529 723 1621 776 τὸν
1645 722 1801 785 Θεὸν,

214 814 523 886 προσετίθη
556 814 613 867 δέ
635 816 719 868 ὅτι
757 815 958 886 διαιρεῖ
1000 814 1336 886 συντριμμὸν
1377 814 1470 868 ἐπὶ
1507 815 1681 885 ίσχὺν,
1715 814 1810 866 καὶ

212 905 603 975 ταλαιπωρίαν
631 905 725 957 ἐπὶ
752 904 1014 976 ὀχύρωμα
1046 905 1266 972 ἐπάγειν
1292 902 1545 977 ταύτῃτοι
1577 904 1672 958 καὶ
1714 902 1809 957 νῦν

210 997 558 1065 ἀναγκαίως,
598 996 684 1050 ἵνα
717 997 791 1067 μή
823 1012 908 1057 τις
938 994 1117 1065 οἴηται
1154 994 1424 1069 περιττῶς
1450 996 1677 1062 ἐπάγειν
1715 994 1811 1047 αὺ-

212 1088 313 1140 τὸν
345 1089 460 1150 τοῖς
502 1076 668 1155 ὀλίγα
688 1086 939 1140 πταίουσι
964 1084 1066 1148 τὰς
1093 1084 1286 1157 ὀργὰς,
1314 1085 1709 1159 ἀπαριθμεῖται
1740 1083 1817 1137 τὰ.

213 1178 577 1249 ἐγκλήματα,
624 1178 717 1231 καὶ
767 1179 847 1241 εις
905 1176 1068 1249 μέσον
1101 1178 1223 1245 ἄγει
1262 1179 1361 1241 τὰς
1397 1177 1611 1243 αἰτίας,
1649 1177 1717 1229 δι’
1744 1175 1812 1240 ἃς

217 1272 612 1342 συντρίμματα
657 1270 754 1324 καὶ
783 1269 1154 1341 ταλαιπωρίαν
1177 1268 1486 1341 ἐπιμερίζει
1517 1268 1679 1324 τισίν.
1706 1270 1810 1322 Με-

221 1365 497 1433 μισήκασι
529 1363 657 1435 γὰρ,
699 1363 860 1433 φησὶ,
891 1362 1018 1426 τοὺς
1048 1361 1445 1433 σωφρονιστὰς,
1479 1361 1611 1433 παρ’
1658 1360 1813 1414 οὐδὲν

218 1454 552 1525 πεποίηνται
591 1455 719 1516 τοὺς
759 1452 1113 1523 ἐλέγχοντας,
1159 1452 1256 1505 καὶ
1304 1452 1432 1515 τοὺς
1477 1449 1813 1520 ἐπανορθοῦν

218 1548 491 1611 εἰωθότας
534 1547 614 1610 είς
658 1545 720 1600 τὸ
769 1546 995 1601 ἁνδάνον
1040 1543 1191 1616 Θεῷ,
1240 1543 1491 1615 βδελυρὸν
1541 1544 1814 1614 ἡγήσαντο

220 1642 407 1693 πάντα
434 1640 592 1708 λόγον
616 1640 784 1701 ὅσιον,
808 1637 899 1691 τὸν
923 1636 1192 1691 καλοῦντα
1221 1634 1464 1707 δηλονότι
1515 1635 1609 1689 καὶ
1636 1650 1814 1706 παρα-

218 1731 464 1803 θήγοντα
505 1732 640 1804 πρὸς
680 1729 931 1801 ὁσιότητα
996 1729 1091 1783 καὶ
1138 1726 1431 1797 ἁγιασμόν.
1474 1725 1547 1779 Τὸ
1577 1725 1633 1778 δὲ
1666 1743 1686 1777 ι
1725 1726 1813 1779 Ἐν

222 1823 429 1886 πύλαις
458 1841 478 1875 ι
512 1823 757 1887 νοήσεις,
796 1820 1078 1893 ἐναργῶς,
1123 1819 1217 1874 καὶ
1251 1818 1574 1889 ἀναφανδὸν,
1616 1817 1710 1871 καὶ
1756 1819 1813 1870 ἐν

1914 649 2001 686 tuo
2038 641 2209 689 tenet.
2246 632 2534 703 Postquam
2575 632 2701 686 olim
2755 632 2967 688 divinus
3013 634 3270 703 propheta
3322 634 3488 689 Deum

1910 724 2333 794 omnipotentem
2367 734 2424 779 et
2457 722 2885 779 robustissimum
2917 725 3488 796 vocavit,addiditque,

1915 818 2064 872 illum
2108 817 2350 872 dividere
2396 817 2773 872 contritionem
2809 832 2969 887 super
3021 818 3207 885 robur,
3243 829 3297 872 et
3328 818 3493 875 ntise-

1913 911 2050 964 riam
2077 924 2242 979 super
2274 910 2439 964 robur
2472 908 2728 963 inducere
2755 927 2768 975 ;
2803 909 2921 964 ideo
2952 919 3006 964 et
3062 925 3223 975 nunc,
3252 927 3318 969 ne
3372 909 3495 980 quis

1914 1001 2091 1070 ipsum
2122 1014 2291 1070 pauca
2328 1000 2762 1071 delinquentibus
2795 1015 2952 1069 aequo
2989 1001 3208 1070 gravius
3256 1001 3492 1056 minitari

1913 1102 2085 1161 putet,
2114 1092 2319 1146 scelera
2354 1100 2620 1157 recenSet,
2657 1106 2957 1161 causasque
2985 1092 3037 1146 in
3070 1092 3305 1147 medium
3341 1092 3495 1148 aﬂert

1918 1193 2140 1254 propter
2183 1198 2319 1253 quas
2361 1183 2717 1238 contritiones
2740 1193 2796 1238 et
2838 1185 3111 1239 miseriam
3169 1184 3493 1254 quibusdam

1917 1277 2190 1331 immittat.
2219 1274 2462 1331 Oderunt
2496 1277 2660 1341 enim,
2697 1276 2889 1344 inquit,
2921 1278 3295 1333 emendatores
3322 1293 3336 1330 :
3366 1293 3497 1332 cun-

1916 1377 2247 1436 tempserunt
2332 1368 2712 1436 corripientes,
2768 1377 2822 1423 et
2883 1369 2948 1421 ad
3009 1369 3118 1424 Deo
3182 1367 3499 1438 placendum

1912 1458 2147 1529 dirigere
2185 1458 2371 1514 solitos
2404 1475 2417 1513 :
2456 1472 2671 1514 omnem
2713 1474 3020 1514 sermonem
3055 1469 3302 1514 sanctum
3338 1475 3497 1524 exse-

1914 1554 2050 1606 crati
2081 1562 2204 1606 sunt
2235 1552 2557 1617 hortantem,
2587 1556 2641 1607 et
2672 1553 2983 1607 incitautem
3017 1553 3081 1607 ad
3114 1569 3327 1609 omnem
3377 1569 3499 1623 per-

1916 1644 2199 1700 fectionem
2218 1655 2271 1700 et
2296 1644 2974 1712 sanctimoniam,scilicet.
3001 1662 3019 1697 ‹
3049 1645 3105 1701 1η
3136 1646 3329 1714 portis,
3361 1665 3378 1698 ι
3414 1646 3497 1700 in-

1918 1736 2094 1807 tellige
2139 1744 2343 1806 aperte,
2398 1736 2573 1807 palam
2598 1746 2653 1790 et
2688 1738 2872 1792 libere.
2912 1736 3137 1794 Videtur
3196 1749 3376 1793 autem
3418 1739 3499 1792 iu-

1915 1827 2155 1883 solentite
2225 1838 2281 1883 et
2356 1828 2652 1883 aversionis
2715 1843 2900 1883 eorum
2960 1829 3012 1884 iu
3094 1829 3383 1899 prophetas
3447 1839 3502 1884 et

222 1912 535 1984 παρρησίᾳ.
568 1912 754 1965 Ἐοικε
798 1910 878 1976 δὲ,
914 1909 1019 1979 τῆς
1054 1910 1134 1972 είς
1182 1910 1468 1979 προφήτας
1517 1906 1611 1959 καὶ
1658 1905 1825 1975 νόμον

1929 1916 2090 1985 legem
2139 1930 2282 1971 nunc
2319 1917 2651 1972 meminisse.
2684 1917 3170 1987 Reprehendebant
3197 1917 3341 1971 enim
3373 1932 3499 1986 pro-

221 2004 492 2067 ἀπονοίας
526 2002 704 2058 αὐτῶν
757 2002 849 2056 καὶ
876 2002 1224 2071 ἀποστροφῆς
1248 1997 1648 2069 διαμεμνῆσθαι
1674 1996 1809 2049 νυνί.

230 2092 510 2162 Ἥλεγχον
543 2092 643 2161 μὲν
675 2091 782 2162 γὰρ
821 2092 873 2144 οἱ
922 2091 1220 2162 προφῆται,
1279 2087 1591 2159 προσιόντες
1642 2085 1814 2156 ἀκρύο

226 2199 386 2248 πτως
406 2202 419 2215 ·
449 2187 596 2248 ὅσιος
625 2184 684 2237 δὲ
716 2184 874 2252 λόγος
899 2184 927 2237 ὁ
958 2182 1120 2253 νόμος
1148 2177 1237 2253 ἦν,
1281 2182 1363 2234 ὅτι
1399 2180 1494 2234 καὶ
1532 2178 1688 2244 Θεοῦ,
1724 2178 1821 2233 καὶ

225 2278 583 2349 δικαιοσύνης
607 2277 890 2350 πρύτανις,
914 2276 1011 2330 καὶ
1036 2274 1385 2343 παιδαγωγὸς
1408 2275 1488 2337 είς
1517 2272 1818 2335 εὐσέϐειαν,

230 2367 334 2421 καὶ
381 2367 476 2422 τοῦ
527 2367 685 2436 φύσει
714 2384 775 2421 τε
822 2368 917 2421 καὶ
960 2364 1177 2435 ἀληθῶς
1219 2363 1357 2418 Θεοῦ
1399 2363 1693 2426 δεικτικός.
1724 2362 1824 2417 Διά

228 2460 401 2512 τοῦτο
443 2460 538 2512 καὶ
583 2457 794 2522 Παῦλος
836 2458 1022 2527 ἁγίαν,
1065 2456 1162 2510 καὶ
1195 2455 1433 2519 δικαίαν,
1482 2454 1578 2508 καὶ
1614 2452 1825 2523 ἀγαθὴν

228 2550 337 2621 τὴν
358 2549 452 2603 διὰ
481 2550 724 2613 Μωσέως
747 2550 969 2621 εἴρηκεν
999 2547 1240 2619 ἐντολήν.
1266 2546 1478 2601 Οὐκοῦν
1499 2545 1825 2617 νοσημάτων

229 2643 539 2712 αἴσχιστον,
569 2642 664 2696 καὶ
693 2641 800 2695 τῶν
824 2643 880 2694 ἐν
905 2640 1103 2712 ψυχαῖς
1127 2638 1315 2693 παθῶν
1346 2637 1472 2711 ῥίζα
1502 2654 1586 2701 τις
1609 2638 1825 2708 ,ὥσπερ

233 2734 337 2787 καὶ
369 2733 608 2801 γένεσις,
638 2732 699 2787 τὸ
716 2732 1068 2787 ἀποσείεσθαι
1111 2731 1453 2804 συμϐουλὰς,
1501 2730 1598 2783 καὶ⁹
1649 2732 1828 2801 μισεῖν

232 2823 521 2893 ἐλέγχους,
556 2824 654 2877 καὶ
708 2823 887 2877 δοκεῖν
918 2822 1012 2875 τὸν
1054 2821 1199 2876 θεῖον
1233 2821 1369 2894 μηδέ
1413 2819 1611 2875 ειδέναι
1643 2820 1828 2891 νόμον.

256 2916 322 2967 '0
355 2915 467 2985 γάρ
493 2932 576 2968 τοι
605 2915 742 2986 πρὸς
773 2914 931 2969 τοῦτο
972 2913 1304 2985 φαυλότητος
1346 2912 1708 2983 καθιγμένος,
1743 2912 1833 2982 νηῒ

235 3020 350 3058 πᾶν
379 3007 599 3067 πάντως
631 3006 785 3059 ἔσται
814 3005 1173 3077 προσεοικὼς,
1202 3005 1478 3076 πηδαλίων
1504 3005 1709 3076 ἐρήμῃ,
1740 3004 1833 3058 καὶ

234 3098 343 3150 οὒκ
376 3097 576 3171 ἐχούσῃ
605 3098 697 3151 τὸν
728 3098 1089 3169 ἐφεστηκότα,
1114 3099 1149 3168 ἦ
1172 3098 1338 3151 παντὶ
1375 3096 1645 3167 πνεύματι
1681 3112 1836 3167 περι-

235 3188 500 3259 φέρεται,
528 3188 622 3241 καὶ
660 3187 798 3261 πρὸς
832 3187 895 3241 τὸ
930 3187 1103 3242 ὠθοῦν
1147 3187 1335 3251 ἁπλῶς
1380 3187 1477 3240 καὶ
1534 3184 1834 3257 ἀπερισκέ-

1924 2008 2117 2077 phetaa,
2152 2010 2468 2063 accedentes
2511 2008 2728 2078 palam:
2770 2008 2853 2063 lex
2905 2016 3085 2062 autem
3132 2022 3315 2062 sermo
3375 2023 3504 2062 sau-

1924 2108 2045 2153 ctus
2070 2107 2208 2165 erat,
2240 2099 2492 2169 quoniam
2527 2110 2581 2153 et
2624 2099 2739 2162 Dei,
2768 2109 2823 2154 et
2864 2097 3114 2169 iustitiae,
3146 2097 3501 2168 dispensator,

1926 2198 1979 2245 et
2007 2191 2329 2262 paedagogus
2351 2194 2416 2247 ad
2447 2191 2708 2261 justitiam
2737 2191 2802 2256 “,
2831 2193 3029 2260 quique
3081 2200 3271 2244 natura
3303 2205 3367 2245 ac
3415 2205 3507 2244 ve.

1928 2295 1988 2336 re
2024 2282 2190 2337 Deum
2218 2282 2542 2337 ostenderet.
2572 2282 2752 2349 Quare
2780 2292 2834 2336 et
2891 2280 3092 2337 Paulus
3130 2290 3399 2345 sanctam,
3450 2292 3506 2336 et

1925 2375 2150 2446 justam,
2223 2383 2279 2429 et
2326 2373 2520 2429 bonam
2563 2388 2683 2428 esse
2728 2372 2896 2443 legem
2954 2387 3050 2441 per
3100 2370 3289 2426 Mosen
3344 2370 3507 2425 latam

1933 2466 2161 2522 aliirmat
2187 2465 2252 2521 ιδ.
2290 2466 2474 2536 itaque
2516 2467 2825 2521 morborum
2895 2464 3339 2531 fmdissimorum,
3379 2462 3511 2519 alre-

1933 2560 2282 2629 ctionumque
2346 2559 2398 2613 in
2441 2559 2617 2612 anima
2677 2558 2995 2614 vitiosarum
3052 2556 3197 2612 velut
3226 2557 3399 2624 radix,
3454 2566 3511 2612 et

1933 2651 2209 2721 generatio
2239 2660 2340 2714 est,
2380 2650 2634 2718 repellere
2671 2649 3079 2717 admonitiones,
3115 2656 3170 2703 et
3202 2646 3381 2703 odisse
3412 2647 3509 2702 ob-

1931 2742 2286 2813 iurgationes,
2325 2742 2598 2810 viderique
2621 2740 2858 2794 divinam
2887 2740 3053 2808 legem
3092 2754 3159 2794 ne
3197 2752 3353 2794 nosse
3384 2738 3509 2808 qui-

1936 2829 2079 2883 dem.
2112 2825 2212 2896 Qui
2245 2838 2474 2896 namque
2500 2826 2565 2877 ad
2603 2825 2702 2878 hoc
2731 2825 3086 2892 improbitatis
3127 2822 3360 2889 devenit,
3396 2822 3512 2892 pla-

1939 2933 2007 2974 ne
2034 2921 2153 2973 navi
2176 2919 2367 2972 similis
2398 2925 2503 2981 est,
2525 2916 2909 2985 gubernaculo,
2932 2922 2985 2969 et
3011 2916 3263 2969 nauclero
3283 2912 3508 2979 carenti,

1939 3020 2057 3080 qua!
2085 3009 2231 3064 omni
2263 3018 2425 3062 vento
2469 3005 2865 3068 circumfertur,
2902 3014 2955 3059 et
2985 3015 3144 3075 prout
3193 3003 3519 3073 impellitur,

1937 3101 2253 3172 simpliciter
2296 3108 2348 3153 et
2372 3100 2591 3154 fortuito
2629 3101 2730 3153 huc
2752 3100 2876 3153 illuc
2906 3100 3134 3163 accedit,
3161 3096 3322 3167 302
3356 3096 3510 3167 quasi

1938 3194 2111 3259 ebria,
2137 3200 2191 3247 et
2216 3191 2469 3245 ihtctuum
2497 3191 2747 3260 deinceps
2774 3191 2969 3260 impetu
3002 3190 3106 3244 huc
3135 3188 3260 3242 illuc
3289 3188 3511 3256 iactata.

236 3296 399 3342 πτως
432 3278 590 3343 ἵεται,
638 3279 923 3349 μονονουχὶ
951 3279 1048 3332 καὶ
1096 3278 1405 3350 μεθύουσα,
1443 3278 1537 3331 καὶ
1574 3276 1825 3348 κυμάτων

1945 3287 2143 3343 Verum
2170 3285 2385 3354 sapiens
2422 3285 2586 3339 David
2614 3286 2815 3354 justum
2853 3284 3001 3338 illum
3052 3287 3268 3338 beatum
3310 3280 3511 3351 praedi-

235 3371 575 3443 ἀθροίσματι
606 3372 883 3444 φερομένη
916 3372 1128 3426 λοιπόν.
1166 3371 1305 3424 Ἀλλ’
1328 3372 1357 3425 ὅ
1380 3387 1447 3439 γε
1476 3370 1639 3439 σοφὸς
1670 3368 1835 3422 Δαϐὶδ

235 3468 380 3536 ἡμῖν
410 3464 705 3535 μακαρίζει
727 3464 817 3518 τὸν
833 3464 1039 3518 δίκαιον
1058 3466 1284 3528 ἐκεῖνον,
1307 3462 1479 3531 λέγων
1497 3478 1510 3493 ·
1538 3478 1558 3513 ι
1593 3461 1652 3514 ’0
1674 3460 1838 3531 νόμος

233 3556 341 3610 τοῦ
375 3556 514 3611 Θεοῦ
545 3555 711 3611 αὐτοῦ
756 3559 816 3611 ἐν
849 3556 1046 3628 καρδίᾳ
1071 3555 1256 3618 αὑτοῦ,
1295 3556 1391 3609 καὶ
1421 3555 1520 3624 οὐχ
1549 3552 1837 3607 ὑποσκελι-

239 3650 510 3721 σθήσεται
535 3647 607 3703 τὰ
628 3648 937 3719 διαδήματα
956 3646 1146 3701 αὑτοῦ.
1160 3664 1181 3698 ι
1218 3644 1473 3716 Ἀπορθοῖ
1494 3642 1604 3715 γὰρ
1623 3645 1652 3697 ὸ
1674 3643 1839 3712 νόμος

239 3746 330 3807 εἰς
358 3743 423 3796 τὸ
447 3741 684 3812 ἀρέσκον
713 3740 851 3812 Θεῷ.

319 3834 427 3887 Διὰ
453 3833 630 3887 τοῦτο
657 3833 789 3887 ἀνθ’
813 3826 900 3885 ὧν
924 3829 1420 3889 κατεκονδύλιζον
1444 3827 1708 3896 πτωχὸν,
1735 3827 1838 3881 καὶ

238 3926 414 3995 δῶρα
444 3925 703 3980 suum
738 3924 1027 3989 ἐδέξασθε
1058 3922 1195 3991 παρ’
1240 3921 1448 3975 αὐτοῦ.
1489 3920 1709 3986 οἴκους
1745 3918 1842 3983 ξε-

240 4017 446 4083 στοὺς
480 4014 927 4084 ᾡκοδομήσατε,
962 4014 1062 4069 καί
1107 4015 1179 4068 οὐ
1218 4013 1305 4083 μὴ
1336 4012 1737 4081 κατοικήσητε
1776 4012 1847 4066 ἐν

242 4110 486 4176 αὐτοῖς.
514 4107 893 4178 Ἀμπελῶνας
913 4106 1314 4177 ἑπιθυμητοὺς
1332 4106 1720 4175 ἐφυτεύσατε,
1747 4104 1847 4160 καὶ

243 4205 328 4257 οὐ
362 4201 452 4271 μὴ
484 4203 663 4265 πίητε
692 4202 801 4255 τὸν
827 4197 997 4255 οἶνον
1024 4198 1244 4253 αὐτῶν.
1816 4220 1819 4221 ν

1938 3387 2025 3433 cat
2052 3378 2135 3432 his
2164 3378 2369 3431 verbis:
2396 3372 2536 3430 «Lex
2557 3375 2647 3430 Del
2677 3375 2795 3444 ejus
2825 3376 2878 3430 in
2907 3376 3070 3430 corde
3102 3373 3293 3442 ipsius,
3319 3381 3372 3426 et
3409 3385 3534 3426 non.

1938 3468 2429 3541 supplantabnutur
2477 3483 2693 3538 gressus
2751 3467 2868 3535 ejus
2898 3467 2963 3519 ⁸⁸.
3002 3484 3022 3520 ι
3092 3465 3201 3520 Lex
3252 3464 3395 3519 enim
3451 3466 3533 3517 ad-

1939 3558 2334 3629 beueplacitum
2401 3558 2492 3612 Del
2536 3556 2915 3627 perliciendum
2970 3556 3099 3617 dux,
3153 3563 3209 3609 et
3259 3553 3522 3624 magistra

1940 3667 2061 3709 sua.

2016 3828 2181 3885 Vsus.
2227 3830 2312 3887 ii.
2340 3827 2545 3883 Idcirco
2592 3827 2715 3899 quia
2749 3828 2934 3897 pugnis
2977 3825 3336 3895 percutiebant
3384 3838 3522 3879 men.-

1944 3924 2139 3989 dicum,
2172 3933 2218 3976 et
2254 3923 2392 3975 dona
2426 3921 2585 3975 electa
2633 3920 2937 3987 suscepistis
2972 3919 3036 3973 ab
3060 3935 3139 3973 eo.
3183 3915 3378 3970 Demos
3426 3935 3521 3983 po—

1946 4017 2068 4071 litas
2096 4014 2422 4083 wdiﬁcastis,
2442 4023 2489 4068 et
2524 4028 2623 4066 non
2658 4010 2958 4064 habitabilis
2990 4010 3042 4063 in
3063 4010 3158 4064 eis.
3194 4007 3379 4063 Vincas
3432 4009 3521 4062 de-

1946 4107 2251 4165 siderabiles
2311 4106 2629 4177 plantastis,
2682 4114 2729 4158 et
2780 4117 2883 4156 non
2937 4101 3117 4156 bibatis
3171 4100 3347 4156 vinum
3432 4114 3547 4153 eam

1948 4214 2087 4254 rum.

326 4295 471 4349 MH'.
520 4292 772 4362 Ἀληθές,
795 4294 875 4345 ὃτι
922 4291 1099 4360 πάντη
1142 4306 1201 4343 τε
1231 4290 1325 4344 καὶ
1356 4290 1575 4353 πάντως
1600 4289 1662 4342 τὸ
1699 4288 1825 4343 ἀπο-

2017 4286 2251 4347 XLVIII.
2296 4288 2491 4343 Verum
2524 4295 2628 4352 est,
2653 4297 2873 4354 prorsus
2896 4289 2951 4337 et
2972 4276 3297 4336 omnimodis
3318 4286 3528 4347 tempe—

248 4386 485 4456 σχέσθαι
525 4385 634 4439 τῶν
667 4383 913 4453 ἀγαθῶν,
962 4382 1063 4453 τὴν
1096 4382 1195 4451 τῆς
1228 4380 1561 4452 φαυλότητος
1593 4380 1707 4450 ἔχει
1753 4378 1825 4448 γέ·

1950 4398 2071 4439 rare
2104 4398 2135 4437 a
2172 4382 2347 4448 bonis,
2376 4380 2627 4434 vitiorum
2654 4391 2775 4432 esse
2807 4373 3040 4436 iuit-ium,
3079 4378 3135 4426 et
3187 4369 3522 4424 aversionem

245 4494 427 4537 νεσιν,
462 4480 558 4530 καὶ
589 4479 623 4548 ή
661 4476 756 4530 τοῦ
792 4475 1030 4548 χρηστοῦ
1068 4492 1128 4527 τε
1155 4475 1249 4527 καὶ¹
1284 4473 1513 4542 ὠφελεῖν
1546 4470 1825 4540 πεφυκότος

1953 4490 1985 4531 a
2030 4474 2335 4537 commodo,
2366 4480 2419 4526 et
2477 4466 2822 4532 conducibili,
2857 4466 2908 4518 in
2962 4478 3025 4517 ea
3073 4476 3193 4532 quae
3247 4460 3371 4515 talia
3419 4473 3523 4514 non

248 4570 600 4641 ἀποστροφὴ,
628 4572 742 4633 τοῖς
765 4570 864 4640 οὐχ
889 4562 992 4622 ὧδε
1018 4568 1200 4638 έχουσι
1228 4566 1575 4637 περιπταίειν
1601 4565 1748 4636 ἡμᾶς
1776 4563 1823 4616 ὼ

1953 4575 2097 4630 sunt,
2120 4562 2429 4620 necessario
2456 4575 2553 4615 nos
2576 4557 2871 4628 impellere.
2894 4551 3354 4621 Quemadmodum
3383 4549 3525 4604 enim

249 4621 604 4732 ἐξ
638 4621 1181 4730 εΟνπερηγόιρ
1207 4621 1406 4728 τρόπον
1440 4621 1824 4726 φωδςιάπελη

1955 4621 2137 4730 fugata
2181 4656 2320 4720 luce,
2353 4653 2519 4718 illico,
2538 4621 2842 4715 ceniestim,
2876 4654 2930 4702 et
2963 4658 2995 4701 e
3034 4644 3258 4714 vestigio
3298 4642 3531 4696 tenebrat

250 4724 521 4823 λαμένου.
559 4724 686 4808 κατ’
719 4752 862 4823 ῐχνος
890 4724 1051 4815 εὐθὺ-ς
1083 4724 1205 4806 ⁷καὶ
1244 4724 1404 4806 -κατά
1436 4724 1599 4811 πόδας
1638 4747 1754 4800 ἐστὶ
1794 4763 1825 4799 τ

1953 4724 2261 4807 exsistunt:
2295 4746 2366 4800 ita
2398 4745 2539 4800 unde
2572 4741 2748 4798 virtus
2770 4738 3165 4798 recesserineo
3194 4735 3441 4803 impietas
3470 4748 3530 4787 se

252 4847 486 4909 σκότος’
537 4845 710 4907 οὕτως
754 4845 956 4914 ἀρετῆς
1004 4842 1362 4913 ἀποφοίτησις
1414 4839 1691 4911 ἑπομένην
1740 4836 1825 4907 ἔχε

1956 4842 2206 4910 ingerens
2239 4837 2499 4894 succedit.
2529 4835 2792 4902 Quocirca
2838 4829 2997 4886 simul
3037 4838 3199 4898 atque
3223 4827 3452 4881 oderunt
3477 4824 3553 4879 in:

248 4938 366 5007 τὴν
395 4939 496 5005 τῆς
536 4935 871 5007 φαυλότητος
915 4934 1231 5005 είσδρομήν.
1271 4931 1514 4995 Οὐκοῦν,
1556 4927 1825 4997 ἐπειδήπε,

1956 4931 2126 5003 portis
2184 4929 2586 5000 corripientem.
2622 4934 2679 4981 et
2714 4920 3003 4978 abominati
3065 4928 3193 4975 sunt
3228 4930 3555 4974 sermonem

256 5006 614 5100 μεμισήκασι
652 5006 852 5099 μὲνέν
906 5027 1104 5091 πύλαις
1148 5025 1476 5094 ἐλέγχοντα,
1530 5018 1820 5075 κατεὸδελύ

1956 5032 2225 5088 sanctum,
2255 5023 2307 5075 in
2337 5018 2627 5075 multifaria
2654 5024 2875 5087 peccata
2902 5013 3248 5078 inciderunt;
3283 5006 3531 5063 conversi

256 5098 432 5181 ξαντα
465 5116 525 5170 δὲ
568 5098 662 5171 καί
706 5115 863 5184 λόγον
902 5116 1068 5179 ὅσιον,
1099 5115 1179 5177 εἰς
1222 5111 1474 5182 πολυειδῆ
1524 5107 1825 5164 κατώλισθο

1960 5124 2084 5170 sunt
2116 5114 2181 5167 ad
2206 5112 2512 5178 avaritiam,
2538 5119 2593 5165 et
2620 5110 2727 5165 Deo
2759 5107 3023 5177 imprimis
3053 5118 3230 5161 exosa:
3259 5098 3533 5172 tyrannidi

255 5208 572 5278 ἁμαρτίαν.
615 5206 912 5278 ἐτράποντο
946 5206 1084 5278 πρὸς
1124 5203 1459 5269 πλεονεξίαν,
1498 5202 1594 5256 κα)⁸
1633 5202 1731 5270 τὴν
1772 5200 1825 5253 ὅτ

1962 5205 2404 5277 oppressionique
2460 5202 2855 5265 incumbentes,
2908 5198 3098 5270 pugnis
3164 5195 3534 5266 percutiebant

261 5301 513 5374 μάλιστα
524 5298 877 5371 κατεστυγὴῖ
884 5299 1049 5371 μένην
1063 5297 1183 5369 Θεῷ
1194 5295 1647 5351 καταδυναστείαν
1665 5295 1825 5363 ὲπιτη

1965 5293 2320 5359 humilem,et
2346 5290 2601 5363 colaphos
2635 5289 3000 5362 impiugebant
3029 5288 3080 5342 in
3118 5286 3295 5357 capita
3336 5297 3537 5354 paupe—

254 5392 540 5456 δεύοντες,
578 5390 808 5445 ἔτυπτον
849 5391 947 5461 μὲν
986 5392 1232 5461 πυγμαῖς
1261 5387 1533 5451 ταπεινὸν,
1566 5386 1662 5439 καὶ
1703 5386 1825 5438 ἐκον

1964 5402 2107 5450 rum,
2149 5384 2396 5441 homines
2418 5382 2679 5453 perbeati,
2702 5381 3020 5449 cmterisque
3045 5378 3214 5449 gloria
3244 5384 3308 5431 ac
3334 5374 3536 5430 divitiis

255 5484 488 5547 δόλιςον
518 5484 597 5549 είς
623 5483 868 5553 κεφαλὰς
906 5483 1161 5553 πτωχῶν,
1193 5483 1243 5535 oi
1278 5481 1429 5551 ἀδροί
1464 5497 1582 5542 πως
1615 5478 1855 5541 πάντως,

261 5577 371 5633 aut
417 5577 527 5629 τῶν
578 5576 753 5631 ἀλλων
802 5576 1189 5646 ὑπερκείμενοι
1218 5573 1341 5644 δόξῃ
1395 5589 1453 5625 τε
1487 5572 1581 5625 καὶ
1620 5571 1856 5640 πλούτῳ.

260 5668 587 5742 Διήρπαζον
615 5669 672 5723 δὲ
698 5667 928 5739 δωρεὰς,
966 5667 1190 5737 ὀνόματι
1222 5666 1352 5735 παρ’
1376 5664 1475 5718 οὐκ
1504 5662 1861 5718 ἀκόντων’δε-

1965 5478 2348 5546 prmeelleutes.
2384 5474 2716 5544 Diripiebant
2769 5487 2930 5543 porro
2986 5472 3145 5534 dona,
3177 5466 3343 5521 verbo
3368 5480 3397 5520 a
3431 5479 3536 5518 non

1968 5569 2146 5622 invitis
2177 5582 2239 5622 ea
2278 5565 2588 5636 capientes,
2632 5577 2736 5634 qua
2769 5564 2821 5619 in
2856 5562 3198 5618 facultatibus
3250 5557 3365 5614 suis
3407 5569 3537 5626 pra:-

1968 5660 2243 5715 stabiliora
2292 5658 2585 5716 habebant.
2647 5655 3028 5714 Verumtamen
3064 5650 3268 5709 utiliter
3329 5656 3521 5704 monet

342 5847 396 5879 ”
434 5846 609 5903 Galat.
642 5863 725 5914 tu,
753 5846 841 5902 ‘24.
920 5848 967 5882 “
994 5844 1149 5901 Rom.
1184 5858 1277 5903 vn.
1325 5843 1407 5899 1‘2.
1488 5843 1529 5875 ⁵⁵⁸
1570 5840 1709 5898 Psal.
1748 5856 1928 5905 XXXVI,
1964 5839 2054 5893 ‘23.
