3972 6340
1150 565 1549 575 -ηε--υ--ο
1566 564 2089 573 Μ--ρο
2105 562 2468 571 -ο-Μῄ*
2484 562 2971 575 -ο--φ--νΑρ--ῄ
2991 564 3263 574 Ἢ

1150 565 1241 575 ...ηε
1253 565 1549 574 -σ--ο
1566 564 2089 573 Μ--ρο
2105 564 2468 571 ..ι’-Μ
2484 564 2777 572 ——-—.—_—
2794 564 2971 574 ρ-
2991 564 3263 574 Ἢ

270 567 1341 622 Wa_l.g
1394 578 1765 615 HI..._!.—_~_—_l-I
1779 579 1853 612 .__.I.
1862 604 1901 612 ..ρ-
1918 578 2116 612 ῧ--Ιρψι
2142 606 2171 611 .-
2183 605 2212 610 μ
2222 608 2225 609 ν
2234 605 2248 610 ρ
2260 578 2300 612 ,Ξ
2314 605 2383 611 ς-
2392 604 2405 609 -
2414 605 2431 610 -
2442 606 2453 607 κ
2464 605 2485 612 -ν
2516 603 2551 610 ομ
2560 604 2573 610 ι
2582 604 2587 609 ο
2598 577 2721 611 ...ι-..κ-¹
2730 571 2885 611 ...Ι-*1.
2898 578 2937 608 ..ευ
2948 576 2991 612 LI
3006 578 3162 611 1.--ρ
3166 564 3459 613 ᾧ.
3270 608 3307 613 ι..
3348 608 3353 611 .
3398 606 3436 614 ,,,.

1394 604 1763 615 -οο--οφ-οη-ο--η-η
1779 604 2116 612 “-4“·ν-ρ-ι-ρ“
2142 603 2485 612 -μνρηος-.-ακρν
2516 603 2657 611 οπερ.--
2674 605 2703 610 γ-
2730 603 2879 611 ..δ-,ρ-
2920 603 2989 612 ’μς-ι

549 777 1486 995 EPISTOLA
1617 774 3146 937 NUNCUPATORIA.

500 1274 1294 1368 LUSTRISSIMO
1371 1267 1849 1364 DOMINO
1922 1272 2032 1359 D.

1792 1267 1849 1361 ἱ)
1922 1272 2032 1359 D.
2100 1270 2584 1361 ACHILLI
2665 1271 2809 1357 DE
2883 1271 3360 1358 HARLAY

1032 1512 1388 1574 SUPREMO
1439 1510 1881 1574 GALLIARUM
1934 1512 2279 1573 SENATUS
2328 1509 2680 1572 PRINCII’L

299 1716 383 1780 Si
425 1718 562 1795 quis
599 1725 684 1775 est
722 1712 965 1790 superis
996 1729 1201 1774 rerum
1234 1714 1642 1773 humanarum
1676 1724 1912 1776 sensus,
1940 1709 1996 1767 si
2025 1726 2145 1785 qua
2181 1725 2278 1765 eos
2307 1709 2713 1784 propriorum
2762 1725 3016 1785 operum
3057 1724 3216 1767 cura
3268 1710 3495 1784 tangit,

196 1814 352 1876 non
384 1815 629 1888 dubito,
677 1814 1103 1876 illustrissime
1151 1822 1404 1874 senatus
1440 1809 1737 1885 Princeps
1760 1854 1775 1881 ,
1803 1809 1957 1886 quin
1994 1807 2264 1884 insignis
2310 1806 2585 1883 beneﬁcii
2616 1804 2749 1865 loco
2782 1806 3111 1867 habiturus
3150 1808 3228 1867 sit
3262 1808 3497 1882 Grego~

220 1914 359 1976 rius
386 1923 623 1986 noster,
654 1909 823 1991 quod
845 1929 1067 1972 novam
1098 1928 1349 1989 operum
1375 1925 1630 1969 suorum
1655 1906 1989 1969 editionem
2010 1906 2446 1984 spectatissimi
2466 1905 2737 1965 nominis
2762 1907 2858 1966 tui
2878 1906 3176 1984 auspiciis
3207 1906 3271 1965 in
3302 1906 3498 1966 lucem

220 2011 483 2090 prodire
504 2011 803 2089 patiaris.
832 2008 1095 2086 Optavit
1124 2009 1231 2070 ille
1260 2010 1325 2068 in
1355 2007 1603 2086 primis,
1631 2005 1779 2068 dum
1815 2008 2070 2080 viveret,
2102 2008 2338 2085 scripta
2373 2016 2443 2067 ut
2474 2022 2585 2068 sua
2628 2009 2875 2085 integra
2914 2016 2969 2066 et
3004 2006 3313 2067 inviolata
3351 2024 3500 2083 per-

224 2113 510 2171 eenirent
568 2110 651 2170 ad
680 2117 988 2187 posteros,
1025 2106 1371 2168 obtestatus
1395 2106 1744 2167 sacerdotes
1770 2108 2047 2185 Domini,
2082 2108 2191 2186 qui
2220 2115 2363 2183 post
2392 2107 2589 2184 ipsum
2636 2105 3011 2166 Turonicam
3038 2107 3275 2166 recturi
3304 2116 3500 2166 essent

224 2207 607 2285 Ecclesium,
643 2214 717 2267 ut
760 2223 839 2266 ne
870 2205 983 2267 hos
1018 2204 1214 2267 libros
1242 2203 1481 2267 aboleri
1505 2205 1808 2278 sinerent,
1837 2220 1957 2265 neu
1985 2202 2337 2271 dimidiata,
2368 2204 2733 2283 quibusdam
2759 2220 2878 2283 pro
2911 2222 3019 2265 suo
3043 2204 3315 2265 arbitrio
3340 2222 3502 2284 pra»-

228 2308 560 2378 termissis,
583 2307 848 2369 rescribi
861 2326 881 2374 ;
908 2305 1013 2367 sed
1043 2306 1156 2378 ita,
1186 2314 1254 2366 ut
1284 2302 1358 2365 ab
1389 2312 1647 2366 auctore
1672 2306 1809 2384 ipso
1840 2305 2062 2367 relicta
2089 2313 2308 2377 essent,
2342 2296 2604 2368 inlibata
2634 2309 2882 2385 suisque
2908 2308 3179 2365 numeris
3221 2325 3295 2367 ac
3342 2326 3501 2385 par-

227 2406 396 2468 tibus
424 2406 714 2467 absoluta
746 2407 1002 2467 exorari
1029 2412 1345 2466 curarent.
1378 2404 1694 2480 Quantam
1722 2404 1922 2483 igitur
1947 2405 2130 2465 modo
2156 2406 2425 2483 gratiam
2458 2405 2787 2467 habiturus
2816 2408 2868 2467 ei
2895 2408 2999 2477 sit,
3033 2407 3145 2486 qui
3171 2408 3328 2467 hanc
3371 2408 3427 2486 ej
3437 2425 3502 2467 ..νε
3537 2457 3545 2467 .

224 2505 412 2568 libris
438 2506 860 2585 integritatem
889 2513 1146 2577 asserat,
1180 2513 1477 2566 assertum
1511 2506 1888 2564 auctoritate
1916 2521 2030 2565 sua
2060 2513 2332 2580 tueatur,
2361 2517 2471 2566 aut
2506 2505 2768 2585 denique
2792 2506 2866 2567 ab
2895 2507 3253 2585 iniquorum
3296 2506 3502 2567 homi-
3525 2504 3554 2581 ξ·

222 2622 379 2664 nurn
409 2622 673 2665 cenura
706 2603 1022 2666 vindicet?
1071 2603 1383 2665 Praeclare
1428 2604 1635 2683 itaque
1687 2619 1827 2666 cum
1868 2603 2180 2681 Gregorio
2210 2606 2370 2683 agis,
2401 2608 2510 2685 qui
2539 2606 3029 2669 illustrissimum
3073 2624 3291 2667 nomen
3329 2616 3503 2667 tuum

220 2720 404 2763 novit
427 2702 577 2763 huic
603 2702 738 2781 ejus
765 2718 1018 2781 operum
1048 2702 1471 2780 recognitioni
1496 2703 1744 2781 pra-ﬁgi
1762 2719 1889 2763 non
1923 2705 2229 2781 graveris.
2265 2704 2479 2785 Neque
2498 2705 2661 2766 enim
2691 2707 2835 2782 erit,
2865 2715 2935 2766 ut
2967 2716 3147 2785 puto,
3180 2710 3505 2787 quicquam

230 2812 360 2865 tum
386 2804 608 2865 audax
633 2811 740 2863 aut
773 2802 1164 2873 temerarius,
1208 2802 1320 2880 qui
1346 2800 1758 2879 Gregorianis
1786 2802 2044 2879 scriptis
2069 2801 2164 2863 vel
2194 2803 2509 2865 tantillum
2542 2806 2773 2883 inferre
2804 2806 2971 2866 ausit
3010 2805 3334 2884 injuriam,
3370 2825 3505 2867 cum

233 2922 302 2965 ea
333 2903 782 2982 sapientissimi
812 2911 870 2960 et
921 2901 1255 2979 segnissimi
1307 2899 1537 2961 arbitri
1570 2899 1821 2978 judicio
1865 2900 2267 2980 comprobata
2301 2901 2552 2964 viderit.

314 3028 415 3087 Tu
450 3044 618 3096 vero,
653 3026 751 3088 vir
779 3031 1312 3107 praestantissime,
1341 3046 1466 3092 rem
1501 3039 1610 3091 tuo
1647 3029 1896 3090 nomine
1928 3027 2136 3109 (liceat
2165 3028 2320 3092 mihi
2362 3029 2478 3091 hoc
2527 3030 2750 3109 dicere)
2806 3040 3033 3113 tuaque
3083 3028 3390 3109 dignitate
3437 3050 3508 3094 ae

232 3124 545 3202 gravitate
572 3124 743 3186 haud
771 3125 1095 3206 indignam
1126 3128 1309 3207 facis,
1345 3147 1481 3190 cum
1514 3136 1688 3189 tuum
1717 3127 2026 3206 Gregorio
2078 3137 2296 3190 nostro
2328 3129 2696 3209 prasidium
2740 3132 3103 3209 impertiris.
3155 3131 3308 3193 Cum
3354 3133 3510 3191 enim

234 3222 599 3297 religionem
624 3224 863 3285 sincere
889 3242 1073 3300 ames,
1103 3236 1159 3286 et
1190 3229 1392 3307 gentis
1421 3238 1651 3288 nostra:
1674 3226 2026 3299 historiam,
2058 3228 2375 3306 avitasque
2398 3246 2593 3290 mores
2620 3247 2752 3308 prie
2773 3230 2971 3292 oculis
2992 3248 3223 3309 semper
3245 3228 3463 3290 habeas
3491 3250 3510 3297 ;
3608 3292 3611 3295 ,

235 3336 369 3379 non
416 3332 590 3400 potes
638 3342 771 3383 eum
798 3342 925 3384 non
951 3324 1222 3403 probare
1254 3334 1599 3399 auctorem,
1628 3343 1801 3403 quem
1839 3324 2169 3386 Francica
2211 3326 2492 3387 historia:
2523 3337 2842 3405 parentem
2871 3331 3224 3404 suspiciunt
3255 3345 3462 3388 omnes
3493 3355 3512 3390 .-

230 3437 270 3478 α
302 3438 428 3498 quo
459 3420 788 3499 religionis
817 3422 1193 3485 Christiana:
1221 3427 1287 3486 in
1316 3424 1485 3487 Gal.’i
1493 3429 1543 3485 is
1572 3423 1837 3485 exordia
1871 3431 1926 3483 et
1948 3440 2374 3504 progressum,
2396 3426 2670 3505 adeoque
2710 3430 3060 3506 primorum
3116 3444 3329 3505 regum
3360 3447 3513 3488 nos-

233 3526 489 3580 trorum
513 3530 683 3600 gesta
716 3524 1083 3602 accepimus.
1109 3526 1316 3605 Neque
1350 3544 1493 3588 vero
1522 3528 1580 3590 si
1606 3526 1735 3600 ille,
1756 3528 1893 3607 jam
1915 3545 2111 3606 supra
2139 3527 2497 3590 mortalium
2524 3539 2750 3590 sortem
2762 3532 3034 3610 positus,
3062 3531 3302 3609 scripta
3328 3530 3512 3590 modo

231 3638 350 3682 sua
386 3638 613 3699 parum
644 3630 860 3695 curat,
896 3622 1075 3684 nobis
1101 3643 1338 3699 eorum,
1374 3644 1507 3704 quae
1537 3628 1591 3687 is
1619 3626 1687 3686 in
1714 3644 1864 3686 usus
1898 3634 2149 3686 nostros
2175 3625 2387 3686 vivens
2415 3625 2631 3697 edidit,
2661 3644 2872 3689 curam
2899 3627 3160 3707 abjicere
3192 3629 3359 3689 licet.
3396 3630 3514 3688 ln-

234 3730 420 3787 terest
460 3723 692 3802 quippe
718 3724 812 3784 rei
850 3723 1119 3803 publica:
1150 3725 1469 3788 Francicc
1498 3745 1572 3788 ao
1602 3726 2001 3797 Christianis,
2034 3744 2103 3787 ea
2148 3742 2276 3786 non
2307 3726 2490 3787 modo
2527 3725 2601 3788 ab
2631 3729 2896 3789 interitu
2926 3728 3274 3806 vindicare,
3304 3746 3514 3789 verum

228 3828 421 3891 etiam
460 3840 667 3882 eoru'n
699 3828 1141 3887 auctoritatem
1166 3838 1650 3888 sartam-tectam
1685 3829 1850 3888 tueri
1876 3829 2170 3890 adversus
2202 3848 2327 3906 eos,
2352 3830 2464 3910 qui
2493 3830 2587 3891 vel
2614 3832 2896 3891 auctoris
2929 3832 3107 3911 ﬁdem
3131 3833 3406 3904 elevant,
3440 3828 3514 3892 ob

237 3923 518 3997 nimiam,
546 3934 617 3983 ut
646 3926 804 4002 ipsis
838 3927 1083 4004 quidem
1118 3928 1389 4000 videtur,
1443 3926 1714 3988 hominis
1761 3927 2225 4006 simplicitatem
2271 3946 2344 3988 ac
2386 3927 2852 3995 credulitatem;
2905 3929 2999 3990 vel
3046 3930 3340 4008 genuinis
3387 3931 3516 4007 ejus

236 4022 533 4103 operibus
564 4040 697 4083 non
723 4026 1042 4085 minimam
1071 4026 1410 4087 detrahunt
1432 4036 1699 4105 partem,
1721 4026 1899 4104 quasi
1920 4025 1994 4086 ab
2026 4025 2590 4105 interpolatoribus
2613 4036 2828 4087 temere
2863 4034 3160 4087 assutam.
3197 4028 3337 4105 Ego
3372 4044 3515 4086 vero

233 4130 574 4199 utrumque
602 4121 906 4201 Gregorio
932 4134 1231 4202 priestare
1256 4142 1395 4184 sum
1432 4134 1715 4195 conatus,
1750 4124 1852 4186 cui
1876 4124 2118 4204 quidem
2144 4126 2314 4204 facta
2344 4126 2401 4186 si
2431 4128 2751 4188 sententia:
2785 4134 2906 4186 tua:
2933 4124 3214 4203 gravitas
3244 4144 3518 4187 accesse-

236 4226 359 4300 rit,
383 4242 481 4285 na
510 4241 619 4302 ego
648 4224 818 4285 haud
844 4225 970 4285 leve
1002 4234 1302 4304 suscepta:
1325 4242 1524 4305 operae
1564 4227 1840 4303 pretium
1868 4226 2155 4285 retulisse
2184 4224 2336 4287 mihi
2364 4225 2648 4301 videbor,
2679 4234 2859 4305 atque
2888 4224 3203 4285 universis
3244 4242 3374 4285 eum
3406 4240 3518 4301 ap-

240 4328 559 4407 probasse.
596 4330 700 4389 Ea
729 4339 816 4389 est
851 4330 1009 4390 enim
1047 4338 1153 4391 tua
1184 4330 1526 4409 sagacitas,
1557 4347 1625 4387 ea
1655 4329 1937 4406 aequitas,
1973 4345 2043 4385 ea
2070 4324 2335 4404 denique
2380 4327 2726 4386 auctoritas
2767 4327 2937 4405 apud
2972 4343 3201 4399 omnes,
3234 4333 3304 4386 ut
3339 4325 3520 4404 judi-

242 4433 407 4493 cium
436 4440 611 4492 tuum
637 4433 841 4494 instar
872 4432 1147 4494 omnium
1178 4432 1290 4505 sit,
1323 4448 1436 4491 nec
1469 4428 1819 4508 quisquam,
1848 4428 1957 4506 qui
1985 4424 2091 4486 abs
2129 4433 2186 4487 te
2217 4426 2606 4499 dissenserit,
2656 4434 2819 4488 recte
2852 4441 3061 4505 sapere
3092 4434 3437 4488 censeatur.
3520 4439 3539 4455 '

322 4549 596 4610 Felicem
626 4534 837 4626 itaque
874 4548 1143 4610 dixerim
1176 4546 1547 4624 Gregorium
1576 4554 1886 4619 nostrum,
1931 4546 2042 4625 qui
2071 4545 2249 4607 talem
2274 4553 2616 4624 patronum
2651 4564 2722 4607 ac
2749 4548 3058 4611 vindicem
3092 4553 3359 4611 sortitus
3406 4553 3521 4627 si‘,

242 4649 578 4721 sincerum,
607 4648 969 4725 sapientem,
998 4647 1467 4724 incorruptum,
1513 4644 1695 4719 regis
1706 4646 1967 4704 maximi
1993 4661 2066 4702 ac
2095 4644 2539 4719 sapientissimi
2555 4640 2805 4717 judicio
2834 4646 3119 4724 dignum,
3150 4652 3284 4729 qui,
3334 4665 3524 4731 post-

251 4760 430 4819 quam
462 4741 758 4803 catholici
787 4743 1099 4818 regiarum
1136 4762 1461 4804 causarum
1503 4745 1852 4822 cognitorss
1889 4744 2096 4819 ofﬁcio
2134 4742 2526 4818 integerrime
2560 4745 2813 4815 [tinctas
2868 4756 3045 4818 esset,
3066 4765 3203 4823 1am
3248 4764 3519 4807 summus

253 4846 484 4907 Lrbitcr
512 4846 584 4906 de
615 4848 921 4907 universis
937 4847 1255 4926 judicium
1280 4850 1483 4927 ferat;
1513 4849 1741 4919 virum,
1772 4846 2052 4924 inquam,
2085 4846 2194 4923 qui
2226 4845 2387 4906 nihil
2416 4864 2491 4905 ex
2514 4847 2652 4923 foro
2679 4848 2746 4907 in
2771 4865 2944 4906 suam
2975 4848 3222 4908 domum
3260 4831 3517 4923 derivet,

200 4967 205 4976 ι
250 4962 589 5023 pauperum
616 4945 745 5023 ipse
765 4964 992 5023 parens
1022 4956 1076 5005 et
1103 4948 1433 5024 provisor;
1455 4947 1565 5025 qui
1580 4945 1753 5025 juris
1773 4963 1845 5005 ac
1871 4946 2070 5023 legum
2088 4944 2533 5021 cognitionem,
2566 4962 2696 5004 non
2723 4946 3197 5005 ostentationem
3219 4946 3516 5017 scientiis.

250 5045 354 5104 sed
381 5043 570 5124 legem
600 5046 742 5106 vita
775 5065 901 5106 sum
918 5053 1131 5123 putet;
1160 5046 1270 5124 qui
1300 5046 1534 5106 ueteris
1551 5044 1877 5124 judicibus
1900 5063 2029 5105 non
2056 5046 2259 5106 minus
2287 5045 2432 5106 bene
2459 5044 2734 5117 dicendi,
2769 5063 2949 5123 quam
2984 5045 3231 5105 vivendi
3255 5047 3517 5125 formam

252 5146 523 5224 exemplo
550 5165 664 5207 suo
698 5157 1130 5209 commonstret
1154 5169 1172 5215 ;
1199 5148 1307 5226 qui
1332 5148 1590 5226 denique
1620 5150 1685 5207 in
1712 5165 1773 5206 se
1792 5165 1916 5207 uno
1947 5145 2261 5220 Harlwos,
2290 5146 2676 5221 Brulartios,
2705 5146 3028 5205 Thuaneos
3057 5165 3127 5207 ac
3149 5148 3518 5222 Bellevreos,

253 5246 524 5327 aliosque
551 5248 883 5325 sanguinis
908 5248 1011 5306 sui
1043 5247 1261 5306 heroas
1285 5249 1541 5325 referat,
1570 5254 1854 5323 totosque
1886 5242 2115 5325 grandi
2146 5252 2201 5303 et
2232 5244 2472 5304 excelso
2504 5245 2712 5305 animo
2745 5246 3215 5324 complectatur.

329 5366 474 5425 Tali
499 5367 864 5444 patrocinio
893 5367 1169 5427 munitus
1196 5364 1565 5446 Gregorius,
1596 5367 1892 5443 despiciet
1924 5365 2200 5428 homines
2232 5366 2571 5428 nonnullos
2615 5368 2864 5444 fastidii
2914 5369 3064 5430 adeo
3115 5371 3388 5445 delicati,
3447 5381 3517 5432 ut

248 5467 375 5542 sjus
405 5456 731 5527 lectionem
765 5466 938 5544 infra
965 5484 1030 5525 se
1062 5466 1320 5538 ducant,
1353 5485 1601 5548 eumque
1651 5476 1945 5547 tanquam
1973 5479 2160 5545 gustu
2205 5488 2319 5530 suo
2371 5468 2695 5549 indignum
2744 5472 2999 5549 penitus
3045 5480 3363 5549 respuant.
3427 5474 3513 5535 lli

246 5580 440 5633 porro
470 5567 704 5626 rectius
734 5580 946 5643 sapere
974 5564 1303 5644 incipient,
1332 5566 1441 5627 ubi
1473 5574 1530 5626 te
1564 5566 1745 5644 longe
1775 5567 1986 5642 aliter,
2018 5576 2201 5646 atque
2234 5570 2385 5646 ipsi,
2408 5569 2481 5629 de
2507 5568 2811 5649 Gregorio
2841 5583 3059 5634 nostro
3094 5572 3320 5634 sentire
3348 5573 3517 5633 vide-

244 5668 404 5741 rint,
440 5685 576 5727 eum
607 5667 846 5729 scilicet
873 5666 1103 5745 virum,
1140 5668 1320 5746 cujus
1347 5667 1566 5727 nativa
1593 5676 1648 5728 et
1679 5670 1927 5729 minime
1955 5669 2249 5749 affectata
2279 5669 2631 5750 eloquentia
2653 5672 2900 5750 priscos
2935 5672 3079 5733 illos
3109 5674 3403 5733 Romanis
3421 5675 3519 5752 fa-

248 5764 495 5827 cundia
521 5764 857 5842 magistros
890 5771 1279 5843 assequatur.
1306 5766 1567 5827 Memini
1598 5765 1805 5826 virum
1833 5767 2152 5845 quemdam
2188 5768 2522 5845 illustrem,
2562 5772 2665 5833 cui
2697 5772 2960 5832 maxime
2995 5771 3334 5849 familiares
3367 5779 3519 5832 sunt

248 5863 421 5928 bona
450 5862 699 5934 littera,
733 5881 869 5922 cum
899 5881 978 5923 ex
1007 5863 1154 5925 aula
1188 5867 1360 5943 regia
1390 5882 1589 5944 nuper
1629 5864 1885 5945 rediret,
1916 5867 2024 5929 ubi
2054 5879 2109 5930 te
2139 5871 2203 5933 in
2225 5872 2538 5951 frequenti
2583 5880 2830 5935 senatus
2894 5875 3284 5954 omniumque
3338 5872 3519 5937 ordi-

526 5965 799 6024 PnnoL.
844 5962 1075 6025 LXXI.
3088 5981 3116 6040 ι
