3972 6340
475 539 484 546 .
1886 538 1892 544 .
2831 535 2836 540 ι
2982 537 2984 539 ›
3477 538 3480 540 .

400 538 3624 590 Μμῆ--ή

1477 611 2500 1014 ﬁrmitatis

515 1139 664 1247 In
734 1170 1143 1242 novam
1215 1135 1816 1376 editiongjm
1888 1141 2265 1240 sancti
2348 1136 2881 1271 Gregorii
2935 1129 3460 1275 EpiSCOpi

1736 1305 2381 1376 uronenszs.

1736 1305 2231 1381 uronens
2245 1311 2342 1380 IS
2355 1358 2381 1384 .

1423 1547 1866 1557 .—————.——..—_--

453 1703 500 1760 1.
538 1703 704 1759 Nemo
744 1705 843 1757 nisi
888 1704 1199 1774 peregrinus
1226 1705 1277 1756 in
1311 1702 1529 1756 historia
1560 1700 1759 1763 nescit,
1794 1715 1951 1766 qttam
1986 1703 2032 1756 A
2134 1697 2186 1752 3.
2230 1697 2380 1764 Quod
2412 1715 2538 1754 vero
2567 1707 2922 1760 necessarium
2953 1707 3104 1762 luerit
3136 1700 3199 1762 ad
3225 1709 3435 1767 codices
3463 1730 3651 1770 manus

375 1796 607 1851 celebris
646 1809 858 1860 semper
897 1795 1034 1862 apud
1067 1795 1303 1848 eruditos
1343 1793 1485 1847 viros
1535 1790 1693 1846 fuerit
1743 1799 1957 1844 sanctus

371 1886 664 1956 Gregorius
690 1885 1018 1939 Turonen~is
1042 1885 1345 1953 episcopus,
1373 1884 1462 1952 qui
1492 1882 1766 1936 nobilitate
1794 1896 1957 1951 gene-

373 1978 477 2042 ris,
508 1978 633 2030 vitae
664 1977 1040 2038 sanctimonia,
1065 1990 1127 2028 ac
1155 1975 1504 2039 multiplicum
1528 1974 1847 2042 scriptorum
1873 1989 1955 2026 vao

371 2067 565 2120 rietate
596 2067 733 2120 inter
757 2077 980 2120 caeteros
1009 2066 1103 2118 τρνί
1131 2066 1210 2118 sui
1239 2065 1502 2118 antistites
1527 2063 1808 2132 plurimum
1830 2064 1962 2117 emi-

371 2157 505 2212 cuit.
536 2156 634 2210 llic
665 2171 788 2210 vero
827 2155 895 2210 de
940 2154 1053 2224 ejus
1083 2155 1330 2221 cperilms
1362 2155 1692 2222 potissimum
1724 2154 1960 2215 dicturo,

375 2246 706 2312 exponenda:
730 2248 846 2313 eius
866 2249 1049 2315 stirpis
1072 2248 1414 2315 praestantize,
1441 2248 1818 2316 prmclarisque
1847 2247 1963 2315 t-jltS

374 2337 534 2392 factis
564 2337 729 2391 fusius
756 2337 1022 2391 enarrand
1048 2354 1073 2390 s
1114 2337 1385 2391 immorari
1435 2337 1648 2392 animus
1690 2354 1795 2392 non
1841 2350 1922 2392 εει
1947 2379 1962 2400 ,

371 2443 496 2485 cum
516 2443 579 2483 ea
601 2439 709 2482 tum
734 2444 797 2484 ex
821 2429 938 2497 ejus
966 2429 1200 2498 scriptis,
1229 2437 1338 2482 tum
1363 2429 1521 2482 etiam
1546 2444 1614 2482 ex
1644 2429 1783 2492 Vita,
1807 2445 1964 2496 quam

373 2533 498 2574 cum
530 2520 690 2572 variis
721 2520 785 2573 de
815 2535 880 2573 eo
909 2519 1142 2573 virorum
1181 2519 1466 2574 illustrium
1505 2519 1844 2582 teSIimoniis,
1889 2521 1967 2572 in-

374 2608 542 2664 ferins
565 2609 914 2677 proferemus,
941 2609 1072 2663 satis
1093 2623 1360 2676 superque
1382 2611 1736 2662 innotescant.
1772 2609 1869 2661 Ver
1881 2626 1966 2662 um

371 2698 520 2754 circa
547 2714 736 2753 novam
766 2699 882 2768 ejus
908 2715 1130 2768 operum
1160 2700 1448 2754 editionem
1471 2709 1699 2768 quatuor
1722 2699 1850 2752 mihi
1877 2715 1968 2768 po-

371 2790 640 2846 tissimum
667 2801 977 2856 occurrunt,
1002 2791 1066 2844 de
1089 2791 1282 2860 quibus
1305 2792 1565 2844 rationem
1591 2790 1818 2844 reddere
1848 2805 1970 2859 cpe-

373 2895 450 2935 ne
482 2881 709 2949 pretium
758 2891 907 2950 puto.
950 2880 1182 2935 Primum
1230 2889 1346 2947 est,
1381 2890 1501 2950 qua:
1541 2881 1699 2934 fuerit
1750 2879 1971 2949 hujust-e

372 2971 632 3026 editionis
661 2971 741 3026 vel
772 2972 1062 3026 necessitas
1091 2972 1172 3025 vel
1203 2972 1423 3026 utilitas.
1454 2971 1780 3036 Secundum,
1820 2987 1970 3040 quze-

2061 1789 2287 1855 scripto:
2310 1789 2551 1857 Gregorii
2579 1808 2736 1860 opera
2770 1796 2911 1849 edita
2932 1812 3232 1862 recensere,
3267 1818 3369 1856 non
3396 1805 3526 1858 meis
3555 1805 3650 1860 sed

2062 1879 2284 1932 aliorum
2318 1881 2492 1933 verbis
2521 1884 2749 1950 probare
2786 1885 2835 1938 in
2879 1902 3119 1956 promptu
3151 1900 3233 1944 est
3263 1911 3275 1944 :
3307 1909 3425 1947 cum
3457 1898 3649 1964 passim

2062 1969 2343 2034 conquesti
2375 1969 2568 2024 fuerint
2599 1973 2695 2026 viri
2725 1977 2937 2041 eruditi,
2972 1979 3084 2032 hcec
3115 1995 3217 2034 non
3249 1985 3376 2036 satis
3404 1995 3652 2042 accurate

2064 2059 2132 2110 ob
2161 2069 2396 2113 veterum
2438 2063 2681 2117 codicum
2725 2066 2989 2122 defectum
3036 2072 3098 2123 ad
3146 2075 3378 2128 auctoris
3421 2088 3652 2134 mentem

2065 2148 2205 2201 edita
2239 2149 2417 2204 fuisse.
2450 2155 2655 2220 Agmen
2685 2155 2838 2210 ducet
2870 2155 2948 2212 vir
2982 2174 3248 2229 nunquam
3278 2167 3408 2221 satis
3435 2168 3654 2222 laudan-

2065 2240 2165 2294 dus
2191 2241 2544 2313 llieronyutus
2570 2245 2879 2314 Bignonius,
2903 2252 2986 2318 qui
3018 2254 3067 2305 in
3095 2255 3398 2321 praefatione
3431 2262 3493 2312 ad
3519 2259 3655 2315 Maro

2066 2332 2188 2385 culti
2224 2335 2476 2388 formulas
2501 2336 2654 2404 plura
2692 2351 2961 2393 asseverat
3001 2342 3051 2393 in
3084 2343 3328 2415 (Iregorio
3368 2348 3655 2406 Turoneusi

2067 2438 2348 2487 occurrere,
2382 2436 2425 2477 et
2455 2427 2654 2492 inﬁnita
2684 2431 3080 2500 propemodum,
3114 2452 3227 2504 quae
3256 2437 3316 2489 ab
3346 2440 3405 2492 iis
3431 2443 3517 2509 qui
3544 2444 3650 2495 edi-

2068 2515 2266 2576 derunt,
2293 2518 2554 2570 immutata
2575 2530 2710 2573 sunt.
2733 2521 2874 2576 Idem
2901 2525 3096 2593 szepius
3119 2529 3366 2583 observat
3383 2531 3420 2585 it
3439 2533 3653 2587 lladria-

2071 2619 2168 2657 nus
2203 2605 2466 2674 Valesius,
2515 2609 2761 2666 llistorite
2808 2611 3131 2669 Francorum
3175 2621 3404 2688 scriptor
3434 2639 3650 2678 accura-

2072 2697 2335 2764 tissimus,
2366 2699 2454 2770 qui
2493 2717 2612 2757 cum
2645 2707 2839 2774 szepius
2869 2723 3080 2764 errores
3134 2711 3186 2764 in
3234 2713 3388 2767 editis
3420 2709 3655 2786 Gregorii

2070 2789 2318 2857 operibus
2346 2794 2682 2858 advertisset,
2713 2799 2776 2851 ad
2808 2801 3019 2856 Codices
3049 2805 3439 2873 manusz'riptos
3477 2825 3656 2864 recur-

2071 2891 2190 2934 rere
2213 2891 2430 2936 coactus
2456 2881 2575 2940 fuit.
2607 2887 2668 2940 Et
2691 2881 2950 2957 quoniam,
2985 2893 3156 2960 inquit
3185 2896 3234 2949 in
3262 2898 3572 2966 praefatione
3594 2899 3660 2958 ad

2071 2972 2365 3026 secundum
2414 2975 2700 3045 volumen,
2733 2979 3043 3048 Gregorium
3085 2995 3266 3053 praeter
3309 3001 3515 3044 cwleroa
3545 3007 3661 3044 ror-

373 3075 501 3116 nam
529 3063 636 3116 sint
663 3060 904 3132 Gregorii
935 3076 1120 3130 opera,
1152 3076 1325 3129 quove
1368 3070 1608 3130 tempore
1646 3071 1740 3116 aut
1777 3061 1968 3116 ordine
2002 3076 2046 3134 B
2073 3057 2422 3128 ruptissimum
2464 3082 2574 3120 esse
2615 3069 3108 3138 animadverteram,
3162 3077 3282 3130 dedi
3325 3097 3572 3148 operam,
3612 3089 3664 3138 ut

375 3156 575 3226 scripta
607 3155 822 3212 fuerint.
853 3154 1118 3220 Tertium,
1149 3170 1216 3207 an
1257 3170 1321 3210 ex
1364 3154 1481 3224 ejus
1523 3153 1773 3209 llistoriaa
1821 3153 1974 3209 libris

377 3246 654 3315 complura
689 3245 860 3316 capita
889 3245 998 3300 sint
1026 3243 1400 3314 expungenda,
1433 3253 1491 3298 ut
1518 3241 1600 3298 Cl.
1633 3244 1750 3298 viro
1779 3243 1974 3298 Carolo

379 3337 593 3393 Cointio
623 3339 792 3392 visum
819 3346 922 3394 est.
952 3337 1207 3405 Quartum
1234 3336 1482 3407 denique,
1509 3337 1633 3404 quid
1656 3336 1707 3390 in
1738 3337 1836 3391 hac
1859 3337 1976 3391 edi-

381 3429 528 3485 tione
554 3447 584 3486 a
615 3446 698 3485 me
724 3431 1021 3502 praestitum
1051 3429 1228 3484 fuerit.
1264 3429 1355 3483 His
1387 3430 1664 3497 expositis,
1688 3446 1804 3499 quae
1836 3430 1972 3484 Grec

379 3521 590 3590 gorium
611 3530 872 3588 spectant,
897 3529 1084 3589 postea
1105 3520 1172 3573 de
1192 3518 1494 3587 Fredegarii
1516 3519 1782 3585 Epitome,
1807 3518 1972 3573 Chro-

384 3613 506 3668 nico
532 3622 589 3668 et
617 3613 1096 3677 coutinuatoribus,
1127 3627 1190 3668 ac
1218 3611 1284 3668 de
1306 3611 1611 3682 Appendice
1635 3623 1814 3667 nostra
1843 3627 1975 3681 pau-

382 3705 464 3760 cis
494 3716 779 3774 agendum.
1475 3706 1477 3708 ’

459 3795 500 3848 Ι.
521 3793 651 3847 —2.
686 3795 874 3848 Merito
901 3793 1042 3863 apud
1072 3809 1258 3849 omnes
1290 3793 1603 3849 temerarius
1633 3789 1902 3860 audirem,
1931 3793 1974 3849 si

385 3885 585 3956 absque
630 3887 863 3941 virorum
917 3886 1248 3942 eruditorum
1281 3886 1584 3941 testimon’o
1614 3901 1807 3940 novam
1839 3887 1975 3942 Gre-

384 3993 418 4047 g
457 3977 520 4031 rii
536 3992 756 4046 operum
771 3978 1056 4033 editionem
1081 3993 1201 4033 esse
1216 3980 1594 4042 necessariam,
1615 3989 1733 4046 post
1751 3988 1826 4032 tot
1842 3979 1978 4032 alias

385 4079 437 4123 et
466 4069 679 4138 quidem
713 4069 874 4122 variis
892 4069 1220 4135 temporibus
1253 4084 1281 4122 a
1304 4069 1435 4123 viris
1450 4068 1691 4122 doctrina
1721 4077 1774 4123 et
1801 4070 1977 4124 erudi-

389 4159 536 4212 tione
565 4157 932 4212 celeberrimis
964 4157 1276 4225 publicatas,
1309 4171 1620 4212 asseverare
1650 4172 1811 4211 ausus
1840 4154 1973 4210 fuis-

390 4263 530 4303 sem.
560 4249 628 4302 At
663 4263 783 4301 cum
822 4263 956 4305 mea:
999 4249 1314 4302 assertionis
1357 4247 1519 4302 vades
1569 4245 1791 4302 habeam
1833 4247 1976 4302 viros

383 4339 646 4401 eruditos,
676 4348 941 4409 quotquot
979 4339 1122 4394 hisce
1152 4339 1486 4408 temporibus
1519 4337 1756 4394 historiae
1800 4342 1976 4410 gentis

2077 3152 2269 3221 scripta
2316 3155 2368 3206 in
2397 3157 2703 3210 membranis
2732 3162 2839 3230 ejus
2867 3161 3122 3217 volumina
3149 3170 3485 3224 nanciscerer.
3529 3173 3662 3227 Tum

2079 3244 2357 3300 recensitis
2390 3249 2663 3304 codicibus
2706 3257 3078 3323 manuscriptis
3107 3257 3193 3325 qui
3236 3259 3288 3312 in
3319 3263 3432 3328 ejus
3475 3279 3664 3318 manus

2078 3347 2451 3403 pervenerant,
2475 3341 2755 3406 protltetur
2779 3358 2838 3396 se
2869 3343 3087 3399 multum
3112 3363 3176 3401 ex
3205 3365 3389 3404 eorum
3421 3356 3662 3409 codicum

2077 3435 2326 3479 accurata
2360 3427 2589 3483 lectione
2612 3472 2625 3492 ,
2660 3445 2722 3485 ac
2751 3434 3058 3490 eorutndem
3088 3439 3321 3509 diligenti
3352 3459 3472 3498 cum
3505 3446 3664 3501 editis

2079 3514 2230 3570 libris
2252 3511 2536 3574 collatione
2587 3521 2893 3592 profer-isse,
2936 3540 3056 3580 cum
3091 3528 3143 3580 in
3187 3531 3455 3588 notatione
3498 3551 3666 3589 anno-

2079 3622 2218 3675 rum,
2251 3619 2361 3663 tum
2392 3611 2443 3666 in
2482 3614 2698 3682 propria
2731 3614 3003 3670 hominum
3045 3615 3390 3689 locorumque
3433 3628 3665 3694 appella-

2082 3697 2246 3763 tione,
2278 3714 2340 3754 ac
2379 3701 2429 3754 in
2471 3703 2726 3760 relatione
2757 3721 2931 3760 rerum
2964 3721 3252 3778 gestarum.
3301 3714 3537 3786 Denique
3563 3737 3658 3772 ex.

2081 3787 2230 3855 ponit
2258 3788 2561 3856 singillatim
2589 3793 2882 3860 przccipuos
2905 3796 3071 3863 locos,
3097 3814 3230 3868 quos
3260 3810 3416 3857 antea
3447 3819 3666 3877 corrup~

2082 3881 2163 3932 tos
2192 3888 2246 3934 et
2277 3879 2488 3935 vitiatos
2517 3882 2757 3938 codicum
2787 3883 2997 3940 illorum
3028 3903 3129 3956 Ope
3159 3893 3412 3948 restituit.

2151 3967 2204 4022 4.
2275 3969 2399 4024 Haec
2449 3972 2718 4027 scribebat
2770 3974 3008 4032 Valesios
3042 3977 3203 4034 etiam
3255 3992 3372 4050 post
3420 3995 3662 4042 exactam

2081 4059 2308 4115 Δηὼ-εει)
2325 4059 2544 4116 Cltesnii
2567 4063 2875 4130 editionem,
2894 4082 3050 4135 quam
3078 4079 3251 4125 tamen
3284 4073 3381 4129 iste
3403 4086 3523 4129 cum
3554 4079 3664 4144 plu-

2083 4151 2230 4205 rimis
2259 4153 2533 4209 codicibus
2576 4159 2952 4227 manuscriptis
2991 4161 3240 4217 collatam
3277 4179 3336 4219 se
3373 4166 3666 4225 adcrnasse

2083 4249 2302 4296 te5tatus
2325 4253 2424 4296 est.
2453 4245 2661 4299 Valesio
2681 4248 2947 4301 consentit
2977 4249 3040 4303 Β.
3067 4251 3128 4304 Ρ.
3151 4253 3371 4307 Carolus
3394 4257 3662 4325 Cointius,

2079 4326 2308 4384 Oratorii
2341 4330 2594 4387 Gallicani
2629 4335 2925 4405 presbyter,
2957 4337 3201 4394 doctrina
3224 4352 3277 4396 et
3302 4343 3498 4412 pietate
3521 4352 3666 4405 cele~

383 4442 584 4486 nostin!
616 4431 940 4486 illustrandae
980 4447 1195 4501 operam
1235 4446 1384 4486 suam
1425 4431 1847 4496 collocaverunt,
1887 4447 1972 4489 me
2001 4441 2047 4504 (ζ
2080 4419 2210 4486 bris.
2239 4421 2326 4490 qui
2372 4421 2425 4476 in
2456 4422 2548 4478 illo
2572 4425 2833 4480 immenso
2861 4441 3043 4497 opere,
3071 4431 3209 4500 quod
3240 4437 3472 4492 Annales
3494 4441 3667 4495 eccle-

380 4522 524 4588 apud
581 4523 724 4575 viros
782 4523 1031 4576 cordatos
1086 4531 1394 4577 excusatum
1449 4522 1512 4576 iri
1585 4538 1690 4577 non
1743 4522 1972 4578 diffido:

385 4631 510 4670 cum
540 4615 774 4669 maxime
805 4615 855 4668 id
886 4629 1020 4683 opus
1059 4613 1110 4669 in
1151 4629 1239 4670 me
1277 4629 1380 4668 non
1418 4616 1741 4682 susceperim
1779 4617 1978 4686 absque

386 4708 679 4762 multorum
706 4707 996 4760 amicorum
1020 4705 1264 4771 consilio,
1287 4709 1373 4776 qui
1397 4707 1525 4760 mihi
1551 4709 1768 4762 haerenti
1794 4717 1848 4764 et
1873 4725 1978 4777 pra:

386 4799 591 4855 laboris
633 4797 974 4852 multitudine
1019 4798 1275 4853 deterrito
1322 4795 1559 4852 animum
1610 4796 1870 4868 adiecere.
1916 4801 1977 4854 Et

381 4889 602 4958 quidem
646 4887 770 4940 licet
800 4886 905 4940 illis
936 4888 1022 4956 qui
1069 4888 1275 4954 priores
1311 4889 1576 4942 editiones
1613 4899 1974 4954 curaverunt,

385 4996 487 5038 nec
505 4979 799 5035 doctiorem
823 4994 929 5041 me,
957 4994 1054 5033 nec
1075 4979 1464 5048 diligentiorem
1495 4977 1820 5046 existimem,
1844 4996 1979 5050 quos

384 5083 446 5127 ut
475 5071 762 5142 magistros
785 5071 923 5122 ultro
947 5084 1198 5124 revereor
1225 5080 1276 5124 et
1303 5071 1566 5138 suspicio;
1599 5087 1682 5125 me
1710 5082 1883 5126 tamen
1915 5087 1978 5125 eo

384 5161 681 5218 feliciorem
713 5176 875 5216 nemo
901 5160 1246 5228 iuliciabitur,
1280 5163 1419 5229 quod
1463 5170 1518 5216 et
1561 5162 1736 5231 plures
1765 5163 1979 5218 codices

383 5251 798 5320 manuscriptos,
823 5250 909 5317 qui
939 5251 990 5304 in
1018 5248 1456 5305 bibliothecarum
1481 5250 1670 5306 forulis
1700 5261 1821 5307 tunc
1849 5249 1979 5307 late-

386 5341 538 5406 bant,
573 5358 682 5410 prae
711 5336 956 5396 manibus
987 5341 1282 5405 habuerim,
1315 5343 1506 5412 quibus
1533 5343 1773 5412 Gregorii
1817 5360 1975 5413 opera

384 5435 674 5490 emendare
720 5432 884 5499 licuit,
929 5442 985 5487 et
1035 5435 1340 5489 innumeras
1371 5435 1604 5489 virorum
1649 5437 1975 5491 eruditorum

384 5524 877 5579 animadversiones
906 5525 972 5578 de
1019 5536 1203 5593 regum
1250 5535 1554 5580 nostrorum
1599 5527 1760 5582 rebus
1789 5529 1975 5597 gestis,

384 5617 455 5670 de
480 5615 822 5683 cbronologia
853 5625 906 5668 et
931 5616 1259 5685 geographia
1292 5615 1562 5672 Gallicana
1585 5658 1600 5682 ,
1641 5618 1814 5687 deque
1858 5619 1978 5673 aliis

386 5709 549 5764 rebus
579 5708 644 5762 ad
669 5709 841 5776 gentis
871 5715 1069 5762 nostra:
1101 5709 1380 5764 historiam
1414 5709 1824 5780 pertinentibus,
1858 5711 1978 5780 qui-

386 5797 486 5854 bus
523 5798 836 5864 Gregorium
883 5800 1048 5852 variis
1085 5802 1224 5854 notis
1261 5811 1315 5855 et
1347 5801 1809 5858 observationibus
1851 5802 1972 5858 illu-

385 5903 560 5949 atrare
589 5906 693 5946 non
719 5889 853 5947 adeo
882 5905 1167 5958 operosum
1200 5891 1317 5948 fuit.

2083 4513 2328 4567 siasticos
2378 4513 2703 4570 Francorum
2744 4515 3053 4588 inscripsit,
3104 4523 3301 4591 passim
3342 4526 3411 4582 de
3465 4529 3670 4587 vitiatis

2082 4605 2324 4675 Gregorii
2354 4609 2609 4674 operibus
2634 4621 2959 4678 conquestus
2984 4623 3086 4679 est,
3119 4617 3211 4670 sed
3242 4619 3572 4686 potissimum
3601 4626 3669 4679 ad

2082 4711 2277 4750 annum
2309 4693 2413 4750 617
2440 4712 2544 4766 quo
2590 4697 2817 4767 primum
2855 4701 2921 4755 de
2951 4701 3210 4771 Gregorio
3257 4720 3415 4776 agere
3457 4711 3668 4784 incipit,

2081 4785 2172 4839 ubi
2208 4786 2399 4841 Valesii
2440 4788 2601 4843 verba
2646 4792 2892 4856 superius
2933 4806 2962 4844 a
3013 4804 3101 4848 me
3153 4794 3362 4850 laudata
3412 4801 3668 4870 adoptat:

2079 4891 2199 4947 quas
2227 4894 2388 4933 causa
2416 4892 2540 4934 eum
2573 4881 2800 4950 impulit,
2824 4887 2884 4936 ut
2904 4892 3096 4950 prazter
3121 4901 3213 4939 eos
3239 4889 3448 4945 codices
3469 4894 3662 4961 quibus

2085 4969 2483 5027 Valesiususus
2515 4983 2647 5037 erat,
2685 4976 2842 5029 etiam
2870 4975 3000 5030 alios
3032 4979 3379 5047 perquireret,
3426 5001 3557 5054 quos
3607 4989 3659 5041 in

2081 5061 2354 5117 laudandis
2382 5063 2620 5134 Gregorii
2651 5068 2921 5133 operibus,
2961 5068 3390 5142 illustrandisqu-a
3423 5075 3659 5131 historia:

2081 5167 2277 5211 nostra:
2301 5156 2429 5210 locis
2454 5155 2840 5237 difﬁcilioribus
2865 5159 3160 5215 adhiberet.
3180 5162 3433 5219 Sciebant
3468 5182 3659 5237 nempe

2081 5245 2178 5301 viri
2212 5249 2284 5302 illi
2315 5248 2529 5317 eruditi,
2574 5263 2731 5317 quam
2767 5253 3128 5306 necessarium
3169 5254 3237 5307 sit
3267 5256 3527 5312 editiones
3567 5275 3658 5313 ve-

2081 5349 2251 5394 terum
2281 5349 2557 5392 auctorum
2593 5339 2790 5394 habere
2816 5355 3071 5410 perquam
3120 5348 3457 5410 emendatas,
3504 5351 3657 5418 queis

2078 5431 2144 5485 ad
2202 5431 2542 5486 scribendam
2609 5432 2884 5486 historiam
2942 5437 3268 5490 recentiores
3316 5437 3655 5503 adiuventur.

2079 5524 2228 5582 Hauc
2256 5527 2326 5582 ob
2354 5543 2568 5582 causam
2599 5528 2870 5595 complura
2895 5529 3135 5597 exempla
3162 5524 3360 5596 profert
3391 5529 3658 5599 Valesius,

2077 5621 2273 5689 quibus
2304 5628 2396 5674 aut
2423 5619 2680 5688 seipsum,
2716 5633 2806 5674 aut
2830 5621 2964 5675 alios
2994 5631 3148 5674 antea
3171 5636 3379 5676 errasse
3401 5626 3656 5694 ostendit,

2076 5715 2217 5783 quod
2259 5714 2310 5767 in
2347 5713 2558 5768 codices
2589 5726 2694 5767 non
2742 5715 2870 5767 satis
2899 5717 3146 5767 accurate
3197 5724 3286 5767 aut
3332 5715 3649 5785 descriptos,

2079 5806 2171 5849 aut
2196 5795 2371 5849 editos
2402 5795 2766 5849 incurrissent.
2794 5793 2989 5847 Verum
3019 5793 3118 5847 etsi
3151 5793 3252 5848 hoc
3297 5798 3526 5850 maxime
3559 5811 3652 5852 cu-

2077 5887 2302 5946 randmu
2325 5893 2405 5958 cst
2434 5885 2500 5943 iis
2527 5886 2614 5956 qui
2642 5899 2708 5940 ex
2746 5883 2977 5954 antiquis
3012 5886 3370 5942 monumentis
3409 5887 3649 5944 historia
