3972 6340
283 538 353 589 t5
1731 513 2114 573 ΡιιιιῑιιἈτιο.
2964 546 2967 561 ς
3480 502 3553 562 ιε

279 644 606 701 illustrandae
646 655 862 710 operam
909 644 1132 701 navant,
1176 643 1233 688 ut
1271 649 1332 690 ea
1378 646 1508 704 pura
1557 642 1611 688 et
1654 631 1862 687 sincera
1895 631 1939 687 A
1970 643 1999 682 a
2024 625 2243 681 Francis
2260 624 2506 679 violatam
2522 623 2728 677 ulturus
2750 622 2939 676 Rheno
2958 630 3140 692 transg
3163 620 3366 675 ‘essoin
3395 617 3561 673 Fratr-

278 736 675 798 nanciscantur,
709 731 758 784 id
789 740 964 784 tamen
997 726 1328 797 potissimum
1368 734 1452 780 est
1474 720 1867 777 observandum

279 846 400 884 cum
422 829 617 884 desunt
653 824 740 879 alii
785 822 1029 893 ejusdem
1073 821 1171 874 .cvi
1218 827 1487 881 auctores,
1513 830 1737 885 quorum
1767 826 1868 880 ope

284 921 421 975 nzevi
471 928 525 974 et
572 930 810 979 errores,
859 914 947 981 qui
976 913 1113 967 forte
1162 912 1215 964 in
1263 908 1476 963 codices
1531 903 1866 971 irrepSerint,

284 1010 559 1067 emendari
613 1006 772 1061 facile
799 1006 1021 1075 possint.
1055 1002 1199 1056 Talis
1223 1010 1305 1056 est
1335 999 1623 1067 Gregorius
1667 1003 1867 1058 noster,

280 1106 467 1159 unicus
497 1099 701 1155 scilicet
727 1106 931 1159 auctor,
981 1094 1067 1163 qui
1096 1092 1309 1162 quidem
1341 1087 1591 1157 supersit,
1632 1085 1721 1154 qui
1748 1084 1869 1137 data

281 1211 451 1266 opera
477 1195 765 1262 primorum
797 1190 969 1261 gentis
1002 1196 1196 1242 nostra:
1228 1199 1431 1253 regum,
1466 1196 1692 1250 quorum
1729 1187 1869 1234 tem-

283 1304 416 1357 pore
444 1288 673 1350 vivebat,
707 1293 855 1352 gesta
887 1282 1076 1335 litteris
1105 1276 1457 1333 mandaverit.
1492 1273 1642 1330 Unde
1682 1271 1873 1325 merito

286 1381 529 1436 Valesius
555 1378 669 1447 ejus
702 1376 865 1430 libros
890 1373 1122 1444 appellat
1147 1370 1196 1425 11
1203 1372 1392 1425 istoria:
1417 1375 1604 1421 nostra:
1632 1364 1872 1435 fundum,

286 1488 347 1525 ex
382 1486 489 1540 quo
525 1468 788 1537 originum
842 1478 1127 1534 rerumque
1159 1461 1531 1516 Francicarum
1566 1458 1733 1527 prima
1777 1469 1874 1507 no-

286 1563 397 1617 titia
430 1560 763 1630 potissimum
795 1556 1083 1627 repetenda
1125 1557 1226 1619 sit,
1267 1567 1424 1621 quem
1470 1550 1599 1604 tanti
1653 1547 1877 1609 faciebat

284 1652 365 1707 vir
392 1652 481 1706 ille
502 1648 868 1714 doctissimus,
893 1656 951 1700 ut
973 1646 1208 1700 historia:
1230 1658 1341 1697 sua:
1363 1642 1552 1710 libros,
1577 1653 1710 1707 quos
1733 1654 1876 1692 sum-

285 1730 374 1799 mo
406 1745 587 1798 labore
616 1751 670 1797 et
698 1740 972 1807 diligentia
1022 1754 1125 1792 non
1165 1735 1369 1805 vulgari
1401 1731 1705 1797 adornavit,
1738 1746 1874 1785 non-

285 1837 385 1891 nisi
425 1832 839 1889 commentarios
882 1831 933 1883 in
983 1826 1298 1897 Gregorium
1341 1824 1709 1879 Turonensem
1752 1834 1877 1872 cen—

284 1928 449 1981 suerit
480 1922 844 1994 appellandos.
875 1918 983 1973 Nec
1010 1918 1188 1971 minus
1219 1915 1429 1969 Coiutio
1455 1912 1572 1967 usui
1608 1910 1705 1965 fuit
1738 1908 1870 1963 Gre-

1978 721 2111 773 ciam
2140 718 2455 788 trajecisset.
2494 717 2775 771 Bructeros
2804 716 2934 783 ripa:
2965 716 3255 783 proximos,
3289 724 3341 767 et
3367 727 3559 782 pigum

1972 827 2128 881 quem
2160 809 2457 865 incolebant
2488 805 2764 872 Chamavi,
2794 806 2943 861 nullo
2977 806 3079 861 sibi
3104 811 3439 868 occursante,
3467 802 3564 857 de-

1976 902 2256 972 populatus
2280 908 2382 963 est,
2411 900 2582 971 inquit
2610 898 2697 952 ille
2725 907 2934 963 auctor,
2972 897 3073 951 nisi
3116 894 3256 965 quod
3306 894 3455 962 pauci
3497 910 3563 948 ex

1974 990 2323 1059 Ampsivariis
2349 994 2404 1043 et
2429 987 2634 1041 Chattis
2664 987 2995 1041 Marcomere
3035 985 3171 1039 duce
3202 985 3253 1037 in
3286 982 3561 1059 ulteriori-

1979 1057 2321 1136 busciillium
2349 1079 2489 1148 iugis
2514 1092 2831 1148 apparuere.
2863 1076 2920 1131 Si
2940 1077 3104 1142 enim,
3134 1084 3189 1128 ut
3220 1073 3351 1128 scite
3378 1057 3567 1127 obser-

1974 1180 2062 1224 vat
2081 1168 2346 1233 Valesius,
2377 1169 2461 1223 his
2487 1166 2699 1238 populis
2727 1182 2830 1221 non
2855 1165 3154 1233 praefuisset
3182 1164 3563 1229 Marcomerus,

1974 1277 2130 1330 quem
2166 1275 2321 1329 supra
2357 1240 2497 1313 idem
2539 1255 2811 1326 Sulpicius
2850 1254 3176 1309 Francorum
3216 1254 3436 1323 regalem
3474 1268 3566 1319 ap—

1975 1353 2287 1423 pellaverat,
2322 1365 2420 1405 nec
2450 1347 2833 1418 priores'duos
2875 1347 3100 1416 populos
3147 1345 3435 1400 defendere
3475 1344 3569 1397 de-

1976 1445 2202 1509 buisset,
2218 1458 2317 1497 nec
2341 1443 2473 1497 duos
2498 1442 2824 1510 posteriores
2845 1440 3044 1493 habere
3067 1438 3325 1507 potuisset
3348 1436 3566 1489 milites.

1982 1535 2150 1604 Reges
2189 1549 2255 1588 an
2288 1543 2414 1588 tunc
2440 1533 2725 1587 habuerint
2766 1531 2980 1597 Franci,
3024 1545 3091 1584 an
3131 1541 3260 1583 vero
3290 1529 3455 1582 duces
3485 1543 3571 1579 s0-

1978 1623 2286 1690 lummodo,
2337 1632 2427 1677 aut
2480 1624 2669 1691 quovis
2717 1621 2822 1676 alio
2876 1621 3092 1675 nomine
3143 1620 3571 1688 appellarentur,

1976 1716 2269 1787 principes,
2298 1714 2635 1785 subregulos,
2661 1722 2751 1769 aut
2773 1713 2999 1784 regales,
3017 1711 3236 1782 inquirit
3258 1710 3571 1780 Gregorlm,
3626 1739 3630 1743 -

1981 1822 2200 1877 remque
2228 1806 2280 1862 in
2313 1805 2490 1862 medio
2520 1807 2819 1875 relinquere
2863 1804 3090 1868 videtur,
3124 1818 3245 1858 cum
3296 1801 3433 1871 apud
3479 1817 3573 1856 eos

1979 1913 2227 1957 auctores
2259 1909 2383 1955 ante
2414 1899 2637 1970 Eugenii
2672 1899 2881 1971 tyranni
2915 1906 3122 1967 tempus
3152 1911 3311 1951 nemo
3336 1912 3366 1949 e
3405 1895 3574 1949 Frau-

286 2017 466 2087 gorius
498 1984 548 2068 in
580 2010 963 2069 ecclesiasticis
999 2007 1325 2061 Francorum
1359 2001 1640 2057 annalibus
1666 1998 1871 2054 descri-
1906 1990 2060 2049 Beis
2099 1994 2241 2063 regis
2272 1990 2428 2046 titulo
2454 1984 2682 2046 donatus
2709 1998 2977 2046 occurrat.
3008 1988 3120 2056 Qua
3159 1989 3210 2042 in
3248 2001 3307 2042 re
3342 1987 3576 2056 graviter

286 2086 494 2171 bcndis,
528 2119 663 2175 quos
684 2118 748 2155 ex
778 2100 895 2170 ejus
922 2096 1074 2151 libris
1098 2104 1155 2149 ut
1182 2094 1468 2164 plurimum
1499 2098 1778 2144 contextus
1799 2086 1877 2140 vi-

287 2200 492 2253 demus.
518 2194 713 2263 Quanti
737 2201 915 2245 autem
940 2187 1128 2242 fecerit
1149 2183 1467 2254 Gregorium
1492 2189 1730 2234 nostrum
1753 2176 1871 2231 Hie-

288 2304 543 2363 ronymus
574 2285 882 2358 llignonius,
915 2298 978 2336 ex
1008 2295 1074 2335 eo
1112 2276 1379 2348 conjicere
1418 2276 1542 2330 licet
1580 2270 1721 2342 quod
1760 2269 1877 2339 ejus

289 2358 575 2438 Historiam
601 2419 615 2443 ,
663 2375 902 2430 codicem
945 2372 1118 2441 legum
1152 2367 1519 2437 antiquarum,
1552 2372 1608 2419 et
1640 2358 1877 2417 Marculﬁ

289 2473 545 2529 formulas
569 2465 879 2524 emendatas
906 2472 958 2518 et
985 2460 1123 2517 notis
1145 2453 1452 2522 exornatas,
1479 2468 1586 2509 uno
1608 2451 1880 2506 volumine

290 2562 746 2633 comprehensas,
786 2567 1035 2625 tanquam
1082 2566 1244 2605 unum
1284 2561 1477 2619 corpus
1510 2544 1665 2616 prisci
1707 2541 1876 2613 juris,

289 2657 447 2711 edere
484 2653 834 2713 decrevisset,
876 2655 1034 2714 atque
1070 2642 1138 2698 ob
1188 2641 1235 2695 id
1263 2639 1374 2709 jam
1422 2636 1634 2692 codices
1680 2634 1881 2701 aliquot

290 2749 474 2801 fuisset
506 2749 797 2801 mutuatus,
832 2746 888 2791 ut
916 2742 1140 2791 testatur
1171 2732 1250 2786 vir
1278 2728 1542 2793 eruditus,
1571 2725 1657 2795 qui
1686 2723 1877 2794 praefa-

292 2841 488 2892 tionem
519 2834 817 2905 posthnmai
852 2826 1089 2883 Marculfi
1121 2822 1468 2881 formularum
1498 2816 1718 2875 editioni
1747 2828 1882 2886 pra:-

294 2932 428 2994 ﬁxit,
460 2928 614 2997 cujus
644 2925 729 2979 hic
759 2922 917 2977 verba
946 2918 1349 2985 descripsimus.

362 3023 416 3076 5.
460 3021 535 3077 Ea
582 3020 722 3074 etiim
755 3028 835 3072 est
866 3011 1111 3083 Gregorii
1152 3007 1319 3064 nostri
1360 3007 1586 3070 fortuna,
1619 3010 1679 3058 ut
1716 3017 1883 3072 quano

294 3112 537 3169 tumlibet
559 3110 758 3165 rustico
783 3117 1033 3161 sermone
1057 3098 1350 3168 scripserit,
1382 3111 1536 3151 nemo
1555 3094 1625 3149 de
1645 3091 1882 3148 Franco-

270 3203 407 3260 rum
437 3202 587 3273 regni
622 3196 929 3271 primordiis
972 3194 1177 3263 absque
1216 3191 1331 3260 ejus
1362 3187 1601 3243 subsidio
1642 3174 1897 3241 scribere”

296 3297 485 3351 valeat.
521 3293 578 3347 ln
611 3293 711 3346 hoc
740 3302 952 3358 quoque
974 3283 1128 3339 laude
1152 3281 1365 3352 dignus,
1390 3277 1530 3349 quod
1555 3276 1880 3334 Francorum

1980 2083 2222 2149 culpatur
2251 2098 2279 2147 a
2318 2082 2544 2147 Valesio,
2588 2082 2677 2153 qui
2719 2095 2874 2151 reges
2902 2080 3041 2149 apud
3082 2079 3316 2135 Francos
3357 2094 3572 2147 semper

1979 2172 2249 2227 exstitisse
2292 2172 2593 2227 contendit.
2648 2171 2842 2226 Verum
2894 2171 2995 2227 etsi
3048 2170 3118 2228 de
3166 2172 3305 2238 regis
3360 2172 3576 2225 nomine

1980 2261 2285 2330 disputandi
2318 2261 2527 2316 animus
2556 2276 2662 2317 non
2694 2260 2786 2327 sit,
2821 2277 2927 2315 non
2972 2269 3149 2316 tamen
3194 2262 3368 2314 evinci
3415 2273 3577 2328 posse

1979 2353 2212 2409 arbitror
2242 2366 2307 2409 ex
2337 2354 2554 2423 antiquo
2578 2352 2689 2408 ullo
2712 2364 3082 2419 monumento,
3117 2351 3359 2407 Francos
3384 2360 3574 2407 omnes

1980 2454 2109 2500 tunc
2136 2444 2393 2514 temporis
2435 2442 2593 2498 unico
2637 2444 2751 2513 regi
2793 2442 3057 2513 paruisse.
3087 2443 3344 2509 Quamvis
3371 2452 3576 2498 certum

1980 2541 2226 2595 videatur
2258 2539 2511 2594 familiam
2542 2537 2772 2607 aliquam
2805 2538 2945 2593 inter
2973 2550 3066 2593 eos
3109 2536 3273 2592 fuisse
3319 2538 3575 2605 primum,

1981 2639 2037 2685 ut
2068 2628 2304 2699 loquitur
2349 2628 2660 2698 Gregorius,
2693 2637 2747 2682 et
2794 2628 3114 2694 nobiliorem,
3162 2643 3225 2683 ex
3260 2643 3360 2698 qua
3395 2628 3575 2698 populi

1982 2734 2222 2781 rectores
2250 2724 2448 2778 assumi
2476 2730 2889 2787 consueverant,
2920 2738 3055 2790 quos
3096 2720 3319 2776 Romani
3351 2720 3577 2788 scripto-

1984 2830 2089 2880 res,
2113 2829 2208 2885 pro
2232 2814 2454 2868 aliarum
2483 2818 2718 2884 gentium
2736 2828 2883 2868 more
2904 2822 2956 2867 et
2985 2827 3083 2868 suo
3108 2812 3360 2882 loquendi
3386 2813 3573 2877 modo,

1982 2923 2124 2974 reges
2150 2915 2239 2959 aut
2269 2905 2470 2976 regulos
2499 2903 2867 2974 appellarunt;
2896 2916 3001 2973 quo
3024 2918 3154 2959 vero
3183 2902 3396 2958 nomine
3440 2903 3579 2971 apud

1984 2996 2131 3066 ipsos
2163 2997 2399 3052 Francos
2427 2996 2759 3062 dicerentur,
2790 2995 2911 3064 quis
2938 2994 3181 3048 divinare
3226 2993 3393 3048 velit?
3440 2992 3580 3049 Inter

1985 3104 2078 3144 eos
2113 3094 2288 3141 tamen
2319 3101 2471 3157 reges
2501 3085 2735 3154 aliquem
2780 3084 2948 3140 fuisse
2994 3085 3205 3139 caeteris
3245 3082 3591 3154 prmstantioJ

1987 3196 2101 3236 rem
2133 3179 2355 3235 inficiari
2389 3178 2576 3244 nolim,
2599 3188 2719 3233 com
2751 3177 3019 3246 ejusmodi
3050 3177 3216 3232 fuisse
3244 3177 3485 3231 videatur
3508 3190 3578 3230 ex

1988 3272 2102 3340 ipso
2154 3270 2417 3342 Gregorio
2463 3280 2567 3325 non
2597 3268 2768 3325 solum
2815 3256 3066 3332 Chlodio,
3118 3268 3209 3323 sed
3257 3276 3312 3323 et
3356 3267 3578 3337 ipseu-et

296 3386 551 3453 originem
591 3356 975 3435 nullisifabulis
1006 3370 1344 3441 resperserit,
1371 3366 1530 3435 sicuti
1574 3366 1752 3421 fecere
1791 3365 1879 3434 qui
1909 3356 1954 3416 C
1987 3359 2345 3427 Chlodoveus,
2374 3374 2532 3430 quem
2568 3360 2793 3429 legimus
2820 3359 3125 3428 complures
3150 3374 3181 3414 e
3209 3358 3321 3414 suis
3352 3373 3578 3413 consan-

296 3486 477 3547 postea
507 3471 776 3527 subsecuti
802 3476 927 3522 sunt
955 3465 1200 3519 llistorire
1231 3470 1429 3516 nostra:
1458 3459 1768 3527 scriptores.
1798 3457 1886 3509 Ni-

296 3569 371 3623 hil
396 3565 537 3621 enim
568 3563 727 3617 habet
756 3561 821 3614 de
849 3555 1096 3625 'l‘rojanis
1137 3551 1397 3622 profugis,
1428 3563 1564 3620 quos
1598 3547 1676 3603 illi
1714 3547 1885 3601 Fran-

297 3673 483 3713 corum
515 3662 761 3724 parentes
784 3647 1143 3710 effinxerunt;
1180 3641 1311 3697 nihil
1351 3641 1422 3696 de
1463 3639 1583 3693 aliis
1621 3635 1885 3706 ejusmodi

298 3751 485 3807 nteniis
502 3722 591 3800 aut
618 3743 833 3806 fabulis,
857 3741 1048 3809 quibus
1073 3735 1301 3791 llistoria
1324 3743 1504 3788 nostra
1525 3722 1883 3799 postmodum,

298 3853 468 3896 stante
494 3837 670 3892 adhuc
698 3833 866 3903 prima
895 3846 1077 3899 regum
1108 3836 1414 3882 nostrorum
1455 3824 1621 3891 stirpe
1644 3863 1657 3886 ,
1693 3818 1883 3875 infarta

300 3943 413 3998 est,
460 3940 513 3984 ut
562 3936 707 3998 patet
750 3941 814 3978 ex
863 3921 1165 3987 Fredegarii
1204 3917 1494 3979 Lhronico,
1538 3927 1599 3967 ac
1644 3914 1883 3981 ejusdem

300 4022 657 4092 Fragmentis,
688 4032 803 4084 quae
830 4024 946 4083 post
979 4014 1145 4081 ipsius
1166 4012 1570 4065 eontinuatores
1599 4009 1882 4064 edidimus.

299 4121 368 4170 At
388 4112 677 4181 Gregorius
697 4110 763 4162 de
784 4105 989 4175 origine
1018 4101 1344 4158 Francorum
1374 4101 1633 4167 dicturus,
1660 4100 1885 4168 primum

300 4213 544 4260 auctores
575 4203 691 4271 ipso
720 4197 1023 4266 superiores
1052 4193 1340 4260 consuluit,
1366 4208 1591 4260 quorum
1621 4206 1742 4247 cum
1783 4200 1887 4245 tes-

301 4297 519 4352 timonia
552 4291 821 4349 retulisset
845 4332 860 4354 ,
897 4292 1060 4354 pauea
1101 4285 1169 4340 de
1204 4284 1266 4338 iis
1288 4300 1407 4354 qure
1445 4284 1601 4354 vulgo
1625 4298 1688 4337 ea
1720 4284 1787 4339 de
1828 4296 1888 4339 re

300 4383 807 4443 circumferebantur
836 4376 1131 4445 subjunxit.
1159 4375 1290 4428 Ties
1328 4377 1383 4428 in
1424 4374 1560 4428 hanc
1606 4388 1717 4427 rem
1760 4386 1884 4425 auc-

303 4489 446 4533 tores
473 4475 695 4545 profert,
720 4471 1018 4538 Sulpicium
1048 4466 1432 4528 Alexandrum,
1467 4466 1727 4519 Benatnm
1757 4465 1890 4518 Pro-

303 4575 537 4621 futurum
573 4560 938 4633 Frigeridum,
985 4566 1041 4611 et
1085 4556 1332 4609 Orosium
1385 4555 1888 4625 historiographum.

304 4658 638 4713 Postremum
664 4665 820 4703 nemo
849 4663 953 4702 non
986 4646 1165 4710 novit;
1198 4645 1304 4699 duo
1324 4645 1412 4699 alii
1437 4645 1651 4700 nonnisi
1674 4660 1736 4699 ex
1762 4644 1891 4699 Gre-

1988 3457 2204 3525 guineis
2230 3454 2558 3509 Francorum
2603 3467 2754 3522 reges
2800 3451 3068 3519 habuisse,
3104 3466 3239 3521 quos
3270 3467 3429 3506 unum
3461 3457 3579 3519 post

1988 3549 2216 3604 alterum
2266 3546 2592 3600 monarcliize
2632 3544 2900 3600 desiderio
2946 3552 3135 3612 captus
3183 3544 3467 3613 oppressit.
3517 3543 3580 3598 Et

1988 3639 2199 3708 quidem
2232 3653 2350 3693 cum
2384 3646 2504 3707 post
2532 3636 2648 3706 ejus
2671 3645 2899 3691 mortem
2935 3634 3027 3689 filii
3057 3636 3223 3703 ipsius
3254 3650 3471 3704 regnum
3503 3638 3580 3688 in-

1989 3736 2071 3784 ter
2098 3743 2157 3784 se
2184 3728 2483 3794 diviserint,
2507 3726 2648 3781 hunc
2676 3718 2950 3794 antiquum
2970 3724 3144 3781 fuisse
3172 3727 3344 3795 gentis
3370 3738 3577 3780 morem

1989 3818 2078 3875 vix
2110 3818 2388 3888 quisquam
2423 3829 2619 3885 negare
2648 3822 2840 3884 potest.

2070 3911 2125 3966 7.
2167 3908 2493 3965 Francorum
2530 3908 2706 3979 itaque
2736 3907 2788 3961 in
2820 3906 3061 3961 ulteriori
3096 3906 3263 3961 Rheni
3294 3905 3403 3976 ripa
3427 3905 3582 3961 sedes

1988 4010 2142 4056 erat:
2174 3999 2279 4054 sed
2298 4011 2429 4068 gens
2469 3997 2721 4052 bellicosa
2765 4003 2820 4050 et
2855 3996 3050 4064 quietis
3080 3995 3363 4062 impatiens
3395 3993 3582 4049 Rheno

1990 4108 2134 4164 saepe
2166 4092 2486 4148 transmisso
2514 4091 2875 4143 Romanorum
2904 4089 3201 4156 provincias
3222 4088 3581 4157 depopulaba-
3670 4098 3677 4101 ‘

1991 4193 2101 4251 tur,
2133 4184 2275 4237 unde
2305 4190 2442 4237 natae
2474 4180 2671 4250 passim
2704 4179 3019 4235 occasiones
3038 4177 3213 4233 multa
3248 4178 3425 4246 prmlla
3454 4193 3580 4232 con-

1992 4275 2230 4342 serendi,
2265 4275 2317 4330 in
2368 4273 2559 4343 quibus
2601 4272 2792 4327 Franci
2840 4271 3001 4327 modo
3045 4270 3275 4340 repressi
3321 4282 3385 4323 ac
3432 4268 3578 4337 victi,

1991 4375 2152 4427 modo
2178 4372 2338 4425 etiam
2368 4370 2601 4423 victores
2634 4367 2866 4421 fuerunt.
2900 4365 3149 4421 Turbatis
3178 4364 3381 4425 interea
3412 4364 3583 4431 Impe-

1993 4464 2055 4518 rii
2089 4462 2247 4517 rebus
2278 4461 2347 4514 ob
2376 4469 2591 4513 exortes
2640 4465 2916 4528 tyrannos,
2962 4466 3183 4527 utraque
3228 4471 3352 4527 pars
3391 4470 3485 4510 eos
3514 4452 3582 4511 ad

1992 4553 2091 4607 sibi
2122 4549 2483 4606 auxiliandum
2511 4546 2809 4602 advocavit.
2839 4545 2951 4601 Nec
2993 4545 3083 4600 diu
3130 4548 3270 4601 inter
3311 4547 3581 4601 Romanos

1996 4644 2236 4707 fuerunt,
2264 4642 2392 4712 quin
2423 4655 2488 4696 ex
2522 4641 2587 4695 iis
2618 4640 2767 4693 multi
2798 4653 2891 4694 sua
2924 4640 3137 4702 virtute,
3170 4646 3223 4694 et
3250 4637 3410 4693 animi
3437 4652 3581 4705 mag-

304 4748 457 4818 gorio
487 4753 671 4799 IIOaU’O
700 4738 805 4794 noti
836 4747 959 4792 sunt
984 4754 999 4790 :
1040 4751 1159 4805 quae
1197 4750 1326 4791 vero
1356 4737 1423 4789 ab
1442 4735 1517 4818 iis
1545 4734 1613 4789 de
1641 4736 1892 4791 Romanis
1923 4728 1972 4789 D
2002 4737 2241 4793 nitudine
2264 4736 2466 4807 primos
2494 4733 2701 4790 militiai
2725 4732 2943 4787 honoris
2965 4731 3180 4801 gradus,
3207 4732 3369 4786 immo
3390 4741 3443 4785 et
3468 4731 3581 4800 ipsa

307 4847 612 4901 narrantur,
642 4835 713 4888 ita
741 4831 949 4887 caeteris
977 4828 1216 4884 historia:
1236 4814 1491 4883 Romana:
1532 4828 1889 4882 monumentis

308 4940 432 4987 sunt
459 4934 714 4993 consona,
746 4936 804 4981 ut
831 4938 925 4979 eos
952 4937 1163 4991 quoque
1191 4920 1258 4976 de
1294 4920 1512 4975 Francis
1551 4935 1673 4974 vera
1717 4920 1888 4988 srrip-

308 5027 446 5079 sisse
473 5021 556 5075 vix
588 5020 868 5089 quisquam
898 5013 1127 5070 intleiari
1152 5012 1343 5082 possit,
1372 5012 1610 5067 maxime
1649 5027 1769 5067 cum
1812 5014 1892 5066 vi-

308 5118 533 5171 deantur
562 5114 700 5168 circa
730 5110 816 5164 illa
847 5119 1085 5178 tempora
1116 5105 1381 5161 ﬂoruisse.

380 5206 435 5262 6.
479 5206 554 5259 Ex
590 5203 801 5256 illorum
843 5214 970 5253 vero
1014 5206 1290 5251 auctorum
1342 5193 1663 5249 testimoniis
1710 5204 1886 5264 patet,

312 5300 548 5356 Francos
578 5297 668 5349 diu
700 5294 751 5347 in
784 5308 845 5347 ea
872 5292 1089 5360 regione
1119 5290 1331 5344 stetisse
1358 5332 1371 5357 ,
1414 5303 1531 5357 qua:
1559 5288 1692 5341 ultra
1722 5286 1893 5343 Rheni

313 5394 480 5460 ripam
501 5386 669 5457 posita
693 5393 795 5448 est,
819 5395 975 5451 quam
1000 5380 1120 5435 ideo
1144 5380 1193 5433 in
1222 5378 1649 5445 Peutingerianis
1677 5379 1901 5445 tabuliv,

313 5482 536 5549 aliisque
566 5475 762 5532 veteris
789 5471 1091 5527 Germaniae
1126 5469 1574 5538 descriptionibus
1613 5465 1894 5521 Franciam

313 5571 569 5642 appellari
602 5584 706 5624 non
734 5566 937 5622 dubito.
987 5564 1135 5618 lianc
1163 5573 1308 5617 certe
1346 5576 1410 5615 eo
1452 5563 1667 5615 nomine
1695 5561 1895 5616 diserte

316 5662 642 5730 nuncupavit
661 5656 923 5723 Sulpicius
948 5652 1250 5708 Alexander
1270 5668 1298 5705 a
1323 5650 1584 5721 Gregorio
1605 5649 1850 5707 laudatus
1877 5671 1888 5704 :

315 5769 379 5806 ex
408 5767 513 5819 quo
540 5750 697 5804 etiam
729 5747 1024 5815 colligimus
1053 5742 1321 5810 Atnpsivai
1339 5740 1440 5805 ios,
1472 5741 1709 5805 Chattos,
1736 5741 1895 5797 Bruc-

317 5854 466 5899 teros
491 5849 546 5895 et
591 5838 888 5893 Chamavos
924 5834 1168 5891 Francia:
1203 5833 1379 5900 gentis
1427 5829 1671 5884 surculos
1708 5829 1892 5885 fuiSse.

314 5936 523 6007 Quippe
550 5949 669 5992 cum
698 5931 1021 6003 Arbogastes
1046 5924 1273 5987 Romani
1315 5926 1526 5998 imperii
1565 5927 1895 5997 majestatem

1993 4828 2168 4885 civilia
2198 4827 2371 4882 ofﬁcia
2401 4824 2718 4881 meruerint.
2754 4824 2817 4879 Et
2845 4818 3059 4893 quidem
3087 4821 3197 4892 jam
3239 4823 3396 4891 longe
3423 4834 3579 4877 antea

1994 4919 2193 4975 hedera
2225 4916 2455 4981 inierant
2497 4915 2723 4969 Romani
2753 4928 2873 4968 cum
2910 4912 3129 4991 Francis
3151 4952 3165 4975 ,
3206 4926 3324 4981 quae
3370 4911 3581 4967 nonnisi

1994 5019 2245 5068 renovata
2262 5008 2425 5062 fuisse
2449 5006 2669 5074 Eugenii
2696 5005 3025 5075 temporibus
3041 5019 3106 5058 ex
3121 5003 3337 5070 Sulpicii
3351 5004 3581 5058 Alexan-

1994 5104 2075 5158 dri
2106 5100 2284 5158 verbis
2318 5105 2547 5153 testatur
2586 5095 2891 5166 Gregorius.
2932 5093 3042 5149 Nec
3080 5094 3364 5158 immerito,
3404 5094 3449 5148 si
3491 5107 3581 5149 ve-

1995 5211 2111 5248 rum
2142 5193 2211 5248 sit
2238 5192 2379 5260 quod
2410 5191 2797 5245 Constantinus
2830 5184 3317 5257 Porphyrogenitus
3342 5184 3577 5255 impera-

1996 5298 2080 5342 tor
2107 5286 2173 5340 ad
2205 5286 2501 5339 Romanum
2544 5283 2709 5337 filium
2751 5296 2905 5335 suum
2940 5276 3155 5343 scribit,
3196 5276 3399 5333 scilicet
3438 5275 3579 5333 Gon-

1996 5376 2217 5432 stantini
2248 5376 2418 5443 Magni
2459 5374 2678 5429 decreto
2708 5372 2968 5425 sancitum
2998 5366 3181 5434 fuisse,
3220 5383 3287 5434 ne
3330 5368 3576 5437 Romani,

1997 5468 2234 5539 exceptis
2260 5468 2389 5522 solis
2415 5466 2656 5528 Francis,
2689 5477 2808 5516 cum
2853 5459 3095 5514 barbatis
3138 5475 3370 5530 unquam
3410 5460 3582 5516 natio-

2000 5562 2152 5617 nibus
2180 5559 2353 5614 fmdus
2381 5556 2594 5611 inirent.
2631 5554 2754 5607 Haec
2782 5551 2976 5622 quippe
3016 5550 3128 5606 sola
3169 5556 3285 5608 erat
3332 5551 3578 5607 vincendi

2001 5652 2232 5706 Francos
2259 5648 2421 5712 ratio,
2471 5646 2512 5698 si
2567 5642 2857 5698 fmderibus
2887 5642 3054 5708 initis,
3105 5651 3195 5697 aut
3245 5642 3352 5697 alio
3393 5642 3581 5712 quovis

2001 5739 2160 5794 modo
2186 5753 2213 5791 a
2246 5735 2415 5790 soliti<
2462 5731 2879 5802 priedationihus
2922 5732 3191 5787 abstinere
3238 5742 3575 5801 cogerentur.

2006 5830 2152 5885 Unde
2176 5826 2431 5883 Libanius
2456 5826 2506 5879 in
2530 5824 2855 5895 Panegyrico
2882 5821 3193 5877 Constantio
3223 5830 3277 5877 et
3301 5820 3579 5877 Constanti

1974 5918 2413 5993 imperatoribus
2435 5916 2601 5987 dicto,
2630 5915 2716 5973 bis
2737 5913 3066 5987 principibus
3090 5911 3389 5983 gratulatur
3411 5913 3480 5970 ob
3506 5913 3595 5984 ju-
