3972 6340
348 341 413 397 ﬂ
1787 334 2176 393 ΡΒίΕΡΔΤίΟ.
3520 341 3588 398 18

346 467 462 522 gum
490 464 655 523 grave
702 449 1033 504 Francorum
1082 446 1384 502 cervicibus
1430 446 1755 517 impositum,
1785 448 1927 516 quod
1957 454 2007 513 Α
2036 446 2369 517 Wisigotthis
2398 448 2487 518 qui
2532 447 2914 519 Septimaniam
2955 440 3262 521 vicinasque
3303 451 3599 520 provincias

346 543 556 613 quidem
594 542 781 612 jugunt
815 539 959 594 aliud
994 553 1099 594 non
1132 537 1300 593 fuisse
1326 539 1617 609 subjungit,
1650 538 1751 593 nisi
1781 540 1921 608 quod

347 634 565 687 istorum
596 631 894 700 principum
916 629 1111 684 virtute
1141 626 1326 683 Fraaci
1354 629 1493 683 intra
1523 629 1657 683 fines
1684 642 1811 682 suos
1842 642 1928 682 re-

347 724 534 791 pressi,
562 723 817 789 deinceps
851 720 1210 775 Romanorum
1235 718 1536 788 provincias
1556 718 1789 787 aggressi
1819 732 1923 772 non

347 812 594 873 fuissem,
626 825 746 863 cum
777 809 917 863 idem
947 809 1169 862 omnino
1194 807 1403 871 censeri
1431 808 1622 863 debeat
1650 807 1735 860 vel
1761 806 1926 861 Frau-

347 921 435 960 cos
461 903 758 960 concitatos
782 902 1019 966 vincere,
1049 902 1131 957 vel
1158 901 1377 956 efficere
1422 909 1478 955 ut
1524 917 1628 955 non
1653 901 1927 955 conciten-

349 1004 450 1049 tur.
480 992 677 1067 rauci
706 994 887 1062 igitur,
910 992 1101 1060 inquit,
1133 1002 1237 1044 tam
1262 1007 1411 1062 grave
1432 994 1618 1062 jugum
1644 991 1925 1050 subierunt.

354 1083 546 1141 Etenim
573 1086 684 1138 hac
711 1084 814 1138 illis
843 1084 1057 1139 servitus
1081 1093 1152 1138 est
1181 1084 1347 1138 nullos
1376 1084 1555 1138 habere
1577 1100 1701 1154 quos
1729 1084 1931 1154 deprae-

354 1183 551 1231 dentur.

421 1280 475 1335 8.
511 1280 647 1337 Cum
672 1295 800 1335 vero
824 1281 1074 1337 inclinata
1097 1281 1315 1337 omnino
1338 1279 1544 1349 imperii
1574 1281 1798 1337 Romani
1818 1296 1931 1339 ma—

351 1373 557 1445 jestate,
604 1374 779 1429 nullus
828 1373 938 1442 jam
979 1372 1301 1427 Francorum
1346 1372 1512 1427 armis
1549 1372 1798 1428 resistere
1839 1387 1933 1441 po-

354 1474 463 1519 tens
477 1476 642 1531 esset,
668 1479 772 1520 non
798 1464 955 1518 modo
985 1464 1284 1534 provincias
1314 1464 1689 1533 deprtedaturi,
1722 1465 1815 1519 sed
1845 1481 1931 1520 se-

353 1553 468 1607 dem
488 1553 587 1607 sibi
610 1562 809 1611 certam
832 1553 1139 1621 acquisituri
1164 1553 1407 1607 Rhenum
1427 1553 1771 1618 transierunt,
1791 1553 1931 1622 quod

354 1657 467 1697 cum
520 1643 693 1712 primo
735 1642 897 1698 variis
937 1642 1319 1711 irruptiouibus
1366 1652 1687 1709 tentassent,
1732 1644 1929 1699 sensim

356 1734 561 1787 tandem
594 1732 752 1787 variis
783 1734 1150 1803 progressibus
1182 1736 1339 1789 modo
1380 1748 1482 1789 una
1507 1773 1525 1801 ,
1566 1736 1724 1791 modo
1767 1736 1929 1789 altera

2024 540 2297 610 regebant,
2335 549 2496 594 totam
2528 540 2695 597 ferme
2725 542 2950 598 Galliam
2985 557 3083 598 suo
3127 545 3351 612 imperio
3388 544 3599 615 adjecit,

2025 627 2381 696 Catltedraque
2408 633 2551 702 regni
2583 630 2799 686 Parisiis
2824 633 3127 697 constituta,
3171 635 3602 688 ﬂorentissimum

2024 716 2153 771 illud
2187 735 2427 790 regnum,
2458 721 2599 791 quod
2642 722 2927 787 hactenus,
2976 723 3085 777 Deo
3126 724 3248 793 Opt.
3295 724 3433 780 Max.
3465 740 3603 794 pra!-

2024 818 2221 876 stante,
2256 820 2579 878 perseverat,
2603 812 2669 865 ad
2694 827 2958 866 summum
2988 814 3250 883 fastigium
3274 816 3480 873 extulit.
3514 830 3606 869 cn-

2021 902 2109 968 j0s
2140 907 2494 969 praecesm'es
2524 903 2721 958 tamdiu
2749 903 3107 961 fundamentis
3146 906 3479 977 imponendis
3524 906 3602 959 in-

2027 991 2367 1045 sudaverant.

2098 1082 2150 1137 9.
2166 1084 2414 1150 Qnrenam
2442 1101 2568 1142 vero
2596 1096 2717 1143 ante
2740 1088 2869 1145 illud
2892 1100 3097 1162 tempus
3136 1090 3408 1161 regiminis
3432 1090 3600 1145 forma

2029 1174 2167 1242 apud
2202 1175 2436 1231 Francos
2469 1178 2742 1247 valuisset,
2768 1197 2887 1250 qua:
2916 1193 3095 1238 essent
3123 1198 3307 1237 eorum
3340 1182 3483 1252 leges
3514 1193 3604 1236 aut

2029 1268 2466 1337 consuetudines,
2502 1285 2674 1341 quove
2704 1274 2889 1329 ordine
2917 1290 3069 1342 reges
3098 1285 3189 1329 aut
3220 1254 3462 1344 patribus
3492 1289 3603 1329 suc-

2030 1356 2302 1420 cederent,
2327 1370 2413 1413 atii
2449 1376 2511 1413 ex
2548 1362 2691 1430 regia
2724 1364 2915 1418 familia
2947 1366 3293 1435 eligerentur,
3320 1380 3477 1436 quam
3509 1367 3603 1419 de-

2034 1447 2192 1517 nique
2235 1465 2387 1520 reges
2413 1451 2667 1509 haberent
2700 1448 2749 1509 in
2778 1457 3015 1512 subditos
3046 1459 3439 1525 auctoritatem,
3463 1458 3605 1512 diffi-

2032 1538 2290 1593 cillimum
2326 1550 2409 1595 est
2437 1558 2721 1611 exponere.
2757 1547 2953 1603 Eorum
2979 1550 3285 1619 religionem
3310 1566 3415 1604 uno
3441 1550 3604 1605 verbo

2033 1627 2230 1682 indicat
2258 1628 2566 1702 Gregorius,
2591 1651 2708 1689 cum
2751 1652 2843 1692 eos
2870 1642 3228 1710 fanaticorum,
3262 1641 3311 1695 id
3339 1652 3418 1697 est
3446 1658 3604 1712 paga-

2034 1733 2242 1785 norum,
2266 1723 2536 1780 errorihus
2569 1728 2726 1783 luisse
2742 1729 2987 1785 delentes
3004 1733 3095 1796 ait,
3119 1733 3419 1802 priusquam
3447 1731 3605 1787 Chlo-

359 1826 479 1875 urle
506 1832 598 1877 aut
632 1824 898 1889 provincia
928 1824 1029 1877 sibi
1070 1822 1365 1893 acquisitis,
1406 1826 1772 1881 obtinuerunt.
1818 1826 1929 1882 Pri-

2039 1807 2242 1862 doveus
2291 1811 2645 1868 Christianam
2692 1819 3010 1887 religionem
3049 1823 3328 1890 amplexus
3373 1824 3601 1883 fuisset:

358 1931 515 1977 tuum,
545 1916 635 1985 qui
667 1915 718 1968 in
756 1914 940 1971 Galliis
979 1918 1127 1985 regni
1152 1916 1489 1973 fundamenta
1524 1919 1685 1987 jecit,
1733 1916 1933 1972 Phara-

355 2006 605 2060 muudum
655 2007 855 2075 vulgati
900 2016 1145 2061 auctores
1183 2006 1453 2076 appellant
1497 2024 1511 2063 :
1543 2016 1598 2061 at
1635 2010 1701 2063 de
1728 2023 1793 2063 eo
1825 2016 1929 2062 tam

353 2104 485 2169 apud
517 2102 856 2171 Gregorium,
898 2116 1055 2171 quam
1095 2112 1149 2159 et
1194 2103 1333 2171 apud
1375 2101 1773 2173 Fredegat'ium,
1816 2102 1931 2171 ejus

356 2191 760 2259 epitomatorem
781 2199 837 2245 et
856 2191 1283 2249 continuatorem
1301 2193 1753 2262 antiquissimum,
1766 2193 1929 2248 altum

356 2283 544 2349 ubique
576 2280 870 2335 silentium.
906 2281 952 2334 ls
978 2282 1147 2335 honor
1170 2324 1186 2349 ,
1237 2283 1281 2335 si
1324 2282 1583 2351 Gregorio
1620 2286 1929 2353 credamus,

356 2375 525 2440 potius
551 2372 831 2426 Chlodioni
853 2414 869 2437 ,
900 2388 1029 2439 seu,
1062 2381 1117 2427 ut
1147 2388 1268 2427 eum
1310 2374 1579 2443 appellat,
1618 2374 1929 2445 Chlogiuui,

355 2465 533 2519 deberi
563 2465 795 2532 videtur,
826 2468 915 2533 qui
947 2467 1085 2534 apud
1115 2466 1426 2536 DiSpargum
1456 2478 1690 2524 castrum
1729 2470 1783 2524 itt
1823 2480 1933 2526 ter-

360 2565 508 2617 mino
532 2562 931 2630 Thoringorutn
952 2601 970 2625 ,
998 2577 1122 2625 seu,
1156 2572 1212 2616 ut
1248 2562 1338 2616 alii
1376 2563 1647 2633 scribunt,
1688 2564 1935 2635 Tungro-

356 2667 493 2718 rum,
527 2652 853 2718 inhabitans,
887 2653 1062 2706 missis
1091 2668 1139 2720 pt
1154 2650 1319 2705 imum
1351 2649 1699 2709 Camaracutn
1745 2656 1934 2725 expio-

355 2743 651 2807 nitoribus,
684 2741 819 2794 hanc
846 2750 1027 2810 postea
1060 2742 1244 2796 urbem
1267 2750 1538 2812 totamque
1570 2743 1838 2814 regionem
1867 2747 1934 2800 ad

358 2831 642 2885 Summam
671 2830 888 2884 ﬂuvium
920 2833 1217 2897 occ0pavit.
1250 2831 1376 2884 ιιωο
1406 2832 1741 2888 solummodo
1770 2834 1839 2889 de
1870 2850 1936 2890 eo

361 2930 619 2976 memorat
652 2920 957 2990 Gregorius.
1006 2921 1082 2975 De
1108 2920 1353 2975 Meroveo
1385 2936 1514 2977 vero
1543 2936 1667 2990 rege
1695 2922 1744 2976 id
1774 2939 1934 2977 unutn

357 3014 501 3075 dicit,
529 3012 672 3082 quod
702 3026 735 3067 e
761 3009 1072 3081 Chlogiouis
1108 3011 1275 3080 stirpe
1312 3022 1619 3080 procreatus
1647 3024 1933 3068 asseratur.

369 3104 531 3171 llujus
558 3102 697 3157 ﬁlius
723 3101 1051 3156 Gltildericus
1084 3102 1179 3157 fuit
1205 3119 1220 3155 :
1248 3102 1401 3173 cujus
1422 3103 1620 3158 variam
1646 3104 1935 3170 fortunam,

356 3193 406 3247 id
436 3167 518 3246 est
546 3207 577 3245 e
606 3207 771 3262 regno
811 3192 1202 3261 expulsionem,
1245 3167 1461 3260 et'post
1499 3193 1705 3262 aliquot
1744 3167 1938 3263 annos,
1964 3167 2007 3227 δ

358 3285 543 3351 quibus
558 3283 1047 3355 Egidiusliomanu:
1070 3286 1271 3339 militia:
1294 3289 1545 3355 magister
1568 3287 1785 3343 Francis
1806 3304 1941 3358 prte-

359 3375 519 3432 tuisse
545 3377 761 3441 dicitur,
791 3377 1209 3445 restitutionem,
1235 3380 1379 3434 solus
1406 3388 1588 3434 narrat
1609 3379 1895 3451 Gregorius
1921 3401 1936 3435 :

362 3479 416 3522 at
440 3470 670 3525 certiora
700 3481 822 3527 sunt
850 3486 969 3539 qua:
998 3470 1065 3525 de
1100 3470 1340 3540 ejusdem
1373 3472 1513 3541 regis
1540 3472 1591 3527 itt
1622 3473 1820 3530 Gallias
1846 3490 1939 3529 ex-

362 3559 717 3627 pedttionibus
742 3559 922 3625 habet,
952 3560 1003 3614 in
1032 3560 1227 3626 quibus
1245 3560 1587 3618 Aureltanum
1615 3574 1669 3618 et
1694 3548 1940 3634 Andega-

358 3666 447 3705 vos
472 3652 636 3707 urbes
682 3652 1010 3708 clarissimas
1058 3652 1354 3709 obtinuisse
1405 3666 1752 3711 memoratur.
1795 3658 1938 3713 Obiit

360 3746 689 3800 Childerieus
721 3752 771 3800 tu
803 3746 1013 3815 Belgica
1042 3749 1298 3814 secunda,
1324 3750 1410 3804 ubi
1442 3764 1605 3819 prope
1634 3751 1934 3807 Turnacunt

358 3839 588 3893 tumulus
607 3839 724 3907 ejus
750 3851 928 3893 nostra
953 3848 1111 3894 aetate
1131 3839 1368 3895 detectus
1393 3850 1476 3896 est
1505 3857 1519 3893 :
1550 3843 1703 3910 cujus
1748 3843 1792 3896 si
1817 3844 1935 3912 quis

357 3926 495 3992 cupit
515 3933 820 3978 accuratam
863 3924 1058 3977 habere
1101 3924 1539 3992 descriptionem,
1570 3928 1711 3996 legat
1742 3928 1933 3982 libruttt

354 4031 411 4068 ea
440 4019 507 4069 tte
536 4032 594 4071 re
614 4030 645 4069 a
670 4014 938 4069 Chil'lletio
961 4016 1158 4070 editum
1186 4032 1327 4071 anno
1354 4019 1519 4073 16:5:
1552 4021 1780 4089 pretiosa
1810 4038 1935 4077 vero

354 4108 556 4162 cimelia
589 4123 709 4175 quin
739 4108 791 4160 itt
814 4122 878 4162 eo
902 4108 1112 4161 inventa
1143 4118 1286 4175 sunt,
1320 4111 1373 4163 in
1423 4111 1749 4167 Bibliotheca
1787 4115 1932 4183 regia

356 4196 567 4251 Parisiis
599 4200 882 4252 habentur.
907 4203 988 4252 An
1024 4214 1146 4251 vero
1178 4198 1253 4252 illi
1288 4214 1440 4268 reges
1470 4203 1522 4254 in
1553 4202 1739 4257 Galliis
1778 4203 1934 4258 sedes

356 4288 486 4341 lixas
504 4289 810 4351 habuerint,
843 4305 1098 4357 nusquam
1130 4290 1328 4365 diserte
1350 4292 1603 4359 exprimit
1621 4292 1930 4363 Gregorius;

354 4394 446 4431 eus
472 4388 647 4433 tamen
688 4395 906 4447 regnum
952 4396 1104 4432 suum
1151 4382 1201 4432 in
1254 4379 1478 4448 Belgica:
1521 4384 1767 4435 secunda:
1799 4383 1934 4438 fines

356 4470 709 4537 protendisse,
740 4471 881 4524 unde
925 4471 977 4523 itt
1021 4470 1152 4523 alias
1181 4470 1471 4525 Galliarum
1504 4472 1801 4540 provincias
1838 4490 1931 4528 ex-

2037 1902 2317 1955 nonnullos
2345 1912 2520 1957 tamen
2551 1922 2611 1959 ex
2639 1908 2703 1961 iis
2733 1908 2961 1963 Arianos
3009 1912 3173 1966 fuisse
3218 1914 3515 1983 colligimus
3537 1932 3601 1970 ex

2035 1992 2223 2046 eodem
2251 1998 2589 2066 auctore,qui
2624 1998 3019 2057 Lantechildem
3044 2000 3333 2061 Cltlodovei
3363 2022 3602 2062 sororem

2037 2085 2285 2140 Arianam
2329 2086 2495 2143 fuisse
2542 2104 2945 2148 commemorat.
2990 2096 3154 2165 iiujus
3202 2098 3399 2167 quippe
3444 2111 3603 2155 sectae

2040 2193 2253 2235 errores
2283 2198 2310 2235 a
2335 2183 2501 2238 Gallis
2531 2200 2623 2239 seu
2656 2186 2908 2243 Romanis
2938 2189 3025 2243 illa
3058 2206 3159 2244 non
3190 2192 3489 2261 imbiberat,
3514 2196 3604 2263 qui

2036 2268 2104 2321 ab
2134 2269 2198 2323 iis
2241 2271 2393 2338 plane
2421 2286 2573 2329 erant
2602 2278 2885 2346 immunes,
2915 2280 3009 2334 sed
3039 2291 3128 2335 aut
3164 2297 3193 2334 a
3223 2283 3606 2338 contribulihns

2038 2358 2171 2425 suis,
2200 2371 2290 2415 ant
2316 2374 2461 2419 certe
2492 2366 2557 2419 ab
2586 2367 2702 2421 aliis
2725 2368 2981 2438 barbaris,
3003 2387 3138 2440 quos
3169 2371 3280 2428 fere
3301 2389 3487 2430 omnes
3507 2378 3606 2430 hoc

2037 2462 2247 2504 veneno
2277 2452 2500 2509 infectos
2523 2457 2679 2511 fuisse
2711 2473 2868 2514 nemo
2897 2462 3083 2515 nescit.
3108 2462 3307 2517 Tantus
3345 2479 3469 2518 vero
3494 2473 3606 2520 erat

2036 2544 2089 2598 in
2116 2544 2333 2601 Francis
2361 2548 2425 2602 ad
2457 2564 2661 2619 pugnas
2691 2552 2869 2618 ardor,
2889 2562 3032 2608 tanta
3062 2557 3126 2608 ad
3161 2556 3358 2613 bellum
3380 2572 3607 2625 prepen-

2035 2634 2139 2701 siO,
2166 2644 2248 2702 ut,
2271 2646 2407 2693 teste
2434 2638 2679 2705 Libanio,
2701 2640 2966 2699 felicitatis
2994 2659 3126 2714 apex
3154 2645 3294 2716 apud
3315 2660 3407 2702 eos
3423 2659 3607 2703 essent

2039 2729 2162 2784 belli
2194 2740 2454 2799 tempora,
2476 2742 2529 2787 et
2556 2734 2782 2789 mutilati
2808 2751 2912 2791 uno
2942 2738 3203 2803 membro,
3224 2746 3372 2807 parte
3399 2739 3601 2809 reliqua

2038 2820 2239 2890 integra
2291 2821 2672 2890 pnnliarentur.
2718 2824 2955 2895 Singulis
3003 2838 3179 2882 autem
3223 2830 3375 2882 annis
3416 2830 3604 2883 saltent

2036 2913 2199 2966 semel
2228 2913 2280 2966 in
2312 2929 2473 2968 unum
2519 2917 2901 2974 conveniebant
2931 2918 3004 2986 de
3040 2920 3198 2976 rebus
3240 2921 3458 2991 majoris
3482 2938 3598 2977 mo-

2040 3007 2203 3060 menti
2244 3007 2582 3074 collocututi,
2614 3010 2665 3064 id
2696 3020 2778 3066 est
2822 3011 2888 3067 de
2915 3012 3053 3068 bello
3082 3013 3135 3067 in
3167 3013 3348 3071 hostes
3394 3031 3610 3085 promo~

2034 3095 2239 3181 yendo,
2270 3107 2361 3151 aut
2383 3108 2530 3153 certe
2556 3099 2623 3155 de
2648 3100 2821 3171 aliqua
2855 3102 3149 3173 irrUptione
3176 3103 3414 3159 facienda
3447 3106 3499 3159 in
3533 3105 3583 3163 vi

2041 3186 2189 3241 ciues
2219 3189 2473 3258 populos;
2506 3201 2661 3257 capta
2701 3193 2901 3261 praeda,
2951 3194 3141 3265 singuli
3186 3205 3331 3251 sorte
3370 3206 3461 3249 aut
3506 3197 3606 3251 alio

2039 3279 2227 3346 quovis
2258 3280 2415 3333 modo
2445 3288 2653 3349 partem
2680 3298 2831 3336 suam
2866 3282 3198 3338 obtinebant.
3233 3285 3385 3352 Quod
3422 3286 3491 3339 ita
3521 3302 3606 3340 re—

2040 3372 2227 3440 ligiose
2253 3380 2518 3427 servatum
2560 3373 2723 3429 fuisse
2760 3375 3059 3445 colligimus
3092 3392 3155 3431 ex
3187 3377 3302 3447 ipso
3324 3376 3602 3446 Gregorio,

2039 3473 2097 3517 ut
2123 3479 2189 3518 ne
2211 3463 2425 3533 quidem
2451 3480 2537 3518 rex
2564 3465 2707 3519 aliud
2742 3467 3015 3535 percipere
3040 3467 3259 3535 soleret,
3282 3484 3441 3540 quam
3464 3472 3605 3542 quod

2037 3557 2086 3610 ei
2111 3557 2381 3610 communi
2406 3557 2569 3612 sortis
2605 3559 2718 3626 lege
2748 3559 3048 3628 obtigisset.

2114 3647 2197 3700 10.
2234 3646 2311 3699 Illi
2370 3661 2529 3715 porro
2582 3658 2877 3703 conventus
2923 3649 3428 3719 CampuS-Martius,
3462 3652 3543 3706 vel
3578 3667 3608 3705 a

2038 3737 2206 3791 Marte
2250 3737 2513 3792 bellorum
2553 3738 2676 3802 deo,
2710 3748 2795 3793 aut
2836 3755 2865 3793 a
2909 3740 3097 3794 Mattio
3128 3757 3330 3805 mense,
3360 3756 3464 3811 quo
3498 3741 3609 3795 lieri

2037 3828 2304 3893 solebant,
2332 3829 2791 3895 nuncupabantur.
2810 3831 2943 3885 llinc
2963 3846 3085 3885 cum
3117 3843 3297 3901 postea
3331 3835 3383 3887 itt
3412 3834 3604 3888 Maium

2039 3934 2273 3974 mensem
2297 3935 2325 3973 a
2354 3920 2580 3989 Pipp’no
2599 3920 2837 3976 translati
2868 3922 3110 3987 fuissent,
3130 3926 3325 3993 passim
3356 3925 3607 3994 Campus-

2037 4012 2179 4078 Maii,
2209 4029 2304 4066 seu
2330 4013 2483 4067 Medii
2516 4015 2769 4082 appellati
2802 4016 3036 4073 fuerunt.
3060 4018 3449 4087 Campi-Martii
3477 4034 3608 4073 con-

2036 4104 2369 4156 vocationem
2400 4119 2429 4156 a
2453 4102 2759 4159 Chlodoveo
2783 4106 2973 4160 factam
2992 4122 3379 4163 commemorat
3402 4109 3606 4178 Grego-

2036 4195 2146 4246 rius
2178 4194 2441 4248 llisturiae
2487 4195 2579 4248 lib.
2624 4212 2683 4260 tt,
2712 4212 2828 4264 cap.
2852 4197 2943 4261 27,
2969 4198 3033 4250 ad
3077 4214 3233 4265 quem
3273 4214 3460 4255 omnes
3487 4216 3608 4255 cum

2036 4298 2307 4338 armorum
2339 4297 2598 4351 apparatu
2620 4286 2906 4340 convenire
2936 4288 3223 4353 mandavit,
3254 4305 3437 4344 eorum
3468 4294 3607 4345 nilo.

2038 4390 2151 4429 rem
2180 4386 2512 4430 ostensnros.
2541 4375 2646 4431 Nec
2677 4376 2894 4431 dubium
2922 4387 3005 4433 est
3038 4380 3163 4447 quin
3192 4382 3375 4447 etiam,
3399 4383 3441 4437 si
3469 4384 3608 4438 inter

2037 4471 2249 4538 aliquos
2278 4470 2512 4524 Francos
2544 4470 2664 4526 lites
2688 4471 2966 4543 antjurgia
2990 4474 3123 4527 forte
3144 4475 3330 4528 obnrta
3360 4475 3603 4543 fuissent,

350 4560 656 4626 currebant,
697 4560 788 4614 vix
827 4561 1110 4629 quicquam
1153 4560 1395 4615 dubitare
1436 4550 1638 4629 'putest.
1698 4563 1933 4632 Eamque
1963 4547 2013 4607 Ῑ)
2040 4562 2099 4614 in'
2128 4561 2394 4630 ejusmodi
2418 4564 2768 4616 ceuventihus
2798 4564 3097 4619 finirentur.
3122 4566 3246 4620 llu-c
3270 4568 3496 4635 primum
3522 4570 3598 4623 fa-

350 4651 587 4719 Gregorii
638 4649 803 4705 fuisse
851 4658 1081 4705 tuentem
1128 4651 1322 4719 colligo
1360 4667 1424 4705 ex
1448 4652 1827 4709 substitutione
1863 4655 1930 4709 de

355 4745 539 4812 Egidio
558 4745 611 4798 in
636 4741 919 4797 Childerici
942 4741 1116 4796 locum
1146 4743 1302 4797 facta.
1330 4742 1547 4813 Egidius
1568 4745 1707 4797 enim
1732 4745 1785 4798 itt
1812 4744 1927 4799 Bei-

349 4837 464 4905 gica
489 4835 723 4890 secunda
746 4835 1071 4899 morabatur,
1086 4834 1236 4903 cujus
1257 4838 1403 4903 regni
1434 4838 1615 4891 sedem
1637 4838 1924 4907 Augustam

349 4927 700 4979 Suessionum
727 4924 902 4978 adhuc
934 4926 1148 4979 teneth
1169 4925 1312 4981 filius
1338 4926 1452 4994 ejus
1496 4926 1772 4995 Syagrins,
1802 4945 1921 4984 cunt

346 5032 466 5071 eum
492 5015 686 5070 exinde
716 5015 922 5084 pulsum
950 5029 1015 5070 ac
1042 5014 1305 5070 devictum
1332 5015 1667 5071 Cblodoveus
1712 5021 1922 5076 tandem

347 5106 515 5160 oecidi
543 5106 773 5160 curavit.
798 5102 906 5159 Sed
933 5111 988 5158 et
1017 5104 1130 5172 ipse
1155 5105 1512 5170 Gblodoveus,
1543 5110 1690 5177 regni
1723 5115 1923 5177 paterni

348 5195 513 5251 factus
543 5198 738 5260 haeres,
764 5193 894 5248 nihil
923 5208 1029 5249 nou
1052 5196 1239 5260 movit,
1264 5204 1384 5250 utet
1397 5199 1639 5264 regiones
1652 5198 1816 5254 Gallis
1830 5215 1927 5255 seu

345 5289 601 5343 ltontauis
629 5287 806 5341 adhuc
826 5287 1095 5352 subiectas
1124 5288 1421 5351 invaderet,
1445 5300 1502 5344 et
1522 5291 1692 5344 vicina
1716 5308 1925 5362 quoque

344 5394 508 5449 regna
540 5393 640 5432 suo
682 5379 911 5445 imperio
947 5377 1284 5447 subjugaret;
1314 5394 1433 5446 qua:
1470 5379 1520 5433 ei
1574 5380 1669 5434 luit
1708 5386 1921 5439 occasio

342 5471 541 5526 multos
567 5484 600 5525 e
630 5469 742 5523 suis
767 5469 1177 5537 consanguineis
1203 5480 1378 5524 morte
1404 5470 1690 5527 efﬁciendi.
1723 5476 1922 5532 Occisis

340 5563 524 5631 itaque
559 5560 650 5628 qui
677 5573 709 5615 e
732 5568 891 5629 gente
931 5558 1256 5613 Francorum
1291 5570 1473 5627 erant,
1534 5562 1654 5617 aliis
1689 5565 1920 5634 regibus,

343 5653 668 5721 interempto
693 5651 916 5721 Syagrio
939 5651 1196 5705 Romanae
1239 5652 1436 5707 militiae
1462 5654 1731 5723 praefecto,
1764 5672 1923 5727 supe-

343 5744 476 5799 ratis
504 5759 611 5798 uou
640 5743 808 5798 semel
840 5741 1322 5812 Burgundionibus,
1349 5757 1411 5799 ac
1441 5743 1668 5814 denique
1701 5746 1922 5805 det’tctis

2033 4650 2152 4703 cilia
2173 4658 2355 4714 erant;
2388 4649 2481 4705 sed
2523 4650 2744 4704 dilatato
2772 4663 2959 4707 postea
3005 4669 3101 4721 per
3128 4655 3429 4723 complures
3472 4673 3607 4726 pro-

2032 4742 2231 4796 vincias
2262 4755 2446 4810 regno,
2494 4754 2685 4808 praeter
2732 4742 2876 4795 illuttt
2908 4753 3227 4798 conventum
3265 4751 3594 4815 generalem,

2028 4832 2117 4886 alii
2146 4846 2267 4886 cum
2319 4846 2498 4885 rerum
2529 4831 2818 4885 necessitas
2861 4832 3105 4901 exigebat
3133 4850 3161 4886 a
3194 4849 3317 4903 rege
3345 4851 3607 4893 cortVnca-

2030 4923 2220 4977 bantur
2241 4940 2256 4974 :
2277 4922 2366 4991 qui
2392 4923 2515 4977 licet
2536 4922 2857 4990 quandoque
2872 4921 3261 4990 Campi-Martii
3289 4939 3377 4979 aut
3398 4926 3606 4997 Campi-

2033 5013 2189 5067 Madii
2218 5013 2501 5082 nuncupati
2537 5011 2749 5074 fuerint,
2778 5022 2834 5064 ut
2865 5012 3147 5080 plurimum
3176 5022 3350 5069 tamen
3376 5016 3606 5075 Placita-

2031 5121 2146 5157 rum
2167 5104 2381 5159 nomine
2401 5103 2538 5172 apud
2570 5113 2777 5158 veteres
2808 5111 3055 5159 auctores
3096 5107 3270 5161 solent
3310 5109 3599 5181 designari.

2030 5195 2137 5249 Sed
2164 5205 2220 5250 et
2265 5210 2386 5249 cum
2416 5209 2525 5263 prae
2558 5195 2889 5262 negotiorum
2936 5196 3296 5265 multitudine,
3321 5212 3412 5256 aut
3452 5206 3607 5259 itine-

2033 5300 2151 5338 rum
2185 5284 2573 5353 longinquitate
2602 5283 2973 5339 difﬁcillimum
2992 5286 3178 5343 fuisset
3192 5291 3377 5344 omnia
3393 5295 3611 5361 negotia

2031 5377 2082 5429 itt
2107 5391 2213 5430 uno
2241 5376 2383 5441 loco,
2414 5385 2506 5429 aut
2530 5374 2670 5428 intra
2704 5390 2990 5443 paucorum
3016 5380 3224 5435 dierum
3254 5381 3607 5439 intervallum

2032 5470 2338 5535 terminare,
2363 5469 2415 5522 in
2440 5468 2727 5536 majoribus
2749 5468 3050 5525 civitatibus
3077 5472 3315 5527 instituta
3337 5482 3464 5528 sunt
3483 5476 3599 5543 pla-

2027 5561 2131 5613 cita
2175 5560 2327 5612 statis
2367 5556 2716 5626 temporibus,
2746 5575 2865 5626 quae
2893 5574 2923 5614 a
2944 5561 3228 5617 comitibus
3255 5563 3445 5619 aliisve
3474 5564 3603 5620 oflio

2029 5657 2206 5711 ciariis
2238 5655 2588 5718 habebantur,
2610 5653 2773 5707 immo
2798 5656 2957 5709 etiam
2979 5667 3034 5709 et
3054 5658 3121 5709 ab
3141 5655 3408 5726 episcopis
3431 5669 3482 5717 et
3510 5661 3605 5715 ab-r

2029 5748 2259 5816 batibus,
2286 5761 2512 5816 quorum
2532 5744 2733 5815 judicio
2758 5759 2868 5811 res,
2886 5760 3005 5814 quae
3028 5750 3161 5803 tanti
3187 5764 3297 5807 nou
3314 5760 3470 5808 erant
3493 5765 3613 5811 meo
