3972 6340
359 380 424 439 19
1804 375 2181 434 f‘RriFATIO.
3533 374 3599 429 ρο

357 497 525 559 menti
549 493 605 552 lit
628 497 691 550 ad
723 497 926 569 regium
959 495 1208 566 palatium
1240 495 1433 552 deferri
1464 495 1746 564 deberent,
1781 497 1927 552 finie-
1957 503 2001 558 Α
2039 495 2181 548 bium
2210 493 2559 564 quarumdam
2580 492 2782 546 civibus
2807 505 2898 546 sua
2915 489 3182 560 privilegla
3200 498 3408 546 servata
3435 491 3601 544 fuisse

359 593 571 646 bantur.
604 593 789 648 Postea
839 599 890 650 et
934 591 984 645 iu
1009 590 1140 645 vicis
1179 598 1232 645 et
1261 591 1471 659 oppidis
1515 592 1719 644 minora
1763 590 1922 644 etiam

359 685 551 752 placita
586 684 822 737 instituta
852 682 1086 746 fuerunt,
1117 684 1305 753 quibus
1337 695 1596 752 prmerant
1619 683 1872 738 officiales
1896 700 1924 738 a

357 776 549 830 comite
590 773 875 841 designati,
908 774 993 840 qui
1044 773 1164 827 ideo
1209 773 1592 841 vice-comites,
1618 785 1706 828 aut
1747 773 1925 831 vicarii

355 864 601 935 appellati
634 863 898 932 leguntur.
1718 867 1727 884 '

431 979 513 1032 Η.
549 977 676 1032 Inde
706 993 863 1045 porro
885 977 995 1030 nati
1020 986 1143 1030 sunt
1173 977 1306 1031 varii
1340 975 1652 1030 officialium
1677 959 1731 1029 et
1753 976 1927 1044 digni-

355 1078 522 1124 tatum
553 1067 750 1137 gradus
779 1067 917 1122 inter
949 1067 1203 1132 Francos,
1227 1083 1453 1136 quorum
1486 1070 1696 1122 nomina
1727 1074 1781 1121 et
1806 1065 1927 1120 ofti-

352 1160 433 1214 cia
465 1168 521 1213 ut
549 1158 834 1229 plurimum
865 1172 893 1210 a
919 1157 1172 1218 Romanis
1202 1167 1438 1212 mutuata
1469 1155 1702 1212 fuerunt.
1727 1156 1824 1220 Qui
1848 1171 1916 1210 ex

352 1251 698 1306 nobilissimis
725 1250 939 1310 familiis
966 1248 1156 1315 exorti,
1174 1249 1320 1310 nullo
1348 1247 1626 1318 peculiaris
1653 1245 1926 1316 dignitatis

350 1344 506 1401 titulo
558 1343 992 1411 designabantur,
1050 1341 1083 1398 ii
1133 1341 1225 1396 viri
1274 1341 1453 1411 fortes,
1491 1341 1734 1407 seniores,
1766 1342 1931 1408 majo-

350 1443 604 1499 res-natu,
633 1435 898 1502 primores,
929 1432 1138 1499 priores,
1187 1431 1449 1499 primates,
1474 1431 1763 1500 optimates,
1787 1446 1932 1499 mag-

348 1535 495 1579 uates
510 1524 929 1594 appellabantur,
945 1537 1170 1590 quorum
1184 1521 1424 1576 consiliis
1443 1535 1533 1576 rex
1559 1521 1611 1574 in
1637 1519 1842 1588 placitis
1855 1519 1929 1578 uti

353 1617 581 1670 solebat.
616 1615 718 1671 Alii
743 1630 872 1671 vero
903 1616 1106 1670 aulicas
1140 1615 1432 1684 dignitates
1457 1614 1751 1677 consecuti,
1781 1621 1934 1667 erant

353 1707 683 1772 eancellarii,
731 1706 1102 1769 referendarii,
1135 1706 1438 1772 domestici,
1474 1704 1806 1768 cubicularii,
1845 1718 1933 1758 ca-

353 1799 591 1863 merarii,
619 1797 1072 1856 comites-stabuli
1095 1815 1110 1864 ;
1134 1796 1389 1867 praecipui
1415 1805 1566 1851 erant
1584 1794 1762 1865 palatii
1789 1794 1934 1861 prio-

351 1889 497 1958 cipes
519 1893 862 1958 autmajores,
886 1898 989 1944 etc.
1007 1889 1116 1943 Nec
1143 1888 1422 1944 omittendi
1448 1888 1589 1956 regis
1615 1885 1926 1951 nutritores,

354 1980 519 2051 bajuli
548 1980 705 2051 vulgo
733 1982 887 2047 dicti,
912 1983 1157 2036 maximas
1180 1982 1319 2051 apud
1349 1981 1621 2051 principes
1650 1983 1931 2036 auctorita—

354 2073 443 2127 tis.
472 2077 540 2127 At
569 2072 645 2126 illi
675 2074 867 2140 quibus
899 2073 1172 2128 civitatum
1211 2088 1338 2128 cura
1366 2072 1650 2128 commissa
1687 2085 1820 2137 erat,
1848 2089 1934 2125 co-

356 2166 501 2219 mites
541 2165 668 2220 dicti
715 2175 859 2232 sunt,
893 2166 983 2233 qui
1023 2174 1076 2220 et
1103 2180 1230 2219 suos
1262 2179 1477 2233 quoque
1528 2165 1579 2218 io
1627 2163 1933 2217 civitatibus

353 2258 647 2312 officiarios
679 2257 967 2324 habebant,
999 2258 1085 2328 qui
1131 2259 1327 2328 passim
1367 2257 1424 2312 in
1459 2258 1704 2313 formulis
1746 2273 1931 2312 recen-

358 2357 564 2401 sentur.
586 2346 754 2400 Duces
777 2361 904 2400 vero
931 2362 1088 2416 supra
1121 2347 1313 2404 multos
1330 2349 1612 2401 comitatus
1633 2347 1928 2412 constituti,

358 2437 692 2506 potissimum
737 2439 1058 2494 exercitibus
1107 2438 1534 2508 praeficiebantur
1582 2457 1594 2495 :
1632 2455 1930 2510 quanquam

360 2538 414 2586 et
445 2543 571 2582 suos
618 2530 777 2585 etiam
811 2531 1006 2584 milites
1041 2531 1307 2584 habebant
1336 2531 1568 2596 comites,
1617 2531 1932 2600 quibuscum

363 2621 428 2674 ad
459 2621 681 2686 bellum,
706 2637 823 2674 cum
856 2623 1076 2692 urgebat
1099 2623 1409 2690 necessitas,
1438 2622 1932 2692 progrediebantur.

360 2713 456 2780 Qui
484 2729 612 2768 vero
641 2714 694 2766 in
726 2714 1026 2784 Burgundia
1063 2723 1154 2768 aut
1179 2714 1229 2768 io
1258 2714 1525 2784 provincia
1555 2714 1766 2771 Patrieii
1790 2714 1934 2768 dice—

363 2807 576 2876 bantur,
608 2805 822 2858 nomine
847 2815 1001 2863 tenus
1027 2806 1126 2859 sub
1150 2805 1474 2861 Francorum
1507 2805 1761 2874 regimine
1788 2820 1817 2859 a
1844 2805 1936 2860 dti-

359 2896 510 2950 cibus
540 2896 772 2950 distincti
802 2907 974 2950 erant.
992 2897 1284 2956 Tribunum
1308 2895 1496 2955 alicubi
1527 2894 1936 2953 memoratGre-

359 2987 561 3054 gorius,
591 2987 679 3056 qui
704 2995 758 3041 et
786 2987 894 3041 alio
925 2988 975 3041 in
1005 2987 1122 3043 loco
1146 2986 1211 3044 de
1250 2986 1527 3041 tribunitia
1561 2994 1823 3054 potestate
1850 2985 1934 3042 lo-

359 3075 560 3146 quitur.
594 3074 827 3131 Comites
852 3088 1025 3132 autem
1056 3078 1142 3146 qui
1176 3080 1368 3132 tributa
1418 3077 1655 3146 aliosque
1694 3077 1807 3130 fisci
1852 3091 1937 3130 re-

360 3169 504 3222 ditus
535 3167 586 3221 in
617 3168 907 3238 provinciis
935 3169 1145 3224 debitos
1174 3169 1238 3223 ad
1282 3169 1575 3240 principem
1608 3167 1804 3222 deferri
1845 3181 1936 3221 cu-

362 3259 576 3324 rabant,
605 3261 762 3314 etiam
792 3269 843 3313 et
870 3262 1153 3314 comitatus
1183 3275 1306 3314 suos
1349 3260 1667 3329 quandoque
1694 3270 1785 3316 aut
1816 3276 1931 3326 pre-

364 3350 439 3404 tio
468 3349 751 3415 emebant,
787 3360 894 3414 aut,
930 3359 986 3405 ut
1026 3351 1075 3403 in
1107 3351 1168 3405 iis
1201 3353 1656 3413 Continuarcntur,
1702 3351 1936 3420 praemis

361 3451 415 3496 et
448 3443 666 3508 pecunia
700 3441 1027 3496 obtinebant.
1056 3442 1184 3508 Quin
1216 3457 1372 3497 causa
1404 3440 1578 3494 fuitut
1607 3442 1697 3498 viri
1734 3443 1937 3509 ignobi-

368 3533 448 3585 les
492 3531 731 3584 nonnulli
777 3532 843 3585 ad
874 3532 1134 3600 ejusmodi
1181 3533 1464 3600 dignitates
1501 3533 1669 3585 evecti
1723 3531 1934 3586 fuerint.

363 3623 599 3684 Fisc.:lcs
626 3633 798 3678 tamen
819 3636 1011 3694 praeter
1038 3638 1131 3679 eos
1151 3623 1392 3677 olfrciarii
1417 3625 1648 3689 fuerunt,
1678 3624 1756 3677 sic
1786 3625 1934 3686 dicti,

363 3715 503 3782 quod
554 3715 798 3769 villarum
828 3717 1089 3784 regiarum
1113 3730 1291 3768 curam
1328 3715 1605 3779 haberent;
1639 3715 1724 3780 qui
1757 3724 1812 3768 et
1839 3715 1935 3782 ipsi

363 3812 467 3864 sub
496 3825 555 3863 se
588 3808 795 3862 fiscales
826 3808 1090 3860 variorum
1119 3805 1378 3875 graduum
1419 3804 1704 3859 officiarios
1736 3815 1791 3860 et
1819 3821 1936 3860 ser-

363 3916 461 3954 vos
506 3898 803 3966 habebant,
857 3898 945 3968 qui
997 3896 1191 3966 passim
1239 3897 1518 3950 laudantur
1558 3894 1696 3964 apud
1738 3895 1940 3962 Grego-

365 4006 522 4046 I'lllmo

442 4103 524 4156 12.
569 4101 742 4154 Locus
791 4100 877 4153 hic
928 4107 1071 4154 esset
1113 4098 1437 4166 inquirendi,
1485 4113 1728 4168 quamam
1779 4097 1939 4150 fuerit

365 4195 502 4263 apud
559 4202 768 4248 veteres
818 4193 1050 4246 Francos
1105 4191 1243 4245 inter
1297 4190 1523 4245 familias
1602 4190 1934 4253 differentia,

369 4296 614 4342 utrumve
642 4283 849 4360 medius
880 4283 1094 4352 quidam
1123 4282 1261 4336 inter
1290 4282 1496 4337 nobiles
1519 4289 1575 4336 et
1613 4295 1798 4335 servos
1830 4280 1938 4334 lue-

365 4380 430 4434 rit
461 4377 734 4432 hominum
758 4384 945 4428 status.
977 4381 1046 4428 At
1075 4376 1173 4428 iste
1197 4373 1366 4427 nodus
1389 4376 1589 4442 absque
1614 4373 1794 4439 aliquo
1827 4387 1941 4424 mo-

365 4473 624 4518 numento
662 4464 794 4519 solvi
823 4477 927 4514 non
954 4471 1148 4530 potest,
1175 4461 1478 4529 cuiusmodi
1501 4461 1568 4515 de
1599 4461 1820 4515 Francis
1847 4475 1941 4513 an-

2028 586 2347 654 colligimus,
2378 584 2519 655 quod
2559 602 2587 638 a
2615 599 2762 654 rege,
2809 598 2930 637 cum
2981 598 3164 638 earmn
3208 583 3601 650 possessionem

2029 675 2216 743 inibat,
2247 684 2636 730 sacramentum
2668 675 2966 743 exigerent,
2997 683 3052 727 ut
3080 687 3174 727 sua
3219 673 3454 744 ipsarum
3487 674 3601 742 pri-

2030 766 2215 835 vilegia
2258 767 2460 836 integra
2489 774 2852 820 servarentur.

2102 857 2183 911 15.
2215 857 2361 910 Haud
2389 856 2569 910 minus
2599 855 2794 925 ignotae
2825 863 2948 908 sunt
2973 853 3138 926 leges,
3183 855 3334 923 queis
3366 853 3601 908 Franco-

2029 963 2144 1002 rum
2167 961 2297 1017 gens
2322 957 2444 1000 ante
2467 946 2752 1000 stabilitam
2782 959 2969 1001 eorum
3001 943 3251 999 inGalbis
3273 942 3454 998 sedem
3479 951 3603 999 ute-

2029 1053 2236 1098 rentur.
2269 1043 2524 1097 Memorat
2551 1041 2801 1096 Libanius
2833 1040 2885 1093 in
2915 1039 3233 1109 panegyrico
3274 1039 3386 1106 jam
3434 1053 3596 1105 supra

2027 1149 2055 1186 a
2088 1151 2172 1189 me
2195 1134 2406 1188 laudato
2429 1131 2798 1203 leges,quibus
2821 1139 2936 1185 erat
2957 1131 3218 1184 sancitum
3249 1129 3387 1198 apud
3419 1128 3559 1183 Frau

2029 1241 2141 1287 cos,
2177 1235 2234 1280 ut
2279 1224 2373 1294 qui
2410 1224 2549 1291 apud
2595 1239 2688 1279 eos
2733 1223 2934 1290 majora
2986 1221 3263 1287 auderent,
3313 1221 3605 1289 majoribus

2032 1315 2193 1369 etiam
2248 1313 2541 1368 honoribus
2601 1312 2918 1380 potirentur.
2965 1308 3203 1366 Celebris
3248 1324 3462 1379 semper
3509 1311 3608 1364 fuit

2031 1408 2170 1477 apud
2200 1409 2430 1479 majores
2460 1418 2672 1463 nostros
2723 1407 2806 1461 lex
2836 1407 3032 1473 Salica,
3059 1408 3124 1462 de
3150 1407 3302 1474 cujus
3326 1407 3528 1477 origine
3554 1416 3610 1461 et

2033 1498 2199 1553 variis
2227 1498 2602 1553 additamentis
2631 1498 2728 1552 viri
2759 1497 2951 1552 eruditi
2993 1497 3188 1567 passim
3234 1498 3516 1566 scripsere.
3542 1499 3608 1552 At

2032 1603 2152 1643 cum
2195 1598 2398 1644 certum
2442 1589 2512 1645 sit
2553 1604 2670 1642 eam
2710 1588 2774 1642 ad
2823 1597 3104 1656 posteros,
3147 1588 3318 1656 qualis
3361 1587 3608 1656 primitus

2035 1677 2131 1732 fuit
2171 1693 2201 1732 a
2249 1678 2470 1734 Francis
2511 1679 2685 1734 adhuc
2726 1677 2956 1734 ethnicis
3005 1679 3239 1732 instituta
3284 1688 3337 1733 et
3380 1678 3603 1745 dictata,

2037 1786 2142 1824 non
2185 1771 2348 1825 fuisse
2389 1772 3043 1835 transmissam;veterum
3081 1771 3402 1824 Francorum
3435 1787 3609 1826 mores

1965 1854 2005 1910 Β
2037 1860 2255 1925 exinde,
2278 1862 2510 1914 maxime
2541 1861 2593 1914 in
2619 1861 2702 1915 his
2729 1876 2848 1929 qua:
2877 1861 2940 1913 ad
2974 1859 3288 1930 religionem
3317 1861 3606 1930 pertinent,

2032 1952 2348 2016 exploratos
2379 1951 2574 2005 habere
2605 1965 2709 2005 non
2740 1964 3041 2020 possumus.
3075 1949 3290 2004 Modum
3323 1963 3427 2019 quo
3455 1949 3608 2018 legati

2030 2041 2319 2095 Clilodovei
2349 2042 2566 2096 nomine
2586 2041 2903 2096 Chlotildem
2939 2041 3351 2109 desponsamnt,
3381 2040 3603 2095 exhibet

2036 2133 2385 2203 Frcdegarius
2407 2135 2457 2187 in
2491 2134 2757 2200 Epitome,
2785 2133 2958 2203 capite
2981 2131 3064 2186 l8.
3087 2131 3391 2198 Olferenm,
3421 2132 3609 2201 inquit,

2031 2226 2252 2278 solidum
2293 2233 2340 2278 et
2386 2226 2670 2289 denarium,
2711 2235 2764 2277 ut
2804 2241 2912 2279 mas
2958 2232 3065 2279 erat
3106 2223 3447 2290 Francorum,
3497 2240 3607 2277 eam

2036 2318 2262 2385 partibus
2286 2315 2558 2370 Chlodovei
2581 2317 2909 2384 desponsam.
2943 2317 3089 2382 Quod
3123 2315 3175 2369 in
3205 2316 3473 2368 veteribus
3501 2315 3610 2368 for-

2035 2405 2193 2461 mulis
2227 2408 2363 2474 apttd
2396 2405 2733 2476 Bignoninm,
2762 2421 2908 2459 num.
2942 2405 2995 2471 5,
3024 2406 3300 2458 secundum
3321 2404 3482 2475 legem
3509 2403 3610 2458 Sa-

2036 2498 2184 2550 licam
2213 2497 2326 2551 fieri
2372 2496 2585 2550 dicitur.
2617 2496 2684 2550 At
2716 2496 2841 2549 nihil
2878 2495 2945 2550 de
2976 2495 3036 2549 iis
3067 2496 3220 2549 habet
3269 2504 3448 2549 noster
3476 2494 3610 2549 Gre-

2035 2587 2252 2656 gorius;
2285 2586 2377 2640 sed
2410 2586 2500 2639 lib.
2533 2601 2581 2638 ix
2619 2585 2884 2649 Historiu‘,
2916 2587 3091 2653 capite
3120 2585 3212 2650 ΞΟ,
3233 2584 3505 2653 exemplar
3526 2598 3610 2637 re-

2037 2678 2139 2731 fert
2165 2677 2445 2746 pactionis,
2481 2677 2531 2730 in
2561 2691 2660 2744 qua
2694 2677 2761 2730 de
2787 2674 2910 2730 d0te
2934 2685 2987 2728 et
3019 2674 3416 2743 morganegiba,
3445 2672 3496 2726 id
3525 2682 3608 2727 est

2037 2771 2178 2823 dono
2206 2769 2348 2838 quod
2373 2769 2595 2822 maritus
2627 2767 2778 2821 uxori
2813 2767 2984 2835 primo
3013 2765 3100 2820 die
3128 2768 3429 2834 nuptiarum
3452 2780 3609 2819 mane

2037 2859 2318 2922 offerebat,
2361 2858 2552 2928 agitur.
2591 2856 2809 2912 Veteres
2845 2858 3166 2911 Francorum
3216 2857 3358 2926 leges
3387 2870 3414 2909 a
3456 2871 3610 2926 paga-

2043 2948 2217 3001 nismo
2275 2951 2477 3015 primus
2532 2947 2844 3016 expurgavit
2893 2946 3282 3013 Theodericus,
3344 2947 3612 3016 perfecero

2041 3039 2422 3093 Childebertus
2473 3048 2527 3092 et
2573 3039 2875 3093 Clilotarius
2902 3039 3019 3107 ejus
3070 3039 3278 3102 f-atres,
3313 3054 3442 3109 quas
3485 3040 3612 3093 item

2044 3137 2230 3181 auctas
2265 3137 2321 3181 et
2371 3127 2679 3181 emendatas
2723 3127 3012 3196 publicavit
3049 3142 3187 3180 anno
3217 3126 3320 3180 650
3348 3127 3612 3196 Dagober-

1966 3211 2012 3273 C
2045 3230 2150 3283 tus,
2183 3229 2239 3273 ut
2277 3234 2342 3275 ex
2368 3219 2767 3287 prarfatiuncula
2798 3219 2859 3272 ad
2891 3219 3130 3286 ejusdem
3180 3220 3320 3287 regis
3351 3219 3611 3287 capitula-

2043 3311 2119 3362 ria
2163 3318 2326 3377 patet,
2360 3324 2516 3378 quam
2551 3310 2603 3363 in
2631 3310 2922 3378 appendiee
2951 3309 3215 3364 dabimus.
3237 3308 3392 3378 Legis
3433 3319 3609 3362 autem

2049 3399 2236 3453 Salicze
2280 3408 2371 3450 aut
2409 3398 2628 3451 alterius
2658 3397 2963 3465 cujuslibet,
3015 3413 3081 3451 ne
3132 3413 3328 3452 nomen
3377 3398 3610 3467 quidem,

2044 3502 2237 3560 prmter
2267 3491 2661 3546 ecclesiasticos
2707 3489 2951 3543 Canones
2997 3498 3055 3543 et
3096 3491 3264 3558 legem
3295 3489 3610 3558 Romanam,

2045 3595 2263 3648 nsquam
2315 3582 2569 3646 exprimit
2596 3579 2887 3650 Gregorius
2925 3597 2936 3630 :
2970 3589 3022 3631 at
3050 3593 3114 3632 ex
3151 3580 3214 3633 iis
3255 3593 3373 3648 qme
3406 3589 3609 3641 narrat,

2044 3670 2196 3724 facile
2227 3670 2525 3738 colligimus
2577 3670 2763 3725 Salicre
2811 3669 2944 3733 legis
2971 3670 3101 3724 scita
3136 3684 3254 3738 quae
3281 3669 3346 3722 ad
3377 3672 3611 3737 regimen

2043 3765 2331 3830 pertinent,
2361 3777 2390 3815 a
2439 3762 2656 3815 Francis
2708 3775 2922 3829 semper
2973 3762 3408 3816 constantissime
3450 3762 3614 3816 fuisse

2041 3855 2337 3908 observata.
2369 3852 2498 3906 Tale
2533 3862 2617 3906 est
2643 3851 2770 3906 illud
2812 3865 2876 3905 ex
2916 3851 3092 3919 capite
3121 3852 3208 3918 (-52,
3247 3867 3394 3906 num.
3423 3852 3478 3917 6,
3509 3867 3614 3922 quo

2041 3954 2277 4007 cavetur,
2307 3957 2376 3996 ne
2407 3942 2511 3994 tilla
2551 3942 2742 3997 Salicae
2791 3950 2945 3995 terrae
3000 3942 3174 4009 portio
3222 3941 3290 3995 ad
3338 3942 3614 3996 mulierem

2042 4034 2241 4096 veniat,
2273 4031 2364 4085 sed
2395 4040 2499 4084 tota
2530 4032 2596 4084 ad
2627 4030 2838 4085 virilem
2882 4045 3066 4084 sexum
3099 4031 3430 4086 devolvatur.
3463 4032 3613 4097 Quod

2042 4129 2295 4176 accurate
2326 4121 2379 4174 in
2409 4121 2557 4189 regni
2589 4120 3019 4174 successionibus
3059 4120 3399 4174 observatum
3450 4121 3616 4177 fuisse

2042 4226 2106 4266 ex
2140 4208 2380 4277 Gregorii
2430 4208 2656 4263 Historia
2687 4207 2959 4261 discimus.
2992 4208 3259 4277 Nusquam
3301 4208 3444 4262 enim
3472 4211 3613 4278 apud

2041 4315 2164 4354 eum
2211 4297 2435 4368 legimus
2479 4298 2530 4350 iu
2568 4297 2717 4365 regni
2761 4296 3110 4352 divisionibus
3141 4298 3367 4353 feminas
3406 4299 3457 4353 in
3492 4314 3615 4368 par-

2046 4395 2152 4442 tem
2179 4387 2410 4440 venisse.
2441 4386 2629 4448 lmmo,
2661 4386 2704 4437 si
2735 4385 2852 4453 quis
2891 4401 2983 4439 rex
3014 4386 3215 4454 absque
3244 4387 3478 4442 maribus
3503 4388 3612 4443 fato

2043 4478 2256 4531 functus
2288 4475 2408 4540 fuit,
2444 4489 2548 4528 non
2579 4474 2748 4542 ipsius
2774 4474 2917 4542 filiae,
2949 4475 3041 4528 sed
3069 4484 3159 4528 aut
3184 4475 3378 4531 fratres
3406 4486 3498 4532 aut
3525 4494 3618 4533 ne-

367 4567 580 4626 lequam
620 4556 671 4612 in
700 4554 887 4612 Galliis
915 4554 1133 4608 stabiliti
1171 4551 1416 4618 fuissent,
1447 4567 1707 4652 nusquam
1740 4555 1934 4621 reperi.
1969 4593 2022 4652 Β
2048 4578 2197 4636 pom
2217 4567 2280 4620 ad
2304 4566 2452 4634 τρεηί
2481 4565 2872 4620 successionem
2903 4575 3268 4622 accessemm.
3295 4566 3421 4623 nam
3447 4569 3618 4639 prima

369 4648 483 4704 lloc
509 4661 669 4700 unum
691 4656 944 4698 constans
974 4643 1205 4703 invenio.
1227 4643 1412 4695 Franci
1437 4641 1649 4697 nomine
1673 4642 1939 4695 hominem

378 4738 604 4791 liberum
640 4745 694 4790 et
720 4751 748 4788 a
773 4735 1009 4805 qualibet
1046 4735 1305 4789 servitute
1338 4736 1624 4794 immunem
1652 4734 1942 4804 designari.

371 4827 503 4881 Cum
529 4843 656 4882 vero
687 4826 875 4882 Franci
917 4825 1077 4891 simul
1104 4840 1223 4879 cum
1249 4826 1518 4879 veteribus
1547 4825 1712 4880 Gallis
1739 4841 1854 4890 seu,
1886 4836 1945 4880 ut

372 4931 498 4975 tunc
527 4919 897 4988 loquebantur,
923 4916 1196 4977 Romanis,
1231 4919 1281 4970 in
1315 4932 1476 4973 unum
1516 4917 1767 4984 pepulum
1815 4931 1939 4971 coa-

372 5011 608 5078 luerunt,
641 5009 883 5062 homines
915 5008 1049 5062 alios
1078 5021 1145 5062 ex
1178 5006 1526 5059 nobilissimis
1555 5018 1608 5058 et
1635 5007 1939 5072 senatoriis,

370 5112 426 5162 ut
470 5101 630 5156 habet
675 5099 979 5168 Gregorius,
1026 5097 1240 5151 familiis
1286 5105 1502 5150 exortos
1534 5095 1766 5158 invenio,
1809 5096 1942 5149 alios

369 5191 614 5252 servituti
644 5192 995 5260 mancipatos,
1028 5189 1164 5244 alios
1188 5190 1444 5258 ingenuos
1467 5187 1790 5251 natos,alios
1818 5202 1942 5242 vero

369 5283 641 5340 servitutis
664 5283 812 5354 jugo,
831 5283 1167 5337 dominorum
1191 5279 1706 5352 suorumlbeneficio,
1726 5280 1944 5332 omnino

372 5379 459 5434 vel
510 5394 576 5434 ex
610 5387 757 5447 parte
793 5375 1086 5430 absolutos.
1119 5376 1218 5441 Qui
1247 5390 1312 5429 ex
1344 5373 1617 5430 veteribus
1658 5371 1821 5425 Gallis
1851 5382 1942 5425 aut

370 5471 562 5540 opibus
584 5466 927 5538 praestabant,
943 5476 1034 5519 aut
1061 5477 1212 5519 erant
1233 5481 1299 5520 ex
1323 5465 1556 5533 antiquis
1580 5462 1792 5516 familiis
1814 5461 1939 5526 orti,

373 5563 679 5631 dignitates,
705 5561 866 5616 etiam
898 5560 1214 5628 praecipuas,
1247 5559 1387 5613 sicut
1412 5565 1467 5612 et
1493 5566 1699 5611 veteres
1730 5553 1942 5618 Franci,

373 5654 734 5718 obtinuerunt,
785 5651 1014 5717 factique
1052 5659 1175 5704 sunt
1215 5650 1438 5702 comites
1482 5657 1535 5701 et
1580 5647 1781 5710 duces;
1812 5661 1945 5715 quos

376 5744 498 5798 ideo
530 5747 723 5811 passim
748 5744 882 5813 apud
916 5741 1229 5810 Gregorium
1249 5740 1474 5808 legimus
1497 5739 1578 5792 his
1608 5737 1826 5792 vocibus
1856 5738 1946 5792 dc-

377 5838 635 5906 signatos,
662 5835 896 5892 Francus
936 5844 1025 5891 aut
1059 5835 1320 5890 llomanus
1361 5848 1565 5904 genere.
1595 5833 1732 5901 Quin
1773 5842 1826 5889 et
1856 5847 1946 5888 ur-

2047 4657 2146 4713 fuit
2172 4658 2307 4712 inter
2336 4664 2564 4726 quatuor
2591 4654 2881 4710 Chlodovei
2910 4655 3081 4726 Magni
3121 4656 3258 4713 filios
3297 4659 3447 4727 regni
3487 4660 3621 4714 divi.

2029 4749 2208 4805 .dundi
2236 4748 2401 4812 ratio;
2431 4747 2724 4816 eademque
2738 4756 2859 4816 post
2870 4747 3127 4802 Chlotarii
3145 4750 3452 4803 monarchm
3469 4764 3616 4804 mor-

2048 4852 2153 4896 tem
2200 4842 2338 4895 inter
2390 4839 2560 4906 ipsius
2605 4838 2742 4891 filios
2779 4850 2989 4892 servata
3023 4854 3038 4891 :
3069 4847 3124 4892 et
3168 4838 3488 4895 Chariberto
3532 4849 3623 4899 aut

2046 4933 2387 4988 Childeberto
2414 4931 2650 4999 regibus,
2683 4931 2885 4999 absque
2906 4927 3077 4984 virilis
3105 4945 3264 4985 sexus
3295 4931 3481 4986 liberis
3516 4932 3615 4988 de-

2049 5025 2269 5088 functis,
2298 5039 2402 5076 non
2447 5037 2630 5076 eorum
2682 5022 2826 5086 filiie,
2856 5022 2950 5076 sed
2985 5021 3181 5074 fratres
3225 5033 3621 5080 successerunt.

2124 5115 2210 5170 Μ,
2243 5117 2304 5166 lit
2320 5123 2498 5168 tamen
2525 5128 2588 5166 ea
2617 5123 2734 5167 erat
2759 5127 2788 5165 e
2812 5111 2974 5180 regiis
2998 5111 3179 5166 liberis
3196 5112 3426 5166 filiarum
3453 5113 3623 5182 digni-

2053 5219 2150 5271 tas,
2186 5217 2241 5260 ut
2267 5207 2318 5259 in
2351 5207 2528 5275 probis
2558 5205 2866 5260 auctoribus
2897 5219 3153 5271 nusquam
3183 5204 3420 5259 invenias
3451 5206 3619 5262 ullam

2050 5302 2170 5354 aliis
2213 5314 2370 5368 quam
2424 5300 2639 5365 regibus
2689 5297 2744 5350 in
2791 5295 3133 5348 matrimonio
3181 5295 3432 5352 locatam.
3482 5297 3622 5366 Quin

2051 5391 2212 5444 etiam
2245 5398 2353 5442 tum
2383 5403 2504 5441 cum
2536 5387 2588 5440 in
2632 5395 2850 5454 paterna
2892 5385 3052 5438 domo
3095 5384 3326 5455 conjugii
3370 5401 3621 5456 expertes

2053 5480 2375 5543 manebant,
2425 5477 2636 5547 Regina
2682 5475 3149 5540 nuncupabantur;
3228 5476 3367 5533 forte
3413 5488 3473 5533 ut
3511 5496 3623 5533 rue-

2056 5572 2336 5626 minissent
2383 5570 2513 5622 solis
2560 5582 2618 5619 se
2666 5567 2880 5634 regibus
2927 5567 3039 5620 fore
3079 5569 3495 5639 desponsandas,
3528 5586 3624 5627 nec

2054 5664 2173 5717 aliis
2202 5659 2528 5728 copulandas
2559 5656 2714 5720 viris,
2747 5672 2814 5709 ne
2850 5667 2954 5710 tam
2989 5657 3192 5714 illustre
3223 5675 3416 5716 nomen
3445 5661 3625 5714 detur-

2055 5761 2262 5824 parcut.
2297 5750 2386 5803 Sic
2415 5758 2470 5802 et
2520 5763 2701 5815 regum
2755 5749 2844 5801 filii
2895 5765 3036 5819 reges
3087 5751 3285 5817 pas:~im
3331 5752 3626 5821 appellatos

2057 5845 2220 5903 fuisse
2253 5841 2496 5913 legimus,
2528 5838 2668 5912 quod
2699 5849 2920 5912 paterno
2951 5855 3116 5924 regno
3157 5842 3510 5902 substitueudi
3543 5846 3624 5906 fo-
