1986 3170
131 175 165 202 at
863 168 1058 197 PRtEFATIO.
1731 174 1769 204 η

129 236 203 260 rent.
218 230 276 258 los
291 229 364 256 cnim
380 232 444 256 tunc
459 230 517 256 erat
525 226 597 254 inter
612 225 731 253 Francus
745 228 880 259 receptus,
895 230 922 251 ιιι
938 227 962 256 Α
991 232 1145 259 usurpasse,
1158 226 1233 260 quasi
1248 227 1393 261 aliquando
1407 227 1525 256 iii-aneos
1542 230 1668 263 vicisset;
1689 239 1766 266 eses.

131 285 195 312 rege
206 280 323 307 mortuo,
338 282 387 309 pro
402 273 517 300 ﬁliorum
533 279 646 299 numero
662 278 772 306 regnum
787 270 924 297 dividere-

132 327 193 352 tur;
206 327 232 349 et
247 322 284 348 ita
301 321 328 348 in
349 327 399 347 suo
414 319 527 354 quisque
546 325 628 353 regno
649 322 707 345 erat
721 324 736 343 a
750 317 855 344 caeteris
870 317 925 344 fra-

134 371 218 396 tribus
233 368 384 398 absolutus,
393 371 421 393 ut
430 365 521 392 nullus
534 368 608 392 esset
621 364 667 399 qui
683 363 709 391 in
726 363 835 391 fraterni
850 363 924 398 regni

134 415 262 451 regimine
277 415 423 449 quidquam
441 407 582 447 potestatis
596 412 718 440 haberet.
736 412 764 439 id
780 419 813 438 ex
828 418 862 438 eo
876 418 924 446 pa-

133 466 171 487 tet
193 460 265 495 quod
287 460 457 487 Guntramno
472 457 592 492 ,accidit.
608 457 674 485 Nam
699 465 759 484 cum
778 456 847 483 filios
873 464 924 483 non

132 505 253 536 haberet,
268 504 318 531 etsi
337 508 464 538 nepotum
486 510 607 535 suorum,
628 507 657 529 ut
679 502 826 536 loquimur.
843 502 869 529 id
884 506 927 529 est

133 551 249 578 filiorum
265 550 378 577 fratrum
393 556 516 580 suorum,
530 554 606 584 pater
619 548 697 584 vulgo
708 554 924 583 nuncuparetur;

132 606 193 625 cum
215 603 304 625 tamen
326 596 468 631 episcopos
483 596 510 624 in
524 595 674 623 Chiotharii
689 594 793 630 parvuli
815 601 925 629 regnum

133 645 261 677 misisset,
275 643 321 677 qtti
336 650 396 669 cum
411 642 470 677 ejus
492 642 569 676 regni
585 640 747 676 primoribtts
760 640 793 668 de
808 640 926 667 Praetex-

133 691 180 716 tati
194 689 269 717 caede
284 689 311 715 in
327 688 386 715 loco
396 692 491 714 sancto
503 686 573 714 facta
587 687 772 721 inquirerent:
794 685 925 713 Chlotarii

134 735 264 769 primates
277 733 303 761 id
315 740 345 761 se
357 740 411 760 non
425 733 605 767 permissuros
623 738 684 759 esse
698 732 838 759 contestati
852 736 925 764 sunt,

132 789 193 808 cum
207 781 242 808 ad
263 781 348 815 ipsos,
364 779 436 814 regis
448 779 491 806 sui
507 783 620 811 tutores,
641 778 769 805 attineret
782 777 927 805 auctoritas

133 827 215 862 regali
233 826 364 853 sanctione
385 825 456 852 male
477 829 536 852 acta
551 824 759 859 comprimendi.
776 823 810 851 Et
823 831 854 851 re
869 822 926 857 ipsa

133 879 272 907 nunquam
296 871 427 906 impedire
456 871 550 906 potuit,
566 870 630 905 quin
647 870 798 903 Helantius,
813 870 840 897 in
853 870 926 898 Pte-

976 271 1058 297 citutn
1085 271 1188 304 movit,
1215 276 1245 298 ut
1263 272 1510 307 Cottstantinopolis
1533 274 1606 302 urbis
1628 283 1766 310 expugna-

978 316 1060 349 tione,
1077 316 1219 351 subjugato
1234 317 1356 352 imperio,
1374 322 1447 345 tanta
1468 318 1638 350 imperatoris
1659 322 1764 348 vanitas

976 362 1134 390 dilueretur.
1151 363 1184 389 Et
1206 363 1314 397 quidem
1336 371 1389 390 non
1413 365 1544 391 minorem
1567 372 1597 392 se
1619 372 1766 400 agnoverat

975 407 1157 435 Chlodoveum
1169 409 1326 436 Anastasius
1339 409 1494 443 imperator,
1506 411 1558 443 cui,
1567 415 1682 438 testante
1695 412 1762 439 Gre-

975 453 1060 486 gorio,
1074 453 1212 481 codicillos
1234 454 1268 481 de
1281 455 1422 482 consulatu
1447 457 1595 483 transmisit
1610 457 1635 484 in
1652 457 1761 484 honoris

976 503 1005 526 et
1021 499 1148 527 amicitiae
1160 506 1300 528 tesseram.
1317 501 1374 529 Non
1389 503 1461 530 enim
1475 504 1593 538 aliquam
1607 505 1641 532 ab
1652 506 1766 540 impera-

977 551 1036 574 tore
1066 552 1223 581 potestatem
1246 556 1279 576 ex
1307 551 1358 577 hoc
1382 551 1519 584 accepisse
1551 552 1704 580 censendus
1723 557 1767 580 est

976 591 1157 625 Chlodoveus,
1184 594 1228 628 qui
1253 594 1309 629 jam
1335 599 1399 623 tttnc
1423 597 1551 631 temporis
1576 597 1764 632 imperatorem

978 638 1064 671 ipsum
1081 640 1198 673 potentia
1214 641 1368 674 superabat.
1383 641 1586 670 Esiudetamen
1597 642 1765 670 Chlodoveus

978 691 1054 711 more
1065 684 1255 718 imperatorum
1270 686 1577 715 diadematereditnitus
1590 689 1615 715 in
1631 689 1763 723 publicum

978 729 1120 763 processit,
1141 735 1168 757 et
1191 730 1301 762 blattea.
1317 731 1343 758 id
1365 736 1410 760 est
1434 740 1566 767 purpurea
1590 740 1674 769 veste,
1690 742 1766 767 usus,

979 775 1086 810 Augusti
1097 776 1204 804 nomine
1217 777 1332 805 donatus
1345 777 1404 806 fuit.

1017 820 1059 848 is.
1085 820 1160 848 lianc
1180 827 1270 850 autem
1294 830 1437 857 summam,
1451 832 1503 860 qua
1530 825 1666 859 pollebant
1688 833 1765 861 reges

979 866 1063 893 nostri
1079 868 1281 902 auctoritatem,
1294 877 1345 896 non
1361 871 1505 904 supercilio
1526 871 1552 898 in
1578 872 1701 906 populos,
1718 879 1766 899 ve-

136 918 234 945 tcxtati
248 917 342 944 sedem
355 917 411 951 ipsa
427 920 524 951 agente
541 915 716 949 Fredegunde
730 915 860 947 intrusus,
874 914 928 942 Ro-
943 916 967 946 Β
980 911 1027 940 luli
1042 911 1187 940 orientales
1203 921 1279 948 reges
1293 914 1338 949 qui
1352 922 1367 941 a
1380 915 1561 949 popularibus»
1581 916 1637 945 suis
1659 917 1766 944 adorari

135 963 303 998 thomagensi
320 961 440 989 Ecclesia
458 962 598 995 potiretur.
613 960 701 995 Reges
714 968 777 988 vero
789 965 867 988 tet-tte
878 961 928 988 mi-

136 1016 218 1037 nores
238 1009 284 1044 qui
302 1015 386 1043 regno
408 1006 624 1034 administrando
640 1006 758 1034 nondum
784 1006 887 1034 habiles
901 1010 928 1034 et

135 1054 226 1082 idonei
244 1058 330 1085 erant,
345 1052 490 1080 manebant
511 1052 560 1079 sub
580 1045 665 1079 tutela
680 1056 708 1079 et
727 1052 830 1084 matris,
843 1051 865 1079 si
881 1059 927 1079 su-

136 1105 268 1135 peresset,
285 1104 313 1127 et
335 1098 411 1133 regni
434 1098 518 1132 ipsius
541 1098 711 1132 optimatum,
727 1102 757 1124 ut
768 1097 803 1125 de
817 1098 928 1126 Cbilde-

138 1147 216 1172 berto
227 1145 364 1180 Sigibcrti,
379 1148 406 1171 ιιι
430 1143 567 1170 Chlotario
581 1143 724 1177 Chilperici
740 1142 801 1170 filiis
816 1150 848 1171 es
863 1143 929 1171 Gre-

134 1192 215 1226 gorio
228 1189 521 1226 liquetJJhihlebcrtus
536 1189 607 1216 idem
626 1196 711 1217 annos
725 1188 789 1216 vita:
801 1192 930 1223 quatuor-

137 1237 227 1264 decim
241 1243 377 1271 egressus,
394 1242 409 1262 a
424 1241 518 1269 patruo
532 1242 583 1261 suo
597 1234 764 1263 Guntramno
776 1242 836 1267 rex,
851 1234 877 1261 id
887 1238 930 1261 est

138 1282 245 1318 populis
256 1289 304 1317 per
319 1288 348 1308 se
362 1281 448 1315 ipsum
463 1280 588 1315 regendis
604 1285 710 1314 potens,
724 1287 782 1311 seu,
799 1284 829 1307 ut
840 1280 928 1315 loqui-

136 1329 299 1362 mur,ij
310 1326 462 1354 declaratus
474 1329 517 1352 est
528 1325 573 1352 lib.
586 1333 621 1352 vn
637 1325 771 1359 Historia,
783 1324 928 1360 capite33;

136 1383 170 1401 cs
186 1381 241 1408 quo
255 1373 336 1400 etiam
357 1372 444 1405 capite
465 1371 620 1398 inStituendi
639 1371 711 1404 regis
725 1371 833 1398 modum
848 1370 930 1398 disci-

137 1428 211 1447 mus.
226 1419 291 1446 Nam
307 1418 342 1446 ibi
355 1417 539 1445 Guntrantnus
552 1416 613 1443 data
629 1417 655 1443 in
674 1416 831 1443 Cltildelterti
854 1425 931 1444 ntantt

138 1467 225 1497 haud,
237 1466 321 1492 dixit:
337 1464 392 1490 Hoc
406 1470 444 1491 est
455 1463 588 1493 indicium,
601 1462 669 1496 quod
680 1463 727 1489 tibi
738 1471 812 1490 omne
825 1471 932 1498 regulus

137 1519 223 1537 Wlm
237 1510 345 1537 tradidi.
360 1510 441 1536 Certe
454 1517 485 1536 ex
504 1508 640 1535 veteribus
655 1508 772 1535 numtnis
791 1508 929 1543 discimus,

139 1559 245 1584 hastam
253 1557 323 1591 apud
340 1556 457 1583 Francos
473 1555 552 1590 regiae
568 1555 709 1590 poti-statis
722 1555 826 1590 insigne
837 1555 930 1584 fuisse.

980 963 1192 989 consueverunt,
1209 967 1261 986 non
1276 961 1360 987 etiam
1372 962 1428 988 auri
1440 966 1467 989 et
1477 961 1630 989 divitiarum
1642 963 1768 997 amplitu-

978 1004 1044 1032 dine
1055 1005 1104 1032 sibi
1119 1005 1306 1038 conoiliarunt,
1320 1007 1367 1034 sed
1383 1015 1475 1036 amore
1488 1008 1514 1035 in
1530 1009 1654 1043 populos,
1669 1014 1697 1037 et
1710 1017 1769 1037 mu-

980 1055 1025 1078 tue
1045 1051 1211 1085 popularium
1224 1052 1251 1079 in
1275 1060 1364 1086 regem
1376 1061 1479 1086 amore,
1492 1056 1537 1089 qui
1559 1056 1591 1082 in:
1601 1055 1767 1083 Francorum

979 1098 1106 1125 cordibus
1126 1103 1251 1125 enatura
1272 1098 1367 1126 insitus
1388 1100 1504 1127 videtur.
1522 1101 1589 1128 Hinc
1611 1100 1711 1128 hctum
1726 1106 1769 1129 est
1798 1111 1799 1114 π

980 1147 1010 1170 ut
1022 1147 1127 1171 caeteras
1143 1144 1275 1177 nationes,
1290 1152 1349 1180 qua!
1368 1145 1496 1174 inclinato
1517 1147 1630 1182 imperio
1645 1148 1726 1174 variis
1741 1148 1767 1176 in

981 1189 1125 1224 provinciis
1149 1190 1228 1218 sedes
1251 1196 1424 1224 acceperant,
1444 1191 1513 1219 haud
1529 1192 1574 1220 diu
1596 1199 1642 1220 eas
1660 1200 1768 1221 scrvare

981 1236 1125 1270 potuerint,
1135 1236 1207 1271 quod
1221 1244 1269 1264 sua
1285 1242 1415 1270 potestate
1429 1238 1656 1266 abuterentur.At
1671 1238 1766 1267 Franci

980 1289 1047 1316 quas
1060 1282 1212 1317 provincias
1226 1283 1324 1310 virtute
1334 1289 1382 1310 sua
1396 1283 1591 1318 acquisierunt,
1606 1291 1660 1311 non
1679 1283 1769 1312 solum

980 1335 1124 1355 servavere
1136 1328 1292 1361 incolumes,
1307 1329 1353 1356 sed
1366 1333 1394 1356 et
1400 1330 1501 1357 vicinas
1510 1330 1609 1357 autsibi
1617 1330 1768 1365 subiecere,

981 1377 1027 1400 aut
1050 1373 1106 1401 suis
1129 1375 1247 1402 contenti
1273 1375 1369 1403 ﬁnibus
1383 1375 1497 1404 elfecere
1521 1376 1685 1404 tributarias.
1702 1377 1769 1410 Quis

981 1419 1083 1447 neseiat
1093 1419 1249 1454 Wandalos,
1261 1421 1352 1448 Alanis
1365 1421 1517 1453 exstinctis,
1531 1422 1649 1449 Africam
1657 1422 1701 1449 vis
1716 1430 1771 1450 uno

981 1467 1081 1493 saeculo
1099 1466 1260 1499 obtinuisse,
1276 1474 1308 1494 ac
1321 1467 1399 1502 paulo
1413 1472 1475 1502 post
1487 1467 1590 1495 Suevos
1601 1468 1627 1495 in
1645 1467 1770 1496 Gailacia

979 1510 1072 1546 jugum
1092 1510 1312 1545 Wisigottltorum
1336 1512 1427 1539 subire
1445 1512 1528 1539 fuisse
1551 1513 1677 1540 coactos?
1692 1512 1769 1541 liaud

982 1556 1083 1584 diutius
1098 1556 1243 1584 substitere
1262 1556 1462 1591 Burgundiones
1476 1557 1503 1584 in
1524 1556 1618 1589 Gallia,
1631 1557 1771 1592 Ostrogot-

139 1603 314 1630 tlhlodoveus
326 1607 415 1629 tamen
430 1606 488 1636 post
498 1601 623 1636 Sigiberti
638 1601 808 1629 Coloniensis
822 1601 891 1636 regis
903 1605 931 1629 et
944 1603 968 1636 C
985 1602 1023 1629 thi
1042 1602 1068 1629 in
1092 1602 1176 1635 Italia,
1190 1602 1345 1637 Wisigottlti
1366 1602 1393 1629 in
1415 1603 1590 1637 Septitnania.
1615 1606 1648 1630 At
1672 1603 1769 1631 Franci

139 1649 199 1684 ejus
220 1649 265 1676 lilii
287 1656 381 1675 necem
397 1648 423 1674 in
446 1646 537 1681 clypeo
555 1650 667 1679 evectus,
684 1653 730 1674 rex
754 1654 848 1673 eorum
872 1646 931 1674 loco

140 1694 301 1722 consumtus
323 1693 381 1720 luit.
398 1693 548 1727 Sigibertus
570 1697 660 1719 autem
684 1699 699 1719 a
723 1692 887 1719 Neustrasiis
905 1693 931 1719 in

142 1747 231 1775 regem
246 1743 372 1773 acceptus
385 1746 463 1770 super
474 1737 562 1773 clypeo
576 1738 711 1772 impositus
722 1742 770 1765 est.
786 1737 840 1765 Nec
855 1738 932 1765 aliter

142 1784 533 1812 liundobadum-Itnilotneretn
545 1790 558 1809 a
575 1783 631 1810 suis
651 1784 676 1809 in
694 1790 784 1818 regem
810 1789 932 1811 evectum

141 1831 226 1858 [υἱέε
240 1830 364 1865 legimus.
380 1829 542 1863 Supremunt
560 1834 648 1856 autem
671 1835 763 1864 regtttn
779 1833 933 1856 nostrorum

143 1875 292 1902 dominium
308 1874 357 1901 soli
375 1873 429 1900 Deo
443 1873 592 1907 subjectum
610 1879 739 1903 tncmornt
755 1874 854 1907 passim
867 1873 934 1901 Gre-

143 1920 244 1954 gorius,
256 1927 319 1946 cum
333 1926 390 1950 eos,
404 1917 454 1945 nisi
468 1918 597 1952 justitiam
613 1919 792 1951 exercuerim,
802 1918 932 1952 judicium

142 1967 191 1993 Dei
205 1965 254 1993 sibi
269 1964 408 1992 imminere
425 1964 570 1996 admonet;
583 1963 659 1997 cujus
681 1964 718 1990 rei
734 1963 870 1998 egregium
883 1964 933 1991 ha-

142 2013 237 2039 bemus
248 2010 401 2044 esetnplutn
418 2010 443 2036 lli
460 2009 530 2036 libro
544 2016 560 2035 v
575 2009 709 2042 Historim,
721 2009 809 2043 capite
824 2009 869 2042 19,
888 2009 932 2037 ubi

141 2057 292 2092 Gregorius
305 2054 486 2089 (ΙΙιΗριτὶι-ιιιιι
503 2055 648 2088 alloquens,
667 2055 720 2089 regi
744 2055 852 2089 quidem
876 2055 933 2090 epi-

141 2110 241 2138 scopos
255 2110 352 2130 omnes
373 2109 433 2128 esse
454 2101 588 2135 subjectus
609 2105 737 2134 testatur;
754 2109 844 2136 regem
870 2109 934 2130 vero

141 2150 230 2183 ipsum
255 2149 362 2176 nonnisi
391 2148 454 2178 Deo.
471 2148 514 2181 qui
540 2148 683 2174 ct'itninutn
712 2154 934 2182 quorumcunque

142 2195 283 2222 hominum
299 2194 370 2221 ultor
384 2198 434 2219 est.
447 2192 476 2219 Si
491 2193 558 2227 quis,
574 2193 671 2226 inquit,
690 2200 721 2218 ea:
735 2192 809 2219 nobis
830 2193 933 2220 aberra-

139 2244 214 2274 κνῆ,
230 2249 246 2267 ιι
257 2246 281 2267 te
296 2245 375 2275 potest
394 2240 540 2270 emendari;
553 2240 573 2264 si
593 2248 650 2265 vero
666 2244 692 2265 tu
714 2239 861 2271 excesseris,
877 2240 933 2273 quis

984 1648 1117 1683 hodieque
1128 1649 1154 1675 itt
1166 1647 1262 1675 Galliis
1278 1652 1462 1682 perseverant,
1476 1648 1520 1683 qui
1539 1649 1565 1675 in
1579 1649 1644 1683 ipsis
1658 1649 1770 1677 stabiliti

983 1695 1058 1728 regni
1074 1693 1237 1728 primordiis,
1253 1693 1426 1726 Alamannos,
1441 1693 1588 1728 Bajoarios,
1604 1694 1768 1729 ’l'lturingos,

984 1740 1116 1771 Saxones,
1137 1739 1270 1770 Winidos.
1297 1739 1419 1772 Sclavos,
1440 1739 1559 1774 aliasque
1574 1740 1710 1773 nationes,
1725 1744 1772 1768 aut

983 1785 1120 1820 subjectae
1145 1785 1207 1818 sibi,
1230 1791 1276 1813 aut
1302 1785 1455 1813 tributarias
1479 1785 1579 1813 fecere.
1595 1785 1772 1821 Wisigotthos

984 1831 1143 1865 expulerunt
1167 1839 1198 1858 ex
1222 1831 1399 1866 Septimania,
1417 1830 1635 1866 Burgundionum
1658 1838 1769 1865 regnum

985 1877 1064 1912 plane
1077 1877 1274 1908 exstittscrunt,
1289 1877 1477 1911 Ostrogottbos
1493 1876 1519 1903 in
1528 1876 1599 1903 italia
1607 1880 1771 1909 terruerunt;

985 1923 1177 1957 Langobardis,
1194 1923 1238 1958 qui
1252 1922 1358 1951 Gotthis
1373 1923 1399 1949 itt
1420 1922 1494 1950 Italia
1512 1926 1708 1955 successerant,
1724 1923 1773 1949 tri.-

984 1970 1047 1997 buta
1062 1969 1266 2004 imposuerunt:
1282 1969 1353 2003 iique
1375 1968 1410 1994 ita
1434 1972 1510 1996 erant
1537 1968 1610 2003 ipsis
1619 1967 1727 2000 addicti,
1742 1972 1775 1995 ul

984 2022 1073 2049 neque
1084 2022 1174 2049 regem
1189 2015 1238 2042 sibi
1252 2013 1416 2041 constituere
1429 2013 1561 2040 auderent
1572 2013 1674 2048 absque
1685 2013 1770 2040 Fran-

984 2067 1076 2087 corum
1090 2060 1176 2088 venia.
1193 2059 1251 2087 Uno
1268 2060 1351 2087 verbo
1367 2058 1433 2086 nihil
1447 2066 1499 2086 tton
1516 2058 1625 2085 Francis
1641 2058 1772 2092 parebat:

983 2113 1098 2141 quorum
1109 2106 1254 2134 amicitiam
1263 2111 1290 2133 et
1301 2106 1351 2139 ipsi
1361 2106 1538 2139 imperatores
1550 2104 1768 2140 tantifaclebant,

985 2158 1013 2179 ut
1033 2160 1092 2179 eam
1108 2152 1211 2179 crebris
1233 2151 1420 2186 legationibus,
1441 2150 1627 2185 largitionibus
1648 2150 1773 2183 pecunia-

985 2206 1056 2230 tum,
1069 2203 1095 2226 et
1106 2198 1304 2233 provinciarum
1320 2197 1485 2224 cessionibus
1497 2201 1649 2231 captarent;
1666 2203 1776 2231 parmu-

985 2253 1038 2279 que
1051 2244 1135 2272 abfuit
1149 2245 1212 2279 quin
1224 2243 1321 2271 tributa
1336 2243 1401 2277 ipsis
1416 2242 1573 2277 penderent,
1586 2242 1612 2269 id
1623 2242 1683 2269 sine
1690 2241 1781 2269 dubio.

140 2293 165 2313 te
188 2286 328 2321 corripiet!
345 2285 487 2319 Loquimstr
507 2286 563 2318 tibi,
575 2285 619 2311 sed
634 2286 655 2311 si
669 2286 789 2317 volueris,
805 2286 895 2317 audis;
911 2286 933 2312 si
947 2286 972 2317 D
987 2291 1091 2323 facturi,
1110 2290 1136 2317 ni
1152 2290 1237 2325 pudor
1250 2289 1491 2317 obstitisseucum
1504 2288 1575 2315 enim
1589 2295 1620 2316 ea
1638 2287 1673 2315 ab
1687 2288 1773 2322 impe-

141 2341 202 2359 sero
226 2332 351 2365 nolueris,
366 2333 423 2366 quis
442 2336 466 2357 te
484 2331 672 2364 condemnabit,
690 2332 739 2359 nisi
753 2332 797 2365 qui
811 2340 839 2359 se
853 2332 934 2368 justi-

141 2381 205 2406 tiam
219 2388 273 2407 esse
288 2378 509 2414 prottuntinverit.’
520 2378 625 2405 Nullum
639 2378 719 2405 etiattt
737 2385 816 2412 supra
832 2385 862 2405 se
885 2378 934 2404 lto-

115 2446 131 2458 .
141 2428 242 2454 minem
257 2425 420 2460 agnoscebat
433 2424 585 2451 Chlotarius
594 2423 736 2458 Chilperici
752 2425 833 2458 ipsius
845 2429 931 2458 pater,

141 2474 186 2507 qui
204 2476 264 2506 post
274 2471 387 2499 fratrum
402 2478 514 2498 suorum
536 2477 684 2504 eorumque
699 2470 813 2497 liliorum
837 2469 930 2498 funera

143 2518 287 2545 nionarclta
310 2516 406 2548 factus,
420 2523 481 2542 cum
498 2516 635 2550 prosimus
648 2519 722 2543 esset
742 2516 832 2547 morti,
853 2523 884 2542 ac
906 2515 931 2542 vi

144 2565 225 2592 tebris
238 2570 402 2599 magnopere
424 2566 589 2590 vexaretur:
606 2561 673 2594 Uva,
689 2562 836 2596 inquiebat,
851 2563 933 2597 qualis

144 2616 182 2638 at
198 2610 242 2638 ills
251 2618 297 2636 rea:
318 2608 425 2636 uelutis
444 2608 487 2642 qui
502 2612 554 2634 tam
566 2605 674 2642 magno;
699 2615 769 2642 reges
794 2608 934 2642 interﬁcit!

145 2656 212 2684 Hinc
226 2652 371 2690 nunquam
401 2655 487 2681 tulere
510 2653 672 2681 Francorum
689 2661 777 2688 νομί,
796 2659 825 2680 ut
838 2661 871 2680 ne
886 2654 935 2680 nti-

144 2703 215 2730 nitna
229 2701 337 2736 quidem
358 2699 530 2734 subiectionis
551 2701 644 2727 umbra
667 2706 759 2726 eorum
793 2698 934 2732 imperium

142 2751 343 2776 obscuraretur.
360 2745 535 2774 Memorabile
549 2750 591 2773 est
607 2745 674 2772 hanc
696 2745 723 2772 in
739 2753 796 2772 rem
811 2745 935 2772 Theode-

145 2795 212 2823 berti
224 2794 427 2822 Austrasiorum
443 2793 514 2827 regis
525 2792 642 2826 facinus,
653 2792 698 2825 qui
717 2792 852 2820 referente
865 2794 934 2827 Aga-

143 2842 199 2869 thia
215 2844 326 2868 auctore
340 2840 446 2871 Graeco,
463 2846 525 2866 cum
540 2838 670 2865 audiisset
690 2837 870 2865 Iustinianum
886 2837 934 2865 itu—

145 2891 299 2922 peratorem
315 2884 386 2913 inter
399 2884 468 2912 alios
484 2884 583 2919 titulos,
600 2882 721 2912 Francici
736 2884 817 2913 etiam
837 2891 938 2913 nomen

988 2341 1078 2365 ratore
1103 2335 1263 2363 Theoderici
1289 2342 1359 2369 regs
1384 2333 1462 2369 legati
1482 2334 1591 2367 exigere
1613 2333 1774 2363 voluissent,

987 2382 1143 2416 imperator,
1163 2380 1249 2414 inquit
1265 2378 1481 2413 Tlteophylactus
1503 2377 1647 2405 Sitnocatta
1665 2377 1734 2404 libro
1749 2385 1786 2404 VL

987 2428 1176 2458 Historiarum.
1190 2426 1293 2460 legatos
1308 2425 1460 2451 humaniter
1475 2428 1642 2456 muneratus,
1657 2422 1785 2450 Francos

985 2474 1143 2501 adhortatus
1159 2477 1214 2505 est,
1235 2477 1262 2498 ut
1275 2471 1340 2497 citra
1356 2471 1470 2505 pretium
1490 2470 1647 2497 societatem
1663 2469 1783 2502 ittirettt,.

985 2527 1046 2547 cum
1062 2520 1131 2547 ferre
1142 2526 1195 2546 tton
1217 2523 1307 2553 posset
1320 2517 1479 2544 barbarosa
1499 2515 1628 2543 Romanis
1643 2512 1783 2543 tributum.

985 2566 1103 2600 exigere.

1022 2611 1066 2638 16.
1087 2611 1171 2637 Tanta
1186 2609 1284 2644 quippe
1294 2608 1350 2644 jam
1366 2613 1430 2636 tunc
1443 2613 1499 2635 erat
1514 2606 1785 2638 Francorum-fama.”

987 2661 1112 2691 tnntaque
1125 2655 1175 2683 stth
1188 2655 1240 2682 illis
1255 2654 1421 2689 principibus
1435 2654 1595 2688 populorutn
1610 2652 1733 2685 felicius,
1746 2656 1784 2678 ut.

988 2707 1016 2730 ct
1030 2703 1125 2730 vicinae
1138 2706 1243 2736 gentes,
1255 2708 1314 2735 qts'c
1328 2708 1360 2727 ex
1377 2700 1490 2727 Romani
1504 2699 1614 2734 imperii
1625 2697 1744 2732 reliquiis
1758 2706 1781 2724 δ.

991 2748 1110 2775 barbaris
1120 2747 1223 2774 inerant
1238 2746 1398 2780 subjugataz,
1414 2749 1488 2773 teste
1497 2744 1645 2780 Gregorio,
1659 2742 1784 2770 Francos

989 2795 1087 2822 habere
1103 2801 1180 2828 reges
1191 2785 1385 2824 desiderarent,
1399 2792 1451 2819 sub
1464 2792 1569 2826 quibus,
1585 2795 1612 2819 et
1627 2790 1720 2825 religio
1733 2798 1786 2818 eam

989 2841 1100 2872 tltoiica,
1124 2846 1203 2874 quam
1220 2846 1306 2873 nuper
1326 2837 1442 2872 amplexi
1468 2838 1593 2879 fuerant2
1614 2836 1737 2869 floreret,
1752 2841 1786 2863 et.

988 2886 1112 2915 libertate
1120 2893 1171 2914 sua
1180 2885 1287 2919 populis
1295 2883 1449 2913 utilieeret.
1458 2883 1485 2911 id
1495 2887 1584 2911 autent
1598 2883 1709 2918 contigit
1720 2887 1791 2917 post.
