1986 3170
199 172 244 201 ε.
933 171 997 200 PRA

1050 171 1124 199 tTIO.
1800 176 1839 203 εὖ

205 231 351 261 Cltlodovei
360 232 573 264 conversionem.
588 237 650 260 cum
663 238 717 259 non
731 231 816 261 solum
831 231 992 270 Renuginm,
1008 235 1032 264 Α
1046 231 1133 264 ditas,
1149 224 1193 257 aut
1208 230 1260 258 alia
1275 232 1379 266 quaevis
1393 232 1462 260 ratio
1483 232 1648 267 principibus
1669 234 1839 262 contrarium

205 277 248 305 eui
276 282 302 305 et
325 278 405 305 totius
426 277 513 312 gentis
536 278 700 311 apostolum,
726 277 774 305 sed
797 278 866 306 alios
887 284 994 313 quoque

207 322 356 357 episcopos,
371 329 404 349 ex
419 322 515 357 quibus
530 322 606 350 multi
622 322 646 349 in
659 323 755 350 Galliis
769 328 832 350 tunc
845 328 921 350 erant
933 330 995 350 san~

206 369 296 396 rtitate
306 369 429 396 celebres
440 388 448 401 ,
463 368 631 396 eonsiiiarics
652 369 782 396 adhibuit.
801 368 896 397 Exstat
914 377 947 397 ca
960 369 994 395 de

206 422 234 442 re
248 414 319 442 beati
332 414 444 449 iber-tigii
455 414 576 448 epistola,
592 422 652 449 qua:
662 414 790 449 principis
802 413 855 441 υηιι
865 414 888 440 ia
903 414 994 448 paucis

206 460 315 493 verbis,
335 460 383 487 sed
411 460 608 487 efﬁcacissimis
632 460 830 495 complectitur.
859 460 993 488 Ceterum

212 511 284 533 tanta
298 513 332 534 ex
351 510 415 533 tunc
424 506 507 541 coepit
519 513 579 534 esse
593 506 780 541 episcoporum
794 506 951 539 auctoritas,
966 510 996 533 ut

206 551 271 579 nihil
292 552 347 579 fere
370 551 471 585 absque
491 559 585 580 eorum
608 552 722 580 consilio
745 553 831 580 tieret.
846 552 933 580 Testis
954 556 995 580 est

205 597 352 631 Gregorius
378 596 530 631 complures
558 604 650 624 eorum
678 597 856 632 legationibus
889 598 994 625 functos

205 642 287 670 fuisse
300 643 333 670 ad
348 647 455 671 exteros
466 642 612 677 principes.
625 642 654 671 Si
670 651 735 671 vero
746 643 817 670 inter
828 644 922 671 fratres
935 648 994 678 post

205 688 282 723 regni
300 688 457 716 divisionem
473 688 563 723 aliqua
580 688 751 716 exorirentur
771 689 901 721 dissidia,
917 695 993 716 eom~

206 734 374 769 ponebantur
390 741 438 768 per
455 734 596 768 episcopos
612 743 618 761 :
632 734 698 762 citra
719 741 832 769 quorum
856 734 996 762 interven-

206 784 262 806 tum
278 779 321 806 vix
336 779 486 814 quisquam,
499 779 544 813 qui
557 787 572 806 a
586 780 658 815 regis
668 780 753 814 gratia
768 780 922 811 excidisset,
935 787 994 807 eam

207 826 393 859 rccnperabat.
410 825 509 854 Harum
524 826 685 856 similiumve
698 819 788 853 rerum
798 825 921 860 exempla
931 833 995 853 con-

206 878 302 904 gerere
317 879 369 898 non
386 871 490 899 videtur
507 879 597 906 operas
611 871 727 905 pretium
739 890 747 904 ,
764 879 824 899 cum
840 871 939 906 passim
955 871 995 898 le-

1046 280 1191 312 suasisset,
1206 279 1394 314 episcoporum
1409 279 1601 307 monitionibus
1612 284 1640 308 et
1654 280 1831 309 intercessio-

1046 326 1124 353 nibus
1138 326 1279 354 cedebant.
1289 326 1353 353 Rem
1366 325 1445 360 paulo
1459 325 1517 360 plus
1526 333 1605 360 quam
1618 326 1708 353 ceteri
1725 334 1834 361 promo-

1045 377 1120 400 verat
1134 372 1286 399 Chlotarius
1301 371 1380 406 hujus
1396 371 1510 398 nominis
1525 372 1637 405 primus.
1652 372 1714 406 qui,
1731 376 1760 398 ut
1775 379 1837 399 om-

1047 425 1094 446 nes
1109 418 1234 446 Ecclesia:
1248 417 1379 445 redituum
1400 424 1511 444 suorum
1531 421 1634 452 partem
1652 417 1716 444 ﬁsco
1731 417 1838 452 persol-

1046 469 1152 497 verent,
1166 464 1276 491 decreto
1296 464 1458 490 saneiverat.
1483 463 1517 490 At
1539 463 1745 490 conniventibus
1767 470 1840 497 regis

1046 510 1177 538 voluntati
1190 531 1198 542 ,
1215 514 1288 537 metu
1304 514 1350 536 aut
1364 509 1518 536 adulatione
1528 529 1536 541 ,
1552 509 1660 536 caeteris
1683 509 1819 543 episcopis
1831 529 1842 542 ,

1048 557 1205 591 injuriosus,
1222 556 1360 583 Turonum
1383 555 1513 588 antistes,
1528 563 1585 582 rem
1609 555 1676 583 adeo
1699 555 1838 582 insolitam

1046 610 1098 630 non
1113 602 1211 635 ferens,
1227 601 1372 629 insalutato
1383 608 1445 636 rege
1458 600 1666 635 abscessibquo
1679 600 1750 628 facto
1763 607 1839 628 com-

1045 652 1133 675 motus
1145 655 1202 680 rex,
1217 647 1367 682 ductusque
1381 646 1551 682 pcenitentia,
1568 650 1597 673 ut
1611 647 1753 681 episcopus
1763 646 1838 674 redi-

1046 698 1088 721 ret
1101 695 1218 729 rogavit;
1232 700 1356 728 eumque,
1374 692 1459 720 fracto
1474 692 1589 728 propriis
1600 693 1724 721 manibus
1736 693 1838 725 edicto,

1046 739 1180 767 laudatum
1197 739 1353 767 muneribus
1368 739 1521 773 honoravit,
1533 738 1604 774 quod
1619 739 1644 766 ei
1656 743 1710 765 tam
1726 738 1835 766 salubre

1046 784 1185 813 consilium
1196 785 1363 819 inspirasset.
1376 784 1461 817 Quam
1473 791 1537 811 vero
1549 784 1574 811 in
1587 784 1629 811 his
1643 783 1781 811 servandis
1795 790 1839 810 re-

1046 831 1132 865 ligiosi
1147 830 1245 858 fuerint
1255 835 1332 864 reges
1344 830 1439 862 nostri,
1454 829 1548 856 scribit
1556 827 1701 864 Gregorius
1711 828 1783 855 libro
1795 835 1834 860 Ix,

1047 875 1135 910 capite
1147 875 1196 908 30;
1216 875 1264 903 sed
1281 875 1409 902 memoria
1429 879 1529 902 aeterna
1546 874 1655 909 dignum
1675 878 1718 902 est
1740 873 1837 902 Chari-

206 916 327 943 ctoribus
350 916 376 943 in
398 916 519 951 Gregorii
535 916 651 944 Historia
666 920 817 944 occurrant.
835 915 915 943 Certe
933 923 993 943 cum
1012 920 1033 949 Β
1049 922 1117 949 beru
1130 921 1203 957 regis
1216 921 1315 949 factum
1329 942 1336 953 ,
1353 920 1398 956 qui
1417 928 1478 948 cum
1502 920 1537 948 ab
1561 919 1687 947 Eurronio
1709 921 1837 954 episcopo

207 962 234 989 in
246 962 416 997 expeditione
430 962 574 997 ilispanica
585 961 743 990 Guutramni
751 961 884 989 exercitus
896 961 997 995 rapinis

208 1009 314 1036 inhians
329 1017 386 1036 rem
401 1009 470 1037 male
482 1009 620 1044 gessisset,
636 1009 790 1036 convocatis
813 1015 861 1036 rex
884 1015 997 1043 quatuor

208 1055 342 1089 episcopis
355 1063 415 1093 cum
427 1055 486 1082 aliis
501 1062 518 1083 e
532 1055 606 1090 regni
622 1054 789 1089 primatibus,
803 1054 937 1082 exercitus
949 1054 996 1081 du-

207 1108 268 1128 cum
283 1108 390 1128 causam
405 1105 532 1129 excutere
544 1101 637 1135 capit.
653 1100 789 1128 referente
802 1100 935 1134 Gregorio
947 1099 995 1126 lib.

206 1152 255 1175 τηιι
267 1148 400 1179 iiistorize.
414 1148 503 1182 capite
515 1148 559 1175 50.
572 1147 617 1175 Sic
631 1151 659 1174 et
674 1152 733 1181 post
749 1146 900 1174 Prztextati
926 1153 999 1172 mor-

210 1197 275 1225 tem,
291 1192 360 1220 idem
376 1194 500 1228 princeps
510 1198 567 1223 tres
578 1192 718 1227 episcopos
728 1192 761 1220 ad
775 1192 906 1219 Cblotarii
922 1192 997 1227 regni

210 1239 353 1273 optimates
367 1239 511 1274 delegavit,
527 1240 573 1275 qui
588 1246 619 1267 ea
636 1239 670 1267 de
684 1247 714 1267 re
729 1239 904 1273 inquirerent.
918 1237 999 1265 Deni-

210 1292 262 1318 qne
285 1292 346 1313 cum
369 1285 438 1312 idem
461 1284 643 1312 Guntramnus
658 1284 692 1312 de
706 1283 832 1318 legitimis
845 1282 976 1311 Citlotarii
988 1302 996 1315 ,

210 1330 354 1364 Chilperici
369 1338 402 1359 ex
423 1330 599 1366 Fredegunde
623 1330 690 1364 ﬁlii,
713 1329 846 1357 natalibus
872 1328 998 1356 dubitare

212 1376 359 1409 videretur,
376 1377 467 1410 regina
481 1376 619 1405 accersitis
634 1375 757 1410 inprimis
773 1375 845 1410 regni
855 1373 997 1409 prioribus,

210 1422 237 1448 id
249 1426 287 1450 est
297 1422 438 1455 episcopis,
450 1426 515 1454 etc.,
531 1422 578 1449 lilii
592 1422 632 1448 sui
646 1421 812 1448 nativitatem
835 1419 919 1447 fuisse
933 1418 999 1453 legi-

208 1469 304 1496 tinsam
316 1473 484 1496 sacramento
493 1467 661 1503 approbavit.
674 1467 782 1496 Minime
796 1467 885 1501 itaque
900 1466 998 1493 mirum

211 1515 336 1550 cuiquam
350 1514 433 1542 videri
447 1514 535 1546 debet,
547 1514 570 1542 si
584 1515 702 1549 episcopi
713 1513 769 1541 suis
782 1514 809 1541 in
824 1512 934 1541 urbibus
944 1512 999 1547 pri-

210 1565 333 1588 vatorum
358 1567 454 1588 causas
479 1567 541 1588 cum
561 1560 696 1595 adjunctis
720 1559 863 1587 comitibus
886 1558 998 1593 aliisque

1047 966 1163 993 monitus
1176 966 1269 994 fuisset
1282 965 1381 995 tributa
1395 973 1410 992 a
1423 966 1479 993 suis
1490 965 1619 993 ministris
1630 965 1700 999 apud
1714 964 1837 992 Turones

1048 1011 1132 1039 finisse
1146 1015 1251 1043 exacta,
1265 1011 1402 1046 ingemuit.
1418 1015 1472 1038 tum
1485 1010 1560 1038 libris
1570 1016 1698 1038 censuum
1714 1010 1837 1038 incendio

1049 1057 1161 1091 traditis,
1176 1064 1272 1085 aureos
1286 1060 1391 1091 quoque
1403 1057 1459 1091 jam
1476 1061 1599 1091 receptos
1614 1057 1738 1084 Turonos
1751 1056 1836 1084 remi-

1047 1101 1212 1129 sit:veritus
1224 1121 1232 1134 ,
1248 1108 1283 1129 ne
1301 1102 1372 1136 quod
1395 1102 1526 1130 ofﬁciales
1546 1109 1596 1130 suo
1623 1103 1731 1130 nomine
1753 1102 1835 1130 etiam

1049 1148 1108 1182 ipso
1122 1148 1206 1175 inscio
1228 1151 1390 1182 exegerant,
1406 1148 1432 1175 in
1448 1155 1525 1175 suum
1540 1153 1620 1183 caput
1641 1147 1689 1176 Dei
1707 1152 1735 1176 et
1748 1149 1835 1177 sancti

1049 1193 1154 1220 Martini
1168 1192 1377 1228 indignationem
1392 1193 1553 1220 concitaret.

1085 1238 1130 1265 i8.
1148 1238 1283 1272 Quantum
1299 1245 1364 1266 vero
1384 1238 1526 1266 catholicas
1538 1238 1676 1274 religionis
1688 1238 1836 1274 professio-

1049 1284 1075 1311 ni
1089 1283 1187 1311 addicti
1201 1290 1309 1318 semper
1320 1284 1417 1311 fuerint
1431 1291 1509 1319 reges
1522 1284 1617 1318 nostri,
1629 1291 1662 1312 ex
1673 1291 1707 1312 eo
1716 1285 1833 1313 maxime

1050 1333 1133 1364 patet,
1148 1329 1218 1364 quod
1234 1336 1331 1356 uxores
1343 1329 1437 1357 hairesi
1461 1329 1573 1357 iniectas
1586 1329 1686 1358 ducere
1699 1337 1835 1365 nunquam

1049 1375 1191 1402 voluerint.
1214 1375 1411 1402 Brunicliildem
1426 1374 1577 1410 Sigibertus
1592 1383 1703 1403 uxorem
1725 1376 1836 1409 habuit,

1050 1419 1249 1448 Galesvintham
1261 1419 1429 1455 Chilpericus
1440 1422 1499 1456 ejus
1511 1421 1603 1455 frater,
1615 1422 1709 1450 ambas
1720 1422 1836 1450 Athanao

1050 1467 1114 1502 gildi
1128 1465 1350 1501 Wisigotthornm
1374 1466 1445 1502 regis
1467 1466 1551 1500 ﬁlias,
1566 1471 1594 1494 et
1616 1467 1714 1495 Ariana
1739 1467 1836 1495 heresi

1050 1511 1244 1539 contaminatas
1259 1519 1267 1538 :
1282 1515 1310 1538 at
1332 1516 1428 1539 neutra
1451 1510 1478 1538 in
1498 1511 1604 1539 thorum
1629 1512 1701 1547 regis
1720 1511 1837 1541 admissa

1051 1563 1103 1591 est,
1116 1558 1181 1593 quin
1194 1557 1269 1593 prius
1280 1557 1404 1585 heresim
1417 1564 1493 1585 suam
1507 1558 1651 1593 ejurasset.
1667 1559 1689 1587 E
1702 1560 1838 1587 contrario

208 1605 347 1634 ofﬂciariis
362 1606 529 1641 judicarent,
545 1610 574 1633 ut
597 1613 630 1634 ex
648 1605 765 1640 antiquis
783 1604 904 1632 formulis
923 1604 997 1631 aliis-
1011 1608 1034 1641 (ζ
1051 1609 1204 1632 nostrorum
1219 1611 1311 1639 regum
1328 1603 1390 1631 ﬁlia:
1409 1604 1512 1632 exteris
1534 1605 1642 1640 regibus
1667 1611 1682 1631 a
1705 1605 1837 1634 catholica

208 1659 261 1687 que
274 1652 410 1680 veteribus
425 1652 523 1683 passim
538 1651 719 1679 monumentis
732 1670 740 1680 .
755 1651 839 1678 immo
847 1654 875 1677 et
884 1658 917 1678 ex
931 1649 999 1678 Gre—

209 1698 286 1733 gorio
300 1702 392 1724 nostro
406 1702 508 1725 certum
522 1702 573 1731 est,
587 1705 648 1725 cum
662 1697 712 1732 ipsi
723 1696 758 1724 de
768 1695 914 1731 majoribus
923 1703 999 1731 regni

208 1743 299 1771 causis
313 1743 472 1770 sententiam
486 1743 598 1770 ferrent.

247 1789 292 1816 17.
312 1788 449 1816 Neminem
465 1788 536 1815 enim
547 1788 574 1815 in
588 1787 645 1815 suis
657 1787 746 1822 regnis
755 1785 884 1821 majorem
896 1785 1000 1820 episco-

211 1835 254 1869 pia
266 1835 446 1869 agnoscebant
456 1840 533 1868 reges
547 1833 719 1869 nostri,quos
730 1831 830 1859 Christi
838 1831 961 1863 vicarius,
973 1835 1000 1858 et

211 1879 402 1915 mysteriorum
420 1879 467 1906 Del
490 1878 689 1913 dispensatores
708 1884 770 1905 esse
781 1876 914 1904 sciebant.
931 1875 1000 1902 ilinc

211 1925 291 1959 primi
304 1924 331 1952 in
347 1924 451 1959 placitis
464 1923 632 1956 adsidebant,
647 1929 795 1957 eorumque
807 1921 917 1949 nomina
932 1926 996 1949 ante

211 1969 346 2005 quoslibet
356 1970 423 1997 alios
434 1970 654 1997 recensebantur.
662 1968 746 1996 Filios
759 1976 851 2003 regum
865 1968 916 2002 ipsi
926 1975 942 1996 e
956 1975 1001 1995 sa-

210 2022 259 2043 cro
270 2016 343 2043 fonte
357 2015 554 2049 suscipiebant:
568 2014 601 2042 ad
616 2021 735 2042 mensam
750 2014 851 2049 regiam
868 2021 922 2040 non
936 2020 1000 2041 raro

210 2062 291 2089 etiam
315 2061 507 2093 invitabantur,
523 2067 671 2095 eorumque
690 2059 923 2087 benedictionibus
938 2066 1000 2086 mu-

210 2107 262 2135 niri
278 2113 356 2142 reges
370 2107 421 2141 ipsi
436 2105 601 2141 ﬂagitabant.
615 2106 690 2134 Unde
707 2105 850 2140 aliquando
863 2104 999 2139 Chilperi-

210 2160 259 2180 cus
274 2160 332 2186 rex,
345 2158 374 2180 ut
387 2152 450 2180 olim
465 2152 549 2180 Jacob
559 2151 594 2180 ad
606 2152 747 2187 angelum,
762 2158 793 2179 se
806 2158 859 2179 non
873 2150 1000 2178 dimissu-

210 2206 270 2226 rnm
286 2198 446 2234 Gregorium
469 2203 591 2226 nostrum
613 2197 744 2230 asseruit,
761 2197 812 2225 nisi
833 2196 905 2231 prius
919 2196 954 2224 ab
968 2203 1001 2224 eo

210 2244 423 2272 benedictionem
440 2243 597 2277 recepisset.
608 2243 673 2275 Qum
685 2250 779 2277 regum
793 2246 944 2270 nostrorum
958 2248 1001 2268 re-

1053 1651 1105 1678 fide
1118 1650 1214 1678 alienis
1229 1650 1255 1677 in
1275 1649 1449 1678 matrimonio
1462 1649 1617 1683 collocatae,
1633 1657 1708 1677 suam
1732 1650 1838 1685 religio-

1052 1704 1113 1724 nem
1128 1696 1281 1724 inviolatam
1297 1696 1538 1730 lntemeratamque
1549 1700 1744 1724 servaverunt:
1758 1701 1838 1731 atque

1052 1741 1104 1769 hoc
1119 1741 1233 1776 primum
1250 1741 1469 1776 praecipuumque
1481 1741 1723 1769 matrimonialium
1747 1746 1838 1777 pacto—

1050 1795 1110 1815 rum
1123 1787 1181 1819 fuit,
1193 1791 1224 1814 ut
1237 1794 1294 1815 sua
1307 1786 1444 1822 religionis
1456 1786 1572 1814 liberum
1588 1787 1747 1815 exercitium
1764 1788 1839 1823 regi-

1053 1840 1094 1861 ηπ
1108 1832 1160 1860 illa!
1171 1832 1313 1860 haberent:
1326 1831 1396 1867 quod
1410 1831 1517 1866 quidem
1533 1837 1639 1867 pactum
1654 1840 1715 1860 cum
1730 1833 1840 1860 Amala-

1052 1879 1133 1911 ricus,
1145 1878 1189 1912 qui
1202 1877 1362 1905 Citlotildem
1377 1877 1524 1905 Chlodovei
1535 1878 1622 1912 magni
1636 1877 1717 1906 ﬁliam
1727 1878 1839 1906 duxerat

1052 1931 1176 1957 uxorem,
1187 1922 1288 1950 violare
1302 1927 1443 1957 tentasset,
1454 1927 1551 1956 morte,
1566 1931 1646 1959 quam
1660 1925 1685 1952 ei
1698 1924 1839 1953 Chlotiidia

1052 1970 1149 1997 fratres
1163 1969 1319 2001 intulerunt,
1336 1969 1475 2004 perfidiam
1490 1977 1566 1997 suam
1581 1970 1665 1997 eluit:
1678 1971 1722 1998 illa
1738 1978 1801 1998 vero
1812 1970 1840 1998 in

1052 2016 1104 2044 ﬁde
1125 2016 1255 2043 catholica
1280 2015 1497 2043 constantissime
1523 2015 1715 2049 perseveravit.
1742 2016 1840 2044 iisdem

1054 2063 1253 2091 conditionibus
1266 2062 1421 2090 Chlolsinda
1432 2084 1438 2095 ,
1455 2063 1584 2090 Chlotarii
1601 2063 1610 2090 Ι
1636 2063 1688 2091 filia
1699 2084 1707 2096 ,
1722 2063 1839 2092 Alboino

1053 2109 1286 2145 Langobardorum
1311 2109 1383 2144 regi,
1408 2109 1533 2144 lngundis
1559 2109 1759 2145 llermenigildo
1784 2109 1861 2144 regi-

1052 2155 1275 2190 Wisigotthorum
1292 2156 1317 2181 in
1334 2155 1471 2188 Hispania,
1484 2159 1511 2182 et
1527 2155 1623 2181 Bertha
1638 2154 1794 2182 Cantiorum
1811 2154 1839 2183 in

1055 2201 1150 2234 Anglia
1171 2201 1227 2234 regi
1243 2205 1407 2233 nupserunt;
1424 2207 1484 2233 qua:
1497 2200 1602 2234 quidem
1619 2200 1718 2235 regina:
1730 2207 1840 2233 omnes,

1052 2253 1105 2273 non
1115 2245 1200 2273 solum
1211 2245 1370 2272 catholicam
1386 2245 1465 2271 ﬁdem
1477 2251 1679 2280 perseveranter
1688 2246 1840 2280 coluerunt,

210 2290 275 2324 ligio
289 2296 321 2316 ac
336 2288 421 2323 pietas
433 2295 481 2316 eos
492 2288 585 2320 movit,
600 2292 630 2316 ut
640 2295 693 2315 non
708 2288 794 2316 solum
807 2288 908 2322 priscas
921 2287 1000 2315 cleri-
1014 2294 1039 2324 υ
1052 2290 1098 2317 sed
1111 2297 1171 2317 eam
1184 2296 1291 2325 quoque
1305 2289 1371 2317 viris
1381 2289 1437 2317 suis
1452 2290 1626 2325 inspirarunt,
1643 2292 1763 2327 adeoque
1777 2299 1841 2326 gen-

211 2341 305 2362 corum
322 2334 557 2368 Ecclesiarnmque
572 2333 771 2367 immunitates,
787 2340 848 2368 quin
862 2332 896 2360 ab
910 2332 997 2367 itnpe-

212 2379 349 2407 ratoribus
362 2386 498 2407 concussa:
511 2378 628 2412 fuerant,
642 2379 836 2406 conﬁrmarent
848 2398 856 2411 ,
868 2377 915 2405 sed
930 2382 957 2405 et
969 2382 1000 2405 ut

213 2433 298 2453 novas
312 2426 394 2453 etiam
408 2425 545 2453 veteribus
557 2425 714 2460 adjicerent.
727 2424 868 2452 Bernensis
882 2424 999 2451 Ecclesia

211 2471 237 2497 in
250 2478 302 2505 qua
318 2470 424 2498 fuerant
446 2471 472 2498 in
494 2469 603 2498 Christo
622 2470 763 2505 generati,
778 2468 859 2496 simul
880 2473 907 2496 et
927 2468 998 2496 beati

211 2515 326 2550 Remigii
340 2516 496 2544 eorutndem
511 2516 624 2550 apostoli
644 2515 768 2548 basilica,
785 2514 858 2542 omni
874 2514 999 2541 immuni~

212 2566 267 2588 tate
279 2561 450 2596 gaudebant,
466 2567 534 2590 teste
555 2561 720 2591 Frodoardo.
739 2560 836 2588 Narrat
853 2560 1001 2595 Gregorius

212 2607 282 2634 libro
298 2614 327 2634 tu
341 2606 466 2635 Historia;
479 2628 486 2641 ,
507 2608 594 2642 capite
607 2606 658 2639 25,
671 2612 703 2634 ca
718 2607 806 2634 omnia
821 2613 880 2641 qua
895 2606 930 2634 ab
942 2606 999 2633 Ar-

212 2660 358 2681 vernorum
373 2653 501 2681 Ecclesiis
515 2654 579 2681 Ii’sco
594 2653 669 2681 reddi
685 2658 889 2684 consueverant,
905 2652 971 2686 ipsis
985 2659 1001 2680 a

204 2698 402 2727 -'i‘beodeberto
425 2704 489 2734 rege
512 2699 614 2727 indulta
635 2700 735 2732 fuisse;
751 2700 822 2733 quod
845 2698 1003 2726 Cbildeber-

212 2750 257 2774 tus
269 2746 306 2780 II,
320 2746 368 2775 lib.
381 2754 397 2774 ι
407 2766 416 2778 ,
428 2746 517 2780 capite
531 2746 547 2773 7
557 2765 565 2779 ,
580 2746 755 2774 conﬁrmasse
775 2750 949 2772 memoratur.
967 2744 1002 2771 At

212 2790 383 2820 Turonenscs
397 2799 450 2819 non
462 2791 542 2818 modo
555 2790 658 2825 clerici,
671 2791 718 2819 sed
734 2795 761 2819 et
774 2791 847 2818 cives
858 2797 953 2817 omnes
962 2809 971 2820 ,
985 2796 1000 2816 a

184 2849 189 2851 Α
212 2837 306 2871 quovis
319 2837 418 2865 tributo
429 2837 591 2865 erantiiberi
600 2837 636 2864 ob
646 2837 823 2865 reverentiam
836 2837 921 2865 sancti
930 2837 1001 2864 Mar-

212 2883 271 2911 tini.
284 2883 311 2912 Si
324 2888 410 2913 autem
423 2883 569 2924 aliquando
583 2883 711 2911 ﬁscalium
728 2882 910 2912 ministrorum
925 2884 999 2919 cupi-

1052 2336 1124 2364 tibus
1147 2336 1219 2363 inter
1245 2343 1312 2370 quas
1332 2335 1398 2370 ipsa:
1412 2335 1601 2364 versabantur.
1616 2337 1742 2364 Hortatur
1760 2345 1791 2364 ea
1807 2337 1841 2365 de

1051 2390 1081 2410 re
1091 2382 1219 2414 Nicetius,
1228 2381 1402 2409 Trevirorum
1415 2382 1602 2410 sanctissimus
1616 2383 1745 2417 antistes,
1759 2383 1842 2410 Chlo-

1052 2427 1167 2455 tsindam
1180 2427 1207 2454 in
1222 2427 1344 2462 epistola,
1361 2427 1387 2454 in
1401 2427 1550 2462 appendice
1564 2428 1606 2455 ltic
1618 2429 1712 2461 relata,
1729 2432 1756 2455 ut
1770 2428 1841 2455 scili-

1052 2480 1094 2500 ect
1108 2481 1160 2500 non
1174 2474 1261 2500 solum
1274 2473 1414 2508 religionis
1426 2481 1483 2501 sua
1497 2474 1678 2508 integritatem
1698 2474 1842 2502 virtutibus

1053 2525 1079 2548 et
1094 2520 1154 2546 vitze
1167 2519 1341 2547 sanctimonia
1362 2524 1552 2553 conservaret,
1566 2527 1657 2546 verunt
1675 2520 1754 2546 etiam
1770 2523 1796 2546 nt
1815 2525 1842 2548 et

1054 2566 1194 2592 veritatem
1219 2565 1279 2599 ejus
1294 2564 1353 2592 viro
1365 2572 1430 2597 suo,
1446 2565 1560 2592 Alboino
1581 2565 1656 2599 regi,
1674 2569 1701 2591 et
1717 2565 1843 2592 omnibus

1055 2610 1237 2644 Langobardis
1254 2611 1305 2645 ipsi
1320 2611 1449 2646 subjectis
1460 2609 1621 2644 persuadere
1639 2616 1792 2638 conaretur.
1809 2611 1842 2638 Et

1055 2657 1162 2691 quidem
1179 2657 1241 2684 licet
1256 2656 1413 2684 infructuosi
1430 2656 1527 2683 fuerint
1547 2656 1663 2684 Alboino
1676 2656 1841 2685 Chlotsindre

1055 2708 1183 2734 conatus,
1198 2708 1259 2736 quae
1273 2706 1360 2728 tamen
1374 2701 1429 2735 ipsa
1444 2705 1508 2727 tunc
1522 2700 1716 2735 seminaverat,
1732 2707 1841 2737 postea,

1057 2751 1085 2774 ut
1100 2746 1206 2781 quidem
1222 2746 1375 2774 existimare
1387 2746 1460 2778 licet,
1473 2745 1685 2780 pullulavcrunt,
1700 2754 1760 2774 cum
1776 2747 1842 2774 alte-

1054 2792 1110 2819 rius
1125 2792 1224 2826 regina
1243 2799 1278 2819 ex
1300 2795 1382 2826 gente
1401 2790 1585 2826 Francorum,
1611 2796 1727 2820 testante
1748 2798 1842 2820 nostro

1053 2838 1194 2873 Gregorio,
1206 2837 1336 2871 oriundte,
1352 2837 1543 2865 Theodelindte
1557 2838 1668 2871 scilicet,
1684 2844 1764 2865 suasu
1779 2838 1840 2872 Agi-

1052 2884 1131 2913 lulfas
1142 2891 1202 2911 cum
1218 2888 1297 2919 gente
1315 2883 1365 2912 sibi
1381 2884 1486 2912 subdita
1500 2885 1560 2912 ﬁdei
1577 2884 1714 2912 catholica:
1733 2884 1838 2913 confes-
