3972 6340
220 355 291 412 25
1686 342 2072 400 catenario.
3428 351 3502 408 ςσ

221 472 427 525 sionem
459 467 738 537 amplexus
775 473 878 522 est.
931 463 1074 521 Idem
1103 460 1326 533 contigit
1373 457 1511 530 apud
1548 457 1806 528 Wisigot-
1834 461 1884 517 Α
1913 456 2006 510 sed
2037 456 2192 513 union
2219 455 2540 514 auctoritate
2566 469 2750 530 regum
2784 458 2951 516 fuisse
2979 459 3250 519 institutos
3274 459 3502 521 iuuere

221 563 378 626 thos;
405 560 691 614 seminavit
719 556 997 613 Chlotildis
1017 596 1033 620 ,
1060 568 1181 624 qua:
1223 551 1386 607 etiam
1421 549 1695 616 sanguinis
1724 547 1810 602 sui

217 653 482 707 elIusione
503 651 628 706 ﬁdei
643 649 1216 706 catholicae-veritatem
1236 644 1536 700 Amalarico
1553 645 1816 709 regnante

216 746 470 801 asseruit.
504 746 746 814 lrrigavit
771 742 1044 813 lngundis,
1069 755 1190 794 cum
1223 734 1667 805 llermenegildus
1693 733 1810 801 ejus

217 839 438 907 coujus,
468 838 664 892 Ariana
699 836 893 890 haeresi
919 837 1124 898 eiurata
1149 873 1164 896 ,
1205 830 1272 885 ad
1299 830 1456 884 fidem
1485 826 1807 882 catholicam

216 930 448 985 accessit
471 945 486 983 ;
508 939 563 983 at
586 930 779 986 messis
809 927 1017 994 integra
1039 931 1361 993 congregata
1389 920 1508 986 fuit,
1532 933 1656 971 cum
1674 916 1812 970 Rec-

218 1020 415 1076 caredo
446 1036 572 1088 rege
601 1029 707 1074 tota
742 1017 1198 1085 Wisigotthorutu
1231 1027 1364 1081 gens
1403 1009 1683 1065 catholica:
1708 1006 1811 1061 Ec-

222 1109 397 1164 clesia:
427 1122 625 1162 nomen
657 1107 827 1160 dedit.
858 1106 965 1159 Nec
995 1105 1171 1158 minus
1193 1101 1469 1156 feliciores
1497 1099 1643 1153 fuere
1683 1098 1810 1151 Ber-

220 1202 322 1256 that
364 1203 418 1255 in
455 1201 643 1269 Anglia
675 1208 933 1263 conatus,
981 1213 1101 1266 quae
1131 1197 1304 1248 virum
1349 1208 1542 1258 suum,
1578 1191 1806 1260 primum

220 1293 432 1362 quidem
480 1308 689 1346 morum
731 1290 998 1344 suavitate
1028 1287 1249 1342 lenitum
1269 1328 1282 1350 ,
1329 1300 1393 1338 ac
1424 1294 1605 1352 postea
1634 1282 1806 1336 sancti

221 1385 498 1452 Augustini
529 1385 863 1452 aliorumque
911 1385 1294 1438 monachorum
1326 1393 1355 1432 a
1385 1377 1646 1447 Gregorio
1693 1376 1806 1430 bla-

221 1491 324 1546 gno
354 1491 420 1530 ex
453 1475 602 1529 Italia
633 1474 923 1528 missorum
951 1469 1419 1540 praedicationibus
1441 1465 1805 1521 Christianum

219 1567 415 1619 factum
449 1566 633 1621 videre
663 1565 877 1617 meruit.
903 1565 1077 1632 Atque
1109 1562 1205 1624 ita,
1230 1561 1389 1629 juxta
1415 1557 1656 1624 Apostoli
1684 1571 1808 1610 sen-

217 1655 462 1715 tentiam,
495 1654 594 1710 viri
627 1653 874 1708 infideles
901 1667 930 1705 a
958 1651 1270 1707 mulieribus
1301 1647 1547 1703 fidelibus
1570 1646 1808 1703 sanctifi-

221 1747 346 1813 cati,
380 1745 675 1800 Eeclesiam
707 1745 1031 1800 catholicam
1077 1759 1171 1812 per
1203 1751 1366 1794 totam
1393 1741 1506 1795 fere
1536 1740 1802 1806 Eumpam

1915 547 2146 602 videtur.
2183 548 2380 604 Verum
2408 549 2454 604 si
2476 549 2721 621 Gregorii
2753 552 2940 618 verba,
2970 568 3167 624 resque
3192 555 3261 612 ab
3287 573 3352 612 eo
3381 573 3506 612 uar-

1916 648 2061 694 ratas
2094 640 2252 707 paulo
2292 641 2594 696 accuratius
2627 642 3036 711 perpendamus,
3070 661 3258 702 eorum
3298 657 3504 720 tempo-

1913 747 2028 784 rum
2061 731 2396 797 disciplinam
2447 733 2603 787 talem
2638 734 2799 788 fuisse
2836 735 3347 803 animadvertemus,
3377 755 3501 809 qua

1913 825 1986 876 ita
2028 839 2210 891 regum
2251 826 2554 879 auctoritati
2597 827 2908 894 providerit,
2942 837 2999 882 ut
3029 844 3291 884 canonum
3331 834 3505 887 eccle-

1912 914 2251 968 siasticorum
2279 916 2512 983 vigorem
2543 931 2650 970 non
2679 918 3029 973 convelleret.
3055 921 3117 974 Et
3137 922 3349 990 quidem
3376 938 3498 978 cum

1913 1015 2060 1061 tanta
2092 1016 2216 1062 tunc
2246 1017 2413 1072 esset,
2441 1008 2516 1062 uti
2546 1023 2612 1062 ex
2638 1008 2900 1079 Gregorio
2939 1011 3362 1078 observavimus,
3389 1015 3500 1083 epi-

1910 1112 2195 1166 scoporum
2230 1099 2280 1152 in
2313 1114 2478 1168 regno
2518 1101 2806 1155 auctoritas
2846 1111 2900 1154 et
2929 1101 3184 1171 dignitas,
3219 1105 3352 1158 nihil
3394 1119 3500 1158 non

1910 1189 2076 1258 magis
2105 1190 2293 1244 rationi
2317 1199 2371 1243 et
2394 1191 2629 1260 aequitati
2659 1202 3078 1247 consentaneum
3108 1194 3227 1259 fuit,
3248 1210 3408 1262 quam
3442 1205 3499 1248 ut

1909 1294 2067 1335 nemo
2093 1280 2208 1334 sine
2232 1280 2371 1350 regis
2394 1296 2667 1336 consensu
2691 1293 2742 1335 et
2773 1285 3088 1338 auctoritate
3116 1284 3258 1339 hunc
3275 1286 3497 1356 gradum

1908 1371 2330 1440 adipisceretur;
2369 1373 2516 1428 sicut
2561 1384 2614 1428 et
2651 1389 2720 1429 ex
2761 1375 2929 1429 altera
2969 1384 3156 1444 parte,
3199 1378 3245 1431 si
3283 1378 3500 1447 quidem

1904 1464 2052 1533 juxta
2084 1479 2268 1520 eorum
2303 1475 2602 1534 temporum
2625 1467 2960 1537 disciplinam
2989 1469 3242 1523 Ecclesia:
3265 1471 3497 1526 viduata:

1906 1555 2187 1612 eleCtionis
2228 1556 2477 1613 libertate
2510 1558 2837 1627 gauderent,
2866 1574 3074 1629 aequum
3105 1561 3264 1614 etiam
3302 1573 3418 1616 erat
3447 1573 3502 1618 ut

1907 1647 2014 1701 illae
2042 1651 2152 1703 suis
2180 1648 2429 1718 legitimis
2465 1650 2672 1716 juribus
2713 1649 3035 1706 fruerentur.
3081 1652 3170 1706 Sic
3191 1663 3370 1708 autem
3411 1671 3499 1710 res

1905 1741 2181 1809 agebatur.
2212 1741 2472 1796 Defuncto
2499 1743 2773 1812 episcOpo,
2806 1744 2996 1797 electio
3024 1745 3353 1799 successoris
3391 1755 3499 1800 sta-

220 1839 633 1908 ampliﬁearunt.
661 1837 778 1892 Jam
799 1839 996 1908 quippe
1021 1846 1178 1890 antea
1205 1834 1616 1902 Burgundiones
1646 1832 1804 1886 ﬁdem
1838 1818 1885 1876 Β
1913 1830 2005 1883 tim
2052 1830 2104 1884 in
2147 1845 2206 1884 ea
2249 1831 2412 1886 ﬁebat
2437 1832 2671 1896 civitate,
2707 1849 2823 1901 qua:
2867 1845 2979 1887 erat
3013 1845 3229 1903 pastore
3256 1835 3498 1902 viduata;

219 1931 536 1984 Catholicam
561 1930 792 1997 amplexi
829 1928 1060 1992 fuerant,
1089 1935 1144 1981 et
1177 1925 1228 1979 id
1259 1925 1590 1980 Francorum
1622 1938 1807 1978 exem-

223 2021 331 2087 plo,
359 2035 422 2074 ac
448 2019 672 2089 Remigii
695 2035 879 2074 eorum
906 2019 1127 2087 apostoli
1149 2017 1527 2072 miraculorum
1560 2016 1695 2069 fama
1729 2018 1779 2068 in

220 2109 390 2171 ducti,
415 2109 560 2178 quod
586 2111 700 2178 ipse
730 2111 918 2163 Avitus
955 2109 1006 2162 in
1035 2108 1320 2162 collatione
1349 2118 1535 2162 contra
1575 2105 1807 2159 Arianos

223 2210 483 2267 prasente
506 2201 862 2258 Gundobaldo
890 2215 1017 2270 rege
1047 2199 1184 2255 facta
1217 2209 1526 2254 attestatur.
1558 2198 1629 2252 Ut
1658 2199 1804 2252 nulla

221 2302 528 2360 superesset
559 2293 610 2346 in
643 2301 753 2347 toto
780 2290 1072 2346 Occidente
1100 2291 1394 2359 provincia,
1429 2304 1550 2358 qua:
1578 2287 1804 2342 Francis

222 2387 450 2438 salutem
480 2399 632 2438 suam
663 2399 766 2437 non
797 2384 1038 2447 deberet,
1075 2383 1213 2437 umle
1239 2397 1341 2436 non
1372 2381 1644 2436 immerito
1675 2379 1805 2434 Gre.

221 2476 423 2542 gorius,
457 2490 516 2530 re
540 2475 710 2529 multo
736 2475 907 2544 magis
939 2489 1095 2542 quam
1126 2473 1340 2528 nomine
1361 2471 1597 2538 Magnus,
1623 2471 1716 2525 lib.
1751 2487 1802 2533 v,

221 2565 446 2631 epistola
493 2565 555 2630 6,
602 2567 926 2633 prteclarunt
961 2565 1060 2619 hoc
1101 2565 1168 2619 de
1219 2564 1546 2618 Francorum
1595 2561 1807 2631 regibus

221 2655 439 2724 protulit
467 2655 703 2710 effatum.
745 2656 947 2720 Quanto
976 2665 1182 2708 ca’teros
1207 2653 1435 2706 homines
1461 2652 1600 2723 regia
1634 2652 1806 2720 digni-

222 2758 299 2801 tas
343 2749 632 2814 antecedit,
685 2759 828 2801 tanto
875 2758 1170 2802 cancrorum
1221 2746 1444 2818 gentium
1480 2761 1633 2813 regna
1663 2745 1808 2813 regni

225 2837 544 2893 Francorum
573 2842 774 2893 culmen
804 2840 1024 2894 excellit.

293 2930 379 2982 19.
427 2929 594 2984 Tanta
637 2938 812 2984 autem
854 2939 970 2984 erat
1007 2937 1063 2984 et
1100 2943 1284 2996 regum
1324 2935 1378 2982 et
1417 2927 1564 2996 regni
1605 2925 1657 2980 in
1695 2924 1806 2980 Bo-

221 3037 438 3075 manum
480 3021 786 3088 pontificem
834 3019 1166 3082 reverentia,
1226 3026 1284 3071 ut
1321 3018 1484 3080 licet,
1527 3030 1624 3084 pro
1661 3031 1809 3069 more

221 3123 347 3170 tunc
375 3115 630 3184 temporis
659 3122 893 3183 recepto,
927 3113 1162 3181 episcopi
1187 3124 1373 3164 omnes
1399 3107 1664 3180 apostolici
1690 3108 1802 3171 viri,

1915 1931 2025 1976 tum
2057 1922 2168 1986 ille,
2205 1924 2255 1977 in
2284 1939 2443 1993 quem
2474 1925 2723 1994 suffragia
2763 1937 3148 1992 convenerant,
3187 1939 3279 1981 aut
3305 1929 3499 1997 aliquis

1910 2015 2025 2083 ejus
2051 2017 2287 2080 nomine,
2314 2018 2428 2071 sive
2455 2017 2542 2070 alii
2571 2017 2638 2071 ab
2669 2018 2777 2086 ipsa
2805 2018 3037 2073 Ecclesia
3063 2018 3252 2073 delecti
3283 2019 3496 2076 defere-

1912 2106 2038 2159 bant
2058 2105 2123 2159 ad
2148 2121 2325 2174 regem
2347 2106 2625 2161 electionis
2655 2107 3028 2172 instrumenta,
3051 2123 3169 2177 quae
3191 2110 3237 2163 si
3263 2110 3498 2180 legitima

1905 2196 2200 2266 judicaret.
2235 2196 2473 2266 nihilque
2516 2197 2568 2251 in
2596 2197 2861 2252 electione
2890 2198 3139 2251 vitiosum
3172 2200 3495 2264 adverteret,

1909 2285 2224 2340 admittebat
2263 2287 2609 2350 electionem;
2641 2295 2730 2338 aut
2769 2301 2886 2341 eam
2918 2287 3122 2340 irritant
3154 2288 3426 2353 reddebat,
3454 2291 3496 2342 si

1911 2381 2047 2433 forte
2087 2379 2230 2433 cives
2277 2379 2328 2432 in
2382 2392 2661 2445 personam
2713 2377 2814 2431 sibi
2845 2389 2940 2431 aut
2982 2393 3150 2449 regno
3193 2391 3496 2446 suspectam

1909 2471 2328 2523 consensissent.
2370 2469 2502 2531 Rex,
2543 2469 2771 2523 admissi
2803 2470 3084 2536 electione,
3125 2471 3394 2526 scribebat
3431 2473 3498 2526 ad

1911 2560 2375 2628 metropolitanum
2415 2560 2716 2628 epistolam,
2757 2576 2862 2629 qua
2901 2561 2948 2616 ei
2988 2560 3211 2632 ejusque
3247 2577 3499 2628 compro-

1910 2652 2224 2704 vincialibus
2248 2652 2512 2720 episc0pis
2541 2667 2736 2705 novum
2762 2654 3070 2721 episcopum
3099 2654 3376 2708 ordinandi
3404 2670 3499 2723 po-

1913 2751 2157 2796 testatem
2189 2743 2430 2796 faciebat.
2461 2743 2583 2797 lla'c
2611 2743 2786 2797 omnia
2818 2758 2959 2798 anno
2985 2744 3088 2798 549
3114 2747 3294 2813 paucis
3323 2746 3501 2802 verbis

1911 2849 2225 2902 expressere
2250 2834 2431 2888 Patres
2456 2833 2678 2888 Concilii
2707 2852 2736 2888 ν
2760 2835 3159 2891 Aurelianensis
3178 2852 3380 2892 canone
3402 2839 3496 2896 l0.

1912 2926 2039 2980 Cum
2079 2927 2333 2979 voluntate
2379 2926 2532 2992 regis,
2551 2930 2706 2998 juxta
2739 2927 3031 2983 electionem
3067 2929 3189 2982 cleri
3219 2946 3280 2983 ac
3315 2930 3496 2999 plebis,

1912 3019 2042 3070 sicut
2067 3018 2118 3071 in
2139 3019 2361 3087 antiquis
2391 3019 2669 3072 canonibus
2690 3029 2888 3073 tenetur
2906 3022 3173 3091 scripturn,
3195 3039 3226 3076 a
3252 3033 3504 3092 metropo-

1915 3109 2103 3171 litano,
2139 3108 2216 3162 vel
2246 3125 2393 3178 quem
2423 3109 2474 3162 in
2504 3110 2610 3162 vice
2637 3126 2727 3162 sua
2765 3113 3088 3179 prwmiserit,
3123 3130 3239 3166 cum
3271 3129 3504 3182 compro-

221 3215 312 3257 sut
336 3220 484 3272 papa:
511 3211 981 3271 nuncuparentur;
1014 3217 1172 3256 nemo
1205 3210 1381 3254 tamen
1413 3213 1476 3253 ex
1509 3199 1586 3251 eis
1619 3205 1812 3265 prmter
1835 3184 1883 3246 C
1916 3199 2214 3252 vincialibus
2241 3199 2468 3267 pontifex
2497 3210 2820 3253 consecretur
2841 3217 2860 3256 :
2889 3218 3046 3271 quam
3077 3207 3312 3273 regulam
3350 3221 3504 3261 exse-

223 3294 522 3347 Romanum
565 3294 886 3363 pontificem,
929 3309 1082 3362 papa,
1124 3290 1176 3344 id
1217 3301 1296 3343 est
1364 3288 1599 3341 omnium
1641 3296 1810 3354 pater,

223 3387 466 3441 absolute
495 3387 782 3442 diceretur.
807 3387 937 3439 Item
962 3385 1102 3439 sedis
1145 3382 1451 3454 apostolicae
1477 3381 1693 3434 nomine
1721 3379 1814 3433 de-

222 3478 534 3546 sigttabatur
557 3492 651 3545 per
672 3477 1043 3532 excellentiam
1067 3474 1303 3529 Romana
1328 3473 1591 3537 Ecclesia,
1619 3480 1677 3524 ut
1703 3480 1812 3524 tum

225 3583 290 3620 ex
323 3580 513 3623 nostro
542 3569 826 3638 Gregorio,
871 3580 982 3623 tum
1021 3584 1088 3623 ex
1127 3568 1290 3622 variis
1327 3567 1566 3622 conciliis
1606 3565 1814 3620 illorum

225 3669 530 3726 temporum
559 3670 787 3713 constat.
815 3661 986 3727 Atque
1013 3659 1156 3724 inde,
1181 3667 1236 3712 et
1265 3657 1404 3728 quod
1431 3657 1670 3726 plerique
1694 3656 1816 3709 baro

223 3749 337 3803 bari
363 3749 634 3804 h:ereseos
654 3750 770 3803 tabe
794 3750 975 3806 infecti
999 3757 1201 3812 essent,
1224 3747 1584 3801 Romanorum
1603 3745 1816 3802 nomine

222 3841 496 3902 catholici,
521 3843 681 3894 etiam
714 3841 779 3894 ab
805 3841 933 3906 ipsis
961 3839 1245 3902 limreticis,
1275 3839 1671 3892 indicabantur.

296 3933 387 3987 20.
432 3931 482 3986 Is
509 3933 686 4001 itaque
714 3943 848 3996 erat,
883 3933 1146 3987 referente
1174 3931 1431 4001 Greginrio
1463 3944 1665 3994 nostro,
1693 3929 1817 3984 Gaf-

223 4021 418 4076 liarum
442 4032 612 4077 status
642 4025 742 4077 sub
765 4024 1071 4077 Cltlodoveo
1120 4024 1309 4093 Magno
1337 4024 1558 4092 ejusque
1606 4023 1728 4076 filiis
1755 4039 1817 4077 ac

225 4114 534 4181 nepotibus.
569 4115 674 4169 Sed
700 4115 807 4183 jam
837 4129 900 4168 ex
930 4114 1029 4167 hoc
1055 4114 1170 4183 ipso
1193 4125 1412 4168 auctore
1444 4115 1814 4184 inquirendum

226 4215 328 4263 est,
358 4219 601 4271 quamam
636 4213 759 4257 tunc
784 4205 1038 4272 temporis
1065 4206 1265 4274 vigeret
1295 4204 1430 4270 apud
1458 4204 1694 4258 Francus
1719 4205 1818 4260 Ec-

224 4294 409 4347 clesia:
435 4294 736 4364 disciplina.
782 4296 844 4348 Et
871 4296 1042 4364 primo
1063 4296 1276 4364 quidem
1307 4294 1679 4362 episcoporum
1710 4296 1818 4350 ele-

226 4383 434 4436 ctiones
464 4384 661 4439 liberas
681 4393 735 4436 ct
760 4385 1033 4438 absolutas
1058 4400 1215 4438 nemo
1242 4394 1321 4437 est
1347 4385 1436 4452 qui
1469 4400 1574 4438 non
1598 4386 1813 4450 dixerit,

225 4476 269 4527 si
294 4475 375 4527 vel
402 4475 588 4529 leviter
611 4473 727 4542 ejus
753 4477 850 4529 :evi
875 4476 1218 4530 conciliorum
1243 4492 1474 4530 canones
1500 4494 1812 4544 percurrere

1914 3290 2113 3344 cutioni
2134 3290 2437 3343 mandatam
2457 3290 2619 3344 fuisse
2636 3291 2836 3344 infinita
2856 3296 3240 3361 propemodum
3262 3295 3503 3366 Gregorii

1917 3381 2031 3432 loca
2059 3380 2305 3448 probant,
2336 3380 2388 3432 in
2417 3379 2608 3448 quibus
2655 3380 3068 3436 instrumentum
3099 3399 3128 3436 a
3158 3384 3372 3438 civibus
3404 3401 3504 3455 pro

1917 3469 2182 3523 electione
2221 3468 2416 3524 factum
2456 3469 2684 3538 appellat
2710 3486 3013 3526 consensum
3040 3474 3256 3542 civium;
3298 3478 3505 3547 regiunt

1921 3577 2046 3615 vero
2071 3561 2328 3630 diploma,
2359 3571 2688 3632 proruptum,
2720 3573 2810 3618 aut
2838 3568 3248 3636 praeceptionem,
3279 3569 3394 3625 sive
3423 3573 3508 3625 in-

1918 3653 2163 3705 diculum.
2199 3651 2349 3706 Hanc
2372 3666 2498 3707 vero
2520 3656 2878 3724 praceptionis
2903 3671 3088 3712 vocem
3109 3659 3187 3714 sic
3213 3676 3317 3715 non
3350 3663 3507 3718 intel-

1919 3744 2185 3813 ligendam
2217 3758 2360 3809 esse,
2397 3752 2456 3797 ut
2494 3744 2812 3800 electionem
2854 3749 3135 3816 excludat,
3158 3767 3220 3806 ex
3254 3753 3512 3822 Gregorio

1920 3843 2106 3886 nostro
2144 3841 2317 3902 patet,
2351 3834 2439 3904 qui
2473 3844 2594 3904 post
2626 3838 2858 3890 delatum
2897 3838 2963 3890 ad
2996 3855 3172 3910 regem
3205 3858 3506 3898 consensum

1919 3928 2125 3995 civium,
2153 3943 2304 3982 suam
2331 3931 2722 3997 pra’ceptionem
2753 3946 2874 3986 eum
2899 3933 3116 3990 dedisse
3139 3937 3333 4002 passim
3361 3953 3509 3992 cntu-

1920 4028 2197 4074 memorat.
2240 4017 2376 4086 Quin
2407 4022 2566 4074 etiam
2603 4022 2728 4076 licet
2757 4024 2808 4078 in
2839 4024 2998 4092 regiis
3029 4027 3221 4082 litteris
3251 4042 3345 4081 seu
3367 4045 3505 4098 pra-

1919 4115 2170 4180 ceptione,
2205 4113 2346 4166 nulla
2380 4111 2530 4168 fieret
2569 4114 2849 4168 electionis
2885 4125 2976 4170 aut
3003 4134 3278 4172 consensus
3309 4135 3509 4187 praece-

1920 4204 2097 4258 dentis
2143 4206 2364 4270 mentio,
2397 4215 2456 4258 ut
2484 4221 2548 4258 ex
2599 4205 2842 4260 formulis
2891 4209 3127 4262 Marculli
3175 4212 3505 4279 colligimus,

1922 4296 2069 4350 illum
2110 4305 2287 4350 tamen
2327 4296 2520 4349 civium
2562 4311 2882 4350 consensum
2923 4313 2978 4351 re
3021 4301 3130 4368 ipsa
3164 4304 3507 4368 praecessisse

1922 4402 2026 4440 non
2055 4385 2225 4440 solum
2257 4402 2323 4440 ex
2347 4385 2622 4456 Gregorio,
2658 4387 2749 4441 sed
2780 4388 2939 4442 etiam
2965 4405 3025 4442 ex
3053 4393 3223 4443 sancti
3248 4391 3511 4455 Desiderii

1921 4477 2261 4532 Caturcensis
2292 4477 2397 4531 vita
2423 4476 2701 4541 discimus,
2733 4478 2786 4531 in
2819 4493 2920 4547 qua
2951 4479 3164 4548 quidem
3195 4481 3310 4535 Vita
3343 4481 3510 4550 regis:

226 4566 393 4629 volet,
417 4583 549 4632 quos
588 4568 745 4621 etiam
781 4583 1035 4632 canones,
1062 4585 1128 4623 ne
1167 4569 1343 4623 debita
1386 4570 1464 4623 eis
1488 4570 1676 4626 deesse
1719 4588 1815 4641 pu-
1847 4556 1896 4613 Ῐ)
1924 4571 2114 4623 Ιίιιθτεε
2142 4569 2447 4624 referuntur
2474 4569 2538 4623 ad
2563 4570 2866 4639 episcopos,
2892 4579 3022 4637 etc.,
3047 4571 3183 4626 data:
3204 4572 3364 4626 simul
3386 4589 3512 4628 cum

227 4666 372 4711 tetur
412 4657 718 4724 auctoritas,
760 4674 788 4712 a
830 4659 1042 4727 regibus
1082 4659 1457 4726 comprobatus
1494 4668 1547 4713 et
1579 4660 1816 4716 firmatos

231 4750 428 4816 passim
457 4749 703 4819 legimus.
739 4751 792 4805 Si
828 4759 1002 4805 tamen
1027 4750 1271 4820 Gregorii
1296 4752 1581 4808 llistoriam
1609 4755 1818 4825 aliaque

231 4840 343 4904 ejus
374 4855 538 4908 opera
569 4842 904 4906 evolvamus,
939 4843 1258 4896 contrariam
1289 4844 1510 4898 omnino
1542 4843 1625 4899 his
1654 4861 1818 4901 cano-

231 4932 386 4986 nibus
415 4932 860 4987 consuetudinem
892 4943 1013 4986 tunc
1043 4936 1300 5003 temporis
1329 4936 1560 5005 viguisse
1589 4937 1818 4992 nonnul-

231 5024 294 5075 lis
325 5023 618 5082 videbitur,
659 5039 778 5078 cum
817 5022 890 5078 ibi
933 5026 1169 5094 legamus
1209 5026 1404 5094 passim
1445 5027 1815 5096 episcoporum

230 5115 597 5170 successiones
639 5117 984 5184 prazeipiente
1025 5131 1149 5179 rege
1191 5126 1315 5172 tunc
1355 5121 1613 5187 temporis
1652 5119 1816 5174 factas

230 5208 413 5260 fuisse.
456 5205 589 5271 Hic,
618 5208 806 5276 inquit.
849 5209 1188 5276 praeceptione
1212 5209 1344 5278 regis
1376 5209 1428 5262 in
1459 5209 1688 5277 episcopi
1719 5211 1815 5264 de-

228 5298 394 5352 functi
425 5301 600 5353 locum
635 5310 713 5354 est
742 5299 1064 5354 substitutus
1092 5317 1103 5352 :
1135 5311 1249 5366 aut,
1279 5299 1398 5366 Ille,
1431 5302 1680 5356 defuncto
1704 5303 1815 5371 epi-

225 5405 390 5456 50tth
431 5407 462 5444 a
488 5407 614 5461 rege
651 5394 1037 5462 praeceptionem
1076 5392 1337 5457 obtinens;
1375 5403 1464 5448 aut
1492 5396 1645 5459 alius,
1674 5395 1812 5464 quod

221 5481 328 5550 jam
381 5494 538 5539 antea
587 5499 614 5536 a
664 5499 793 5554 rege
841 5488 1148 5540 mandatum
1200 5486 1546 5550 obtinuisset,
1601 5490 1814 5542 caneris

227 5575 565 5642 posthabitis,
600 5577 830 5629 viduata:
869 5575 1016 5631 urbis
1053 5577 1418 5647 episcopatum
1458 5577 1679 5648 adeptus
1709 5589 1812 5635 est.

226 5667 449 5734 Quibus,
485 5677 575 5720 aut
605 5681 738 5722 sane
767 5667 1028 5721 similibus
1055 5668 1238 5722 verbis
1267 5684 1386 5723 cum
1421 5671 1586 5724 utitur
1607 5669 1810 5740 Grego-

227 5760 357 5822 rius,
385 5756 666 5830 rpiscopos
699 5772 806 5814 non
835 5757 1001 5814 libera
1031 5759 1224 5816 civium
1256 5770 1343 5816 aut
1373 5759 1501 5818 clcri
1522 5760 1808 5828 elec1ione,

1922 4658 2157 4714 indiculo
2200 4658 2266 4712 ad
2292 4657 2585 4728 Sulpicium
2613 4661 3081 4726 metroiiolitauum
3111 4676 3128 4715 :
3159 4662 3252 4716 sed
3285 4663 3334 4716 in
3364 4663 3513 4718 ἰηιηο.

1921 4749 2042 4804 culo
2074 4764 2166 4803 rex
2196 4765 2262 4804 ne
2289 4749 2509 4803 verbum
2540 4749 2752 4819 quidem
2783 4751 2941 4806 habet
2967 4753 3035 4807 de
3062 4753 3188 4808 cleri
3222 4754 3303 4806 vel
3338 4755 3517 4832 plebis.

1922 4844 2183 4898 electione
2219 4852 2310 4897 aut
2342 4857 2640 4904 consensu,
2675 4845 2883 4897 tametsi
2922 4845 2974 4898 in
3004 4847 3118 4899 suis
3149 4846 3339 4901 litteris
3375 4863 3505 4912 mox

1923 4933 2169 4994 laudatis,
2215 4933 2350 4988 hanc
2391 4933 2777 5000 promotiouetn
2821 4951 2935 4986 cum
2975 4936 3214 4990 abbatum
3256 4940 3509 5008 totiusque

1925 5027 2048 5079 cleri
2077 5030 2404 5080 consensione
2431 5025 2624 5081 faciant
2658 5027 2823 5082 fuisse
2848 5036 3094 5084 testatur.

1995 5117 2084 5172 2i.
2129 5117 2278 5172 Haud
2312 5127 2484 5172 tamen
2516 5119 2746 5174 diffitear
2774 5121 3064 5176 electiones
3105 5136 3136 5176 a
3165 5123 3310 5178 clero
3335 5131 3391 5178 et
3415 5140 3509 5192 po-

1926 5211 2049 5279 pulo
2076 5209 2242 5264 factas
2292 5225 2672 5280 nonnunquam
2706 5227 2734 5265 a
2763 5213 2978 5282 regibus
3007 5214 3289 5285 abrogatas
3320 5216 3512 5284 fuisse,

1925 5302 2011 5355 vel
2052 5301 2192 5368 quod
2234 5301 2420 5356 divisis
2461 5303 2599 5357 inter
2637 5319 2697 5358 se
2727 5303 3020 5362 electorum
3061 5307 3348 5378 suffragiis,
3380 5327 3507 5364 una-

1923 5404 2145 5460 quaeque
2163 5405 2286 5460 pars
2305 5403 2424 5445 cum
2447 5406 2545 5446 suo
2564 5393 2839 5448 electionis
2861 5397 3218 5452 instrumento
3239 5399 3305 5452 ad
3329 5415 3506 5468 regem

1922 5476 2269 5551 accessisset,
2299 5481 2384 5537 vel
2412 5483 2551 5550 quod
2581 5484 2737 5538 eleCti
2771 5500 2998 5554 persona
3035 5488 3144 5557 regi
3174 5488 3508 5556 displiceret.

1919 5572 2029 5626 Nec
2056 5574 2213 5626 etiam
2243 5572 2464 5627 inficiari
2486 5573 2648 5628 velim
2677 5577 2966 5632 nonnullos
2988 5579 3324 5646 quandoque,
3346 5581 3509 5633 etiam

1920 5681 2025 5720 non
2055 5674 2359 5733 exspectata
2387 5666 2520 5720 cleri
2541 5677 2634 5720 aut
2663 5668 2840 5737 populi
2873 5671 3152 5733 electione,
3175 5685 3202 5722 e
3232 5671 3424 5737 palatio
3457 5674 3508 5731 iu

1919 5761 2092 5820 locum
2124 5756 2496 5816 defunctorum
2528 5765 2902 5831 episc0porum
2951 5777 2980 5815 a
3025 5776 3150 5832 rege
3177 5762 3343 5821 fuisse
3385 5767 3511 5829 sub.»
