3972 6340
505 343 578 405 ΩἹ
1934 349 2331 411 PIUEFATIO.
3712 355 3786 414 ξε

431 512 436 521 .
507 463 720 521 stitutos
752 481 768 521 :
799 479 934 535 quos
971 463 1395 532 metropolitani,
1427 463 1494 520 de
1531 480 1716 520 eorum
1759 465 1999 520 doctrina
2039 475 2093 520 et
2122 467 2174 525 Α
2201 480 2320 517 rum
2370 463 2648 520 ordinatus
2691 476 2809 534 est,
2844 469 3140 524 Aventinus
3167 469 3303 538 apud
3345 468 3740 524 Caslrndttntlm
3763 513 3782 540 ,

507 559 688 628 probis
719 557 955 612 moribus
983 572 1014 610 a
1039 570 1165 626 rege
1187 556 1305 624 ipso
1332 557 1452 611 facti
1496 557 1776 622 certiores,
1806 570 2093 612 consecra-

506 651 664 714 bant;
695 651 787 704 sed
811 649 1004 704 civium
1027 661 1115 703 aut
1139 649 1266 704 cieri
1290 663 1604 715 consensus,
1624 665 1743 704 cum
1769 649 1841 704 illi
1867 651 2095 720 primum

507 742 562 796 in
603 741 785 794 urbem
817 757 966 794 suam
1002 741 1376 806 adveniebant,
1405 741 1713 810 rogabatur.
1755 741 1879 795 "rec
1918 751 2094 796 tamen

504 833 838 887 consuetudo
869 831 1188 885 electionum
1221 831 1518 885 libertatem
1552 831 1776 885 multum
1811 832 2097 886 labefacta-

503 927 608 989 vit;
656 940 812 994 quam
860 925 1096 978 conciliis
1143 925 1396 992 ignotam,
1443 934 1496 977 et
1539 924 1738 978 sensim
1781 926 1897 979 sine
1936 939 2097 978 sensu

507 1016 860 1069 introductam
889 1014 1193 1069 Chlotarius
1225 1016 1266 1070 ll
1328 1016 1378 1068 in
1411 1016 1644 1070 edictum
1677 1015 2098 1070 confirmationis

509 1108 697 1178 synodi
722 1124 751 1158 v
792 1107 1106 1161 Parisit-nsis
1137 1108 1336 1172 primus
1364 1107 1525 1162 inseri
1555 1107 1780 1170 curavit,
1807 1120 1946 1159 anno
1969 1106 2094 1168 MS,

511 1206 572 1250 ut
600 1198 850 1263 deinceps
882 1212 976 1263 pro
1009 1198 1122 1264 lege
1153 1197 1459 1251 haberetur.
1488 1195 1767 1265 Episcopo,
1793 1197 1983 1260 inquit,
2009 1197 2096 1249 de-

504 1287 731 1348 cedente,
758 1291 808 1339 in
840 1292 950 1340 loco
977 1289 1138 1352 ipsius
1160 1290 1246 1356 qui
1271 1305 1302 1340 a
1332 1289 1721 1358 metropolitano
1752 1289 1982 1341 ordinari
2010 1289 2099 1340 de-

503 1379 603 1445 bet,
635 1395 750 1432 cum
772 1380 1162 1448 provincialibus
1189 1397 1219 1430 a
1245 1381 1380 1431 clero
1410 1388 1454 1431 et
1483 1378 1676 1448 populo
1706 1379 1958 1448 eligatur;
1986 1389 2033 1431 et
2054 1379 2096 1430 si

504 1487 722 1538 persona
744 1470 994 1539 condigna
1020 1471 1194 1538 fuerit,
1228 1485 1316 1537 per
1341 1469 1715 1522 ordinationem
1740 1468 1987 1537 principis
2009 1484 2098 1520 or-

503 1563 727 1614 dinetur.
763 1561 884 1614 llaec
917 1563 1083 1628 prima
1113 1562 1508 1616 ordinationum
1551 1563 1754 1631 regula,
1784 1572 1839 1616 ut
1869 1561 2098 1616 vidimus

503 1669 570 1707 ex
587 1655 854 1708 conciliov
873 1655 1264 1721 Aurelianensi,
1295 1671 1483 1710 novam
1500 1655 1649 1710 addit
1675 1675 1688 1710 :
1723 1655 1797 1709 rel
1816 1665 1950 1710 certe
1969 1657 2098 1710 side

503 1746 702 1812 palatio
729 1746 954 1812 eligitur,
983 1762 1074 1814 per
1099 1746 1334 1798 meritum
1363 1763 1593 1816 persona:
1620 1757 1666 1801 et
1696 1747 1940 1800 doctrina!
1959 1749 2099 1801 ordi-

2199 557 2580 624 Austrapiusin
2612 558 2840 613 Sellensi
2868 570 3068 625 castro,
3124 571 3227 614 etc.
3277 561 3654 628 Coadjutorem
3701 573 3783 616 ta-

2198 661 2321 698 men
2365 650 2547 702 renuit.
2588 649 2838 702 ordinare
2887 650 3175 718 Gregorius
3223 660 3403 704 noster
3443 651 3786 720 Burgundio-

2200 753 2358 802 nt-m,
2396 738 2587 793 Felii-is
2635 740 3008 796 Namnetensis
3050 742 3284 810 episcopi
3334 753 3614 811 nepotem,
3669 752 3784 798 tum

2197 827 2339 892 quod
2372 831 2668 899 neopliytus
2691 839 2856 895 esset,
2891 843 3000 884 tum
3035 832 3177 898 quod
3209 834 3347 885 sacri
3378 847 3613 887 canones
3637 843 3786 888 veta-

2199 929 2338 982 rent,
2375 935 2439 972 ne
2470 922 2587 989 quis
2618 923 2902 991 episcopus
2931 925 3086 978 alteri
3130 925 3303 978 adhuc
3331 927 3530 980 viventi
3577 927 3784 982 substi-

2201 1015 2457 1072 tueretur,
2485 1020 2541 1063 ut
2584 1011 2697 1079 ipse
2733 1024 2917 1066 narrat
2947 1013 3082 1067 libro
3117 1031 3188 1076 vt,
3213 1017 3448 1095 capite’5
3470 1055 3485 1069 .
3515 1017 3669 1072 Unde
3699 1018 3787 1072 in-

2200 1101 2378 1154 solens
2408 1105 2627 1157 omnino
2672 1104 2837 1159 videri
2895 1107 3058 1160 debet
3108 1107 3249 1176 quod
3298 1107 3438 1162 idem
3490 1108 3788 1177 Gregorius

2201 1191 2364 1246 refert
2390 1194 2456 1248 de
2479 1193 2761 1249 Theodoro
2786 1206 2840 1250 et
2871 1198 3094 1250 Proculo
3122 1199 3391 1268 episcopis
3419 1215 3448 1255 e
3470 1199 3784 1270 Burgundia

2199 1282 2364 1351 pulsis
2385 1324 2402 1349 ,
2449 1286 2536 1353 qui
2580 1286 2879 1341 Eetzlesiam
2908 1287 3230 1343 'l‘uronicam
3263 1290 3419 1344 simul
3465 1293 3670 1345 rexisse
3700 1290 3786 1346 di-

2199 1386 2417 1439 cuntur,
2452 1386 2569 1444 post
2600 1377 2785 1431 Licinii
2847 1389 2937 1431 aut
2969 1379 3160 1433 Leonis
3199 1381 3407 1435 obitum
3443 1399 3454 1432 :
3488 1397 3653 1451 quare
3683 1398 3784 1438 eos

2202 1466 2378 1532 potius
2426 1468 2890 1524 administratores
2936 1488 3095 1540 quam
3159 1474 3442 1542 episcopos
3482 1474 3786 1530 Turonicos

2200 1557 2546 1622 appellandos
2595 1575 2719 1614 esse
2784 1561 3104 1616 existimem.
3160 1565 3549 1635 Nonnunquam
3603 1575 3785 1621 tamen

2200 1643 2460 1712 episcopi,
2489 1648 2648 1702 etiam
2681 1649 3024 1718 sanctissimi,
3052 1654 3280 1722 aliquem
3309 1672 3340 1711 e
3373 1672 3472 1712 suo
3493 1659 3640 1712 clero
3678 1661 3783 1715 sibi

2199 1749 2563 1792 successorem
2604 1741 2988 1808 designarunt,
3018 1760 3176 1814 quem
3216 1749 3459 1802 sciebant
3501 1751 3565 1802 ad
3601 1749 3649 1803 id
3681 1753 3783 1804 mi-

501 1847 672 1892 netur.
704 1841 770 1891 At
802 1838 913 1890 hare
943 1853 1076 1891 nova
1105 1839 1436 1892 consuetudo
1459 1840 1740 1892 multorum
1767 1839 1819 1893 in
1850 1839 2092 1894 Ecclesia
2133 1845 2172 1900 Β
2203 1830 2478 1886 "islet‘ium
2509 1850 2616 1901 pra!
2659 1839 2872 1891 caeteris
2901 1838 3149 1895 idoneum
3179 1857 3319 1899 esse.
3370 1844 3444 1897 Ita
3492 1847 3781 1915 Sacerdos,

502 1926 761 1980 malorum
775 1929 984 1981 occasio
1003 1926 1120 1995 luit,
1135 1929 1362 1982 favendo
1375 1928 1776 1983 ambitiosornm
1791 1929 2090 1993 conatibus,

508 2020 749 2074 maxime
779 2021 1090 2075 ofticialiutn
1114 2023 1418 2091 regiorum,
1454 2023 1543 2091 qui
1576 2032 1757 2090 postea
1794 2023 2098 2090 pinguiores

500 2112 839 2182 episcopatus
864 2116 1110 2180 anrupati
1136 2123 1262 2168 sunt
1286 2132 1298 2167 :
1323 2123 1377 2168 et
1397 2115 1576 2168 statim
1599 2129 1661 2167 ex
1689 2115 1837 2168 laicis
1859 2114 2095 2183 episcopi

502 2204 647 2260 facti.
680 2204 929 2256 Ecclesia:
954 2203 1241 2258 Gallicante
1264 2205 1600 2258 sanctitatem
1626 2220 1731 2258 non
1755 2206 2098 2259 mediocriter

502 2295 907 2349 imminuerunt.
957 2298 1059 2351 Alii
1102 2312 1230 2350 vero
1263 2299 1486 2365 pecunia
1531 2307 1585 2351 et
1631 2297 1968 2362 muneribus,
2002 2297 2091 2350 alii

502 2386 920 2451 adulationibus,
953 2397 1045 2441 attt
1093 2386 1461 2441 ministrorum
1506 2388 1775 2457 regiorum
1804 2403 1940 2457 quos
1979 2403 2099 2441 eor-

504 2489 762 2546 ruperant
784 2479 995 2543 officiis,
1017 2492 1267 2549 prmceptu
1291 2497 1471 2551 regum
1497 2483 1695 2550 adepti,
1714 2483 2096 2550 simoniacam,

504 2578 564 2621 ut
591 2571 881 2635 Vocabanl,
923 2574 1168 2626 lttrresitn
1209 2574 1586 2639 inlruduxere;
1632 2577 1858 2643 indeque
1901 2584 1979 2628 tut
2009 2590 2099 2627 (³3-

505 2676 674 2715 nones
704 2663 960 2717 adversus
990 2665 1292 2736 neopbytos
1323 2677 1376 2721 et
1397 2666 1731 2722 Simoniacos
1763 2669 1867 2722 illis
1894 2678 2098 2737 tempo-

507 2751 656 2805 ribus
687 2754 738 2806 in
766 2753 1052 2808 Gallicanis
1080 2756 1322 2810 conciliis
1350 2758 1593 2812 conditos
1626 2758 1874 2826 legimus,
1904 2758 1994 2825 qui
2018 2767 2098 2812 ta-

507 2859 628 2897 men
679 2837 982 2914 nunquam,
1038 2848 1176 2901 sicut
1227 2864 1326 2902 nec
1358 2849 1720 2903 Romanorum
1763 2849 2096 2918 pontificum,

503 2943 560 2987 et
587 2936 916 3000 potissimum
951 2939 1190 3008 Gregorii
1224 2939 1416 3007 Magni,
1449 2941 1712 3008 epistolae,
1742 2951 1849 2996 tam
1877 2943 2096 2999 nefariae

507 3027 642 3096 pesd
672 3030 1005 3084 eradicnndm
1032 3046 1190 3102 pares
1222 3032 1390 3088 luere.
1414 3033 1613 3088 Omitto
1643 3034 1926 3102 singularia
1952 3051 2099 3106 qum-

506 3116 629 3171 dam
661 3121 924 3186 exempla,
956 3137 1075 3190 qua:
1105 3138 1225 3176 cum
1266 3125 1461 3192 regulis
1489 3128 1759 3180 contraria
1792 3126 2008 3191 fuerint,
2040 3127 2093 3182 in

2202 1922 2571 1992 Lugdunensis
2619 1932 2874 1996 antistes,
2908 1933 3065 1987 morti
3100 1938 3377 2004 prox‘mus
3401 1979 3416 2002 ,
3460 1937 3784 1995 Childeber-

2201 2025 2309 2068 tum
2345 2032 2522 2086 regem
2557 2031 2888 2078 contestatus
2918 2037 3023 2093 est,
3057 2037 3115 2082 ut
3139 2027 3401 2083 Nicetium
3431 2030 3531 2084 sibi
3564 2031 3616 2085 in
3647 2033 3780 2088 sede

2203 2104 2542 2172 Lngdunensi
2575 2111 2820 2164 substitni
2861 2125 3093 2172 curaret.
3143 2118 3387 2172 Maurilio
3435 2120 3782 2177 (laturcensis

2199 2194 2482 2264 episcopus
2513 2199 2742 2269 podagra
2782 2202 3046 2272 afflictus,
3076 2210 3382 2275 praevidens
3424 2210 3628 2266 futuras
3657 2230 3783 2281 gra-

2201 2299 2294 2337 ves
2324 2285 2464 2340 circa
2511 2304 2665 2342 suum
2709 2306 3077 2350 successorem
3125 2301 3533 2366 contentiones,
3582 2313 3638 2356 ut
3673 2304 3784 2360 sibi

2200 2378 2359 2430 etiam
2411 2381 2609 2435 viventi
2669 2384 2945 2442 Ursicinus
3020 2391 3456 2460 substitueretur,
3512 2399 3782 2451 exoravit.

2203 2469 2343 2524 ldi-m
2375 2471 2605 2540 fecerat,
2640 2487 2697 2530 ut
2729 2495 2850 2534 mox
2904 2482 3212 2538 dicebamus
3235 2526 3251 2550 ,
3297 2485 3444 2541 Felix
3493 2488 3784 2558 episcopus

2201 2560 2592 2631 Namnetensis,
2628 2571 2879 2624 conlecm
2905 2587 2964 2626 ea
3004 2574 3071 2628 de
3116 2591 3176 2631 re
3227 2573 3599 2642 instrumento,
3632 2583 3776 2650 quod

2199 2655 2732 2718 comprovincialium
2771 2661 3145 2732 episcoporum
3187 2668 3672 2738 subscriptionibus
3695 2690 3784 2727 rn-

2200 2746 2378 2800 borari
2407 2763 2708 2808 curaverat.
2739 2753 3220 2827 Chorepiscopum,
3252 2778 3319 2818 ne
3349 2779 3510 2819 unum
3534 2766 3781 2835 quidetn,

2200 2853 2460 2895 memorat
2490 2843 2814 2913 Gregorius,
2847 2844 2948 2906 nisi
2991 2851 3066 2907 illi
3118 2869 3183 2908 eo
3231 2858 3445 2911 nomine
3490 2858 3783 2928 donentur,

2199 2929 2308 2998 qui,
2344 2943 2395 2985 ut
2428 2949 2552 2988 mox
2582 2936 2926 3008 dicebamus,
2969 2944 3021 2995 in
3053 2945 3243 2998 castris
3272 2947 3501 3001 ordinati
3543 2948 3780 3004 fuerant.

2199 3019 2328 3075 Nam
2347 3023 2708 3095 Mundericus,
2729 3046 2885 3100 quem
2904 3033 2954 3087 in
2971 3042 3149 3087 ('astrn
3163 3036 3430 3089 Tornndoi
3445 3043 3558 3092 ensi
3576 3040 3784 3096 sedisse

2201 3112 2458 3181 diximus,
2484 3133 2545 3171 ea
2570 3122 2769 3188 specie,
2800 3123 2962 3194 inquit
2987 3124 3700 3198 Gregorius,ordinatusest,
3723 3143 3784 3186 ut

508 3211 680 3277 legem
711 3215 937 3266 transire
967 3231 1070 3268 non
1105 3216 1322 3270 debent.
1348 3218 1438 3270 Sir
1472 3219 1524 3272 in
1553 3219 1854 3288 longinquis
1885 3221 2096 3287 quibus-

2207 3203 2332 3258 dum
2363 3219 2582 3264 sanctus
2607 3210 2873 3280 Tetricus,
2905 3217 2991 3284 qui
3022 3226 3146 3270 tune
3174 3217 3470 3288 Lingonum
3494 3222 3787 3289 cpiscopus

509 3299 631 3354 dam
666 3305 951 3369 provinciis
983 3306 1217 3374 epicopi
1249 3322 1274 3360 a
1304 3307 1470 3377 iquot,
1525 3311 1896 3364 dissimulante
1945 3328 2088 3380 rege,

505 3400 600 3444 aut
630 3409 735 3460 pra:
759 3397 947 3449 m'nori
973 3407 1128 3451 tetate
1151 3408 1242 3451 aut
1264 3401 1410 3466 regni
1436 3401 1604 3456 turbis
1630 3418 1734 3456 non
1761 3405 2089 3468 attendente,

509 3482 712 3544 absque
731 3483 849 3551 ejus
877 3486 1028 3537 venia
1062 3491 1357 3542 consocrati
1389 3490 1624 3545 fuerunt.
1657 3493 1823 3560 Major
1849 3494 1940 3546 fuit
1965 3509 2094 3562 poti-

511 3571 713 3623 tilicum
753 3575 1050 3644 Aquitania:
1094 3578 1130 3630 ll
1177 3593 1360 3643 ausus,
1400 3581 1486 3648 qui
1523 3581 1850 3648 Eumerium,
1905 3585 2096 3638 Santo-

510 3677 730 3716 nensem
756 3667 1092 3731 episcOpum.
1117 3684 1146 3722 e
1173 3670 1311 3723 solio
1337 3671 1713 3738 deturbarunt,
1740 3675 1878 3743 quod
1909 3677 2098 3745 absque

510 3756 891 3822 metmpolitam‘
907 3760 1117 3811 consii‘io
1141 3761 1346 3825 luisset,
1377 3762 1718 3831 praecipiente
1740 3781 1883 3826 rege.
1908 3781 2097 3821 conse-

511 3855 691 3897 oratus
717 3863 728 3898 :
753 3855 806 3899 at
827 3863 946 3901 cum
973 3850 1022 3901 id
1057 3849 1756 3919 rescivissetGharibertus,
1785 3859 2096 3915 Eumcrium

513 3934 566 3989 in
597 3937 778 3990 sedem
813 3940 1018 3994 restitui
1052 3942 1351 4011 imperavit,
1376 3945 1666 4014 mulctatis,
1691 3959 1745 4002 ut
1779 3950 1943 4003 refert
1969 3948 2099 4004 Gre-

517 4030 720 4095 gorius,
745 4031 1032 4100 episcopis,
1055 4023 1158 4100 'qui
1192 4036 1296 4090 tale
1332 4037 1535 4092 facinus
1576 4041 1808 4108 aggressi
1863 4039 2094 4097 fuerant.

513 4119 664 4174 llaud
711 4132 888 4177 tamen
916 4125 1052 4179 adeo
1082 4129 1280 4182 exarsit
1306 4129 1653 4186 Cliaribertus
1699 4132 1751 4187 in
1792 4133 2095 4203 episcopos,

512 4215 654 4280 quod
688 4215 923 4270 Eumerii
949 4220 1340 4275 ordinationem
1367 4223 1677 4278 examinare
1701 4225 2019 4291 voluissent,
2047 4226 2098 4278 id

513 4305 656 4357 enim
678 4307 754 4360 eis
779 4322 872 4375 per
899 4325 1130 4363 canones
1156 4310 1354 4364 licitum
1386 4323 1523 4376 erat,
1544 4313 1636 4368 sed
1659 4314 1798 4383 quod
1824 4315 1968 4369 illum
1987 4315 2098 4384 jam

514 4396 603 4449 ditt
637 4414 755 4450 cum
799 4402 1112 4455 auctoritate
1139 4405 1279 4468 regis
1307 4405 1616 4469 episcopatu
1650 4407 1958 4475 pollentem,
1982 4410 2100 4462 abs-

514 4501 619 4553 qtte
647 4486 760 4555 t-jus
777 4489 981 4554 judicio
1009 4506 1040 4544 e
1070 4491 1195 4544 sede
1226 4491 1566 4560 dejecissi‘nt.

2198 3310 2333 3363 erat,
2368 3302 2602 3368 viveret,
2637 3305 2720 3359 hic
2749 3306 3162 3366 Tornodorense
3206 3325 3462 3379 castrum,
3499 3322 3559 3368 ut
3607 3314 3786 3368 archi-

2200 3392 2479 3462 presbyter
2505 3407 2747 3461 regeret,
2780 3410 2937 3467 atque
2973 3401 3022 3452 in
3057 3417 3120 3454 eo
3147 3414 3592 3458 commoraretur.

2269 3482 2362 3540 25.
2413 3485 2784 3542 Ordinationes
2833 3492 2898 3544 ad
2933 3494 3369 3559 tnelropolitanos
3420 3497 3784 3566 pertinebant,

2206 3571 2258 3625 in
2292 3575 2506 3642 propria
2531 3576 2790 3646 cujusque
2815 3580 3104 3646 provincia.
3143 3583 3292 3638 Unde
3328 3585 3613 3653 Gregorius
3640 3587 3782 3641 libro

2203 3679 2254 3716 tv
2285 3665 2553 3735 Historiae,
2587 3671 2760 3738 capite
2789 3672 2877 3736 35,
2912 3674 3052 3740 quod
3083 3674 3134 3727 in
3163 3677 3322 3730 editis
3351 3678 3785 3744 praecedentibus

2201 3756 2630 3828 desiderabatur,
2686 3779 2909 3819 narrans
2958 3767 3097 3820 Aviti
3141 3767 3494 3826 Arvernensis
3541 3772 3783 3838 episeopi

2203 3852 2627 3920 ordinationem,
2655 3855 2810 3923 jussu
2859 3859 3110 3927 Sigiberti
3157 3864 3295 3932 regis
3335 3863 3508 3918 Mettis
3540 3865 3733 3926 factam
3761 3907 3781 3932 ,

2202 3942 2456 3996 observat
2484 3944 2581 3998 hac
2613 3946 2663 3999 in
2693 3962 2751 4000 re
2781 3952 3081 4002 canonicum
3103 3953 3322 4018 rigorem
3347 3969 3450 4008 non
3485 3953 3646 4009 fuisse
3668 3971 3785 4009 ser-

2201 4041 2404 4088 vatum.
2426 4035 2541 4101 Ipse
2569 4046 2743 4091 tamen
2770 4037 3052 4105 Gregorius
3079 4041 3295 4095 llhemis
3316 4055 3660 4099 consecratus
3686 4046 3786 4102 fuit

2203 4124 2269 4176 ab
2299 4123 2509 4191 Egidio
2533 4126 2652 4195 ejus
2679 4131 2827 4183 urbis
2852 4133 3292 4199 metropolitano,
3326 4143 3382 4188 ut
3418 4137 3560 4191 canit
3591 4137 3784 4193 Fortu-

2203 4225 2378 4282 natus,
2413 4231 2510 4270 nec
2553 4218 2793 4274 alterutri
2847 4238 3075 4290 unquam
3106 4223 3205 4278 hoc
3231 4225 3424 4278 factum
3454 4228 3582 4279 vitio
3603 4228 3786 4284 vertit.

2206 4309 2270 4361 At
2297 4324 2418 4361 cum
2448 4309 2588 4364 idem
2641 4311 2887 4380 Azigidius
2919 4331 3024 4367 non
3055 4317 3226 4368 solum
3275 4319 3526 4371 ordinare
3571 4318 3784 4387 episco-

2201 4417 2320 4468 pos,
2340 4416 2525 4455 verum
2547 4404 2707 4457 etiam
2728 4413 2782 4457 et
2808 4405 3171 4473 episcopatum
3199 4408 3475 4464 instituere
3499 4411 3550 4463 in
3569 4409 3780 4466 Castro-

2207 4491 2461 4558 Dunensi,
2492 4493 2634 4560 quod
2666 4494 2717 4547 in
2748 4494 3052 4550 Carnotena
3083 4497 3300 4552 dioecesi
3334 4501 3494 4555 situm
3541 4510 3642 4566 est,
3669 4511 3783 4556 ten-

589 4581 680 4633 2‘2.
724 4580 1124 4637 Translationes
1153 4584 1524 4653 episcOporum
1556 4601 1622 4640 ex
1659 4603 1761 4641 una
1797 4588 1847 4640 in
1878 4588 2096 4642 alteram

2207 4588 2390 4647 tassel,
2425 4583 2656 4649 graviter
2684 4584 2750 4637 ab
2780 4585 3046 4654 episcopis
3104 4591 3316 4644 concilii
3378 4607 3429 4646 tv
3472 4592 3786 4648 Parisiensis

521 4671 702 4725 sedc-nt
737 4687 993 4741 nusquam
1019 4673 1071 4727 in
1104 4673 1341 4742 Gregorii
1376 4675 1525 4729 libris
1555 4678 1791 4744 reperire
1817 4677 1962 4744 licet,
2002 4678 2101 4732 nisi

521 4778 730 4826 eorum,
764 4765 852 4832 qui
878 4779 942 4818 ex
979 4766 1206 4833 propriis
1237 4765 1459 4820 urbibus
1503 4767 1876 4822 haereticorum
1907 4769 2101 4836 princi-

521 4871 644 4925 pum
679 4856 832 4926 jussu
864 4857 1108 4925 expulsi,
1138 4857 1190 4910 in
1221 4857 1548 4912 Francorum
1577 4875 1796 4928 regnum
1832 4861 2101 4914 acceden-

518 4958 621 5008 tes.
653 4948 879 5002 viduatis
911 4949 1163 5004 Ecclesiis
1187 4949 1438 5017 Tpraifecti
1481 4951 1664 5015 fuere,
1703 4951 1842 5007 ouod
1887 4967 2100 5018 semper

523 5041 837 5107 approbavit
866 5040 1124 5096 Ecclesia.
1157 5040 1506 5110 Coadjutores
1548 5040 1852 5095 viventibus
1900 5042 2101 5097 substi-

523 5131 621 5184 tuti
675 5131 914 5186 nonnulli
967 5141 1291 5194 occurrunt,
1339 5133 1427 5200 qui
1460 5132 1541 5186 vel
1575 5147 1757 5203 regum
1783 5131 1984 5199 favore,
2017 5133 2101 5187 vel

518 5221 622 5275 alia
655 5222 840 5290 quavis
869 5237 937 5275 ex
970 5236 1150 5287 causa,
1173 5237 1293 5276 cum
1323 5236 1417 5290 spe
1444 5221 1509 5275 ad
1538 5221 1767 5290 aliquam
1803 5221 2099 5275 Ecclesiam

522 5313 865 5377 succedendi,
898 5313 1125 5367 ordinati
1156 5313 1399 5376 fuerunt;
1433 5321 1488 5365 at
1509 5327 1614 5365 non
1644 5327 1800 5377 vano,
1854 5322 1910 5364 ut
1943 5311 2102 5365 hodie

524 5407 602 5467 lit,
635 5403 806 5466 titulo,
841 5418 1011 5470 neque
1039 5403 1088 5456 in
1121 5417 1180 5457 ea
1209 5402 1319 5470 ipsa
1349 5403 1603 5465 Ecclesia,
1633 5417 1789 5471 quam
1814 5401 2098 5470 aliquando

520 5506 702 5550 essent
725 5494 966 5562 adepturi
991 5495 1392 5557 ordinahantur,
1418 5494 1510 5547 sed
1551 5493 1700 5562 quasi
1730 5492 1852 5546 novi
1892 5493 2098 5561 episco-

521 5599 677 5654 patus
706 5586 978 5641 erectiune
1003 5629 1014 5648 ,
1049 5585 1101 5639 in
1125 5586 1303 5653 aliquo
1339 5586 1526 5638 futurae
1554 5599 1662 5638 sum
1685 5583 1983 5637 dioeceseos
2011 5598 2098 5636 ca-

521 5688 634 5731 stro
665 5677 950 5739 sed-bant,
977 5691 1096 5730 cum
1139 5676 1404 5742 assignata
1438 5673 1539 5728 sibi
1585 5675 1636 5726 in
1669 5673 1869 5725 vicinos
1898 5671 2099 5740 aliquot

523 5770 670 5821 vico:
701 5767 1092 5838 jurisdictione.
1136 5767 1227 5824 Sic
1256 5763 1598 5823 Mundericus
1643 5764 1783 5828 apud
1816 5763 2096 5822 Toruodo-

2210 4671 2569 4737 reprehensus
2598 4673 2736 4745 fuit,
2771 4677 2914 4746 quod
2961 4693 3074 4732 rem
3124 4680 3260 4735 adeo
3311 4681 3580 4736 insolitam
3626 4692 3798 4738 extra

2208 4777 2317 4817 sine
2331 4763 2558 4820 civitatis
2578 4775 2631 4821 et
2653 4767 2940 4836 provinciae
2963 4772 3224 4825 terminos
3252 4768 3440 4826 fuisset
3467 4787 3778 4842 aggressus.

2212 4857 2274 4909 Et
2304 4857 2522 4920 merito,
2555 4872 2676 4912 eum
2710 4874 2778 4914 ne
2808 4861 2858 4914 id
2890 4862 3104 4929 quidem
3133 4862 3230 4930 ipsi
3263 4863 3446 4916 liceret
3468 4878 3533 4916 ex
3559 4872 3802 4932 aposto;

2209 4944 2322 4998 licae
2346 4946 2490 5000 sedis
2511 4945 2621 5001 vica
2632 4948 2765 5002 riattt
2790 4950 2900 5005 sedi
2925 4964 3035 5005 sua:
3054 4950 3191 5004 beati
3220 4951 3440 5020 llemigii
3458 4953 3792 5021 temporibus

2206 5051 2494 5102 concesso;
2523 5039 2566 5092 si
2599 5039 2815 5108 quidem
2843 5041 3106 5108 ejusmodi
3139 5041 3420 5109 privilegia
3455 5044 3667 5098 nonnisi
3706 5045 3790 5098 in-

2206 5127 2372 5191 tegris
2404 5141 2466 5180 ac
2501 5129 2662 5182 salvis
2687 5130 3213 5198 metmpolitanorum
3257 5128 3466 5197 jurihus
3515 5133 3784 5187 concede-

2207 5218 2416 5271 bantur.
2451 5216 2603 5275 Unde
2632 5221 2776 5275 brevi
2808 5222 3003 5275 cecidit
3027 5219 3115 5274 illa
3145 5221 3410 5275 Dunensis
3440 5223 3785 5292 episcopatum

2205 5307 2442 5372 erectio,
2474 5322 2594 5376 quae
2632 5318 2815 5361 contra
2857 5321 3118 5362 canonum
3155 5309 3286 5361 scita
3329 5310 3620 5364 temerario
3652 5324 3784 5363 ausu

2205 5396 2341 5450 facta
2375 5396 2584 5460 fuerat;
2617 5399 2768 5451 stetit
2796 5413 2944 5462 vero,
2981 5397 3249 5466 hodieque
3289 5399 3544 5466 perdurat
3565 5397 3782 5453 Laudo-

2199 5491 2383 5544 nensis
2415 5490 2653 5542 Ecclesia
2683 5505 2711 5542 a
2743 5499 2930 5543 sancto
2951 5490 3470 5560 Remigioinstituta,
3495 5489 3636 5559 quod
3662 5485 3784 5558 ipse

2203 5585 2253 5636 in
2273 5584 2687 5637 suzediteceSeOs
2705 5591 2880 5636 castro
2893 5584 3247 5647 constituens,
3264 5581 3462 5639 nemini
3488 5581 3783 5652 irrogasict

2202 5673 2471 5742 injuriam.
2513 5672 2719 5726 Novum
2752 5673 2874 5726 iteir
2908 5676 3272 5742 epi~copatum
3309 5675 3358 5725 in
3404 5681 3582 5724 castro
3608 5669 3774 5725 Melo-

2200 5761 2427 5820 duuensi
2457 5761 2782 5817 constituere
2811 5771 3106 5818 tcntavcrat
3136 5776 3226 5816 rex
3253 5759 3630 5814 Gliildebertns
