3972 6340
167 319 232 364 :9
1575 293 1955 352 ramento.
3337 285 3423 361 3,,

162 437 318 486 mus;
374 429 427 474 at
472 419 804 474 reclamante
833 413 1012 472 Leone
1052 410 1329 468 Senonum
1362 410 1647 480 episcopo,
1675 409 1740 462 ad
1767 407 1820 466 Δ
1845 421 1910 461 ex
1940 407 2207 466 universis
2230 407 2521 468 Galliarum
2546 411 2830 480 provinciis
2851 413 3278 485 eougregandam
3299 429 3424 472 esse

160 517 313 579 cuius
341 511 618 566 dimcesim
653 510 804 562 locus
827 505 918 559 ille
941 504 1262 572 pertinebat,
1283 517 1371 557 res
1398 503 1596 558 inlecta
1617 503 1740 557 fuit.

156 603 250 658 Sic
280 613 337 657 et
368 602 529 669 periit
557 598 874 652 Arisitensis
903 596 1244 660 episcopatus
1267 637 1283 658 ,
1327 608 1482 662 quem
1534 593 1740 660 Gotthi,

157 694 419 747 detractis
443 692 650 758 aliquot
679 704 710 742 e
731 687 951 742 dimcesi
975 686 1328 748 Rutbeuensi,
1357 686 1446 756 qui
1481 685 1613 756 ipsis
1645 700 1742 756 pa-

159 787 372 849 rebant,
406 785 561 846 vicis,
595 783 956 836 instituerant.

229 876 322 928 εί.
359 875 401 928 Ε
427 873 603 928 laiculi
626 881 768 926 Statu
801 871 865 924 ad
897 868 1254 924 sacerdotium
1285 867 1614 936 promoveri,
1636 867 1737 922 nisi

160 979 280 1032 post
310 981 564 1021 emensos
593 967 772 1017 varios
796 961 1021 1028 gradus,
1055 975 1323 1028 nunquam
1379 973 1475 1028 per
1508 973 1740 1013 canones

160 1059 332 1112 licuit.
363 1058 536 1124 Quam
570 1055 840 1123 regulam,
871 1053 969 1106 etsi
1008 1054 1314 1118 frequenter
1352 1049 1625 1114 violatam.
1649 1065 1739 1105 se.

159 1151 265 1203 cuti
294 1159 421 1203 sunt
453 1157 631 1201 tamen
663 1160 876 1210 semper
895 1143 1130 1212 episcopi
1162 1140 1545 1212 religiosiores.
1573 1140 1740 1210 Hujus

159 1243 237 1295 rei
263 1240 574 1308 exemplum
616 1236 825 1290 illustre
863 1236 931 1290 de
970 1250 1031 1288 se
1062 1235 1179 1303 ipso
1212 1243 1392 1286 narrat
1425 1231 1737 1301 Gregorius,

158 1335 278 1386 loco
301 1332 413 1400 jam
439 1346 471 1384 a
499 1330 655 1384 nobis
676 1327 920 1396 superius
968 1327 1181 1380 laudato
1219 1341 1282 1379 ex
1333 1324 1469 1378 libro
1498 1340 1529 1377 v
1562 1323 1740 1377 Ilisto-

158 1425 273 1486 riae,
295 1425 475 1490 capite
505 1421 602 1485 l5;
627 1435 746 1473 cum
774 1421 915 1474 enim
940 1416 1248 1487 Burgundio
1277 1416 1470 1470 Felicis
1498 1413 1739 1484 episcOpi

156 1528 325 1581 nepos
354 1513 425 1566 ad
452 1528 576 1566 eum
608 1511 958 1572 accessisset,
1009 1505 1255 1561 avunculi
1284 1506 1366 1560 sui
1394 1515 1741 1560 creterorum-

151 1623 254 1675 que
278 1606 817 1675 comprovincialium
855 1602 1229 1671 episconorum
1266 1613 1532 1653 consensu
1562 1595 1740 1656 muni-

152 1708 257 1762 tus,
291 1707 350 1750 ut
382 1699 437 1750 in
471 1696 784 1764 episcopum
829 1701 1271 1752 consecraretur;
1303 1688 1580 1758 respondit
1603 1687 1738 1742 Gre-

1844 498 2110 565 dixisset,
2140 501 2384 570 reposuit
2424 501 2751 572 Gregorius,
2791 505 2880 573 qui
2931 513 3056 560 tunc
3095 505 3422 565 Cbildeberti

1843 591 1989 659 regis
2024 591 2230 660 legatus
2257 601 2404 658 erat,
2438 593 2677 649 inutilem
2711 595 2877 652 videri
2907 608 3066 654 tantae
3109 601 3302 670 synodi
3331 614 3422 656 ce-

1843 677 2230 744 lebrationem,
2261 696 2381 736 cum
2422 683 2562 736 nulla
2597 692 2723 738 tunc
2751 694 2895 740 esset
2923 696 3102 740 exorta
3133 702 3268 742 nova
3301 687 3421 743 bae-

1843 771 1981 824 rcsis
2003 812 2016 835 ,
2049 772 2359 842 nullumque
2388 774 2693 829 immineret
2720 776 2774 829 in
2806 776 2909 831 ﬁde
2938 778 3230 846 periculum
3255 794 3272 832 :
3319 779 3414 834 sed

1841 862 2119 926 sufﬁcere.
2152 873 2210 917 ut
2237 866 2600 933 unusquisque
2630 866 3069 932 metropolitanus
3104 870 3259 928 juxta
3285 885 3412 924 con-

1841 954 2164 1006 suetudinem
2192 970 2440 1007 canonum
2469 971 2589 1009 cum
2633 957 2734 1010 sibi
2775 959 3033 1027 subjectis
3076 961 3408 1016 conveniret.

1839 1044 2096 1112 Mapinius
2114 1056 2288 1100 tamen
2312 1047 2636 1102 Rbemorum
2661 1052 2884 1106 antistes
2903 1053 2967 1107 ad
2991 1054 3271 1108 concilium
3285 1054 3416 1108 Tul-

1841 1134 1986 1189 lense
2027 1150 2054 1188 a
2098 1135 2475 1191 Theodebaldo
2515 1154 2639 1208 rege
2677 1153 3029 1197 convocatum
3071 1145 3151 1200 ire
3198 1145 3412 1212 renuit,

1840 1225 1979 1295 quod
2010 1243 2101 1283 rex
2130 1231 2438 1283 evocationis
2466 1247 2670 1284 causam
2701 1232 2750 1287 ei
2785 1249 2888 1287 non
2922 1234 3231 1300 indicasset;
3270 1235 3412 1290 unde

1843 1320 2156 1388 conjicitnus
2187 1321 2500 1391 episcopos,
2531 1323 2721 1378 saltem
2757 1326 3143 1392 prtecipnarum
3171 1325 3375 1380 sedium
3395 1369 3412 1394 ,

1843 1410 1911 1463 de
1943 1412 2172 1476 negotiis
2201 1427 2320 1481 quae
2347 1413 2400 1467 in
2432 1413 2626 1469 talibus
2655 1415 2897 1469 conciliis
2927 1416 3198 1470 tractanda
3229 1424 3414 1480 erant,

1843 1499 1955 1554 ﬁeri
1984 1501 2233 1556 debuisse
2261 1505 2545 1559 certiores.
2581 1505 2646 1559 Et
2671 1507 2888 1575 quidem
2920 1507 3178 1577 Mapinius
3216 1524 3276 1564 ea
3315 1523 3418 1563 oc-

1839 1591 2054 1646 casione
2102 1591 2358 1647 Nicetium
2412 1594 2787 1650 Trevirensem
2835 1597 3218 1666 reprehendit,
3268 1599 3410 1668 quod

1840 1683 2018 1749 potius
2047 1684 2114 1737 ad
2161 1699 2338 1752 regem
2359 1725 2372 1751 ,
2406 1701 2563 1755 quam
2595 1686 2660 1742 ad
2692 1688 2866 1757 ipsum
2898 1687 3250 1760 reprimenda:
3277 1705 3416 1759 quo-

147 1791 335 1851 purius
365 1803 380 1839 :
432 1783 692 1838 Habemus
730 1782 976 1851 scriptum
1007 1779 1060 1833 in
1102 1778 1372 1832 canonibus
1398 1819 1412 1844 ,
1450 1793 1555 1830 non
1583 1791 1729 1846 posse
1762 1769 1804 1826 Β
1833 1772 2073 1827 rumdam
2104 1775 2364 1829 malorum
2395 1777 2669 1832 hominum
2702 1783 2985 1846 proterviae
3014 1795 3175 1835 causa
3233 1795 3417 1837 recur-

148 1892 460 1945 quemquam
485 1875 552 1926 ad
603 1874 948 1943 episcOpatum
977 1871 1242 1934 accedere,
1271 1869 1372 1922 nisi
1407 1868 1550 1938 prius
1578 1868 1734 1920 eccle-

146 1966 384 2019 siasticos
415 1966 610 2034 gradus
644 1962 949 2031 regulariter
995 1961 1258 2013 sortiatur.
1291 1959 1426 2014 Tum
1473 1973 1592 2014 eum
1638 1958 1735 2011 do-

147 2057 256 2108 ruit
285 2056 416 2125 quid
446 2055 496 2109 ei
527 2053 832 2108 faciendum
865 2063 1040 2117 esset,
1074 2063 1129 2106 ut
1172 2066 1291 2106 sese
1319 2051 1538 2121 dignum
1582 2049 1734 2104 exhi-

149 2148 305 2202 leret
340 2146 635 2214 episcOpali
680 2145 903 2199 honore.
936 2144 1262 2210 Quibusnam
1307 2157 1437 2198 vero
1481 2142 1733 2212 gradibus

148 2239 209 2289 ad
244 2247 452 2290 tantam
481 2237 795 2306 dignitatem
816 2235 1073 2290 canonice
1122 2234 1507 2302 assequendam
1540 2247 1730 2287 ascen-

149 2331 392 2384 dendum
423 2330 597 2392 foret,
651 2329 718 2382 ab
747 2329 936 2383 eodem
977 2326 1234 2398 Gregorio
1278 2326 1531 2380 discimus
1561 2341 1626 2381 ex
1668 2327 1736 2380 li-

148 2425 243 2476 bro
275 2438 352 2486 tv,
387 2422 569 2490 capite
591 2421 641 2485 6,
671 2420 759 2474 ubi
783 2419 911 2473 Cato
935 2419 1209 2490 presbyter
1235 2435 1294 2473 se
1322 2417 1594 2471 clericatus
1614 2435 1733 2486 gra-

146 2513 239 2564 dus
252 2512 510 2564 canonica
523 2510 833 2564 institutione
843 2509 1086 2564 sortitum
1108 2508 1268 2562 fuisse
1283 2507 1363 2561 bis
1381 2509 1562 2563 verbis
1572 2523 1732 2576 expo-

149 2603 220 2655 nit
253 2620 266 2652 z
305 2601 492 2654 Lector
531 2603 700 2654 decem
724 2602 872 2655 annis
899 2601 1005 2667 fui,
1031 2603 1084 2654 in
1112 2600 1507 2654 subdiuconatus
1559 2601 1732 2668 officio

149 2693 373 2761 quinque
399 2693 554 2743 annis
585 2692 902 2754 ministravi;
946 2691 1240 2743 diacomtui
1276 2706 1393 2744 vero
1441 2690 1730 2757 quindecim

148 2785 296 2836 annis
326 2783 657 2845 mancipatus
685 2783 798 2851 fui,
838 2780 1130 2850 presbyterii
1180 2783 1368 2834 honore
1412 2781 1524 2850 jam
1551 2780 1733 2850 viginti

149 2877 296 2928 annis
325 2877 523 2942 potior.
555 2874 619 2927 Et
641 2873 852 2942 quidem
875 2872 1127 2935 Nicetius,
1155 2871 1520 2940 Lugdunensis
1544 2880 1726 2940 postea

147 2970 459 3036 cpiscopus,
494 2965 705 3019 nonnisi
737 2975 883 3018 cetate
907 2965 1178 3017 tricenaria
1216 2965 1494 3034 presbyter
1515 2962 1727 3018 ordina-

149 3071 227 3112 tus
258 3058 384 3113 fuit.
435 3058 629 3111 Verum
680 3057 731 3109 id
780 3057 977 3124 regula:
1017 3055 1300 3124 exigebant
1333 3063 1425 3107 :at
1454 3054 1725 3108 contraria

1836 1862 2011 1918 risset.
2071 1865 2198 1932 Ejus
2246 1867 2526 1934 epistolam
2570 1868 2817 1922 dabimus
2860 1871 2912 1923 in
2954 1872 3248 1939 appendice
3288 1886 3410 1926 cum

1835 1955 2089 2025 Sigiberti
2133 1960 2276 2027 regis
2316 1959 2417 2011 alia
2457 1959 2714 2027 epistola,
2757 1976 2858 2030 qua
2910 1962 3186 2016 Desiderio
3222 1960 3412 2016 Catur-

1842 2050 1990 2102 ceusi
2040 2051 2293 2112 mandat,
2340 2060 2396 2102 ut
2445 2065 2512 2105 ne
2557 2052 2780 2106 accedat
2824 2053 2891 2106 ad
2943 2053 3242 2122 synodum,
3294 2069 3416 2124 qua

1836 2140 2016 2205 seipse
2047 2140 2352 2193 inconsulto
2385 2141 2553 2194 fuerat
2584 2141 2802 2195 indicta.

1909 2231 2000 2284 26.
2026 2232 2289 2285 Gtt-terum
2323 2247 2386 2286 ex
2418 2231 2501 2285 his
2539 2247 2656 2301 quae
2682 2232 3045 2287 Guntramnus
3075 2234 3142 2288 ad
3170 2233 3412 2303 Gregorii
3479 2303 3481 2306 ι

1832 2322 1994 2375 verba
2024 2321 2273 2390 superius
2298 2322 2506 2376 laudata
2531 2323 2839 2393 respondit,
2872 2333 3018 2393 patet
3042 2326 3413 2395 episc0porutu

1833 2425 2025 2465 causas
2055 2427 2118 2465 ex
2151 2413 2215 2465 iis
2245 2412 2438 2478 luisse,
2465 2415 2534 2467 ob
2562 2430 2694 2484 quas
2719 2416 3056 2482 potissimum
3079 2418 3305 2474 concilia
3331 2427 3413 2472 to-

1834 2503 1940 2556 tius
1970 2504 2200 2557 nationis
2231 2506 2606 2574 episcoporum
2634 2507 3002 2577 congreganda
3030 2519 3229 2564 essent.
3275 2507 3410 2577 Illa,

1835 2593 2043 2662 inquit,
2085 2593 2182 2647 Dei
2209 2609 2362 2647 causa
2392 2605 2556 2648 exstat
2581 2596 2812 2651 omnibus
2841 2599 3030 2668 major,
3060 2610 3112 2651 ut
3150 2599 3408 2668 inquirere

1833 2684 2076 2750 debeatis,
2105 2701 2197 2737 cur
2232 2683 2570 2739 Praetextatus
2596 2688 2863 2758 episcOpus
2892 2689 3066 2754 gladio
3101 2690 3154 2743 in
3199 2691 3410 2744 ecclesia

1831 2779 1982 2848 fuerit
2020 2779 2379 2846 interemptus,
2425 2789 2531 2832 tum
2566 2782 2628 2835 de
2669 2781 2894 2835 dissidiis
2951 2784 3332 2853 episcOporum,
3361 2791 3411 2837 es

1831 2870 1989 2922 variis
2014 2870 2340 2938 criminibus,
2369 2872 2550 2940 quibus
2591 2887 2762 2925 eorum
2805 2873 3040 2926 nonnulli
3078 2885 3404 2928 accusantur.

1832 2959 2000 3013 Immo
2017 2969 2073 3016 et
2087 2975 2238 3031 reges
2251 2961 2350 3030 ipsi
2365 2975 2554 3016 causas
2565 2963 2936 3032 episcoporum
2952 3004 2968 3029 ,
2983 2977 3119 3033 quos
3139 2965 3239 3019 sibi
3265 2965 3405 3020 haud

1831 3051 2018 3106 ﬁdeles
2043 3051 2206 3107 fuisse
2225 3052 2625 3120 existimabant,
2650 3055 2715 3108 ad
2737 3055 2958 3110 concilia
2984 3055 3321 3112 referebant:
3347 3066 3408 3112 ut

149 3155 439 3218 plurimum
489 3149 588 3204 fuit
634 3149 816 3218 praxis
864 3157 918 3200 et
960 3146 1322 3209 consuetudo,
1375 3159 1532 3215 quam
1564 3144 1725 3198 variae
1749 3130 1796 3194 C
1830 3141 1894 3194 de
1915 3142 2102 3196 eodem
2120 3143 2439 3199 Praetextato
2461 3154 2797 3215 patet,quem
2816 3147 3150 3215 Chilpericus
3169 3163 3287 3213 rex,
3311 3163 3403 3203 ve-

147 3259 324 3296 causaa
357 3242 787 3295 introduxerunt.
827 3240 900 3292 Ex
936 3240 1018 3291 bis
1066 3237 1314 3306 legitima}
1357 3237 1596 3298 luerunt,
1627 3234 1727 3288 Ec-

147 3335 326 3388 clesia:
357 3332 651 3387 necessitas
672 3374 686 3396 ,
719 3323 1009 3399 insignisve
1034 3330 1232 3398 aliquot
1263 3327 1496 3382 virorum
1522 3325 1723 3380 sancti-

147 3437 249 3492 tas,
285 3442 446 3495 quam
480 3424 702 3478 illustria
735 3422 869 3475 facta
919 3421 1001 3474 vel
1048 3421 1204 3474 etiam
1240 3418 1493 3472 miracula
1533 3416 1724 3485 proba-

147 3524 293 3576 bant.
328 3519 634 3587 lmprobata
667 3529 795 3569 vero
825 3513 1174 3584 quorumdam
1196 3511 1564 3578 episcoporum
1593 3508 1724 3563 faci-

149 3614 196 3664 li'.
209 3628 266 3663 as
290 3652 305 3676 ,
334 3618 395 3662 ut
425 3605 670 3675 exemplo
685 3603 1071 3672 Burgundionis
1086 3617 1188 3654 non
1204 3600 1368 3654 semel
1382 3600 1543 3652 allato
1560 3609 1722 3667 patet,

147 3703 296 3770 cujus
351 3699 534 3752 adhuc
581 3695 700 3750 laici
768 3693 1083 3762 promotioni
1139 3691 1376 3761 episcopi
1437 3689 1724 3759 provincia:

150 3795 525 3866 Lugdunensis
556 3793 622 3846 111
651 3798 1068 3853 consenserant,
1102 3789 1193 3842 sed
1234 3803 1391 3856 quam
1433 3785 1723 3854 Gregorius

150 3900 348 3952 noster,
383 3902 652 3940 canonum
683 3884 976 3938 acerrimus
1021 3883 1208 3936 vindex
1232 3925 1246 3948 ,
1288 3896 1381 3934 sua
1405 3880 1724 3934 auctoritate

153 3979 454 4048 impedivit.
488 3977 787 4044 Improbata
817 3989 1028 4042 quoque
1053 3973 1428 4026 nonnullorum
1475 3969 1720 4032 ambitio,

149 4073 226 4136 qui
259 4083 446 4137 regum
469 4067 785 4119 auctoritate
808 4065 1167 4133 episcopatum
1190 4059 1485 4126 censecuti,
1513 4059 1722 4112 caeteris

153 4163 410 4226 imperare
440 4158 796 4219 conabantur,
836 4157 1167 4224 priusquam,
1215 4162 1272 4206 ιη
1314 4154 1388 4207 ait
1433 4151 1722 4220 Gregorius

153 4251 388 4319 Magnus,
424 4249 648 4304 obedire
681 4248 1014 4300 didicissent.
1065 4244 1338 4313 Ejusmodi
1395 4252 1570 4295 tamen
1620 4241 1720 4295 ali-

149 4348 349 4416 quantis
377 4344 634 4398 diebusin
655 4341 910 4394 clericatu
938 4339 1185 4407 probatos
1198 4333 1716 4399 fuissecrediderim,

151 4445 450 4510 priusquam
475 4444 937 4496 consecrarentur,
976 4442 1034 4485 ut
1061 4433 1126 4485 de
1179 4429 1490 4499 Badegesilo
1539 4427 1720 4482 obser-

1834 3236 1928 3288 luti
1953 3253 2099 3290 reum
2127 3239 2444 3306 majestatis,
2466 3240 2514 3292 iu
2543 3241 2768 3293 concilio
2794 3240 3078 3294 Parisiensi
3110 3244 3402 3295 accusavit.

1833 3330 1899 3383 Et
1925 3331 2152 3400 ipsemet
2178 3341 2360 3385 noster
2381 3331 2668 3400 Gregorius
2692 3341 2972 3386 accusatus
2988 3346 3015 3383 a
3038 3333 3293 3386 Leudaste
3313 3348 3406 3386 co-

1830 3421 1979 3485 mite,
1996 3422 2133 3490 quod
2157 3421 2413 3476 adversus
2437 3423 2672 3491 reginam
2692 3422 3094 3492 Fredegundem
3123 3424 3293 3477 malos
3315 3438 3404 3476 ru-

1829 3527 2003 3567 mores
2024 3516 2309 3583 sparsisset
2331 3557 2344 3582 ,
2372 3516 2447 3570 sei
2457 3528 2602 3583 psum
2623 3514 2674 3568 in
2695 3515 2919 3568 concilio
2935 3515 3293 3569 Brennacensi
3318 3530 3403 3568 sa-

1830 3613 2107 3658 cramento
2138 3606 2396 3674 purgavit.
2428 3605 2534 3661 Nec
2553 3607 2960 3675 praetermittere
2985 3606 3106 3660 licet
3127 3607 3397 3676 egregium

1828 3692 2151 3750 Cbildeberti
2183 3696 2222 3749 ll
2257 3695 2585 3765 lacinus,qui
2618 3712 2737 3750 cum
2765 3695 3036 3767 [Egidium
3068 3695 3397 3751 Rhemorum

1830 3789 2157 3855 antistitem,
2204 3788 2489 3843 multorum
2531 3788 2744 3858 quidem
2783 3789 3062 3843 criminum
3092 3804 3272 3854 reum,
3306 3787 3399 3843 sed

1830 3881 2058 3936 necdum
2092 3882 2142 3934 in
2173 3881 2276 3934 ulla
2308 3881 2517 3951 synodo
2545 3881 2781 3935 auditum
2803 3921 2818 3947 ,
2851 3881 3038 3935 Mettas
3071 3880 3260 3935 adduci
3287 3880 3401 3949 jus-

1827 3975 2020 4038 sisset,
2064 3973 2127 4027 ab
2167 3973 2284 4026 aliis
2326 3973 2575 4042 episcOpis
2612 3972 2925 4041 increpitus,
2969 3987 3091 4025 eum
3132 3971 3250 4025 urbi
3290 3984 3401 4024 suae

1826 4064 2032 4119 restitui
2065 4064 2385 4118 incolumem
2409 4064 2680 4132 praecepit.
2706 4063 2812 4117 Sed
2857 4063 2948 4117 ille
2979 4070 3159 4132 postea
3191 4063 3244 4116 in
3287 4063 3402 4132 epi-

1826 4171 2107 4226 scoporum
2139 4157 2345 4226 synodo
2370 4157 2507 4225 apud
2552 4157 2741 4210 Mettus
2781 4157 3073 4224 majestatis
3115 4157 3254 4210 laesa:
3279 4171 3401 4212 reus

1826 4246 2073 4300 inventus
2091 4287 2106 4310 ,
2137 4255 2189 4298 et
2218 4246 2507 4312 episcOpali
2535 4245 2663 4298 sede
2691 4246 2926 4313 privatus
2945 4285 2960 4310 ,
2989 4259 3018 4297 a
3046 4260 3170 4314 rege
3195 4245 3400 4314 Argen-

1828 4344 2056 4390 toratum
2087 4335 2234 4388 exsul
2266 4334 2512 4387 mittitur.
2544 4333 2659 4388 Jam
2685 4348 2810 4387 vero
2834 4335 3089 4388 adversus
3116 4335 3400 4404 episcopos

1830 4441 1932 4478 non
1958 4425 2180 4494 quilibet
2203 4426 2299 4478 viri
2325 4424 2740 4479 admittebantur
2761 4424 2810 4477 in
2837 4426 3217 4491 testimonium;
3236 4441 3401 4496 quare

152 4501 222 4580 irai
241 4501 539 4598 Gregorius
558 4535 759 4586 noster,
783 4524 871 4593 qui
892 4531 1206 4586 tonsuratus,
1231 4521 1427 4589 gradus
1457 4534 1590 4588 quos
1607 4518 1717 4572 cle-
1755 4501 1807 4560 D
1831 4532 1951 4571 cum
1985 4517 2256 4572 inferioris
2283 4516 2491 4572 ordinis
2522 4517 2760 4572 nonnulli
2795 4526 2956 4573 testes
2986 4519 3399 4575 adversus-Gre-

155 4621 232 4674 lit’i
262 4619 566 4676 sortiuntur
595 4615 907 4677 ascenden<,
928 4624 1042 4683 post
1066 4613 1410 4680 quadraginta
1436 4611 1552 4666 dies
1572 4610 1724 4664 Dom—

153 4714 239 4763 nnli
271 4709 516 4778 episcopi
546 4707 967 4761 Cenomanensis
990 4704 1219 4757 defuncti
1239 4718 1515 4756 successor
1528 4703 1718 4756 evasit.

209 4801 290 4856 '25.
327 4801 413 4855 Ad
449 4797 678 4853 concilia
706 4797 843 4864 quod
871 4797 1091 4860 attinet,
1119 4795 1215 4846 alia
1247 4804 1397 4846 erant
1425 4795 1719 4861 provincﬁa-

154 4895 240 4955 lia,
287 4907 452 4945 Ilﬂllls
495 4889 699 4943 scilicet
741 4887 1024 4956 provincia:
1061 4887 1469 4956 episcoporum;
1501 4887 1600 4940 alia
1640 4895 1721 4939 to-

157 4985 239 5035 tius
268 4982 516 5036 natiOnis
546 4995 641 5032 seu
667 4978 839 5047 regni.
875 4978 1055 5031 Priora
1092 4977 1486 5045 metmpolitani
1524 4978 1717 5046 quique

152 5075 285 5128 statis
327 5073 667 5140 temporibus
692 5070 842 5138 juxta
873 5084 1135 5120 canonum
1168 5067 1456 5137 prescripta
1487 5083 1716 5136 congre-

153 5167 333 5233 gabuttt
362 5182 376 5219 :
406 5164 637 5216 aliorum
665 5176 794 5215 vero
822 5161 1043 5213 indictio
1073 5160 1138 5212 ad
1173 5174 1347 5228 regem
1380 5158 1675 5225 pertinebat
1700 5199 1716 5224 ,

151 5270 362 5318 quorum
399 5252 638 5321 episcopi
665 5249 876 5305 etiam~i
910 5248 1044 5304 forte
1071 5248 1403 5303 diversorum
1433 5263 1716 5317 regnorum

149 5355 278 5398 erant
299 5387 313 5407 ,
343 5361 409 5397 ex
440 5354 626 5398 mutuo
658 5351 835 5397 tamen
867 5357 1047 5411 regum
1079 5341 1314 5394 omnium
1347 5355 1611 5394 consensu
1644 5339 1718 5392 la-

147 5438 225 5491 (ile
250 5436 612 5504 cogebantur.
656 5434 713 5487 In
747 5433 828 5486 h‘s
857 5432 921 5485 de
954 5432 1073 5487 lidei
1117 5433 1275 5486 rebus
1316 5446 1380 5485 ac
1421 5432 1718 5502 majoribus

150 5531 400 5597 negotiis,
433 5539 527 5582 aut
556 5537 704 5583 certe
734 5527 800 5580 de
832 5541 960 5594 pare
991 5525 1131 5580 inter
1161 5541 1312 5594 rcges
1345 5526 1712 5593 componenda

149 5621 390 5684 agebatur
425 5638 440 5674 :
473 5634 593 5686 qua:
620 5634 683 5671 ex
715 5615 974 5682 Gregorio
1003 5616 1259 5669 discimus
1287 5615 1422 5668 libro
1451 5631 1498 5669 tx
1533 5617 1712 5668 llisto-

151 5723 252 5778 nrt,
281 5712 464 5779 capite
509 5709 611 5776 2t),
654 5709 744 5764 ubi
787 5723 906 5762 cum
939 5706 1299 5766 Guntramnus
1324 5722 1413 5769 rex
1449 5709 1709 5777 synodum

1826 4611 2034 4678 gorium
2067 4610 2118 4663 in
2149 4609 2354 4679 synodo
2384 4609 2740 4664 Brenuacensi
2769 4611 2934 4665 auditi
2963 4611 3216 4679 fuissent,
3243 4627 3305 4668 ea
3330 4613 3400 4668 de

1827 4716 1884 4755 re
1911 4700 2190 4766 conquesti
2223 4706 2342 4751 sunt
2372 4699 2631 4767 episcOpi.
2658 4699 2746 4754 Ille
2773 4716 2899 4754 vero
2921 4715 3040 4755 cum
3069 4703 3283 4757 testium
3315 4718 3401 4757 re-

1827 4793 2025 4844 latione
2047 4792 2292 4845 coovlnci
2321 4806 2423 4844 non
2449 4792 2708 4861 potuisset
2735 4792 2890 4846 ullius
2914 4794 3174 4858 criminis,
3200 4809 3395 4865 resque

1829 4875 2048 4938 manere
2079 4883 2350 4937 videretur
2384 4885 2435 4937 in
2470 4883 2719 4953 ambiguo
2739 4927 2753 4944 ,
2786 4884 2934 4938 dictis
2963 4886 3128 4939 missis
3151 4887 3210 4939 in
3241 4885 3397 4939 tribus

1822 4976 2066 5029 altaribus
2086 5016 2101 5040 ,
2147 4990 2266 5030 sese
2319 4977 2433 5043 ipse
2463 4984 2797 5030 sacramento
2827 4977 3072 5044 purgavit
3099 4993 3114 5042 ;
3149 4966 3286 5048 quod
3319 4988 3403 5034 ιι·-

1823 5084 1942 5122 rneu
1973 5084 2076 5122 non
2106 5069 2224 5122 sine
2262 5067 2452 5137 injuria
2499 5083 2558 5122 se
2597 5068 2786 5122 fecisse
2828 5069 3099 5137 professus
3126 5079 3242 5136 est,
3271 5085 3395 5127 cum

1826 5163 1874 5217 id
1904 5163 2198 5217 canonibus
2226 5174 2369 5218 esset
2395 5167 2743 5217 contrarium.
2770 5163 3033 5218 Cancrum
3058 5165 3178 5220 latae
3203 5166 3257 5221 in
3279 5166 3397 5222 istis

1827 5256 2068 5310 conciliis
2092 5257 2369 5310 sententiae
2402 5255 2445 5308 si
2486 5256 2690 5310 nollent
2730 5257 2965 5310 damnati
3014 5260 3394 5328 acquiescere,

1825 5346 1931 5400 illis
1948 5355 2226 5415 supererat
2242 5347 2306 5400 ad
2329 5347 2673 5416 apostolicam
2698 5347 2880 5402 sedem
2898 5348 3224 5420 confugium.
3248 5350 3397 5406 Unde

1821 5452 1940 5491 cum
1971 5438 2288 5506 Sagittarius
2317 5450 2369 5493 et
2399 5437 2645 5494 Salonius
2675 5441 2914 5510 episc0pi
2943 5456 3062 5497 sese
3117 5442 3307 5510 injuria
3335 5441 3388 5497 in

1821 5527 2048 5582 concilio
2061 5527 2398 5597 Lugdunensi
2422 5539 2794 5584 exauctoratos
2818 5528 2841 5582 l‘
2844 5532 2982 5585 uisse
3004 5531 3277 5599 conquesti
3301 5543 3393 5584 es-

1819 5627 1938 5673 sent
1958 5660 1970 5680 ,
2005 5619 2207 5672 licentia
2240 5621 2382 5688 prius
2415 5635 2442 5671 a
2474 5634 2598 5687 rege
2629 5619 2958 5674 Guntramno
2988 5621 3200 5673 obtenta
3221 5658 3237 5685 ,
3267 5634 3390 5675 eum

1817 5708 2004 5766 litteris
2034 5710 2147 5780 ejus
2177 5710 2626 5772 coruutcndatitiis
2656 5711 2875 5766 Romam
2909 5711 3176 5780 petierunt
3194 5748 3213 5777 ,
3244 5709 3332 5771 ubi
3358 5727 3388 5767 ο
