1986 3170
300 153 343 182 νῦι
1019 152 1215 187 ΡΠΑΞΕᾋΤΙΟ.

1907 160 1944 188 3‘2

315 210 420 239 Joanne
440 212 566 246 pontifice
580 212 680 246 auditi,
696 211 817 247 ejusdem
830 212 907 247 jussu
918 211 1028 239 sedibus
1041 211 1099 239 suis
1113 213 1138 241 Α
1152 210 1278 238 dinationi
1298 212 1498 246 commendavit,
1514 213 1676 247 invaderet.
1698 215 1720 241 si
1741 223 1833 244 eorum
1858 218 1943 246 nollet

317 258 433 285 restituti
448 263 510 285 sttnt
521 279 529 293 ,
544 262 573 285 ut
588 264 678 292 narrat
693 257 840 293 Gregorius
855 258 923 286 libro
938 266 952 284 ν
968 258 1104 291 ιιίειυπίειε,

297 330 301 332 .
313 303 400 337 capite
414 304 458 331 2|.

349 348 394 375 ‘21.
413 349 569 380 Colligitntts
580 354 669 376 autem
681 358 712 377 cx
726 351 846 383 ejusdem
859 351 979 386 Gregorii
989 356 1016 379 et
1026 352 1104 379 dictis

317 399 343 420 et
359 393 446 425 factis,
462 400 561 429 quanta
578 399 641 422 tunc
655 402 726 423 esset
737 396 764 422 in
778 404 868 423 sacros
883 405 999 425 canones
1013 397 1105 424 Eccle-

314 440 362 467 sia:
372 438 518 467 Gallicana:
529 441 687 468 reverentia.
697 440 819 476 Epidius
827 442 986 470 Rbetnensis
1000 443 1104 477 episco-

321 494 369 517 pus
379 505 387 517 .
403 486 509 514 nonnisi
525 487 597 513 lectis
609 487 743 514 Cattonum
756 488 939 521 sanctionibus,
951 496 966 516 e
976 489 1045 516 solio
1055 496 1104 516 suo

315 531 472 559 deturbatus
497 536 552 564 est.
571 536 709 567 postquam
734 540 796 561 rcus
810 533 1002 568 conjurationis
1021 535 1049 562 in
1061 543 1103 562 re-

316 584 376 610 gem
388 577 512 605 inventus
524 577 627 605 fuisset.
641 578 744 611 Quanta
756 586 820 606 vero
829 579 910 606 animi
923 579 1104 614 magnitudine

315 627 342 649 et
356 623 504 650 constantia
518 630 610 651 eorum
624 624 811 654 auctoritatem
825 626 900 653 advei
907 634 952 654 sus
964 633 1053 660 regem
1065 626 1104 660 ip-

313 675 389 700 sum,
404 672 431 695 et
443 667 561 702 reginam
577 669 636 702 ejus
660 670 816 705 conjugem,
839 670 921 698 tuitus
940 669 1019 698 fuerit
1036 671 1103 699 Gre-

315 712 408 746 gorius
421 712 447 739 in
463 720 542 739 causa
558 713 712 743 Prattextati
724 735 733 747 ,
749 723 828 743 nemo
841 720 881 742 est
895 717 939 751 qui
955 717 1072 751 nesciat,
1088 725 1103 744 a

315 765 431 791 quorum
445 757 631 787 observatione
643 766 694 786 nec
706 760 785 787 minis
795 782 802 794 ,
818 768 869 788 nec
885 761 1039 795 blanditiis,
1055 769 1104 789 nec

316 810 384 830 auro
397 808 445 832 aut
455 810 567 839 argento
580 812 696 840 unquam
717 805 848 834 dimoveri
868 807 963 841 potuit.
985 807 1060 835 Unde
1080 808 1108 834 si

313 848 402 881 aliqua
415 855 566 884 emergeret
581 851 606 877 in
630 851 710 880 rebus
730 852 841 889 agendis
863 852 1020 885 difﬁcultas,
1043 861 1104 887 pro-

1153 251 1280 293 lacrymis
1294 258 1496 291 enecari,-cum
1509 259 1548 287 illi
1562 260 1597 288 de
1610 260 1741 290 fructibus
1762 263 1820 291 istis
1838 265 1872 291 ali
1895 265 1943 293 de-

1154 303 1257 330 berent.
1272 303 1355 339 Hujus
1371 305 1410 332 rei
1425 312 1505 333 causa
1520 311 1599 334 erant
1611 307 1637 334 in
1660 309 1781 336 ecclesiis
1804 312 1918 347 catalogi
1932 332 1941 345 ,

1153 349 1307 377 matriculas
1321 350 1491 384 appellabant
1501 372 1508 383 .
1524 352 1550 380 in
1565 353 1662 387 quibus
1675 353 1797 390 inscripti
1811 364 1943 392 pauperes

1155 394 1276 422 ecclesia!
1291 396 1368 423 bonis
1390 404 1422 424 ac
1448 397 1566 427 fidelium
1586 399 1766 429 oblationibus
1786 403 1940 432 alebantur.

1154 441 1221 468 Aliis
1234 442 1353 477 episcopi
1375 450 1565 478 nonnunquam
1584 445 1688 473 litteras
1708 455 1789 475 manu
1811 457 1859 476 sua
1878 452 1943 479 sub-

1153 486 1267 521 scriptas
1280 486 1394 520 dabant,
1407 489 1504 523 quibus
1519 489 1620 518 incitati
1637 491 1730 520 fideles
1741 493 1942 532 eleemosynam

1154 532 1305 566 petentibus
1322 533 1428 562 facilius
1448 535 1620 570 largireutur.
1646 537 1764 573 Denique
1784 545 1855 569 tanta
1878 549 1939 571 erat

1154 577 1273 604 omnium
1287 577 1314 605 in
1328 578 1482 614 episcopos.
1499 589 1567 616 quos
1585 582 1700 617 Spiritus
1714 590 1824 615 sanctus
1847 588 1941 621 posuit

1155 629 1247 656 regere
1265 622 1412 651 Ecclesiam
1433 624 1497 658 Dei.
1521 627 1688 660 reverentia,
1710 634 1738 656 ut
1758 631 1828 665 apud
1846 639 1943 661 omttes

1155 672 1291 702 receptum
1307 668 1388 697 fuerit
1402 670 1468 697 illud
1484 671 1609 706 el-latum.
1620 675 1680 708 quia
1689 683 1734 702 nec
1745 676 1813 705 istud
1824 678 1877 705 sine
1890 679 1944 706 Iw-

1154 714 1220 746 resi.
1236 714 1320 749 inquit
1337 715 1482 749 Gregorius
1497 717 1545 745 lib.
1563 726 1596 750 tt,
1614 727 1673 754 cap.
1689 721 1740 754 25,
1756 725 1942 759 potestaccipi,

1155 763 1182 787 ut
1196 760 1221 788 in
1234 761 1341 789 ectlcsia
1356 770 1408 789 non
1421 764 1571 791 abaudiatur
1586 767 1715 794 sacerdoti
1728 788 1736 801 ,
1757 776 1810 803 quo
1831 772 1943 798 nomine

1156 805 1199 831 hic
1213 810 1240 833 et
1256 807 1355 840 passim
1369 809 1521 843 episcopum
1535 810 1667 846 designat.

1192 851 1237 878 30.
1258 852 1297 879 Ad
1312 853 1515 883 arcliidiaconos
1530 861 1620 884 autem
1634 859 1769 892 spectabat
1785 868 1873 889 rerum
1890 862 1944 890 Ec-

314 892 376 920 latis
391 901 522 923 canonum
539 896 628 923 verbis
640 904 701 925 eam
715 897 872 925 elevandum
886 906 948 926 esse
962 900 1097 926 censebat.

1154 897 1242 926 t-lcsize
1256 899 1426 932 distributio,
1445 909 1593 936 eorumque
1615 911 1686 932 cura:
1702 913 1753 933 non
1770 908 1856 937 solum
1874 917 1943 944 pau-

313 937 348 964 Et
362 939 469 972 quidem
484 939 674 974 Bertegundis,
686 949 747 975 qua;
761 942 854 970 relicto
869 950 919 970 suo
931 943 989 973 viro
1003 944 1029 971 in
1045 951 1101 971 mo-

313 985 460 1012 nasterium
474 986 631 1014 Turonense
644 987 802 1023 coufugerat
813 1009 821 1021 ,
836 989 1013 1023 pervicaciam
1029 993 1102 1024 refrt-

313 1032 374 1057 taw‘t
384 1051 391 1063 ,
406 1038 536 1059 canonem
548 1033 684 1061 Nicaenum
699 1035 852 1069 relegendo.
874 1035 920 1064 Sic
939 1040 966 1064 et
982 1037 1101 1072 Burgun-

316 1075 404 1101 dionis
429 1077 604 1109 postulationi
628 1078 791 1113 respondit,»
806 1080 851 1114 qui
876 1080 955 1108 Felici
976 1081 1102 1116 episcopo

314 1120 403 1148 adhuc
419 1122 518 1150 viventi
533 1124 559 1150 in
574 1124 665 1152 sedem
679 1124 887 1154 Namnetensem
906 1127 1043 1162 subrogari
1063 1130 1102 1154 ef-

312 1166 461 1201 ﬂagitabat.
482 1167 606 1196 Codicem
624 1174 713 1197 autem
728 1178 861 1199 canonum
873 1193 881 1205 ,
895 1181 949 1207 quo
964 1178 1026 1201 tunc
1041 1174 1102 1202 Gal-

314 1213 400 1241 licana
424 1216 547 1243 utebatur
571 1216 705 1251 Ecclesia,
726 1217 807 1247 alium
828 1226 845 1245 a
866 1219 985 1254 Dionysii
1008 1219 1100 1253 Etigui

313 1260 473 1288 collectione
495 1262 576 1290 {uisae
593 1263 760 1297 colligimus,
775 1269 831 1292 tum
843 1273 878 1292 ex
892 1272 995 1292 cattone
1015 1265 1101 1293 Nica-

312 1312 367 1338 nu.
381 1307 442 1341 qui.
460 1314 487 1335 ut
510 1315 523 1334 a
546 1308 676 1342 Gregorio
696 1309 832 1343 laudatur,
853 1311 923 1345 apud
945 1310 1100 1346 Dionysium

315 1358 369 1378 non
382 1351 506 1382 habetur,
519 1357 573 1381 tum
585 1360 617 1380 ex
628 1361 698 1381 novo
712 1356 888 1388 quaternione
901 1355 987 1383 codici
1000 1362 1016 1381 a
1028 1355 1102 1383 Chil-

312 1396 405 1429 pcrico
420 1404 482 1431 rege
496 1402 588 1426 assuto
606 1405 699 1427 contra
722 1399 924 1429 Praetcsutum.
941 1402 968 1430 In
982 1409 1017 1430 eo
1030 1402 1101 1429 enini

313 1443 491 1475 quaterniune
505 1452 613 1472 canones
628 1447 702 1480 quasi
725 1447 895 1486 apouoticon,
908 1449 954 1483 qui
970 1449 995 1476 in
1010 1449 1102 1476 codice

314 1486 433 1523 Dionysii
450 1488 537 1517 locum
558 1490 671 1523 habent.
694 1493 830 1520 exstitisse
846 1498 976 1521 memorat
997 1493 1103 1529 Grego-

311 1534 370 1561 rius
380 1554 388 1567 .
403 1535 446 1569 qui
462 1536 575 1570 proinde
595 1545 647 1565 non
661 1537 827 1567 habebantur
842 1540 868 1568 in
882 1540 989 1568 sincero
1008 1541 1101 1569 codice

296 1587 444 1608 .canonum
458 1580 665 1611 Gallicanorum.

347 1624 393 1652 28.
410 1625 551 1654 Dioecesim
567 1634 642 1655 suam
656 1633 779 1660 accurate
794 1629 936 1658 visitabam
951 1636 1013 1658 tunc
1033 1636 1100 1658 tem-

310 1671 386 1706 poris
398 1671 517 1706 episcopi
528 1692 536 1704 ,
553 1672 627 1700 vicos
642 1678 669 1700 et
684 1675 780 1708 oppida
795 1683 851 1702 sum
863 1676 960 1706 ditioni
979 1676 1098 1710 subjecta

313 1717 521 1749 circumeundo.
537 1719 575 1745 uti
590 1726 623 1746 ex
637 1720 819 1753 compluribus
833 1720 952 1755 Gregorii
969 1722 1033 1749 locis
1044 1730 1100 1749 cor-

311 1766 368 1789 tutu
382 1766 435 1790 est.
451 1762 579 1797 Plerique
593 1764 717 1791 solebant
729 1765 807 1792 statis
819 1766 984 1799 temporibus
996 1766 1022 1793 in
1039 1775 1098 1794 nio-

312 1809 447 1842 ttastcria,
462 1816 510 1836 seu
525 1808 550 1836 itt
566 1810 685 1838 solitaria
699 1811 756 1838 loca
778 1812 922 1846 secedere,
941 1817 969 1840 ut
985 1813 1021 1841 ibi
1040 1821 1099 1841 ora-

313 1853 388 1881 tione
399 1860 432 1881 ac
443 1854 627 1888 spirituabbus
638 1855 773 1883 exercitiis
786 1857 899 1886 recreati
907 1877 915 1890 ,
932 1857 993 1885 inde
1005 1858 1038 1885 ad
1052 1866 1099 1886 cu-

313 1905 372 1925 ram
396 1899 546 1927 auirnarnm
569 1900 619 1927 sibi
642 1901 845 1930 commissarum
867 1903 1015 1938 vegetiores
1036 1904 1098 1931 facti

311 1949 528 1979 reverterentur;
544 1946 615 1981 quod
630 1947 741 1975 solemni
755 1955 849 1982 pompt
866 1948 893 1975 in
906 1949 1040 1982 aliquibus
1056 1950 1099 1977 lo-

312 1991 349 2017 t-is
364 1991 407 2018 die
420 1991 561 2019 dominicae
575 2000 661 2020 ctente
680 1993 769 2021 facere
790 1994 921 2021 solebant.
941 1994 1015 2021 Licet
1035 2002 1098 2023 vero

312 2034 386 2061 ontni
402 2039 523 2070 tempote
536 2039 618 2066 sancti
634 2037 671 2064 illi
685 2038 802 2073 episcopi
817 2038 945 2066 Ecclesiis
960 2039 1009 2066 sibi
1024 2047 1096 2067 com-

308 2080 398 2107 missis
419 2088 565 2114 prmcn'es
586 2082 681 2110 adesse
699 2084 852 2116 studerent,
872 2084 897 2111 id
918 2088 1004 2111 tamen
1021 2093 1095 2112 sum-

309 2132 419 2159 mopere
439 2127 587 2162 curabant,
609 2128 633 2155 si
644 2128 734 2163 aliqua
752 2129 906 2157 calamita:e
932 2130 1023 2164 plebes
1044 2130 1095 2159 sibi

307 2171 457 2199 commissa).
465 2172 660 2207 affligerentur.
673 2174 742 2201 llinc
754 2183 814 2202 cum
827 2175 948 2210 Albigam
960 2176 1094 2204 civitatem

310 2218 369 2243 lues
391 2218 539 2252 inguinaria
564 2219 731 2251 devastaret,
756 2220 863 2248 Salvius
884 2222 944 2255 ejus
969 2222 1095 2249 Ecclesia;

307 2264 373 2288 tunc
392 2261 578 2288 sanctissimus
598 2263 725 2296 antistes,
746 2268 866 2298 tanquam
887 2265 966 2292 bonus
995 2272 1092 2301 pastor,

307 2305 394 2339 inquit
408 2306 565 2341 Gregorius.
576 2308 611 2335 ab
623 2316 655 2335 ea
670 2309 736 2337 urbe
751 2317 885 2345 nunquam
909 2312 1035 2340 recedere
1046 2320 1092 2339 vo-

309 2351 369 2379 luit.
385 2351 541 2380 Theodorus
563 2361 626 2382 vero
646 2355 849 2384 Massiliensium
869 2358 1010 2392 episcopus
1031 2367 1090 2386 cum

307 2403 410 2433 pestem
425 2399 608 2434 gravissimam
625 2401 651 2428 itt
667 2410 714 2429 tua
738 2403 804 2430 urbe
825 2405 921 2432 sa-vire
944 2408 1091 2439 accepisset

307 2443 415 2476 absens,
426 2444 514 2471 statim
525 2452 648 2474 reversus
660 2446 693 2474 ad
705 2448 789 2475 sancti
803 2448 917 2476 Victoris
927 2449 1091 2483 sepulcrum,

294 2489 471 2518 orationibus
495 2497 526 2517 ac
549 2491 647 2526 vigiliis
669 2500 783 2528 vacans,
809 2494 856 2521 Dei
880 2494 1090 2523 misericordiam

307 2533 416 2563 ﬂectere
431 2539 543 2562 conatus
555 2540 605 2562 est.
907 2574 909 2576 μ

340 2577 386 2616 29τ
403 2579 461 2606 .lam
478 2588 542 2607 vero
556 2582 742 2616 cpncoporum
756 2584 910 2611 ordinatiani
922 2591 954 2612 ac
969 2586 1091 2619 potestati

305 2624 473 2657 potissimum
490 2627 684 2655 commendata:
698 2634 773 2656 erant
790 2621 917 2657 Ecclesia:
931 2630 1070 2658 facultates
1083 2651 1091 2664 ,

303 2676 364 2701 qua:
377 2677 470 2697 eorum
483 2676 549 2697 nutu
570 2676 597 2699 et
617 2673 774 2700 auctoritate
794 2673 927 2701 debebant
945 2674 1068 2701 distribui
1082 2694 1090 2706 .

305 2714 376 2742 unde
391 2719 419 2742 et
432 2723 578 2750 pauperum
592 2725 624 2744 ac
644 2718 781 2745 viduarum
801 2718 946 2746 nutritores
965 2719 1090 2746 diceban-

304 2765 367 2787 tur:
381 2768 465 2796 quare
478 2769 538 2788 cuttt
561 2762 675 2792 Gottlius
690 2764 796 2798 quidam
813 2764 940 2790 Ecclesia:
955 2764 1047 2798 Agath‘
1059 2772 1089 2791 n-

302 2808 339 2834 iis
356 2808 423 2835 bona
442 2809 590 2843 rapuisset,
607 2810 711 2836 monuit
722 2817 783 2837 eum
804 2810 856 2837 Leo
877 2810 1018 2844 episcopus
1029 2830 1037 2842 .
1060 2814 1089 2837 ut

300 2859 335 2885 pc
350 2860 392 2881 res
408 2861 553 2888 pauperum
564 2875 572 2888 ,
589 2862 671 2889 quas,
688 2855 836 2888 inquiebat,
854 2855 923 2884 Deus
939 2861 1032 2884 noslw
1046 2865 1088 2885 cr.

1154 949 1247 976 perunt
1257 946 1416 972 sustentatio
1428 947 1570 976 commissa
1584 954 1655 980 erat.
1668 950 1715 977 sed
1731 952 1812 981 etiam
1829 955 1943 981 clerico-

1136 1000 1140 1005 μ
1154 995 1224 1019 rum.
1237 989 1293 1024 qui,
1307 990 1332 1018 in
1356 991 1490 1025 plerisque
1509 993 1602 1022 saltem
1626 995 1757 1028 ccclesiis.
1772 1005 1941 1028 comtnttnent

1151 1034 1267 1068 agebant
1280 1035 1370 1063 vitam.
1393 1036 1448 1064 lloc
1462 1041 1518 1069 est.
1541 1039 1567 1066 ni
1583 1038 1670 1072 fallor,
1685 1042 1756 1075 quod
1771 1048 1882 1071 Mensam
1897 1054 1943 1072 ca-

1153 1080 1303 1107 nonieorum
1326 1081 1442 1114 appellat
1468 1081 1624 1118 Gregorius.
1651 1093 1729 1119 quam
1754 1087 1824 1115 libro
1847 1090 1944 1118 ultimo

1155 1126 1278 1153 Historiae
1291 1127 1377 1160 capite
1393 1128 1437 1161 50.
1453 1136 1480 1155 ιι.
1498 1129 1541 1161 16,
1563 1137 1580 1156 a
1594 1130 1711 1159 [laudino
1730 1134 1799 1167 apud
1820 1135 1919 1164 Turoni
1930 1145 1943 1165 s

1154 1170 1300 1199 institutam
1316 1172 1397 1199 fuisse
1411 1174 1513 1205 scribit.
1530 1175 1610 1210 idque
1621 1183 1654 1203 ex
1668 1179 1754 1213 capite
1771 1179 1788 1207 9
1805 1179 1870 1209 Viue
1895 1191 1943 1217 pa-

1154 1221 1222 1243 trum
1235 1216 1463 1253 intelligituruubi
1483 1227 1543 1246 cum
1565 1220 1702 1251 Patroclus
1713 1243 1721 1256 ,
1739 1225 1783 1258 qui
1797 1230 1850 1253 tum
1866 1216 1943 1255 Bitu-

1151 1261 1254 1296 rigibus
1267 1263 1414 1296 residebat.
1422 1263 1455 1291 ad
1470 1266 1621 1293 convivium
1637 1276 1729 1295 mento:
1740 1273 1869 1299 canonica:
1878 1281 1943 1301 cum

1153 1307 1263 1342 reliquis
1288 1307 1392 1336 clericis
1415 1310 1544 1338 accedere
1556 1312 1720 1348 negligeret,
1743 1316 1857 1350 malens.
1874 1319 1941 1347 dum

1152 1354 1240 1380 caeteri
1254 1361 1353 1389 corpus
1368 1356 1527 1390 reﬁcerent,
1543 1358 1601 1391 ipse
1614 1360 1727 1388 orationi
1740 1369 1772 1397 ac
1787 1370 1871 1391 sacras
1886 1364 1943 1393 lec-

1153 1396 1217 1424 tioni
1227 1406 1335 1433 operam
1349 1400 1414 1427 dare
1426 1421 1434 1433 .
1458 1401 1493 1429 ab
1512 1403 1699 1432 nrcltid-acono
1718 1396 1834 1440 graviter
1848 1416 1943 1443 reprc-

1152 1442 1251 1470 ltenstts
1260 1449 1312 1476 est.
1322 1445 1542 1481 admonitusque,
1556 1453 1584 1474 ιιι
1594 1453 1641 1476 aut
1654 1458 1714 1476 cum
1734 1452 1837 1485 reliquis
1847 1442 1942 1488 fratri-

1152 1489 1198 1516 bus
1211 1489 1294 1517 cibtul
1307 1496 1428 1525 sumeret,
1442 1497 1491 1519 aut
1512 1499 1586 1521 certe
1598 1495 1749 1524 discederet
1763 1505 1778 1524 a
1793 1498 1869 1531 loco;
1887 1508 1942 1528 non

1152 1533 1224 1561 enim
1237 1540 1338 1562 rectum
1350 1535 1396 1563 ille
1410 1537 1590 1571 existimabat.
1606 1544 1636 1566 ut
1650 1547 1714 1568 unus
1725 1549 1782 1569 cum
1794 1542 1832 1570 liii
1848 1544 1943 1572 habere

1114 1587 1136 1617 ρ
1152 1579 1244 1606 vii-tum
1253 1580 1424 1608 dissimularet
1435 1602 1442 1615 ,
1458 1590 1519 1610 cum
1535 1584 1630 1617 quibus
1650 1585 1848 1615 ecclesiasticum
1863 1596 1940 1624 puta-

1150 1630 1221 1652 retur
1231 1626 1335 1661 implere
1346 1627 1465 1661 officium.
1488 1629 1526 1658 Ex
1546 1630 1640 1658 eodem
1661 1631 1729 1658 libro
1755 1638 1826 1667 patet
1848 1636 1941 1665 archi-

1150 1670 1263 1698 diacono
1273 1672 1443 1700 commissam
1455 1673 1537 1702 fuisse
1547 1674 1767 1705 instituendorum
1779 1680 1940 1709 clericorum

1149 1722 1252 1760 curam,
1264 1722 1379 1751 eumque
1393 1718 1490 1746 schol:
1503 1719 1657 1754 praefectum
1674 1721 1755 1751 fuisse
1768 1732 1775 1756 ;
1791 1725 1861 1759 quod
1878 1735 1940 1760 pas-

1149 1759 1199 1786 sim
1216 1759 1300 1787 innuit
1311 1761 1464 1796 Gregorius.
1485 1763 1618 1792 Clericutu
1635 1771 1734 1801 tamen,
1746 1776 1824 1803 quem
1838 1759 1938 1800 Αεὶιιρ-

1149 1805 1205 1832 rius
1220 1805 1381 1834 choviensi
1393 1807 1495 1836 scholae
1513 1808 1682 1845 pra-fecerat,
1698 1813 1839 1843 diaconum
1855 1817 1940 1846 fuisse

1150 1859 1279 1886 nusquam
1293 1852 1415 1888 legimus.
1447 1854 1544 1884 Verum
1565 1857 1757 1893 archidiaconi.
1773 1862 1823 1889 etsi
1836 1863 1940 1892 scholis

1150 1898 1268 1933 praefecti
1279 1917 1288 1931 .
1308 1900 1369 1934 quia
1394 1901 1482 1929 multis
1493 1903 1565 1930 curis
1580 1903 1700 1933 distracti
1712 1911 1806 1942 erant,
1816 1908 1940 1943 juttiorcs

1148 1943 1261 1972 clericos
1276 1952 1322 1979 per
1335 1945 1402 1973 alios
1414 1946 1513 1974 erudiri
1528 1949 1667 1977 curabant.

1184 1990 1230 2017 5i.
1249 1990 1300 2023 Qui
1314 1991 1435 2019 ecclesiis
1457 1993 1607 2026 ruralibus.
1620 2002 1686 2029 quas
1701 1995 1780 2024 hodie
1796 2000 1938 2032 parochias

1147 2042 1194 2062 seu
1207 2043 1286 2063 curas
1299 2037 1481 2071 appellamus,
1502 2039 1724 2074 praeficiebantur,
1746 2042 1764 2069 ii
1779 2043 1938 2072 dicebantur

1148 2081 1317 2116 presbyteri.
1346 2089 1413 2116 quos
1440 2091 1628 2119 nonnunquam
1649 2086 1895 2124 archipresbytcros
1922 2099 1938 2120 a

1147 2125 1278 2160 Gregorio
1289 2126 1378 2155 dictos
1391 2128 1515 2163 legimus,
1531 2129 1588 2157 sive
1603 2131 1673 2165 quod
1693 2132 1855 2168 presbyteris
1871 2136 1939 2163 vici-

1147 2172 1201 2205 nis,
1215 2177 1243 2199 ut
1258 2173 1336 2200 ltodic
1349 2174 1388 2207 lit,
1402 2180 1562 2208 prmessettt.
1583 2176 1639 2204 sive
1654 2178 1723 2211 quod
1743 2179 1768 2205 itt
1783 2187 1830 2206 sua
1842 2180 1938 2209 Eccle-

1146 2215 1184 2242 sia
1200 2216 1291 2249 plures
1306 2217 1355 2243 sub
1368 2225 1414 2244 sua
1426 2218 1565 2252 disciplina
1579 2221 1690 2248 clericos
1704 2222 1840 2251 haberent.
1852 2225 1937 2254 Erant

1107 2266 1235 2297 Dtamcn
1267 2266 1294 2289 et
1318 2262 1363 2289 alii
1389 2264 1506 2291 minores
1534 2266 1623 2292 clerici
1649 2268 1782 2296 nonnullis
1806 2269 1937 2299 Ecclesiis

1148 2306 1282 2341 prmpositi
1292 2328 1299 2340 ,
1311 2308 1457 2343 cujusmodi
1473 2310 1521 2337 fuit
1533 2310 1677 2344 Cautittus.
1694 2318 1785 2347 postea
1799 2315 1936 2343 Arverno-

1146 2360 1204 2380 rum
1233 2354 1389 2388 episcopus,
1416 2355 1459 2389 qui
1488 2356 1513 2382 itt
1537 2356 1606 2385 libro
1624 2357 1658 2385 de
1684 2358 1772 2386 Gloria
1797 2360 1936 2389 confesso-

1146 2406 1215 2430 rum.
1225 2400 1312 2434 capite
1324 2400 1369 2431 30,
1378 2401 1475 2428 dicitur
1485 2402 1511 2427 in
1525 2410 1570 2429 suo
1584 2403 1722 2430 diaconum
1734 2403 1932 2434 Iciodorensctn

1146 2442 1292 2473 Ecclesiam
1313 2445 1427 2472 rexisse.
1464 2446 1588 2473 Urbanus
1607 2455 1669 2475 vero
1697 2448 1819 2476 diaconus
1845 2453 1932 2479 sancti

1145 2489 1242 2517 Juliani
1269 2491 1433 2519 Brivatensis
1461 2493 1633 2527 tnartyrarius
1659 2494 1742 2521 factus
1765 2500 1815 2523 est.
1846 2496 1932 2525 Immo

1146 2535 1212 2563 ltbro
1225 2543 1232 2563 ι
1247 2536 1281 2564 de
1294 2536 1351 2564 Glot
1359 2538 1382 2564 ia
1394 2538 1549 2573 Martyrum,
1559 2541 1646 2574 capite
1657 2540 1701 2572 66,
1719 2547 1849 2569 memorat
1859 2543 1931 2571 Gre-

1143 2582 1232 2615 gorius
1256 2583 1395 2616 parvulum
1418 2584 1582 2617 oratorium.
1610 2590 1702 2613 sancto
1723 2586 1844 2615 Patroclo
1859 2591 1930 2623 apud

1144 2626 1241 2653 'l‘rccas
1256 2632 1450 2660 consecratum,
1460 2630 1502 2655 cui
1519 2637 1585 2656 unus
1602 2635 1702 2658 tantum
1717 2632 1832 2665 clericus,
1848 2642 1928 2668 quem

1143 2672 1222 2705 paulo
1236 2677 1295 2707 post
1316 2675 1431 2708 appellat
1455 2674 1592 2708 lectorem.
1617 2677 1759 2705 serviebat.
1779 2678 1929 2707 Occurrunt

1142 2718 1222 2744 etiam
1245 2719 1314 2752 apud
1336 2719 1458 2746 eumdem
1475 2723 1631 2755 auctorem,
1647 2722 1692 2756 qui
1715 2726 1761 2750 aut
1782 2723 1851 2756 soli.
1881 2731 1929 2753 aut

1140 2768 1213 2791 certe
1227 2764 1304 2799 pauci
1321 2765 1429 2791 omnino
1444 2765 1469 2792 in
1490 2765 1557 2794 locis
1568 2767 1651 2795 sacris
1665 2767 1804 2803 degebant,
1820 2769 1853 2797 de
1868 2771 1928 2804 qui-

1139 2809 1189 2837 bus
1205 2809 1288 2836 fusins
1300 2817 1377 2844 agere
1392 2818 1444 2837 non
1460 2803 1545 2838 vacat.

1175 2854 1218 2882 5‘2.
1240 2855 1335 2884 Clﬂ'lci
1351 2860 1449 2890 autem,
1464 2856 1557 2886 saltem
1575 2858 1702 2892 minores.
1719 2865 1770 2885 non
1784 2863 1860 2886 crant
1876 2866 1920 2888 ne-
