3972 6340
82 499 145 555 33

1507 502 1889 562 Pii/EFATIO.

3283 521 3353 577 Liv

77 609 307 689 cessatio
335 623 362 661 a
395 609 631 678 prepriis
680 609 947 680 episcopis
977 611 1102 666 huic
1128 611 1311 667 ofﬁcio
1337 613 1661 671 destinandi.
1693 626 1742 678 Α
1774 618 2088 685 Citanaonc,
2116 636 2264 677 suam
2291 639 2506 679 uxorem
2535 624 2845 694 recepisset,
2872 644 2904 681 α
2933 631 3126 683 (ωιρνίι
3155 634 3354 700 cpisco-

73 688 323 753 Nnnnulli
352 700 500 755 enim
532 716 631 767 pro
672 712 972 769 temporum
1004 711 1095 756 aut
1142 704 1380 759 locorum
1411 717 1667 775 Opportu-

72 798 249 847 mtate.
313 804 343 843 a
392 790 589 855 quovis
636 790 892 860 episcopo
944 802 1034 845 aut
1064 791 1257 847 abbate
1282 836 1296 858 ,
1323 794 1474 865 juxta
1506 811 1661 850 suum

72 891 152 931 aut
183 892 481 947 parentum
510 891 726 945 votum,
763 881 825 934 ad
870 882 1176 938 clericatum
1206 884 1659 943 admittebantur:

71 985 167 1033 qun
203 981 367 1037 pacto
392 970 719 1040 Gregorius,
752 984 810 1025 ut
838 972 1058 1042 ipsemet
1090 985 1306 1039 narrat,
1342 976 1660 1032 Winnnctmt

73 1076 253 1113 recens
283 1077 316 1113 e
344 1063 618 1114 Britannia
647 1062 696 1115 in
726 1078 876 1115 suam
904 1064 1175 1119 dimcesitn
1206 1068 1663 1131 advectnttt,prcs-

76 1151 318 1216 byterum
349 1150 664 1215 ordinavit,
712 1152 940 1207 ntillum
974 1156 1110 1221 apud
1142 1171 1202 1209 se
1247 1158 1520 1213 retineret.
1562 1160 1660 1225 Qui

74 1240 206 1293 enim
256 1242 430 1294 semel
464 1242 517 1295 in
566 1243 757 1310 quavis
811 1241 1047 1297 Ecclesia
1101 1244 1331 1298 ordinati
1380 1256 1562 1309 erant,
1596 1250 1659 1301 ad

74 1332 226 1385 aliam
286 1333 524 1386 transire
574 1346 678 1387 non
712 1345 998 1403 poterant,
1046 1336 1210 1390 immo
1247 1352 1344 1391 nec
1389 1339 1661 1406 aliquanto

73 1422 264 1479 diutius
316 1426 371 1479 in
424 1427 601 1480 aliena
633 1427 854 1481 dioecesi
911 1429 1219 1493 immorari,
1275 1429 1475 1498 absque
1506 1433 1657 1486 venia

70 1516 323 1583 episcopi,
354 1504 453 1584 qui
478 1518 623 1584 ipsos
661 1518 1007 1572 ordinaverat
1033 1537 1045 1571 :
1076 1520 1218 1574 unde
1242 1534 1361 1574 cum
1390 1520 1657 1576 Theodul-

71 1607 160 1669 ius,
188 1605 281 1676 qui
316 1606 550 1662 Parisiis
578 1606 836 1662 diaconus
861 1610 1137 1663 ordinatus
1167 1610 1337 1663 fuerat
1363 1653 1376 1675 ,
1407 1609 1658 1680 Andega-

68 1713 178 1750 vum
211 1700 661 1768 transmigrasset
679 1740 694 1765 ,
720 1714 746 1751 a
771 1698 1115 1769 Ragnemodo
1133 1700 1418 1756 Parisienst
1451 1707 1658 1769 episcn-

68 1803 159 1855 po,
193 1798 254 1841 ut
297 1798 495 1843 narrat
537 1789 827 1858 Gregorius
874 1772 1009 1845 libro
1047 1806 1078 1843 χ
1149 1790 1427 1857 Historiae,
1486 1794 1658 1861 capite

8 1880 9 1891 ‘
68 1879 141 1943 Η,
172 1880 374 1947 εωρῑιε
400 1868 868 1934 excommunicauit;
890 1891 983 1947 est,
1016 1882 1151 1948 quod
1171 1882 1241 1935 ad
1286 1880 1569 1935 Ecclesium
1601 1886 1652 1935 in

1771 711 1850 779 pia
1876 716 2344 771 excommunica'us
2373 727 2465 771 est.
2509 718 2770 773 Memorat
2810 723 3005 788 passim
3057 725 3347 797 Gregorius

1766 802 2067 873 episcopos,
2113 805 2198 873 qui
2229 816 2354 861 ante
2381 824 2532 861 suam
2562 810 2951 867 ordinationem
2986 820 3191 870 uxorati
3231 819 3342 873 fue-

1766 902 1923 947 rant:
1953 905 2007 948 at
2035 897 2213 949 statim
2265 897 2533 969 subjuugit
2558 939 2572 965 ,
2602 915 2695 955 eos
2728 902 2792 955 ab
2830 903 3059 960 invicem
3078 908 3233 978 juxta
3261 930 3346 963 ca-

1766 1000 1953 1038 nonum
1989 989 2286 1056 pt'wscripta
2320 988 2478 1043 fuisse
2510 1002 2908 1059 Sequestratos:
2943 996 3082 1064 quod
3112 999 3343 1052 ordinum

1765 1077 2095 1131 institutionis
2126 1077 2392 1134 catholica!
2421 1082 2653 1150 appellat
2675 1083 2725 1137 in
2758 1083 2893 1138 libro
2920 1087 2985 1142 de
3013 1086 3189 1143 Gloria
3215 1106 3346 1145 con-

1765 1168 2047 1233 fessorum,
2098 1172 2274 1239 capite
2327 1172 2427 1237 78,
2476 1184 2533 1227 ut
2561 1175 2700 1229 hunc
2742 1191 2942 1231 morem
2992 1195 3097 1234 non
3141 1181 3191 1234 in
3242 1199 3341 1236 una

1764 1259 1937 1312 solum
1972 1270 2061 1313 aut
2095 1261 2145 1314 in
2176 1262 2341 1315 altera
2376 1264 2627 1334 regione,
2660 1266 2753 1319 sed
2787 1269 2982 1337 ubique
3022 1271 3072 1323 in
3109 1282 3215 1325 tota
3249 1273 3346 1328 Ec-

1763 1349 1924 1402 clesia
1975 1351 2115 1425 catltt
2140 1352 2236 1404 lica
2270 1352 2609 1407 uniformiter
2653 1366 2919 1412 servatum
2970 1358 3131 1415 fuisse
3168 1373 3347 1417 osten-

1762 1440 1936 1495 deret.
2018 1440 2168 1495 Unde
2229 1443 2516 1497 maximum
2572 1447 2708 1513 apud
2764 1448 2986 1514 populos
3038 1451 3344 1507 scanddnm

1761 1533 2053 1594 oriebatur,
2109 1533 2151 1584 si
2202 1534 2489 1601 episcopus
2536 1538 2698 1590 etiam
2747 1553 2867 1592 cum
2916 1556 3079 1596 uxore
3130 1548 3342 1613 propria

1760 1623 2136 1675 col-mercium
2169 1622 2382 1691 aliquod
2434 1625 2686 1681 habuisse
2734 1640 3032 1698 putaretur.
3104 1632 3346 1691 Habebat

1761 1708 2035 1765 Etherius
2078 1712 2359 1779 episcopus
2416 1714 2759 1773 Lexoviensis
2788 1722 2925 1774 circa
2971 1726 3152 1777 lectum
3194 1743 3343 1781 suum

1699 1847 1710 1855 ,
1760 1802 1950 1853 multos
1997 1802 2209 1855 lectulos
2258 1804 2595 1868 clericorum,
2643 1818 2696 1860 ttt
2742 1810 2902 1861 dubio
2953 1814 3130 1877 prorul
3164 1826 3344 1871 essent

1761 1889 1876 1958 ejus
1905 1893 2244 1945 continrntim
2278 1902 2459 1945 testes.
2505 1894 2568 1947 Et
2596 1896 2811 1963 quidem
2852 1899 3092 1967 episcopi
3124 1902 3342 1956 decem-

66 1987 150 2034 qua
173 1972 437 2024 diaconus
467 1970 739 2025 ordinatus
768 1972 932 2041 fuerat
988 1968 1155 2026 redire
1185 1970 1432 2037 iii/ferret.
1474 1973 1645 2027 Abba.

1762 1980 1957 2035 bebant
1988 1981 2040 2035 in
2072 1981 2342 2047 domibus,
2375 1998 2506 2051 quas
2537 1983 2822 2055 Gregorius
2852 1988 3011 2057 vulgo
3034 1990 3209 2043 domos
3241 1991 3343 2044 Ec-

67 2070 132 2112 les
158 2061 334 2113 etiam
387 2061 444 2113 in
494 2060 607 2113 suis
652 2061 992 2114 monasteriis
1020 2061 1248 2115 cler'cns
1288 2062 1653 2126 inStituebant,

69 2156 127 2203 uti
169 2151 479 2219 Gregorius
512 2151 709 2220 passim
736 2189 752 2213 ,
800 2152 1133 2219 potissimum
1178 2152 1233 2206 in
1278 2152 1511 2207 miracul-
1536 2168 1653 2207 rum

65 2243 201 2296 libris
257 2249 577 2295 attestatur.
640 2240 768 2295 lude
811 2240 1144 2295 consuetudo
1190 2239 1514 2310 prnﬂttxerat
1541 2282 1555 2306 ,
1596 2252 1656 2296 ut

64 2334 298 2385 ποκα(ὴὶ
328 2348 395 2385 ac
419 2332 597 2384 clerici
619 2346 813 2386 nomen
839 2331 1140 2400 promiscue
1163 2334 1438 2387 monachis
1460 2334 1656 2388 tribue-

63 2433 199 2480 retur
228 2443 243 2476 :
272 2424 425 2494 quod
459 2422 577 2479 l'nse
603 2425 791 2492 probat
812 2422 895 2479 vir
923 2424 1164 2479 eruditus
1195 2425 1491 2480 Ludovicus
1514 2425 1657 2480 Tuo-

64 2518 349 2573 tsassinus.
402 2515 472 2569 Et
504 2514 721 2583 quidem
764 2512 1081 2578 ordinandi,
1113 2515 1276 2570 etiam
1308 2516 1374 2570 ad
1400 2515 1655 2570 sacerdo-

63 2612 222 2675 tium,
303 2609 360 2663 in
426 2604 770 2661 monasteriis
834 2605 1237 2673 erudiebantur,
1295 2616 1355 2661 ut
1401 2611 1650 2675 exemplo

60 2698 285 2755 Περσνεί
324 2696 624 2766 Cbilperici
658 2697 798 2767 regis
828 2696 923 2751 lilii
949 2705 1179 2760 constat,
1213 2697 1302 2767 qui
1332 2697 1385 2751 in
1416 2697 1653 2751 Aninsu-

63 2790 183 2843 lcusi
242 2787 587 2842 monasterio
633 2787 843 2857 positus
887 2794 970 2842 est
990 2788 1298 2841 sacerdotali
1320 2788 1501 2858 regula
1526 2803 1653 2843 eru-

60 2880 305 2934 diendus.

117 2974 205 3026 53.
248 2972 563 3030 Clericatus
610 2972 710 3028 ibit
747 2971 943 3042 saepius
989 2980 1346 3042 opportunum
1393 2972 1651 3029 adversus

58 3065 435 3119 imminentem
483 3078 672 3119 necem
724 3063 974 3133 asylum,
1029 3063 1259 3117 maxime
1327 3064 1651 3131 principibus

60 3158 198 3221 viris,
224 3170 392 3223 quos,
423 3171 491 3212 ne
518 3155 706 3211 turbas
731 3166 1129 3211 commoverent
1148 3196 1165 3222 ,
1195 3165 1474 3225 suspectos
1501 3172 1654 3225 reges

58 3248 346 3302 iubebant.
392 3247 564 3302 Certe
599 3244 929 3302 Cbararicus
970 3260 1100 3311 rex,
1150 3261 1271 3300 eum
1318 3245 1430 3301 tilio
1479 3261 1578 3301 suo
1620 3262 1649 3301 a

57 3340 377 3393 Chlodoveo
407 3346 628 3408 captus,
662 3352 764 3393 non
795 3337 953 3391 aliter
980 3337 1169 3391 mortis
1205 3337 1500 3406 periculum
1530 3353 1654 3391 eva-
1681 3352 1727 3414 ο

61 3432 149 3493 sit;
197 3444 377 3499 quare
427 3442 547 3482 eam
592 3427 772 3483 subire
813 3428 970 3482 ambo
999 3436 1181 3496 postea
1213 3427 1383 3482 coacti
1414 3426 1647 3494 fuerunt,

59 3537 163 3575 tum
193 3522 463 3576 clericum
493 3524 798 3588 contentpto
818 3520 883 3573 ad
906 3520 1214 3574 saecularem
1241 3527 1438 3574 statum
1467 3520 1651 3575 volue-

61 3625 170 3666 mut
187 3615 425 3668 reverti.
467 3610 604 3666 Hinc
634 3620 715 3666 est
737 3612 876 3681 quod
906 3607 1295 3666 Chlodoaldum
1320 3610 1648 3667 Chlodome-

63 3708 123 3758 ris
154 3706 331 3759 tilium
362 3705 508 3759 ultra
537 3702 602 3757 ad
628 3716 811 3757 necem
842 3702 1005 3770 ipsius
1033 3704 1203 3771 patrui
1233 3715 1340 3756 non
1364 3702 1648 3772 quaesiere,

62 3812 167 3851 cum
189 3797 297 3852 sibi
326 3796 435 3865 ipsi
477 3794 689 3860 capillis
728 3793 943 3856 incisis.
994 3799 1272 3864 presbyter
1301 3791 1651 3849 l'uissetordio

64 3900 228 3943 natus.
285 3888 409 3942 Nec
455 3883 599 3939 aliud
648 3892 797 3939 certe
842 3884 1002 3938 iidem
1042 3884 1119 3939 illi
1150 3898 1299 3954 reges
1328 3882 1650 3938 aChlmilde

63 3981 341 4049 exegerant
365 4017 385 4043 ,
415 3990 579 4043 quam
620 3984 677 4028 ut
707 3976 928 4043 nepotes
960 3988 1087 4028 suos
1109 3974 1333 4029 clericos
1360 3975 1473 4029 ﬁeri
1504 3983 1649 4042 pate-

67 4080 224 4135 retur,
247 4069 295 4123 si
330 4082 434 4122 eos
459 4066 619 4119 morti
649 4075 863 4132 ereptos
889 4075 1130 4132 cuperet.
1190 4065 1356 4120 Nemo
1385 4080 1515 4121 vero
1538 4064 1651 4119 exi-

70 4159 239 4212 stimet
262 4196 282 4224 ,
311 4154 629 4224 huiusmodi
683 4154 926 4209 humines
970 4154 1169 4209 invitos
1208 4169 1271 4209 ac
1298 4156 1651 4211 reclamantea

68 4248 127 4299 ab
168 4245 450 4315 episcopis
498 4243 773 4298 ordinatos
820 4244 1014 4298 fuisse:
1043 4244 1093 4298 id
1142 4244 1336 4315 quippe
1380 4260 1647 4313 nunquam

71 4338 275 4390 adrnisit
322 4335 569 4390 Eeolesia
598 4351 613 4387 :
646 4334 831 4399 immo,
881 4345 936 4388 ut
982 4336 1118 4391 scite
1165 4335 1470 4391 observavit
1506 4339 1652 4391 Ἠιο-

73 4428 325 4479 mssinus
356 4464 374 4489 ,
432 4425 677 4478 volentes
704 4438 760 4478 et
786 4424 1257 4479 vehementissime
1288 4427 1529 4482 volentes
1558 4444 1649 4480 or-

70 4517 427 4581 dinabamer,
478 4520 612 4573 certi
665 4518 804 4587 quod
855 4518 997 4572 nulla
1038 4518 1141 4573 sibi
1186 4528 1492 4589 superesset
1547 4519 1646 4574 alia

72 4612 290 4679 propria:
315 4612 449 4664 vita:
488 4610 542 4664 in
572 4620 685 4664 tuto
736 4609 995 4677 ponenda:
1033 4609 1140 4663 via.
1182 4610 1246 4664 Et
1271 4610 1483 4681 quidetn
1516 4626 1649 4667 noii—

74 4702 193 4757 stth
224 4702 433 4770 passim
465 4714 747 4756 occanunt
778 4700 855 4754 sic
883 4701 1111 4755 ordinati
1137 4741 1153 4767 ,
1181 4701 1269 4771 qui
1295 4702 1499 4772 reliquo
1525 4702 1645 4756 vitae
1680 4720 1725 4775 ι)

70 4805 173 4845 se:
196 4802 447 4860 tempore
490 4789 563 4844 ita
594 4789 697 4858 piis
723 4790 1001 4844 exercitiis
1025 4803 1246 4858 operam
1274 4790 1558 4857 dederunt,
1589 4801 1647 4846 ut

72 4883 277 4937 tandem
313 4884 375 4937 in
405 4889 712 4935 sanctorum
755 4895 1030 4937 numerum
1076 4882 1370 4936 meruerint
1414 4883 1641 4949 referri;

71 4972 187 5028 licet
211 4985 269 5030 et
297 4976 436 5029 alios
458 4972 625 5028 fuisse
670 4972 955 5038 lateamur,
1005 4975 1095 5043 qui
1118 4975 1455 5043 postmodum
1484 4975 1643 5030 liber-

72 5074 230 5121 tatem
259 5066 541 5136 pristinam
566 5065 768 5135 adepti,
796 5058 1069 5135 proposito
1090 5066 1323 5138 abjecto,
1344 5067 1410 5121 ad
1432 5068 1646 5137 nuptias

66 5160 453 5223 eonvobrunt,
502 5164 595 5211 aut
646 5168 791 5212 certe
832 5158 895 5209 ad
945 5158 1191 5226 preprias
1220 5170 1417 5212 uxores
1441 5156 1644 5212 reversi

62 5258 182 5304 mut
204 5266 222 5302 :
252 5249 459 5320 quippe
479 5251 569 5317 qui
600 5261 695 5317 per
722 5248 828 5302 vim
860 5248 1089 5303 ordinati
1128 5248 1286 5302 nullis
1306 5248 1643 5303 continentia:

68 5343 268 5410 legibus
313 5350 377 5396 se
418 5342 685 5394 obnoxios
730 5354 851 5393 esse
890 5339 1267 5393 causabantur.
1319 5342 1386 5393 At
1425 5339 1478 5393 id
1508 5353 1645 5392 nunc

66 5450 211 5499 quam
238 5434 487 5502 inpune
515 5430 637 5484 tulit
681 5430 919 5485 Ecclesia
947 5469 963 5495 ,
1013 5440 1131 5499 qua
1161 5428 1323 5482 variis
1345 5428 1642 5483 canonilms

66 5524 321 5591 eiusnodi
348 5522 710 5579 temeritatem
759 5522 1090 5591 proscripsit.
1135 5522 1479 5577 Hoc~crimen
1512 5536 1639 5588 apo.

68 5619 264 5668 Issit-
286 5615 535 5682 appellat
564 5623 745 5665 noster
788 5610 1083 5680 Gregorius
1110 5611 1248 5665 libro
1278 5625 1328 5664 tv
1367 5610 1633 5675 Historiae,

62 5706 226 5773 capite
280 5707 335 5769 4,
390 5703 481 5757 ubi
544 5702 780 5756 Mactiavi
828 5701 1123 5757 Brittouum
1172 5701 1384 5756 comitis
1431 5700 1664 5756 l‘acinus'

63 5808 287 5857 enarrat,
316 5796 415 5864 qui
442 5808 565 5846 cum
594 5794 649 5846 in
683 5792 941 5847 extremis
964 5793 1224 5862 angustiis
1261 5793 1464 5862 positus
1492 5792 1639 5846 ordi-

62 5888 423 5944 nantuisset
452 5885 740 5955 episcopus
767 5883 1106 5950 Veneteusis,
1127 5892 1184 5941 et
1222 5894 1403 5955 postea
1426 5894 1639 5939 mortuo

1759 2059 1928 2125 cleris:
1954 2082 2045 2126 aut
2090 2073 2457 2127 ecclesiasticas
2488 2084 2682 2141 vocat,
2719 2092 2838 2146 qua:
2880 2078 3030 2146 juxta
3061 2082 3341 2138 ecclesiam

1758 2160 1876 2215 sita:
1920 2172 2095 2227 erant,
2146 2173 2202 2215 ut
2249 2162 2453 2217 facilior
2474 2174 2618 2218 esset
2652 2165 2915 2234 episcOpis
2958 2178 3012 2223 et
3037 2169 3244 2226 clericis
3276 2174 3341 2227 ad

1757 2253 2041 2307 ecclesiam
2069 2252 2267 2309 aditus.
2330 2253 2523 2309 Rarius
2557 2271 2686 2310 vero
2726 2258 3036 2315 mulieribus
3065 2262 3131 2315 ad
3161 2262 3342 2333 hujus-

1759 2346 1902 2398 mndi
1949 2345 2139 2399 domos
2194 2346 2605 2415 permittebatur
2632 2362 2879 2403 accessus
2905 2390 2920 2417 ,
2970 2354 3256 2421 etquidem
3290 2359 3340 2409 in

1759 2437 2003 2493 Ecclesia
2046 2436 2391 2508 Lugdunensi
2432 2444 2764 2493 consuetudo
2792 2440 2963 2497 fuerat
2985 2443 3095 2512 jam
3123 2460 3153 2497 a
3182 2445 3340 2515 longo

1757 2537 1999 2597 tempore
2019 2533 2328 2593 observata,
2356 2538 2410 2583 ut
2435 2531 2617 2583 mulier
2648 2531 2873 2586 ecclesiis
2899 2532 3108 2587 domum
3138 2550 3236 2589 non
3263 2538 3339 2590 in-

1755 2602 2095 2689 gredcretur;
2133 2628 2279 2689 quod
2333 2620 2675 2675 interdictum
2725 2636 2848 2676 cum
2892 2626 3142 2679 VlOlaSSN.
3173 2626 3339 2683 Prisci

1755 2694 1993 2779 episcopi
2027 2726 2182 2776 uxor,
2236 2710 2491 2764 divinitus
2541 2711 2721 2780 punita
2752 2724 2868 2780 est,
2896 2722 2954 2767 ut
2983 2714 3237 2770 diSeimus
3267 2735 3337 2771 ex

1758 2800 1897 2854 libro
1946 2816 1996 2853 tv
2045 2800 2287 2870 Gregorii
2322 2798 2565 2854 llistorim
2588 2842 2603 2866 ,
2636 2802 2810 2869 capite
2832 2802 2919 2869 56,
2950 2806 3091 2874 quod
3125 2823 3173 2859 tn
3204 2823 3338 2876 pra:-

1755 2892 2069 2947 cedentibus
2099 2893 2424 2948 editioubus
2476 2892 2838 2950 desideratum
2884 2910 2951 2951 ex
2977 2902 3162 2955 codice
3188 2899 3337 2954 Casi-

1755 2983 1907 3037 nensi
1934 2982 2297 3052 supplevimus

1822 3112 1914 3167 δι.
1953 3114 2218 3169 (laterum
2253 3129 2357 3169 non
2389 3114 2564 3170 minus
2594 3117 2832 3172 vestibus
2872 3132 2936 3173 ae
2964 3131 3185 3176 externa
3212 3139 3335 3178 cor-

1752 3208 1899 3275 poris
1926 3207 2129 3275 specie,
2156 3222 2315 3276 quam
2343 3209 2583 3263 moribus
2607 3211 2787 3265 clerici
2813 3226 2843 3264 a
2874 3218 3221 3270 swcularibus
3252 3218 3332 3270 vi-

1754 3299 1831 3354 ris
1859 3306 1982 3353 tunc
2011 3299 2268 3367 temporis
2296 3300 2779 3369 distinguebantur.
2839 3304 3115 3361 Meroveus
3142 3314 3334 3377 quippe

1755 3407 1784 3446 a
1814 3400 1963 3461 patre
1990 3392 2292 3461 Chilperico
2330 3392 2636 3461 aliquandiu
2665 3394 2766 3449 sub
2793 3398 3037 3451 custodia
3062 3400 3331 3468 detentus,

1756 3481 2091 3549 postmodum
2116 3490 2430 3547 tonsurams,
2463 3491 2771 3553 mutataque
2801 3495 2946 3541 veste
2996 3504 3099 3558 qua
3127 3493 3335 3546 clericis

1753 3573 1827 3625 uti
1856 3587 1974 3625 mos
1996 3581 2105 3639 est,
2140 3576 2264 3643 inqu
2290 3584 2308 3628 t
2337 3572 2626 3643 Gregorius
2657 3586 2837 3632 noster
2881 3578 2975 3632 lib.
3007 3597 3055 3646 v,
3090 3596 3210 3652 cap.
3251 3588 3332 3651 lt,

1751 3665 2036 3735 presbyter
2068 3674 2151 3720 est
2188 3667 2470 3720 ordinatus
2501 3682 2515 3719 :
2549 3668 2688 3722 unde
2718 3678 2902 3736 postea
2930 3687 3051 3725 cum
3080 3674 3335 3732 cler:catn

1752 3756 1965 3824 abiecto
1993 3755 2305 3825 aufugisset,
2333 3758 2569 3811 saeculari
2602 3769 2732 3812 reste
2758 3761 2968 3816 indutus
3001 3763 3164 3819 fuisse
3193 3767 3333 3821 dici-

1752 3856 1858 3901 tur.
1882 3848 2003 3902 Alio
2028 3848 2085 3902 in
2112 3849 2230 3902 loco
2254 3858 2471 3902 sanctus
2494 3850 2752 3905 Martinus
2776 3852 2920 3922 nigra
2949 3865 3099 3911 veste
3120 3857 3336 3912 indutus

1750 3939 1959 3993 cuidam
2010 3938 2326 4009 apparuisse
2369 3940 2585 3995 dicitur.
2639 3942 2877 3997 Clericos
2921 3960 3071 4012 vero,
3120 3950 3258 4003 sicut
3284 3962 3334 4006 et

1751 4030 2064 4097 monachos,
2098 4040 2223 4085 tunc
2247 4033 2504 4099 temporis
2529 4040 2712 4086 tonsos
2742 4033 2812 4086 l‘ui
2847 4050 2907 4089 se
2940 4050 3098 4091 nemo
3132 4051 3219 4095 est
3241 4045 3340 4111 qui.

1752 4119 1979 4175 iuliciari
2028 4122 2185 4187 velit;
2219 4132 2272 4176 at
2314 4138 2529 4176 corona:
2560 4138 2717 4193 quam
2750 4123 2822 4177 illi
2860 4126 3194 4196 deferebant,
3225 4135 3339 4197 pri-

1751 4226 1877 4265 nam
1907 4213 2177 4266 notionem
2220 4212 2477 4280 Gregorio
2508 4224 2691 4266 nostro
2719 4214 2898 4268 deberi
2943 4229 3130 4272 censet
3160 4221 3340 4276 Ludo-

1750 4300 1899 4357 n’cus
1920 4301 2324 4365 ’I‘homassinus,
2352 4303 2440 4370 qui
2467 4302 2692 4355 clericos
2718 4312 2870 4357 antea
2898 4306 3110 4374 quidem
3143 4318 3344 4364 tonsos.

1750 4392 1915 4448 fuisse
1938 4390 2151 4458 fatetur,
2180 4407 2286 4445 non
2309 4406 2439 4446 vero
2463 4392 2778 4462 capillorum
2802 4408 2996 4450 corona
3023 4398 3343 4469 insignitas.

1749 4485 1923 4541 Locus
1948 4483 2189 4553 Gregorii
2228 4484 2453 4538 habetur
2498 4483 2552 4541 in
2586 4484 2720 4538 Vitis
2754 4486 2988 4551 Patrum,
3031 4490 3213 4558 capite
3242 4493 3337 4558 l7,

1750 4576 1839 4631 ubi
1862 4583 2045 4630 narrat
2073 4574 2361 4640 Nicetium,
2388 4586 2565 4642 postea
2596 4573 2969 4632 Trevirensem
2995 4582 3338 4649 episcOpum,

1750 4684 1815 4722 ex
1840 4668 2026 4722 matris
2051 4666 2173 4720 alvo
2195 4667 2518 4735 processisse
2540 4681 2662 4720 cum
2686 4668 2805 4737 pilis
2836 4669 2905 4722 ita
2934 4671 2986 4723 in
3018 4675 3194 4740 capite
3218 4675 3330 4740 ρῇιις

1751 4759 2032 4825 ordinatis,
2066 4769 2119 4813 ttt
2161 4766 2367 4829 putares
2395 4757 2458 4810 ab
2486 4758 2673 4812 eisdem
2712 4775 2955 4814 coronam
2983 4766 3155 4815 clerici
3176 4766 3330 4834 fuisse

1746 4852 2020 4921 signatam.

1812 4961 1905 5016 '55.
1931 4960 2253 5015 Mmasticus
2282 4960 2417 5015 ordo
2437 4961 2545 5030 jam
2573 4971 2815 5030 tempore
2842 4963 3086 5032 Gregorii
3119 4964 3190 5019 ita
3215 4976 3328 5021 erat

1746 5052 2016 5107 clericatui
2046 5053 2380 5119 coniunctus.
2412 5062 2473 5106 ut
2500 5053 2638 5107 idem
2671 5054 2828 5108 fuerit
2862 5058 3179 5109 monachum
3203 5072 3327 5115 esse

1746 5158 1808 5199 ac
1844 5144 2120 5208 clericum,
2174 5145 2312 5212 quod
2347 5143 2484 5205 fuse,
2527 5156 2578 5198 et
2631 5161 2726 5213 pro
2765 5161 2863 5199 suo
2912 5160 3059 5201 more
3099 5149 3325 5213 erudite,

1752 5236 1935 5302 probat
1956 5230 2253 5288 Ludovicus
2269 5233 2685 5300 Tlmniassinus;
2713 5246 2768 5289 et
2785 5237 3021 5306 quidem,
3052 5248 3111 5292 ut
3130 5255 3324 5309 passm

1746 5326 1859 5382 suis
1886 5327 2019 5381 l'oeis
2046 5326 2416 5391 observamus,
2441 5338 2575 5395 (μοι
2596 5323 2884 5397 Gregorius
2912 5329 3142 5397 appellat
3169 5332 3327 5386 cleri-

1743 5433 1834 5472 ρος
1856 5416 2006 5472 initio
2028 5418 2239 5486 capitis,
2261 5416 2479 5470 eosdem
2508 5426 2691 5484 postea
2712 5421 3005 5475 monachos
3030 5432 3323 5491 nuncupat.

1743 5508 1853 5564 Nec
1872 5508 2085 5572 mirum,
2110 5520 2230 5561 cum
2255 5506 2359 5561 illis
2380 5508 2729 5575 temporibus.
2750 5519 2807 5564 et
2821 5510 2931 5580 jam
2958 5512 3122 5565 multo
3144 5522 3321 5577 antea,

1743 5600 1989 5656 monachi
2016 5597 2352 5654 clericaltbus
2375 5600 2625 5652 omnibus
2643 5601 2839 5656 (illiciis
2861 5602 3322 5671 perlongerentnr,

1746 5692 2173 5764 principumque
2234 5687 2545 5755 divinorum
2613 5691 2910 5746 ofﬁciorum
2974 5692 3325 5747 celebratimti

1746 5799 1961 5855 operam
1995 5781 2392 5850 impenderent;
2426 5781 2589 5835 immo
2614 5793 2667 5835 et
2693 5783 2932 5847 abbates,
2964 5794 3024 5836 ut
3051 5783 3213 5840 modo
3241 5786 3325 5840 di-

1747 5880 2020 5944 cebamus,
2053 5869 2640 5938 clericus’ordiuabant,
2668 5882 2722 5928 et
2746 5888 2868 5928 cum
2897 5874 3094 5946 aliquid
3124 5879 3324 5934 soletn-
