3972 6340
571 475 648 533 '55
2003 445 2177 505 ΡῐιᾸΞΙ

2282 445 2392 500 ΓΙΟ.
3769 438 3844 489 ῗϐ

571 589 765 649 mniter
795 584 845 637 in
873 579 1113 635 Ecclesia
1159 575 1419 647 agendum
1450 572 1784 636 occurrebat,
1815 570 1990 624 statin
2031 569 2141 636 epi-
2170 566 2218 623 Α
2249 566 2461 629 fuerint,
2492 580 2594 620 non
2623 576 3000 633 usquequaque
3029 558 3215 629 liquet.
3249 555 3408 611 Certe
3439 567 3664 610 narrans
3694 553 3844 607 Gre-

569 676 738 745 scopi,
772 683 828 727 ut
866 671 1062 740 passim
1105 677 1366 723 memorat
1395 666 1700 733 Gregorius,
1745 676 1858 716 sure
1902 658 2153 714 dlCBCCSii

568 767 792 821 abbates
821 772 877 818 et
908 762 1251 832 presbyteros
1296 755 1684 812 convocabant.
1731 753 1885 808 Tanti
1917 766 2043 805 vero
2073 750 2152 803 fa-

568 857 784 912 ciebant
814 853 1108 908 monachos
1132 849 1452 904 sanctissimi
1484 848 1678 916 quique
1705 845 1916 900 illorum
1948 853 2155 910 tempo-

573 961 689 1002 rum
733 944 992 1014 episcOpi,
1025 952 1084 995 ut
1111 940 1199 994 vix
1243 955 1426 994 eorum
1456 937 1738 1006 quisquam
1770 942 2035 998 occurrat,
2066 931 2155 1000 qui

573 1037 952 1092 monasterium
1003 1031 1214 1102 aliquod
1260 1047 1364 1084 non
1415 1029 1726 1083 instituerit.
1771 1024 2059 1092 Gregorius
2102 1021 2154 1076 in

573 1130 768 1186 itinere
809 1126 1134 1182 constitutus
1178 1124 1242 1177 ad
1277 1120 1600 1175 monasteria
1633 1119 1839 1172 solebat
1866 1116 2156 1177 divertere,

573 1233 634 1277 ut
663 1220 1048 1276 monachorum
1098 1214 1170 1269 ibi
1215 1214 1508 1268 viventium
1538 1216 1718 1263 sancta
1750 1205 2159 1261 conversatione

573 1311 863 1372 frueretur,
893 1317 946 1360 et
968 1304 1382 1374 praecedentium
1409 1300 1649 1369 egregias
1680 1297 1917 1352 actiones
1945 1295 2157 1350 edisce-

573 1412 694 1466 ret;
727 1400 955 1468 indeque
988 1395 1162 1450 hausit
1191 1405 1267 1448 tot
1295 1392 1518 1447 illustria
1561 1397 1863 1443 sanctorum
1917 1388 2155 1440 virorum

574 1493 831 1564 praeclara
857 1491 1013 1551 facta,
1039 1503 1154 1555 qua:
1187 1496 1296 1538 tum
1329 1486 1378 1537 in
1412 1482 1558 1537 libris
1585 1481 1654 1535 de
1677 1479 1858 1534 Gloria
1887 1476 2164 1532 confesso-

573 1600 714 1647 rum,
774 1591 884 1636 tum
937 1582 989 1633 in
1033 1580 1249 1632 Patrum
1280 1574 1416 1630 Vitis
1467 1582 1647 1642 postea
1696 1568 2015 1640 publicavit;
2065 1581 2163 1620 nec

575 1673 811 1729 Historia
857 1672 1032 1740 gentis
1060 1676 1262 1722 nostra:
1312 1665 1585 1734 indignum
1614 1661 1819 1730 putavit
1857 1669 2161 1712 sanctorum

580 1763 968 1819 monachorum
1000 1759 1178 1811 obitus
1205 1765 1261 1810 et
1288 1754 1540 1808 miracula
1589 1754 1847 1812 inserere,
1887 1748 2040 1817 queis
2089 1747 2166 1800 le-

581 1867 786 1909 ctorum
819 1850 982 1904 animi
1027 1859 1077 1901 et
1113 1848 1210 1900 bac
1255 1861 1432 1899 rerum
1471 1853 1746 1912 gestarum
1790 1839 2049 1893 varietate
2081 1854 2163 1890 re-

2254 657 2436 726 gorius
2459 656 2602 710 viros
2628 671 2658 709 a
2684 652 3006 708 Ghrodielde
3031 650 3248 720 ejttsqtlt’
3287 645 3602 715 sequacibus
3633 641 3682 696 iu
3719 659 3844 696 mo-

2259 749 2548 804 nasterium
2593 755 2790 802 sancta:
2827 746 3012 799 Crucis
3053 742 3349 806 humi-sos,
3387 739 3474 807 qui
3515 736 3844 790 abbatissam

2257 856 2354 910 per
2403 842 2506 894 vim
2553 856 2583 894 e
2636 841 2751 894 loco
2802 852 2955 891 sacro
3005 843 3286 902 raperent,
3347 833 3424 885 ait
3477 833 3529 884 in
3569 830 3844 884 Justitiam

2259 932 2594 1001 pmpositam
2624 929 2940 992 incurrisse,
2967 941 3124 994 quam
3153 941 3183 976 a
3205 924 3368 990 capite
3396 923 3616 974 solutam
3637 923 3852 975 ca’saria

2257 1037 2285 1074 a
2319 1021 2525 1075 sicariis
2556 1021 2657 1074 illis
2679 1026 2881 1088 raptam
2907 1016 3068 1070 fuisse
3094 1014 3341 1067 afﬁrmat.
3370 1013 3429 1065 Al
3459 1013 3504 1064 is
3532 1013 3688 1064 etiam
3723 1010 3851 1063 illo-

2259 1126 2377 1166 rum
2419 1121 2716 1179 temporum
2751 1106 3111 1161 monumentis
3149 1102 3449 1158 conﬁrmari
3477 1111 3656 1170 posset
3685 1102 3857 1167 virgi-

2261 1219 2360 1258 nes
2408 1216 2590 1258 sacras
2636 1209 2762 1254 tunc
2807 1198 3032 1268 capillos
3078 1209 3351 1260 servasse;
3399 1204 3450 1247 at
3503 1207 3607 1246 non
3651 1192 3858 1246 desunt

2260 1295 2421 1348 etiam
2453 1307 2571 1362 quae
2608 1291 2930 1346 contrariam
2969 1289 3288 1343 sententiam
3336 1286 3584 1340 suadent.
3632 1284 3745 1352 Qua
3780 1285 3856 1339 de

2263 1399 2322 1440 re
2361 1383 2567 1438 consuli
2601 1391 2770 1451 potest
2797 1380 2946 1448 llugo
2974 1377 3257 1432 Menardus
3288 1376 3339 1429 in
3385 1373 3858 1428 observationibus

2264 1475 2330 1530 ad
2363 1473 2836 1530 sacramentarium
2867 1470 3273 1538 Grcgorianum,
3305 1475 3394 1521 aut
3424 1481 3570 1521 carie
3601 1465 3861 1520 Mabillo—

2265 1566 2385 1618 nius
2414 1565 2469 1618 in
2497 1565 2636 1617 notis
2664 1563 2730 1615 ad
2764 1561 2938 1615 Vitam
2967 1570 3166 1614 sancite
3206 1556 3487 1613 Gertrudis
3532 1555 3860 1610 Nivialensis

2265 1657 2570 1718 abbatissae,
2612 1669 2732 1725 quae
2770 1654 2995 1707 habetur
3044 1652 3098 1704 in
3143 1649 3343 1704 saeculo
3385 1664 3436 1701 xt
3482 1647 3856 1710 Benedictino,

2267 1750 2354 1804 tibi
2407 1748 2581 1817 agitur
2625 1760 2840 1815 quoque
2887 1743 2954 1797 de
2999 1756 3272 1795 sacrarum
3299 1741 3562 1808 virginum
3587 1739 3860 1804 mitrellis,

2240 1835 2457 1910 'quibus
2489 1838 2812 1894 successisse
2843 1836 3090 1888 videntur
3115 1851 3176 1886 ea
3207 1833 3527 1895 linteamina,
3576 1847 3692 1901 qua:
3719 1830 3863 1886 Gre-

575 1950 907 2005 crearentur,
939 1947 994 1992 et
1023 1935 1323 2006 huiusmodi
1370 1933 1767 1987 narrationibus
1817 1933 2164 1985 incitarentur
2199 1919 2448 1998 Bgorius
2484 1928 2747 1982 Jusﬁnam
2815 1926 2867 1979 in
2919 1925 3092 1991 capite
3141 1922 3391 1977 habuisse
3445 1928 3864 1977 commemorat.

580 2035 646 2089 ad
680 2030 930 2088 imitanda
962 2044 1144 2083 eorum
1172 2027 1424 2081 virtutum
1451 2023 1717 2092 exempla.

646 2123 737 2177 36.
771 2121 881 2176 Nec
910 2121 1086 2172 minor
1113 2124 1231 2171 erat
1259 2116 1642 2169 monachorum
1673 2110 1928 2164 adversus
1954 2108 2166 2178 episco-

579 2229 678 2284 pos
708 2211 1005 2267 reverentia
1051 2218 1106 2263 et
1142 2205 1471 2271 obedientia,
1503 2203 1641 2272 quod
1671 2201 1751 2255 vel
1782 2215 1849 2255 ex
1877 2215 1983 2253 uno
2033 2196 2168 2252 Ulli-

579 2305 705 2361 laici
737 2303 981 2358 monachi
1026 2299 1279 2368 exemplo
1325 2294 1629 2351 conﬁrmari
1681 2302 1876 2364 potest,
1922 2291 2036 2360 qui,
2088 2289 2165 2342 uti

581 2403 766 2450 narrat
812 2390 1102 2461 Gregorius
1134 2388 1270 2442 libro
1303 2401 1398 2440 vttt
1430 2384 1704 2446 llistoriaa,
1735 2384 1910 2450 capite
1940 2378 2028 2447 15,
2058 2379 2172 2446 epi-

586 2490 767 2558 scopis
788 2485 1098 2556 jubenlibus
1115 2491 1167 2537 ut
1188 2498 1216 2534 a
1243 2480 1510 2544 columna,
1539 2478 1620 2530 cui
1652 2474 1963 2544 Stylitarum
1992 2486 2172 2526 exeat-

587 2583 676 2652 plo
707 2579 991 2644 insidebat,
1021 2574 1392 2638 descenderet,
1426 2571 1605 2623 Statim
1634 2564 1895 2631 obedivit,
1921 2563 2062 2633 quia,
2094 2562 2174 2614 iu-

564 2669 818 2741 ,quiebat,
845 2666 1134 2721 sacerdotes
1159 2679 1262 2716 non
1284 2660 1525 2715 obaudire
1549 2659 1737 2710 crimen
1775 2665 1847 2708 est
1863 2668 1882 2717 ;
1910 2663 1964 2707 et
1988 2652 2176 2705 maluit.

583 2740 748 2815 vitam
793 2770 1134 2813 communem
1185 2768 1304 2808 cum
1349 2750 1560 2806 caeteris
1622 2743 1899 2801 monachis
1943 2740 2172 2805 ducere,

586 2873 746 2929 quam
787 2854 851 2908 ad
905 2850 1288 2924 perfectionem
1335 2845 1558 2901 tendere
1623 2840 1909 2895 contrarius
1957 2835 2174 2890 existens

583 2949 895 3024 iussionibus
923 2944 1265 3001 sacerdotum.
1301 2939 1382 2994 An
1413 2951 1543 2992 vero
1585 2931 1824 3002 quaedam
1855 2926 2174 2984 monasteria

588 3021 716 3100 tunc
742 3045 927 3095 essent
953 3036 1020 3091 ab
1045 3035 1417 3104 episcoporum
1458 3027 1714 3098 regimine
1742 3021 2018 3088 immania,
2046 3035 2178 3074 nus-

584 3147 743 3201 quam
772 3129 1004 3199 explicat
1029 3125 1338 3194 Gregorius.
1369 3119 1449 3174 Ex
1479 3134 1544 3173 eo
1576 3128 1752 3170 tamen
1796 3112 2071 3174 diScimus,
2110 3109 2178 3162 in

587 3226 652 3282 iis
683 3219 1020 3278 monasteriis
1051 3231 1168 3285 qua:
1197 3215 1296 3270 sub
1325 3211 1466 3281 regis
1512 3208 1738 3263 tuitione
1763 3215 1940 3268 erant,
1969 3201 2178 3270 episco-

2266 2022 2529 2075 Cieterum
2553 2018 2747 2088 Papula
2772 2016 2940 2085 virgo,
2965 2016 3017 2070 in
3043 2015 3177 2069 libro
3189 2015 3253 2068 de
3275 2014 3452 2068 Gloria
3467 2013 3866 2080 confessorum,

2267 2113 2442 2180 capite
2485 2111 2584 2176 16,
2616 2107 2814 2164 saeculo
2853 2108 3159 2164 valedicens
3208 2123 3417 2162 comam
3456 2107 3556 2160 sibi
3602 2108 3862 2174 totondit,

2268 2203 2363 2258 scd
2403 2211 2459 2256 ut
2498 2201 2670 2256 virum
2721 2200 3024 2255 simularet.
3072 2199 3359 2253 Monachos
3403 2200 3602 2268 quippe
3649 2214 3868 2254 comam

2271 2310 2374 2348 non
2415 2293 2701 2348 nutrivisse
2744 2301 2950 2347 certum
2993 2299 3096 2354 est,
3128 2293 3267 2345 inter
3295 2307 3428 2360 quos
3459 2292 3558 2345 sub
3588 2290 3723 2344 virili
3757 2290 3869 2343 ha-

2271 2385 2382 2438 bitu
2411 2383 2611 2450 Papula
2641 2381 2904 2451 reliquum
2935 2397 3043 2434 sure
3070 2381 3195 2434 vita:
3227 2390 3437 2448 tempus
3466 2381 3662 2449 exegit.
3712 2381 3864 2433 San-

2272 2473 2611 2528 ctimoniales
2640 2488 2666 2523 a
2697 2473 2844 2526 laicis
2873 2471 3154 2526 distinctas
3176 2469 3359 2533 fuisse,
3394 2471 3473 2524 vel
3503 2485 3565 2523 ex
3599 2485 3704 2523 uno
3732 2470 3873 2523 Gre-

2273 2563 2410 2632 gorii
2440 2565 2560 2618 loco
2591 2562 2955 2631 intelligimus,
2985 2562 3070 2614 ubi
3096 2561 3432 2630 Radegundis
3459 2576 3517 2615 se
3544 2577 3570 2612 a
3594 2561 3874 2614 laicaliaus

2276 2658 2491 2710 vinculis
2531 2655 2830 2710 absolutam
2879 2655 3157 2722 proﬁtetur
3203 2655 3266 2706 ad
3309 2654 3568 2723 religionis
3615 2669 3870 2709 normam

2277 2750 2584 2805 transiisse.
2614 2745 2714 2802 Ubi
2737 2748 2897 2802 etiam
2923 2754 3069 2815 patet
3093 2744 3355 2815 religionis
3383 2746 3639 2800 vocabulo
3679 2761 3876 2800 mona-

2275 2841 2743 2896 sticum'ordinem
2782 2839 2892 2907 jam
2936 2846 3060 2892 tunc
3091 2837 3425 2905 designatum
3476 2836 3668 2900 fuisse;
3715 2837 3873 2906 quod

2278 2933 2457 2988 multis
2481 2932 2601 2986 aliis
2628 2931 2763 2985 locis
2794 2929 3005 2998 probari
3044 2928 3200 2984 facile
3241 2938 3437 2998 posset.
3475 2928 3609 2983 Hinc
3638 2928 3876 2998 religiosi

2280 3033 2335 3078 et
2383 3023 2636 3094 reﬁgiosaz
2687 3020 2903 3076 nomina
2958 3019 3344 3088 profluxerunt.
3417 3019 3880 3075 Sanctimoniales

2279 3132 2490 3189 quoque
2518 3118 2823 3185 frequenter
2849 3113 3078 3184 appellat
3106 3110 3393 3183 Gregorius
3423 3126 3603 3166 sacras
3624 3113 3872 3181 virgines

2282 3223 2403 3280 quae
2432 3209 2486 3264 in
2511 3206 2853 3262 monasteriis
2889 3205 3364 3261 conversabantur.
3403 3201 3875 3269 Quemadmodum

591 3333 693 3391 Ροδ
725 3315 852 3371 "ili"
884 3309 1163 3383 POleSWiS
1196 3305 1467 3365 habuisse.
1498 3301 1700 3369 absque
1727 3294 1945 3367 speciali
1978 3290 2179 3363 ντίηοί-
2203 3277 2251 3340 c
2285 3317 2413 3357 vero
2451 3301 2506 3356 in
2542 3299 3025 3355 sanctimonialium
3056 3297 3302 3352 coenobia
3334 3297 3603 3365 ingressus
3633 3293 3763 3348 viris
3789 3295 3879 3346 in-

590 3382 674 3481 pia
709 3382 984 3462 mandato.
1016 3399 1223 3456 Etenim
1253 3411 1374 3450 cum
1406 3393 1689 3448 Maroveus
1745 3388 2024 3442 Pictonum
2061 3382 2177 3448 epi-

597 3475 794 3566 scopus
825 3509 1005 3548 curam
1039 3487 1346 3545 monasterii
1373 3493 1570 3538 sancta:
1599 3477 1974 3547 Radegundis,
2003 3475 2056 3528 iu
2080 3487 2176 3526 sua

591 3589 762 3661 ipsius
788 3586 923 3642 urbe
965 3577 1284 3644 constructi,
1316 3575 1594 3642 suscipere
1643 3570 1928 3631 renuisset,
1959 3579 2058 3619 nec
2087 3579 2180 3618 vo-

593 3653 782 3736 luisset
810 3681 1009 3729 sanctre
1036 3670 1224 3726 Crucis
1271 3664 1668 3720 translationem
1715 3659 1910 3722 facere,
1942 3654 2084 3724 quod
2113 3653 2180 3707 ab

595 3785 666 3828 eo
710 3769 882 3823 enixis
915 3763 1166 3835 precibus
1211 3757 1623 3826 elﬁagitabatur,
1670 3748 2011 3819 Radegundis
2053 3745 2182 3800 adiit

596 3874 778 3929 regem
810 3856 1159 3926 Sigibertum,
1204 3848 1294 3918 qui
1329 3847 1466 3900 hanc
1512 3858 1694 3898 curam
1728 3839 1987 3894 Eufronio
2013 3837 2186 3892 Turo-

596 3955 748 4008 nensi
795 3949 1049 4020 episcopo
1098 3938 1461 3997 demandavit.
1517 3936 1759 4005 Cumque
1796 3929 2182 3987 monasterium

597 4043 700 4100 sub
738 4042 869 4112 regis
909 4036 1123 4092 tuitione
1171 4033 1357 4088 luisset
1396 4029 1660 4100 positum.
1715 4023 1926 4078 nonnisi
1969 4021 2184 4075 obtenta

601 4134 820 4207 speciali
845 4147 875 4185 a
897 4127 1243 4184 Childeberto
1265 4122 1622 4195 prwceptione,
1654 4119 1807 4183 illud,
1831 4118 1966 4200 sicut
1993 4122 2187 4169 czetera

598 4240 712 4280 sum
736 4224 1031 4278 dioeceseos
1057 4214 1400 4277 monasteria,
1430 4211 1685 4280 episcOpo
1706 4207 1998 4262 Pictavensi
2033 4219 2187 4275 regu-

598 4317 777 4369 lariter
819 4312 1099 4383 gubernare
1142 4307 1306 4372 licuit,
1358 4312 1414 4356 ut
1470 4303 1631 4355 habet
1659 4298 1952 4368 Gregorius
1999 4295 2093 4349 lib.
2136 4307 2189 4347 ιι

603 4406 873 4472 llistorite,
905 4404 1079 4471 capite
1109 4399 1198 4452 40.
1233 4397 1298 4451 Et
1321 4395 1540 4465 quidem
1571 4393 1819 4447 defuncta
1847 4386 2190 4455 Radeguude,

602 4513 724 4550 cum
749 4495 817 4548 ab
848 4493 980 4546 urbe
1002 4489 1284 4544 Maroveus
1313 4487 1599 4554 episcopus
1625 4485 1854 4545 abesset,
1880 4479 2190 4545 Gregorius,

606 4588 694 4656 qui
724 4595 962 4655 prasens
997 4582 1216 4646 aderat,
1257 4575 1344 4630 vix
1374 4575 1564 4629 adduci
1597 4577 1785 4643 potuit,
1831 4578 1888 4625 ut
1914 4568 2194 4638 exsequias

2281 3396 2536 3451 terdictus
2561 3402 2706 3459 erat,
2733 3394 2810 3447 sic
2835 3401 2888 3448 et
2917 3407 2946 3445 a
2978 3391 3211 3446 virorum
3243 3388 3579 3444 monasteriis
3609 3386 3879 3440 arceban-

2283 3500 2368 3543 tur
2405 3487 2678 3551 mulieres,
2707 3485 2899 3556 quibus
2917 3499 2983 3537 ne
3011 3483 3223 3551 quidem
3266 3481 3317 3534 in
3348 3477 3626 3535 ecclesiam
3655 3476 3875 3546 patebat

2283 3579 2455 3634 aditus
2475 3579 2525 3631 in
2551 3576 2816 3647 plerisque
2838 3575 3206 3638 monasteriis;
3230 3572 3371 3643 quod
3394 3570 3460 3627 de
3479 3569 3882 3625 Gondatescen-

2285 3671 2329 3724 si
2359 3685 2422 3724 ex
2454 3669 2562 3722 vita
2592 3667 2764 3722 sancti
2793 3665 3040 3730 Romani,
3074 3663 3124 3718 id
3159 3674 3242 3719 est
3270 3663 3485 3733 capitct
3515 3660 3582 3716 de
3611 3660 3745 3714 Vitis
3771 3661 3882 3715 Pa-

2288 3771 2452 3826 trum,
2483 3759 2821 3814 manifestum
2847 3768 2948 3812 est.
2978 3757 3047 3810 At
3076 3755 3202 3810 licet
3228 3754 3525 3820 monachis,
3553 3751 3644 3823 qui
3677 3751 3883 3806 reclusi

2289 3867 2395 3907 non
2437 3860 2611 3916 erant,
2641 3859 2792 3904 extra
2841 3848 3163 3902 monasteria
3208 3846 3394 3900 liceret
3439 3842 3608 3907 exire,
3652 3842 3705 3898 id
3739 3842 3886 3898 adeo

2289 3944 2533 3998 distriCIe
2579 3942 2901 3996 monialibus
2943 3949 3142 3992 saneta!
3188 3935 3374 3990 Crucis
3422 3933 3753 3989 Pictavensis
3809 3949 3882 3987 ex

2292 4034 2605 4103 praescripto
2633 4031 2848 4100 Regulic
2880 4030 3049 4084 sancti
3073 4027 3288 4082 Giesarli
3316 4033 3434 4080 erat
3455 4025 3701 4088 vetitum,
3728 4033 3785 4078 ut
3808 4039 3887 4080 ne

2292 4125 2503 4195 quidem
2550 4123 2616 4178 ad
2678 4121 3041 4192 sepeliendum
3088 4120 3255 4173 beatae
3302 4113 3645 4185 Radegundis
3684 4128 3890 4183 corpus

2292 4215 2658 4270 cmmeterium
2688 4215 2836 4268 adire
2865 4211 2945 4266 eis
2985 4210 3187 4264 licitum
3231 4207 3408 4263 fuerit.
3442 4205 3496 4259 ld
3525 4220 3592 4259 ex
3618 4203 3892 4272 Gregbrio

2295 4306 2555 4361 discimus
2585 4305 2637 4359 in
2667 4304 2804 4358 libro
2832 4303 2899 4357 de
2928 4301 3107 4356 Gloria
3131 4298 3532 4359 Conlessorum,
3563 4295 3737 4362 capite
3755 4293 3891 4360 106,

2297 4394 2386 4447 ubi
2419 4393 2701 4461 exsequias
2730 4391 2898 4444 beatae
2928 4387 3144 4456 Regina:
3173 4385 3509 4449 describens,
3535 4382 3762 4438 clericos
3793 4398 3893 4435 re-

2298 4490 2585 4552 praesentat
2609 4481 2764 4533 lunus
2787 4477 3067 4547 psallendo
3086 4475 3433 4541 deducentes,
3456 4474 3599 4544 quod
3623 4474 3894 4529 moniales

2298 4589 2330 4627 e
2368 4570 2616 4626 fenestris
2663 4575 2720 4622 et
2762 4565 2898 4622 muri
2945 4564 3398 4636 propugnaculis,
3447 4562 3789 4619 lamentando
3833 4573 3895 4618 et

613 4653 740 4747 t-jus—
774 4681 1008 4735 curaret,
1033 4670 1177 4742 quod
1214 4668 1522 4723 monasterii
1567 4666 1928 4720 immeterium
1958 4661 2193 4716 nondum
2224 4653 2278 4712 D
2302 4666 2502 4731 ﬂendo,
2551 4663 2761 4720 nonnisi
2811 4660 2983 4716 oculis
3033 4669 3088 4714 et
3117 4659 3353 4720 ﬂetibus,
3405 4655 3888 4727 prosequebamur,

607 4769 913 4825 sacerdotali
933 4765 1278 4820 benedictione
1296 4770 1550 4816 sacratum
1585 4760 1790 4821 fuisset,
1821 4757 2020 4826 vixque
2046 4752 2194 4808 θιατί-

604 4862 894 4932 gitantibus
922 4858 1169 4912 omnibus
1197 4855 1288 4924 qui
1317 4854 1570 4913 aderant,
1605 4848 1925 4918 praesumpsit
1967 4861 2030 4898 ea:
2056 4843 2194 4897 cari-

604 4961 706 5006 tate
736 4951 913 5021 fratris
939 4947 1020 5000 sui
1060 4943 1243 4998 altaris
1286 4940 1747 4996 consecrationem
1770 4980 1784 5003 ,
1816 4937 1885 4989 ita
1932 4945 2106 4988 tamen
2137 4941 2196 4987 ut

605 5056 804 5111 corpus
836 5043 888 5094 in
920 5035 1231 5094 cmmeterio
1270 5034 1435 5089 humo
1463 5046 1570 5086 non
1614 5031 1826 5094 texerit,
1874 5027 1925 5083 id
1954 5027 2196 5097 episcopo

607 5133 709 5186 loci
741 5144 1041 5186 reservans.

680 5223 772 5276 57.
791 5222 1024 5276 Abbates
1045 5230 1098 5276 et
1119 5218 1400 5274 abbatissae
1418 5212 1790 5270 communibus
1815 5199 2197 5267 monachorum

609 5317 728 5370 sive
755 5313 1062 5367 monialium
1096 5311 1236 5366 votis
1283 5309 1638 5378 eligebantur,
1684 5305 1780 5360 sed
1826 5306 1896 5360 ab
1933 5305 2197 5374 episcopis

611 5405 1043 5464 benedictionem
1067 5403 1332 5459 debebant
1359 5402 1628 5469 accipere.
1653 5399 1840 5454 Vestes
1866 5407 2040 5452 autem
2072 5410 2198 5451 san-

614 5496 1002 5558 etimonialium
1028 5495 1159 5550 alias
1179 5508 1210 5547 a
1223 5493 1558 5548 saecularium
1577 5491 1906 5546 vestimentis
1930 5491 2095 5545 fuisse
2116 5490 2198 5544 vel

619 5608 685 5646 ex
717 5603 784 5647 eo
811 5587 1199 5652 couviucimur,
1230 5584 1372 5654 quod
1407 5582 1694 5652 Gregorius
1735 5582 1950 5651 passim.
1993 5595 2198 5644 earum.

621 5688 760 5743 sicut
804 5691 862 5740 et
907 5681 1290 5738 monachorum
1315 5720 1332 5746 ,
1381 5679 1785 5734 conversionem
1832 5676 2198 5740 memorando.

621 5791 878 5846 utrosque
901 5783 1033 5830 veste
1059 5779 1255 5826 mutata
1282 5770 1350 5826 ad
1374 5767 1694 5824 monasteria
1721 5766 2034 5822 convolasse
2062 5767 2200 5821 scri-

619 5871 729 5926 bat.
761 5871 843 5926 Au
883 5883 1009 5925 vero
1052 5867 1287 5937 virgines
1321 5877 1508 5920 omnes
1556 5875 1726 5918 sacrae
1770 5870 1938 5917 tonsa:
1980 5859 2200 5916 omnino

2305 4761 2486 4816 Plures
2539 4773 2666 4814 vero
2706 4758 2758 4811 in
2809 4753 3150 4810 monasteriis
3181 4752 3416 4807 \irorum
3449 4752 3676 4820 [tegulas
3724 4749 3894 4805 simul

2305 4850 2541 4921 viguisse
2568 4866 2635 4904 ex
2672 4848 2846 4917 capite
2873 4845 2942 4899 29
3004 4845 3122 4900 libri
3156 4860 3190 4922 ε
3232 4844 3548 4912 colligimus,
3581 4840 3672 4896 ubi
3702 4841 3754 4895 in
3779 4855 3896 4896 cae-

2305 4942 2464 4997 nobio
2494 4939 2751 4996 Atanensi
2794 4952 2903 4993 non
2946 4936 3106 4990 modo
3134 4934 3396 4998 Cassiani,
3428 4932 3521 4986 sed
3557 4940 3613 4987 et
3631 4931 3816 4985 Basilii
3843 4940 3895 4983 et

2303 5035 2618 5102 rcliquorum
2649 5031 2911 5096 abbatum,
2952 5028 3037 5098 qui
3090 5025 3498 5079 manasterialem
3540 5025 3698 5076 vitam
3735 5024 3896 5076 insti—

2301 5133 2526 5188 tuerunt,
2558 5122 2759 5194 regulas
2801 5120 3087 5176 invaluisse
3116 5118 3304 5172 scribit
3329 5115 3636 5185 Gregorius.

2368 5216 2459 5273 58.
2499 5217 2664 5271 Porro
2686 5215 2807 5271 licet
2823 5228 2980 5268 nemo
3009 5227 3112 5264 non
3145 5210 3370 5265 fateatur
3393 5207 3720 5280 praecipuam
3743 5221 3894 5262 sem-

2303 5324 2396 5377 per
2413 5307 2734 5363 clericorum
2763 5315 2818 5360 et
2847 5305 3236 5359 monachorum
3271 5300 3675 5372 occupationem
3701 5299 3893 5365 fuisse,

2302 5399 2558 5455 orationis
2599 5413 2664 5453 ac
2709 5411 2983 5451 sacrarum
3016 5395 3413 5464 Scripturarum
3473 5390 3734 5454 studium,
3785 5403 3895 5441 non

2305 5490 2529 5546 defuere
2565 5499 2741 5544 tamen
2779 5489 2867 5557 qui
2909 5485 3350 5541 consuetudinem
3382 5483 3518 5537 hanc
3555 5480 3708 5535 statis
3747 5477 3893 5532 boris

2307 5581 2564 5643 ofﬁcium,
2615 5586 2675 5633 ut
2707 5588 2917 5642 vocant,
2955 5576 3196 5632 divinum
3251 5575 3462 5643 publice
3506 5579 3600 5626 aut
3645 5570 3896 5639 privatim

2308 5670 2589 5732 recitandi,
2614 5684 2719 5724 non
2748 5669 2884 5725 adeo
2905 5669 3178 5738 antiquam
3216 5658 3381 5720 fuisse
3413 5662 3763 5719 crediderint.
3795 5660 3896 5714 Ve-

2308 5783 2425 5823 rum
2468 5765 2586 5834 ejus
2613 5765 2874 5835 originem
2915 5762 2980 5816 ad
3011 5763 3123 5832 ipsa
3168 5759 3426 5814 Ecclesiae
3461 5756 3751 5812 Gallicana:
3793 5757 3896 5822 pri-

2308 5857 2514 5914 mordia
2572 5853 2787 5911 t'trvocat
2831 5862 3015 5910 noster
3044 5850 3335 5922 Gregorius
3382 5849 3565 5905 libr0t
3613 5845 3898 5913 Historiis,
