1986 3170
84 227 118 254 31

804 220 989 247 PlM-IFATIO

1689 219 1725 246 38

80 281 171 317 εψὶιε
182 269 342 312 Ξθξυὺὶἀε
365 282 457 304 sancto
475 275 591 311 quodam
615 275 683 307 viro,
709 274 752 309 qui
778 274 876 302 Bllttri-
893 281 914 307 Α
929 275 1057 309 scriptum
1074 273 1135 307 fuit,
1150 275 1177 302 in
1191 274 1303 302 dubium
1323 275 1416 303 Pctrtts
1432 274 1550 303 Pitlnnu‘
1563 278 1722 304 revocavit:

82 334 145 361 gum
158 325 308 353 Ecclesium
330 322 476 350 instituisse
494 322 573 356 paulo
594 326 653 356 p0st
669 321 739 348 Decii
757 325 879 355 tetnpora

82 373 192 404 dicitur,
204 369 243 396 ait
258 377 267 395 :
278 367 373 395 Clerici
385 368 419 394 ab
430 374 464 394 eo
476 367 589 393 orrlinati
605 366 681 392 ritum
689 366 816 399 psallendi
827 373 880 391 sus-

79 418 191 451 eipiunt,
218 420 241 442 ct
258 414 368 449 qualiter
388 413 519 441 ecclesiam
535 417 693 445 construant,
708 411 746 438 vel
766 412 881 446 omnipo-

82 462 145 488 tenti
156 460 212 487 Deo
225 460 352 487 solemnia
372 458 500 486 celebrare
517 458 624 484 debeant
638 457 796 484 imbuuntur.
815 456 881 483 Data

81 506 213 535 Ecclesia:
229 513 296 540 pace
314 505 409 533 Officia
421 505 510 532 divina
522 504 627 537 publice
638 503 664 530 in
677 502 799 531 ccclesiis
810 503 883 529 cele—

80 555 157 580 brata
174 552 260 579 fuisse
272 552 334 587 quis
347 550 501 578 inlicietur?
517 551 589 577 ldetn
606 549 704 576 factutn
719 553 762 576 est
782 549 808 575 in
824 556 882 576 mo-

79 598 221 630 nasteriis,
236 605 290 624 non
310 597 399 624 solum
424 596 582 630 majoribus,
596 595 643 622 sed
664 599 692 622 et
706 594 733 621 in
749 594 802 621 illis
815 601 882 628 quo-

81 652 142 678 quc,
160 644 187 672 in
200 644 300 679 quibus
323 643 400 678 pauci
416 650 529 670 nuntcro
544 641 668 669 monachi
683 641 883 668 conversaban-

83 697 135 722 tur,
151 694 180 716 ut
193 697 228 717 ex
240 688 325 715 variis
336 687 456 723 Gregorii
470 688 537 714 locis
550 691 653 713 certum
664 691 716 717 cst,
733 685 778 713 ubi
792 686 883 720 quoti-

82 735 195 761 dianum
219 733 291 761 istud
315 740 428 768 pcttsum
457 733 633 768 psallentium,
656 731 799 765 aliquando
819 739 884 758 vcio

80 779 202 812 ofﬁciunt
228 778 387 805 dominicum
401 777 530 812 appellat.
540 776 647 811 \‘igilias
660 781 814 808 nocturttas,
829 780 883 803 tum

82 832 97 852 a
111 831 154 858 se,
166 829 225 851 tum
236 824 271 850 ab
282 823 340 851 aliis
352 818 503 850 celebratas
516 822 670 856 freqtteuter
680 827 883 855 commemorat,

83 876 97 895 a
114 869 217 903 quibus
230 868 312 895 etiatn
332 867 489 894 Matutinunt
500 875 547 894 seu
561 866 671 900 Laudes,
691 872 718 893 ut
729 865 785 900 jam
799 867 885 900 loqui-

83 922 157 947 mur,
170 913 263 947 aliquo
277 917 405 947 temporis
420 912 560 939 intervallo
576 911 716 939 distinctas
733 910 825 943 fuisse,
842 911 883 938 vel

83 967 117 988 ex
134 967 189 986 uno
201 959 264 986 libri
280 966 287 985 l
304 958 338 985 de
353 958 486 985 Miraculis
504 957 589 985 sancti
604 957 721 988 )Iartiui,
737 957 825 993 capite
837 957 882 989 53,

84 1006 146 1033 loco
168 1005 355 1039 intelligimus.
371 1004 409 1032 Ibi
430 1004 502 1031 cnitn
525 1009 585 1038 post
603 1003 713 1039 vigilias
729 1004 755 1031 in
770 1004 883 1031 ecclesia

85 1057 249 1083 transactas,
262 1051 337 1086 signa
351 1051 384 1077 ad
404 1050 542 1077 matutinas
554 1054 680 1076 commoto
690 1056 720 1076 se
735 1049 883 1076 recessisse

84 1097 242 1131 profitetur.
256 1093 356 1123 ibidem
364 1094 557 1121 matutinorum
565 1092 681 1120 cilicium
690 1102 775 1127 mane,
791 1100 818 1122 et
834 1094 884 1121 ltoc

85 1144 145 1170 loco
155 1148 184 1170 et
199 1142 290 1176 capite
301 1149 320 1169 tt
331 1141 389 1168 libri
403 1140 522 1174 secundi,
536 1140 664 1168 celebrari
676 1141 784 1168 solitum
800 1140 885 1168 fuisse

85 1188 218 1219 insinuat,
237 1187 263 1214 id
284 1191 324 1214 est
346 1186 488 1213 albescente
509 1185 582 1217 celo,
607 1191 635 1212 ut
648 1186 763 1220 loquitur
784 1186 809 1213 in
826 1185 885 1213 Vita

85 1233 174 1260 sancti
203 1232 274 1260 Galli
299 1231 368 1258 inter
386 1230 458 1257 Vitas
481 1230 600 1263 Patrum,
624 1230 713 1263 capite
736 1232 764 1263 ti,
783 1238 815 1257 ex
835 1237 885 1265 qua

87 1278 154 1306 item
180 1277 243 1304 Vita
272 1275 413 1311 discimus,
443 1276 553 1303 eosdem
578 1276 661 1303 ferme
677 1275 804 1310 psalutos,
820 1283 888 1310 quos

87 1325 168 1352 hodie
183 1324 219 1351 ad
235 1322 340 1350 Laudes
353 1321 486 1354 canimus,
499 1321 555 1357 jam
572 1327 635 1349 tunc
649 1322 778 1356 temporis
792 1322 886 1349 eadem

86 1373 155 1399 liora
166 1371 258 1398 dictos
273 1369 366 1397 fuisse.
381 1368 447 1396 Cum
462 1368 532 1396 cnittt
546 1369 587 1395 vir
606 1373 715 1395 sancttts
730 1368 808 1395 morti
824 1375 886 1403 pro-

90 1418 183 1446 ximus
197 1418 262 1452 quid
286 1417 312 1443 in
326 1415 440 1443 ccclcsta
455 1415 595 1443 caneretur
617 1414 818 1449 interrogasset,
843 1421 888 1442 re-

86 1472 222 1500 sponsum
242 1468 286 1491 cst
299 1465 336 1496 ei,
357 1462 469 1490 clericos
485 1461 671 1488 ὑεηςάιίηονιεε
686 1461 818 1496 psallere;
833 1466 888 1488 tum

87 1511 145 1542 ille.
156 1510 263 1544 psalmo
277 1508 498 1542 quinquagesimo,
515 1512 538 1534 et
559 1507 730 1534 benedictione
743 1507 888 1539 decantata,

87 1562 112 1583 et
124 1555 290 1582 atlcluiatico
303 1560 362 1579 cum
373 1551 492 1586 capitello
509 1552 621 1585 expleto,
636 1550 819 1578 consummavit
839 1559 890 1578 rne-

87 1601 201 1628 tutinos.
226 1599 361 1626 Caeterum
389 1597 492 1632 vigilias
516 1601 662 1624 nocturnas
689 1596 850 1631 quandoque
873 1604 888 1624 a

87 1646 221 1681 Gregorio
234 1644 315 1672 etiam
326 1644 466 1671 matutinas
491 1644 635 1678 appellatas
660 1643 743 1671 fuisse
775 1643 889 1671 inliciari

94 1692 195 1720 nolim.
223 1690 291 1718 Nam
310 1690 397 1725 capite
416 1690 452 1717 25
476 1689 534 1717 lit-ri
559 1697 587 1716 lll
609 1689 644 1717 de
661 1689 793 1717 Miraculis
807 1691 892 1717 sancti

88 1736 214 1769 )lartini,
230 1737 334 1771 signum
353 1736 424 1763 horis
448 1736 580 1762 matutinis
600 1741 711 1768 motum,
725 1741 751 1763 et
764 1735 865 1770 uigilias
876 1743 892 1763 a

89 1783 192 1817 populo
209 1781 360 1818 celebratas
377 1780 460 1808 fuisse
476 1780 605 1815 perbibet.
622 1780 733 1807 Tertiam
744 1786 771 1808 et
785 1781 892 1808 Sextum

87 1829 117 1856 in
133 1827 252 1855 ecclesia
268 1826 418 1854 'l'uroncnsi
435 1826 468 1852 ab
485 1825 615 1860 InjuriOSo
636 1826 763 1860 episcOpo
785 1827 891 1854 institu-

89 1878 131 1901 tas
145 1873 231 1901 fuisse
243 1871 308 1899 dicit
323 1871 390 1898 libro
404 1878 431 1903 ι,
445 1872 533 1905 capite
553 1871 648 1898 ultimo
670 1870 812 1902 Historia;
838 1879 893 1898 cur-

89 1920 231 1946 ssmtborw
243 1917 338 1945 Tertia:
355 1916 487 1951 appellat,
501 1916 589 1951 capite
606 1915 641 1943 96
659 1916 720 1943 libri
743 1917 778 1944 de
800 1915 891 1944 Gloria

90 1964 299 1992 Confessorum.
315 1962 491 1997 Vesperarum
518 1969 593 1992 vero.
616 1969 682 1996 quas
697 1961 820 1990 nonnulli
833 1963 893 1997 ejus

91 2009 142 2037 avi
156 2014 285 2036 auctores
296 2007 481 2034 Lucernartum
496 2007 695 2041 nuncupabant,
719 2007 842 2034 meminit
864 2006 892 2034 in

92 2054 162 2082 libro
180 2054 218 2081 de
230 2053 365 2080 Miraculis
378 2053 463 2079 sancti
477 2052 586 2085 luliani,
601 2059 661 2086 cap.
683 2051 728 2084 ΞΟ,
745 2052 790 2079 ubi
811 2052 894 2080 histo-

93 2101 161 2127 riam
182 2104 381 2127 commemorat
404 2098 471 2125 iuris
484 2097 633 2132 cujusdam,
649 2098 694 2132 qui
709 2102 769 2132 post
782 2098 893 2133 gratiam

93 2147 268 2179 uespertinum
280 2143 439 2172 discedente
458 2144 556 2178 populo
578 2144 604 2170 in
629 2143 738 2170 basilica
753 2144 891 2176 remansit,

94 2196 123 2218 ut
137 2190 268 2217 latitaret.
289 2188 351 2216 Nam
379 2189 515 2216 adveniens
534 2188 590 2223 jam
618 2189 743 2215 mundum
766 2189 894 2223 operiebat

95 2236 217 2268 tenebris,
242 2241 304 2262 cum
321 2234 412 2262 clerici
425 2234 509 2261 sancti
524 2233 596 2261 Petri
610 2233 758 2268 Burdigalae
772 2241 894 2261 accesse-

94 2286 155 2308 runt
169 2281 198 2308 in
214 2279 371 2311 ecclesiam,
393 2284 472 2314 atque
497 2279 574 2306 dictis
598 2279 756 2313 psalmorum
775 2278 894 2314 capitulis

931 320 1041 347 omnino
1055 323 1144 347 autem
1159 324 1239 355 negat
1262 321 1432 348 Mabillonius
1453 327 1545 348 noster
1558 322 1583 348 in
1598 321 1725 349 Tractatu

931 365 965 393 de
979 373 1059 392 cursu
1078 365 1227 397 Gallicano,
1253 366 1288 392 ob
1314 365 1339 392 iii
1365 366 1543 400 potissimum,
1570 367 1641 402 quod
1670 368 1727 403 ipse

931 411 1167 446 Gregoriusaliam
1184 411 1335 439 versionem
1352 419 1391 440 co.
1404 417 1506 439 st.nter
1527 413 1685 445 laudaverit,
1700 418 1728 440 et

932 457 1041 491 quidem
1064 457 1091 483 in
1113 457 1238 484 Historia:
1254 456 1340 490 libris,
1357 465 1424 492 quos
1438 459 1545 485 ultimos
1559 459 1728 493 conscripsit,

931 508 960 530 et
975 503 1019 529 ubi
1045 503 1144 536 passim
1167 502 1319 536 complures
1333 502 1496 537 psalmorum
1513 503 1588 530 locos
1603 503 1727 536 adduxit,

935 547 980 582 qui
995 548 1021 574 in
1036 547 1126 574 ofticio
1139 546 1323 574 ecclesiastico
1338 547 1502 581 legebantur.
1527 548 1641 583 ldipsum
1662 556 1729 576 con-

934 594 1022 620 firmat
1037 593 1157 628 ejusdem
1179 592 1298 627 Gregorii
1315 593 1436 627 praelatio
1452 593 1478 621 in
1502 594 1628 629 psalmos,
1651 595 1727 628 cujus

933 639 1108 673 fragmentum
1125 639 1187 665 huic
1200 638 1311 666 editioni
1324 640 1447 671 accessit,
1462 640 1487 665 in
1503 647 1553 673 qua
1570 640 1639 666 tituli
1654 641 1727 673 psil-

935 692 1048 716 tnorutn,
1064 691 1130 717 quos
1146 683 1322 718 expunet-dos
1333 683 1444 719 suscipit
1460 684 1615 719 Gregorius,
1630 693 1724 712 omnes

933 734 996 756 suttt
1008 729 1082 762 juxta
1097 729 1269 763 Septuaginta
1285 729 1462 765 interpretum
1479 729 1633 757 editionem.
1645 730 1732 757 (la-te-

935 781 993 800 lulll
1009 773 1126 801 ofﬁcium
1141 774 1260 801 divinum
1277 778 1339 802 tunc
1353 775 1495 803 vernacula
1511 775 1599 810 lingua
1611 776 1731 803 celet-ra-

935 824 989 846 tum
1011 827 1062 846 non
1080 819 1162 847 fuisse
1180 828 1211 847 ex
1231 820 1298 847 Vitis
1321 820 1439 853 Patrum,
1462 821 1549 855 capite
1566 821 1609 855 12,
1622 823 1727 857 colligi-

936 871 1006 896 mus,
1022 864 1066 891 ubi
1082 866 1115 891 de
1143 858 1303 897 Bracltione.
1324 866 1368 900 qui
1388 874 1448 894 sese
1472 867 1504 893 ad
1531 867 1733 896 conversionem

937 909 1085 937 Biniltano
1106 910 1267 944 subiecerat,
1282 911 1379 938 dicitur
1389 911 1516 939 neSciisse
1539 914 1606 946 quod
1620 919 1732 945 caneret,

899 959 923 989 Β
935 957 994 990 quia
1011 956 1111 982 litteras
1126 956 1270 991 ignorabat,
1287 956 1312 983 id
1329 962 1369 983 est
1384 956 1499 991 linguam
1517 957 1648 984 Latinam.

968 1002 1013 1029 ιο.
1032 1002 1165 1035 Quantum
1182 1010 1245 1029 vero
1259 1003 1366 1029 solliciti
1389 1008 1480 1029 essent
1504 1003 1538 1029 ad
1560 1004 1617 1030 [nec
1641 1003 1730 1030 officia

934 1048 1011 1075 statis
1023 1048 1095 1075 horis
1108 1047 1190 1075 etiam
1206 1047 1328 1081 privatim
1344 1048 1532 1081 persolvendo,
1553 1051 1660 1082 quando
1671 1057 1732 1074 cum

938 1092 1045 1121 czetcris
1056 1093 1151 1120 adesse
1165 1101 1219 1120 non
1236 1093 1344 1126 licebat,
1366 1093 1539 1120 ecclesiastici
1555 1094 1673 1121 omnium
1687 1102 1732 1120 or-

937 1139 1030 1167 dittutn
1044 1138 1104 1171 viri,
1116 1146 1148 1165 ex
1162 1138 1242 1166 variis
1251 1137 1373 1174 Gregorii
1390 1139 1455 1166 locis
1466 1145 1493 1166 et
1502 1139 1633 1173 exemplis
1640 1143 1733 1166 osten-

936 1186 1040 1212 demus.
1057 1184 1115 1218 Ipse
1129 1184 1200 1211 enim
1223 1183 1367 1218 Gregorius
1396 1184 1503 1211 Parisiis
1530 1193 1624 1219 agetis,
1650 1193 1733 1219 pmpe

937 1230 1021 1257 sancti
1040 1230 1138 1258 luliani
1153 1231 1294 1257 ecclesiam
1308 1230 1470 1261 morabatur.
1485 1238 1564 1264 quam
1577 1235 1656 1257 nocte
1671 1240 1728 1257 nn:-

937 1276 982 1303 dia
999 1276 1192 1311 frequentabat,
1211 1281 1237 1302 ut
1262 1284 1337 1303 suum
1352 1277 1463 1311 et'pleret
1487 1285 1601 1303 cursum.
1632 1277 1677 1305 Sic
1704 1283 1732 1304 et

940 1321 1086 1356 Gregorius
1112 1320 1322 1356 Lingonensiutn
1351 1322 1462 1349 antistes
1490 1321 1600 1349 Dit‘ione
1624 1322 1734 1350 domum

940 1367 1055 1395 habebat
1070 1366 1226 1402 baptisterio
1249 1366 1441 1399 adh-.ercntem,
1461 1367 1487 1394 in
1510 1375 1563 1402 quo
1587 1368 1732 1395 multorum

940 1414 1108 1442 habebantur
1119 1417 1272 1441 sanctorum
1287 1413 1418 1448 reliquiae.
1433 1420 1513 1447 quem
1525 1412 1613 1440 locum
1627 1421 1733 1442 sat-runt

939 1457 1052 1493 singulis
1076 1458 1198 1485 noetibus
1218 1458 1318 1490 adibat,
1345 1458 1459 1492 indeque
1473 1459 1578 1493 impleto
1599 1467 1676 1486 cursu
1699 1459 1733 1486 ad

939 1503 1037 1532 lectutn
1048 1505 1240 1532 revertebatur.
1255 1504 1383 1532 Memoria
1399 1512 1508 1539 prorsus
1522 1511 1548 1532 et
1562 1505 1641 1532 laude
1654 1506 1734 1541 digna

940 1556 981 1578 est
995 1551 1141 1579 beatissimi
1154 1551 1281 1579 Germani
1295 1551 1458 1578 Parisiorum
1473 1552 1601 1579 antistitis
1619 1553 1646 1579 in
1661 1552 1734 1587 ejus-

941 1596 1013 1624 modi
1033 1597 1130 1624 ol'liciis
1157 1597 1342 1630 persolvendis
1369 1596 1532 1629 sollicitudo,
1548 1598 1592 1631 qui
1620 1597 1647 1624 in
1670 1597 1735 1632 ipsis

904 1643 928 1675 C
943 1642 1085 1669 itincribus
1109 1642 1245 1677 equitans,
1275 1642 1299 1669 si
1324 1642 1403 1669 aliter
1427 1650 1479 1669 non
1505 1647 1604 1676 posset,
1632 1650 1736 1670 cursum

943 1688 1013 1716 nudo
1027 1687 1120 1721 capite,
1140 1692 1168 1715 ut
1188 1688 1269 1715 habet
1290 1686 1452 1715 Fortunatus
1466 1688 1492 1715 itt
1506 1688 1564 1722 ejus
1579 1688 1648 1721 Vita,
1664 1691 1735 1716 rcci-

943 1734 1016 1762 tabat
1028 1734 1127 1761 etiamsi
1147 1735 1192 1761 nis;
1206 1739 1250 1760 aut
1271 1733 1351 1760 imber
1371 1738 1482 1769 urgeret.
1498 1734 1592 1762 Gallus
1606 1742 1670 1762 vero
1684 1737 1735 1763 Ar-

943 1788 1084 1809 vernorum
1096 1780 1239 1816 episcopus
1253 1780 1333 1807 morti
1348 1781 1488 1815 proximus
1504 1780 1683 1816 interrogans,
1707 1787 1735 1808 ut

942 1834 1006 1854 mox
1023 1827 1189 1859 dicebamus,
1205 1825 1346 1861 quodnam.
1353 1825 1472 1853 officium
1487 1826 1514 1853 in
1529 1827 1640 1854 ecclesia
1655 1835 1736 1854 canc-

942 1877 1030 1905 retur,
1044 1879 1105 1899 cum
1130 1878 1287 1906 responsum
1302 1876 1374 1898 eSset
1394 1870 1579 1898 benedictiones
1600 1878 1615 1898 a
1631 1872 1739 1900 clericis

942 1919 1057 1951 absolvi,
1084 1918 1155 1946 idem
1180 1918 1237 1953 ipse
1260 1919 1383 1946 recitavit
1409 1918 1542 1952 officium;
1561 1924 1588 1947 et
1612 1927 1737 1947 consum-

943 1970 1016 1993 mato
1028 1965 1177 1998 matutinali
1190 1972 1270 1993 cursu
1290 1965 1431 1993 defunctus
1449 1970 1501 1993 est.
1521 1965 1579 1993 Non
1593 1966 1664 1993 enim
1681 1967 1737 1994 exi-

943 2010 1088 2039 SIimabant
1100 2011 1185 2038 sancti
1202 2011 1240 2038 illi
1257 2010 1305 2038 \‘iri
1331 2011 1431 2038 licitam
1445 2012 1485 2038 eis
1503 2019 1562 2039 esse
1575 2011 1656 2039 divini
1675 2013 1738 2039 olli-

943 2056 977 2084 cii
988 2057 1174 2084 omissionem.
1195 2056 1275 2084 Certe
1286 2064 1348 2084 cum
1371 2057 1523 2090 Portianns,
1548 2057 1625 2091 cujus
1650 2058 1737 2086 Vitam

945 2102 1025 2130 habet
1037 2102 1183 2137 Gregorius
1198 2103 1268 2130 inter
1284 2103 1357 2130 Vitas
1384 2104 1501 2135 Patrum,
1531 2105 1620 2138 capite
1647 2105 1674 2138 5,
1701 2106 1738 2133 ab

944 2148 1072 2182 eptimate
1084 2147 1199 2182 quodam
1214 2147 1240 2175 itt
1254 2148 1314 2175 aula
1327 2148 1486 2176 Theoderici
1497 2149 1567 2184 regis
1581 2155 1734 2186 urgeretur,

945 2199 974 2221 ut
988 2193 1132 2228 pauxillum
1147 2194 1202 2221 vini
1220 2193 1384 2229 degustaret,
1408 2194 1434 2221 id
1451 2195 1539 2222 renuit
1551 2196 1737 2224 sanctissimus

945 2239 1037 2273 abbas,
1052 2246 1085 2267 eo
1099 2239 1278 2274 potissimum,
1290 2240 1359 2274 quod
1372 2240 1484 2267 necdum
1500 2240 1611 2268 Domino
1626 2242 1737 2269 debitam

946 2285 1102 2320 psalmorum
1114 2285 1313 2313 derantationem
1324 2286 1492 2313 exsolvisset.
1509 2286 1583 2314 Alias
1599 2294 1663 2315 vero
1679 2289 1737 2315 tau-

95 2331 282 2354 recesseruttt.
312 2325 349 2351 Dc
372 2325 432 2351 aliis
462 2325 536 2352 boris
562 2324 633 2351 nulla
655 2325 797 2359 peculiaris
821 2324 887 2359 apud

944 2332 1023 2359 datur
1038 2331 1132 2366 presby
1138 2336 1178 2358 ter
1188 2331 1307 2365 qttidam,
1321 2332 1365 2366 qui
1373 2332 1452 2367 juxta
1467 2334 1626 2359 sacerdotum
1641 2342 1740 2360 morem

96 2372 165 2399 hunc
184 2377 326 2398 auctorem
341 2371 458 2397 occurrit
477 2371 589 2402 mentio,
608 2370 655 2398 sed
676 2378 770 2398 omnes
792 2371 891 2405 passim

96 2416 211 2450 ιωεηιί
226 2423 319 2442 cursus
333 2415 411 2441 divini
422 2414 530 2442 nomine
541 2415 755 2449 compreltendit.
771 2416 890 2443 Alternis

97 2467 183 2489 autem
197 2460 292 2487 choris
314 2460 341 2486 in
365 2459 476 2487 ecclesia
497 2459 580 2486 fuisse
595 2460 747 2494 persolutas
763 2460 890 2495 perltibet

98 2507 126 2533 in
135 2507 202 2534 libro
216 2505 252 2532 de
267 2504 361 2532 Gloria
374 2504 575 2538 Confessorum,
585 2505 672 2541 capite
685 2506 731 2533 47.

132 2561 175 2590 59.
197 2561 323 2593 Plenam,
335 2561 371 2588 uti
388 2561 520 2595 conjicere
533 2561 606 2594 licet,
622 2566 649 2589 et
663 2561 792 2597 integram
807 2562 892 2590 liabe-

97 2614 187 2636 ι’..
205 2613 304 2634 eus-us
318 2606 443 2633 Ecclesiae
455 2606 597 2634 Gallicana:
607 2606 741 2641 notitiam,
756 2607 779 2634 si
792 2607 825 2634 ad
842 2615 892 2634 nos

98 2659 183 2688 usque
197 2651 364 2686 pervenisset
385 2656 523 2684 tractatus,
537 2659 616 2686 quem
639 2651 674 2679 de
687 2658 720 2680 eo
734 2658 892 2687 argumento

97 2700 247 2733 scripserat
260 2702 351 2724 noster
369 2697 524 2732 Gregorius.
548 2697 650 2725 Auctor
671 2701 713 2726 est
731 2697 892 2727 Walafridus

43 2740 53 2747 ”
98 2742 206 2776 Strabo,
220 2743 254 2770 de
277 2742 367 2770 Rebus
387 2742 586 2776 ecclesiasticis,
607 2743 695 2778 capite
718 2743 766 2777 25,
779 2744 891 2779 psalmos

98 2790 239 2816 secundum
250 2788 466 2821 emendationem,
491 2797 567 2823 quam
583 2788 756 2824 Hieronymus
768 2794 840 2825 pater
860 2791 892 2817 de

99 2835 169 2862 LXX
191 2835 305 2862 editione
328 2836 479 2868 composuit,
500 2843 515 2861 ιι
535 2834 657 2870 Gregorio
680 2834 822 2863 Turenenss'
837 2837 892 2870 epi-

99 2889 175 2913 achpo
186 2889 201 2907 c
212 2880 329 2915 portibus
342 2879 463 2907 Romanis
478 2885 632 2915 mutuatum,
644 2881 671 2907 iu
682 2880 828 2909 Galliarum
843 2881 893 2908 Ec-

98 2926 188 2956 clus'as
210 2927 334 2955 invectos
353 2926 445 2955 fuisse.
468 2926 502 2955 At
516 2926 585 2960 quod
608 2926 642 2955 ab
657 2926 737 2955 unico
762 2926 894 2956 Strabone

944 2384 1022 2406 nocte
1040 2385 1055 2405 a
1070 2385 1119 2405 suo
1145 2384 1229 2404 strain
1255 2385 1421 2413 consurgens
1444 2379 1592 2407 orationem
1610 2381 1736 2410 fat-iebat.

944 2422 1074 2458 Denique,
1086 2431 1137 2449 non
1151 2424 1222 2450 etiint
1238 2423 1325 2450 omnia
1342 2424 1368 2450 in
1385 2425 1453 2450 Itane
1464 2431 1519 2451 rem
1534 2425 1656 2460 Gregorii
1673 2428 1731 2455 loca

943 2470 1064 2504 proferre
1077 2473 1163 2500 vacat.
1185 2468 1308 2496 Saloiiius
1327 2474 1355 2496 et
1374 2469 1534 2504 Sagittarius
1551 2472 1681 2506 episcopi,
1699 2474 1737 2500 ob

943 2522 990 2542 sua
1003 2515 1105 2542 scelera
1121 2515 1225 2547 fanti-si,
1238 2515 1354 2549 graviter
1364 2523 1377 2541 a
1390 2515 1518 2550 Gregorio
1534 2518 1737 2551 reprehendun-

944 2565 989 2587 tur
1003 2560 1071 2587 lib.o
1089 2568 1115 2592 v,
1131 2561 1218 2594 capite
1236 2560 1282 2592 2i,
1304 2560 1375 2594 quod
1390 2561 1461 2588 nulla
1482 2569 1591 2595 prorsus
1603 2564 1674 2598 apud
1689 2573 1737 2592 eos

944 2606 978 2634 de
993 2607 1047 2634 Deo
1061 2607 1163 2633 mentio
1182 2611 1264 2639 esset,
1289 2607 1336 2633 nul
1347 2615 1427 2641 usque
1445 2608 1548 2636 omnino
1571 2618 1662 2638 cursus
1687 2620 1736 2639 me-

945 2652 1033 2679 maria:
1051 2651 1195 2678 haberetur.
1212 2651 1274 2678 liae
1288 2652 1322 2679 de
1335 2652 1495 2681 clericorum
1516 2654 1734 2691 obligationibus.

944 2699 979 2726 At
994 2698 1063 2730 laici,
1077 2699 1199 2732 quamvis
1223 2697 1353 2732 ejusmodi
1378 2707 1461 2728 onere
1488 2703 1604 2737 exempti
1631 2707 1733 2736 essent,

945 2743 1041 2771 ofﬁciis
1056 2748 1144 2772 tamen
1159 2743 1266 2778 divinis,
1286 2749 1314 2772 et
1334 2745 1500 2780 potissimum
1515 2748 1651 2776 nocturnis
1669 2748 1737 2783 vigi-

947 2790 989 2818 liis
1014 2790 1135 2823 aderant,
1161 2791 1255 2818 diebus
1282 2791 1376 2819 saltem
1407 2793 1547 2822 dominicis
1569 2798 1596 2822 et
1622 2794 1736 2824 iestivia.

949 2835 1023 2864 Unde
1038 2836 1066 2863 in
1077 2836 1147 2864 libro
1161 2836 1195 2864 de
1222 2837 1307 2864 sancti
1327 2837 1424 2866 Juliani
1449 2839 1589 2866 virtutibus
1610 2839 1735 2869 Fedatnia

947 2881 1114 2918 objurgatur,
1125 2882 1196 2916 quod
1206 2883 1312 2910 caeteris
1322 2884 1439 2911 excubias
1450 2888 1589 2911 nocturnas
1602 2886 1739 2914 celebran-

949 2928 1029 2963 tibus,
1046 2928 1102 2963 ipsa
1116 2928 1171 2956 sola
1194 2934 1290 2956 somno
1304 2927 1393 2956 dedita
1417 2929 1488 2958 lecto
1506 2929 1691 2960 decumberet.
1707 2931 1738 2959 lu
