3972 6340
507 510 574 566 39
1964 501 2357 558 ρηΑεΡΑτιο.
3483 573 3491 581 ι
3712 505 3788 562 to

508 620 772 692 ejusmodi
802 628 978 672 autem
1028 615 1304 672 solemniis
1333 615 1575 679 convIvia
1625 619 1947 684 parabantur
1976 619 2086 672 cleo
2120 624 2168 680 Α
2195 615 2422 682 ctiones,
2458 618 2508 671 in
2551 616 2804 673 natalitiis
2847 629 3021 672 autem
3076 627 3387 673 sanctorum
3431 619 3549 675 dna:
3579 623 3784 676 solum-

511 711 658 775 ricis,
685 717 741 764 et
767 708 1089 777 pauperibus
1147 709 1196 760 in
1253 707 1535 762 matricula
1577 721 1672 762 seu
1707 709 1949 775 catalogo
1993 707 2089 762 de-

510 801 743 868 scriptis,
769 801 933 854 immo
963 809 1016 854 et
1044 799 1328 869 aliquando
1369 800 1496 854 viris
1527 800 1844 865 illustribus,
1871 801 2089 871 potissi-

510 907 655 945 mum
686 889 738 944 in
771 889 1060 960 majoribus
1114 890 1386 953 Ecclesiis,
1441 890 1496 944 in
1547 891 1738 960 quibus
1787 892 2094 947 celebrabat

506 985 811 1052 episcopus,
841 997 959 1050 qua;
984 983 1222 1036 convivia
1258 983 1312 1035 in
1337 984 1490 1035 domo
1518 984 1742 1036 ecclesia:
1765 982 1904 1038 facta
1929 984 2093 1038 fuisse

510 1089 615 1128 non
638 1073 808 1128 semel
838 1073 1128 1142 Gregorius
1169 1082 1415 1128 testatur.

580 1163 670 1216 at.
713 1162 861 1217 Haud
892 1165 1067 1216 minus
1098 1162 1244 1215 utilis
1271 1171 1356 1216 est
1376 1161 1670 1231 Gregorius
1702 1171 1884 1218 noster
1915 1163 1966 1217 in
1998 1165 2093 1219 de-

511 1254 890 1322 prehendenda
921 1254 1145 1323 liturgite
1168 1253 1454 1310 Gallicana:
1487 1254 1613 1321 ritu,
1650 1269 1809 1321 quam
1843 1255 1895 1310 in
1920 1270 2095 1325 expo-

514 1350 906 1403 nendiscursns
943 1350 1106 1404 divini
1161 1349 1422 1418 partibus.
1481 1351 1822 1419 Deperditum
1874 1349 2094 1419 quidem

511 1453 618 1492 non
651 1453 933 1518 possum-us
961 1456 1064 1493 non
1093 1440 1274 1494 dolere
1309 1439 1498 1495 librum
1543 1441 1694 1495 illum
1740 1441 1809 1497 de
1841 1440 2019 1494 Missis
2067 1456 2097 1494 a

511 1537 701 1584 sancto
729 1530 1024 1599 Apollinari
1054 1530 1274 1586 Sidonio
1312 1532 1644 1596 compositis,
1700 1533 1785 1585 cui
1830 1531 2102 1600 praefatio-

511 1635 633 1673 nem
687 1621 1004 1688 adiunxerat
1031 1630 1209 1676 noster
1238 1621 1549 1691 Gregorius,
1582 1631 1638 1676 ut
1668 1621 2100 1690 ipse‘attestatur

513 1711 651 1766 libro
697 1726 732 1764 ιι
768 1712 1031 1774 Historias,
1059 1715 1237 1781 capite
1256 1713 1348 1778 ἑὲ,
1373 1728 1490 1766 cuin
1520 1713 1721 1767 exinde
1753 1723 1916 1766 totam
1941 1713 2097 1766 litur-

511 1805 612 1874 gite
641 1815 840 1858 nostra:
863 1805 1054 1858 seriem
1086 1804 1482 1859 didicissemus.
1509 1805 1584 1858 Ex
1615 1805 1717 1859 hoc
1744 1815 1920 1859 autem
1952 1804 2090 1859 Gre-

511 1894 646 1962 gorii
677 1895 794 1948 loco
824 1895 1084 1949 refutatur
1111 1909 1295 1950 eorum
1326 1895 1613 1961 sententia,
1645 1894 1736 1964 qui
1761 1894 2093 1949 Gallicanam

2196 708 2354 762 modo
2378 708 2699 774 referuntur,
2748 711 2887 777 quod
2917 710 3145 773 scilicet,
3195 719 3254 763 ut
3290 711 3505 780 quidem
3558 712 3788 784 conjici-

2195 812 2344 872 mus,
2368 799 2489 857 loco
2517 803 2705 871 prima:
2746 800 2988 855 lectionis
3016 800 3281 869 ejusmodi
3311 810 3614 856 sanctorum
3664 805 3790 859 vita:

2193 910 2257 950 ex
2287 894 2394 948 alio
2423 891 2609 947 codice
2638 890 2962 961 legerentur.
3011 889 3153 944 Idem
3201 889 3372 945 innuit
3422 893 3536 962 ipse
3586 893 3792 962 Grego-

2196 985 2309 1040 rius
2334 984 2392 1038 in
2418 982 2592 1053 capite
2619 981 2688 1037 86
2720 980 2841 1035 libri
2872 979 2938 1034 de
2965 979 3147 1034 Gloria
3193 980 3511 1050 Martyrum,
3563 984 3650 1037 ubi
3693 984 3794 1035 ha-

2195 1079 2324 1134 bet:
2359 1075 2514 1130 Lecta
2548 1073 2810 1145 passione,
2845 1073 3015 1126 sancti
3050 1071 3354 1142 Polycarpi,
3397 1072 3548 1141 cujus
3590 1071 3792 1128 festum

2195 1167 2567 1234 celebrabatur,
2591 1181 2708 1220 cum
2744 1165 2954 1234 reliquis
2983 1165 3306 1232 lectionibus,
3336 1181 3463 1233 quas
3499 1182 3661 1220 canon
3699 1184 3795 1221 sa-

2195 1258 2470 1312 cerdotalis
2516 1257 2726 1318 invexit,
2758 1265 2954 1325 ternpns
2999 1253 3068 1308 ad
3115 1256 3432 1323 sacriﬁcium
3476 1256 3796 1324 offerendum

2197 1347 2422 1402 advenit.
2466 1345 2742 1416 Ejusmodi
2772 1355 3079 1401 sanctorum
3105 1347 3237 1401 Acta
3286 1361 3314 1400 a
3349 1347 3538 1402 lectore
3568 1351 3794 1404 recitata

2199 1440 2368 1495 fuisse
2407 1447 2634 1493 testatur
2662 1437 2950 1508 Gregorius
2998 1439 3135 1492 libro
3161 1453 3197 1491 li
3227 1437 3294 1493 de
3323 1437 3596 1494 Miraculis
3624 1441 3798 1498 sancti

2201 1530 2412 1586 Martini
2440 1545 2561 1599 cap.
2595 1529 2683 1594 49,
2717 1545 2824 1599 quo
2857 1530 3073 1584 nomine
3101 1530 3356 1584 clericum
3386 1531 3450 1584 ad
3493 1531 3545 1585 id
3586 1533 3800 1601 specia-

2201 1623 2325 1676 liter
2353 1620 2662 1676 ordinatum
2694 1620 3100 1690 intelligendum
3151 1634 3272 1675 esse
3319 1622 3545 1677 inliciari
3600 1624 3799 1690 nolim,

2198 1726 2499 1780 quanquam
2526 1720 2579 1765 et
2603 1711 2670 1764 ab
2698 1710 2814 1764 aliis
2853 1710 3065 1764 clericis
3110 1711 3404 1780 majoribus
3437 1713 3539 1782 legi
3586 1715 3801 1785 potuis-

2202 1793 2342 1857 sent.
2387 1802 2627 1857 Meminit
2671 1801 2814 1856 idem
2859 1802 3152 1870 Gregorius
3215 1803 3350 1857 libro
3407 1819 3522 1868 vtu,
3573 1819 3693 1874 cap.
3737 1807 3797 1871 '5,

2202 1891 2788 1962 psaltni-responsorii,
2839 1892 2932 1960 qui
2986 1891 3274 1947 adiacono
3328 1893 3382 1946 in
3430 1893 3588 1949 Missa
3615 1910 3799 1951 coram

511 1985 778 2055 Iiturgiam
809 2001 874 2040 ex
899 1985 1240 2041 Mozarabum
1281 1985 1388 2039 ritu
1431 1993 1726 2039 mutuatam
1774 1983 1943 2040 fuisse
1973 1984 2106 2039 scri-
2139 1981 2184 2040 Β
2212 2001 2338 2056 rege
2362 1996 2605 2040 cantatus
2636 1984 2830 2038 fuerat.
2859 1983 3011 2050 Quod
3053 1984 3194 2038 inter
3244 1985 3378 2040 duas
3419 1987 3681 2042 lectiones
3721 1989 3802 2041 fa-

511 2085 747 2145 pserunt,
787 2076 929 2144 quod
960 2083 1103 2144 patet
1145 2091 1209 2130 ex
1240 2075 1359 2129 aliis
1406 2075 1602 2142 passim
1654 2072 1900 2143 Gregorii
1955 2075 2108 2128 testi-

512 2168 734 2234 moniis,
763 2168 954 2236 quibus
981 2177 1189 2222 certum
1227 2177 1310 2221 est
1355 2166 1519 2220 multo
1563 2173 1688 2220 ante
1726 2175 1968 2220 sanctum
2015 2166 2108 2220 Isi-

513 2261 701 2315 dorum
736 2259 1102 2329 llispalensem
1131 2260 1467 2329 episcopum,
1510 2271 1669 2328 quem
1723 2258 1901 2314 ferunt
1933 2259 2108 2314 Moaa-

512 2351 686 2405 rabici
725 2340 861 2404 ritus
898 2361 1195 2416 auctorem,
1244 2349 1574 2405 Gallicanam
1597 2351 1864 2421 Iiturgiam
1892 2350 2109 2405 ordina-

515 2452 621 2497 tam
653 2442 838 2496 fuisse.
869 2443 1111 2497 Sufﬁciat
1161 2443 1249 2497 hic
1297 2457 1462 2496 unum
1515 2456 1781 2511 promere,
1840 2457 1908 2497 ex
1961 2443 2100 2497 libro

517 2533 725 2589 scilicet
777 2534 844 2588 de
874 2532 1010 2587 Vitis
1042 2531 1281 2598 Patrum,
1329 2533 1504 2602 capite
1545 2532 1629 2601 I7,
1678 2533 1764 2587 ubi
1793 2532 2104 2602 Gregorius,

518 2624 745 2692 loquens
772 2624 840 2676 de
866 2623 1185 2678 lectionibus
1205 2637 1326 2692 qua:
1355 2624 1491 2677 inter
1517 2622 1794 2678 Missarum
1821 2623 2106 2690 solemnia,

522 2723 792 2785 praesente
824 2713 1208 2769 Tbeodcberto
1255 2728 1406 2784 rege,
1454 2716 1696 2770 recitata:
1746 2715 1978 2781 fuerant,
2031 2715 2110 2770 sic

519 2806 681 2863 habet
709 2821 724 2856 :
766 2803 930 2859 Lectis
951 2804 1272 2872 lectionibus,
1296 2821 1423 2875 quas
1458 2823 1623 2860 canon
1648 2808 1818 2860 sanxit
1843 2808 2105 2876 antiquus.

521 2895 783 2966 Antiquos
809 2898 987 2966 itaque
1009 2898 1122 2966 jam
1149 2907 1277 2950 tunc
1298 2906 1414 2953 erat
1438 2899 1526 2954 ille
1554 2899 1688 2954 ritus
1708 2899 1895 2955 Missas
1917 2900 1970 2954 in
2003 2901 2107 2956 Ec-

521 2986 683 3043 clesia
713 2987 987 3043 Gallicana
1012 2987 1342 3054 celebrandi,
1390 2999 1676 3058 antequam
1729 2990 1965 3044 Isidorus
2016 2990 2110 3045 Ili-

522 3079 823 3149 spalensem
847 3079 1096 3134 thronum
1120 3079 1346 3134 subiret.
1374 3080 1442 3134 Et
1465 3081 1576 3134 haec
1595 3079 1697 3135 fuit
1724 3089 1979 3134 constans
2009 3096 2108 3150 pa-

522 3181 664 3226 trum
708 3182 1012 3226 nosttorum
1043 3171 1278 3236 traditio,
1309 3185 1470 3241 quam
1512 3171 1709 3226 saeculo
1739 3186 1881 3226 nono
1907 3171 2109 3226 confir-

526 3267 695 3319 mavit
726 3263 1028 3326 Ililduinus,
1061 3262 1227 3318 abbas
1255 3260 1435 3318 Sancti
1489 3262 1748 3332 Dionysii,
1777 3265 1843 3316 ad
1875 3262 2111 3317 Ludovi-

2209 2087 2351 2131 etum
2380 2075 2546 2130 fuisse
2573 2091 2677 2130 non
2706 2076 3035 2140 dubitamus,
3076 2090 3142 2131 eo
3194 2085 3435 2146 temp-are
3483 2094 3589 2148 quo
3636 2080 3802 2139 hodie

2208 2169 2461 2239 graduale
2493 2169 2705 2223 concini
2735 2170 2892 2222 solet.
2941 2167 3036 2223 His
3066 2171 3318 2236 peractis,
3349 2169 3606 2225 diaconus
3632 2173 3804 2226 lectu-

2211 2275 2302 2314 rus
2343 2257 2690 2327 Evangelium
2723 2258 3036 2313 solemniter
3062 2259 3408 2328 procedebat,
3445 2261 3521 2315 uti
3573 2261 3805 2317 refertur

2214 2349 2350 2402 libro
2373 2364 2467 2402 vnt
2492 2389 2507 2413 ,
2535 2350 2710 2417 capite
2733 2350 2786 2414 4,
2814 2359 2977 2418 atque
3004 2350 3054 2402 ei
3088 2349 3356 2418 Evangelii
3385 2349 3670 2407 lectionem
3693 2368 3794 2408 an-

2211 2439 2494 2506 nuntianti,
2529 2438 2676 2507 plebs
2700 2440 2875 2493 omnis
2903 2439 3127 2509 gloriam
3164 2439 3273 2494 Deo
3298 2441 3539 2496 referens
3568 2458 3798 2511 respon-

2210 2530 2391 2596 debat,
2421 2530 2611 2585 iisdem
2660 2531 2888 2586 fortasse
2918 2534 3122 2598 verbis,
3167 2533 3360 2603 quibus
3406 2534 3670 2604 hodieque
3699 2539 3809 2590 uti-

2211 2639 2350 2678 mur.
2378 2623 2507 2678 Nam
2537 2622 2904 2679 Guntramnus
2932 2623 3072 2694 apud
3101 2625 3414 2693 Gregorium
3443 2627 3559 2681 loco
3583 2627 3808 2682 laudato

2212 2724 2415 2778 narrat,
2443 2716 2688 2771 eamdem
2731 2715 2900 2772 fuisse
2930 2717 3110 2786 populi
3141 2717 3542 2785 reSpousionem
3575 2719 3808 2775 diacono

2210 2809 2576 2878 evangelicam
2621 2808 2908 2864 lectionem
2952 2807 3335 2877 pronuntianti,
3365 2825 3426 2862 ac
3460 2808 3664 2864 homini
3712 2813 3809 2879 qui

2210 2902 2480 2971 Sigiberto
2531 2903 2641 2971 regi
2693 2911 2874 2956 natum
2905 2901 2954 2955 ei
2997 2901 3162 2956 fuisse
3219 2900 3381 2953 filium
3439 2904 3805 2958 nuntiaverat.

2216 2991 2365 3048 Unde
2393 2992 2589 3064 factum
2621 3001 2714 3057 est,
2745 2991 2936 3058 inquit,
2965 2999 3021 3043 ut
3058 2992 3220 3045 omnis
3247 2989 3468 3061 papulas
3509 2992 3561 3044 in
3594 3007 3812 3061 urraque

2213 3081 2607 3138 annuntiatione
2633 3084 2971 3154 proclamaret
3000 3091 3192 3152 pariter
3221 3097 3255 3152 :_
3280 3081 3458 3136 Gloria
3502 3081 3613 3139 Deo
3641 3086 3812 3138 omni-

2213 3174 2424 3244 potenti.

2285 3265 2377 3319 45.
2419 3265 2692 3321 Absolutis
2717 3263 3058 3332 lectionibus,
3095 3265 3351 3320 diaconus
3401 3265 3596 3335 papulo
3640 3266 3814 3321 silen-

527 3369 651 3409 cum
702 3353 856 3408 Pium
888 3353 1154 3417 scribe-Ie.
1201 3354 1291 3423 qui
1334 3353 1653 3423 peculiarem
1682 3352 1858 3407 Missa:
1882 3355 2114 3407 ordinem
2141 3351 2187 3413 C
2224 3359 2354 3416 tium
2379 3361 2668 3426 indicebat,
2709 3372 2762 3414 ut
2792 3359 2966 3414 Missa!
2994 3377 3153 3413 auscu
3180 3369 3428 3424 tarentttr,
3459 3375 3522 3416 et
3554 3359 3806 3430 Gregorii

525 3460 666 3498 more
695 3442 893 3496 Gallico
936 3446 998 3495 ab
1043 3443 1187 3496 initio
1233 3454 1447 3512 recepta:
1478 3443 1600 3511 [idsi
1623 3443 1677 3496 in
1709 3443 1790 3497 his
1820 3443 2107 3498 Galliarum

525 3533 768 3604 partibus
797 3533 1096 3588 adhibitum
1143 3534 1305 3588 fuisse
1349 3535 1563 3588 asserit.
1594 3534 1775 3601 Qualis
1802 3549 1929 3588 vero
1951 3538 2114 3590 fuerit

525 3624 616 3680 ille
638 3624 792 3688 ordo,
819 3623 1120 3692 intelligere
1151 3621 1276 3676 licet
1303 3637 1369 3677 ex
1401 3623 1635 3692 antiquis
1677 3622 1909 3692 Iiturgiis
1936 3640 1965 3676 a
1998 3622 2109 3677 νγ.

527 3713 612 3769 Cl.
659 3712 892 3782 Joscpho
922 3712 1193 3766 Thomaso
1223 3712 1537 3781 presbytero
1564 3713 1816 3782 regulari,
1850 3723 1906 3769 et
1930 3725 2118 3768 nostro

529 3805 836 3860 Mabillonio
874 3802 1059 3867 editis,
1105 3817 1237 3873 quas
1280 3819 1346 3858 ex
1395 3804 1639 3872 plurimis
1671 3803 1912 3874 Gregorii
1946 3807 2115 3860 nostri

531 3896 876 3963 testimoniis,
910 3896 1136 3966 aliisque
1171 3898 1441 3950 veteribus
1472 3901 1854 3964 monumentis,
1901 3909 1955 3954 et
1983 3899 2118 3952 invio

531 3994 629 4043 etis
653 3989 1004 4057 argumentis,
1041 4003 1169 4042 vere
1207 3988 1511 4043 Gallicanae
1555 3989 1718 4043 fuisse
1744 3989 2122 4058 deprehende-

531 4090 674 4135 runt.
706 4081 963 4147 ριιωικηιι
1020 4091 1198 4134 autem
1255 4079 1452 4134 fuerint
1515 4080 1742 4150 liturgiae
1801 4091 1999 4150 partes,
2031 4092 2122 4138 aut

531 4173 657 4244 quis
685 4188 803 4227 eam
856 4172 1164 4227 celebrandi
1211 4174 1368 4238 ritus,
1401 4188 1465 4227 ea
1509 4172 1750 4243 Gregorii
1788 4175 2002 4242 scriptis
2029 4191 2126 4229 ex-

523 4266 873 4336 ;pendendum
901 4275 1006 4322 est.

601 4355 688 4408 42.
732 4356 867 4411 .Tres
893 4357 1151 4410 lecticiies
1194 4371 1258 4410 ex
1294 4357 1456 4410 variis
1497 4373 1666 4411 sacra:
1712 4357 2006 4425 Scriptura
2059 4357 2128 4411 li-

521 4446 646 4499 =bris
671 4447 821 4498 initio
851 4447 1027 4498 Missae
1059 4445 1224 4499 lectas
1282 4445 1448 4499 fuisse
1487 4446 1746 4500 discimus
1789 4448 2122 4515 potissimum

521 4553 599 4591 ex
632 4538 768 4590 libro
813 4551 860 4588 tv
917 4535 1184 4598 Historite,
1230 4537 1406 4603 capite
1462 4537 1546 4598 I6,
1591 4551 1821 4604 quarum
1870 4535 2016 4605 prior
2057 4553 2126 4592 ex

541 4625 849 4694 Prophetis,
884 4624 1054 4678 altera
1100 4638 1163 4678 ex
1198 4624 1476 4678 canonicis
1521 4625 1796 4694 Epistolis,
1824 4640 1887 4679 ac
1915 4628 2128 4681 demum

2216 3456 2354 3511 hbro
2380 3468 2483 3521 vn,
2519 3453 2695 3523 capite
2739 3452 2791 3520 8,
2851 3465 3068 3522 tumque
3116 3453 3396 3508 celebrans
3443 3453 3512 3508 de
3558 3454 3816 3523 praisenti

2217 3547 2553 3600 solemnitate
2579 3555 2816 3599 astantes
2848 3545 2990 3599 brevi
3020 3545 3320 3612 erudiebat,
3352 3555 3514 3615 atque
3556 3546 3656 3600 hac
3689 3564 3812 3599 mo-

2221 3637 2426 3689 nitione
2455 3635 2588 3690 facta
2630 3635 2985 3703 subiungebat
3030 3636 3328 3688 orationem
3379 3648 3474 3689 seu
3505 3635 3813 3703 collectam,

2221 3741 2339 3796 qua:
2370 3727 2533 3795 vulgo
2567 3726 2728 3780 Missa
2783 3728 2834 3779 in
2865 3727 3029 3779 veteri
3087 3726 3503 3780 sacramentario
3560 3726 3817 3783 Bobiensi

2221 3818 2541 3886 appellatur.
2586 3819 2753 3888 ilujus
2798 3833 2959 3888 porro
2998 3820 3280 3872 occasione
3327 3818 3525 3872 silentii
3571 3830 3817 3888 accepta,

2224 3925 2274 3963 ut
2302 3909 2355 3963 ib
2378 3909 2499 3963 dem
2526 3909 2812 3978 Gregorius
2838 3917 3037 3971 narrat,
3064 3908 3427 3964 Guntramnus
3451 3925 3542 3962 rex
3561 3920 3812 3990 astantes

2224 4002 2503 4070 aliquando
2525 4011 2853 4056 contestatus
2876 4011 2976 4064 est,
3011 4017 3077 4054 ne
3098 4016 3127 4053 a
3158 4017 3447 4071 quoquam,
3473 4012 3527 4055 ut
3559 4001 3818 4059 fiatribns

2225 4093 2336 4144 suis
2384 4095 2701 4163 contigerat,
2750 4092 3172 4156 interficeretur;
3207 4103 3254 4146 et
3287 4093 3466 4145 statim
3509 4094 3686 4150 omnis
3719 4111 3820 4164 po-

2229 4183 2382 4250 tulus
2407 4198 2503 4252 pro
2524 4184 2665 4254 regis
2692 4182 3060 4239 incolumitate
3106 4184 3172 4236 ad
3205 4183 3486 4238 Dominum
3532 4187 3820 4241 orationem

2230 4275 2385 4340 fudit.

2299 4367 2391 4421 Η.
2433 4367 2560 4421 Post
2587 4367 2846 4421 lectiones
2875 4385 2987 4419 cum
3032 4368 3271 4436 sacriﬁcii
3319 4367 3591 4434 o/Terendi,
3645 4368 3821 4438 inquit

2232 4459 2524 4527 Gregorius
2556 4458 2737 4512 librat
2781 4459 2848 4512 de
2893 4459 3073 4513 Gloria
3127 4459 3442 4530 Martyrum,
3500 4461 3674 4529 capite
3725 4461 3819 4524 86,

2235 4563 2427 4620 tempus
2458 4553 2760 4618 advenisset,
2811 4552 3057 4606 diaconus
3104 4553 3286 4605 turrim
3339 4553 3391 4606 in
3437 4570 3538 4623 qua
3591 4557 3822 4622 Corporis

2237 4645 2484 4698 dominici
2518 4647 2805 4714 mysterium
2839 4646 3210 4713 continebatur,
3239 4645 3432 4712 attulit,
3456 4661 3521 4701 ex
3549 4648 3817 4710 sacrario,

535 4717 692 4770 tertia
721 4731 784 4769 ex
819 4714 1105 4784 Evangelia
1137 4717 1245 4782 peti
1293 4715 1561 4769 solebant.
1617 4715 1957 4783 Pioplietiam
1989 4717 2112 4784 ipse

2237 4739 2309 4791 uti
2340 4737 2467 4791 tuihi
2498 4735 2726 4791 videtur.
2761 4738 2972 4790 Ublato
3003 4742 3155 4804 panis
3203 4745 3258 4791 et
3289 4736 3394 4790 vini
3446 4736 3605 4791 fiebat
3651 4750 3680 4786 a
3726 4752 3825 4804 po-

521 4818 645 4864 anet
677 4807 944 4861 Palladius
989 4807 1272 4875 cpiscopus
1319 4807 1600 4861 celebrans
1647 4806 1876 4874 legebat,
1922 4821 2043 4861 cum
2096 4825 2125 4860 a

521 4898 870 4951 aliuntramno
923 4911 1071 4966 rege,
1125 4896 1216 4965 qui
1273 4910 1510 4964 prmseus
1555 4897 1762 4964 aderat,
1816 4899 2009 4951 vetitus
2049 4908 2132 4950 est

541 4986 765 5042 Missam
824 4986 1050 5040 ulterius
1103 4984 1375 5054 prosequi.
1423 4985 1711 5054 Martyrum
1771 4986 2044 5055 passiones
2074 4997 2130 5042 ct

527 5079 924 5136 ﬂorifessdrum
951 5088 1089 5132 Vitas
1113 5079 1433 5147 quandoque
1461 5079 1599 5134 inter
1628 5079 1907 5133 Missarum
1931 5080 2128 5133 solent-

523 5174 628 5231 aiia
660 5173 827 5226 lectas
873 5173 1037 5225 fuisse
1105 5186 1210 5224 non
1265 5173 1431 5226 semel
1499 5173 1669 5226 innuit
1715 5172 2023 5242 Gregorius,
2075 5185 2130 5228 at

523 5278 805 5334 arusquam
839 5265 972 5318 satis
1001 5265 1204 5318 diserte
1233 5264 1486 5332 exprimit
1514 5278 1622 5333 quo
1654 5275 1892 5332 tempore
1915 5267 2013 5318 ista
2046 5266 2127 5320 Ie-

524 5357 651 5408 -r',li0
678 5356 847 5408 fleret.
882 5354 1025 5407 Itane
1051 5364 1228 5408 tamen
1281 5357 1464 5422 prima:
1511 5356 1753 5410 lectionis
1795 5357 1910 5410 loco
1939 5356 2130 5412 lactant

529 5447 711 5520 fuisse
738 5445 1036 5512 colligimus
1065 5460 1128 5499 ex
1153 5445 1467 5500 lectionario
1493 5446 1766 5501 Gallicana
1787 5447 2134 5513 Luxovieasi,

532 5539 684 5611 .quod
716 5551 745 5590 a
780 5537 1082 5592 Mabillouio
1108 5538 1307 5592 editum
1337 5548 1441 5602 est.
1468 5539 1554 5594 ubi
1581 5538 1632 5592 in
1663 5536 1800 5594 festo
1823 5551 2131 5595 sanctorum

549 5633 688 5686 I‘etri
713 5642 770 5688 et
801 5633 948 5686 Pauli
976 5673 989 5695 ,
1037 5633 1230 5688 omissa
1264 5634 1540 5702 prophetia
1562 5675 1576 5700 ,
1620 5634 1983 5701 apostolorum
2015 5650 2134 5704 pas-

545 5725 627 5779 sio
651 5725 871 5794 legenda
887 5725 1221 5795 pr0p0nitur.
1239 5724 1294 5780 Id
1308 5734 1493 5794 aperte
1521 5735 1663 5795 patet
1687 5742 1753 5781 es
1770 5739 2134 5783 sacramenta-

550 5819 631 5872 rio
661 5818 930 5886 Bobiensi,
958 5821 1027 5876 ab
1073 5819 1265 5876 eodem
1319 5819 1642 5885 Mabillouio,
1703 5831 1848 5875 tomo
1902 5820 1920 5874 I
1965 5820 2134 5875 Musei

553 5907 718 5966 Italici
747 5909 913 5978 edito,
937 5911 1027 5967 ubi
1050 5912 1100 5967 in
1133 5912 1307 5969 Missis
1335 5911 1402 5968 de
1425 5921 1663 5982 tempore
1695 5921 1803 5967 tres
1826 5911 2024 5981 ubique
2054 5913 2132 5968 Ic-

2236 4831 2396 4900 pulo;
2428 4847 2637 4884 munera
2661 4846 2786 4884 vero
2818 4840 2935 4898 post
2976 4829 3298 4884 oblationem
3344 4843 3503 4897 super
3526 4830 3694 4882 altare
3727 4829 3821 4881 de-

2234 4925 2428 4992 posita,
2461 4923 2598 4992 palla
2631 4937 2723 4976 seu
2748 4924 2910 4991 pallio
2940 4920 3277 4989 tegebantur,
3308 4922 3449 4989 quod
3482 4922 3552 4974 ita
3580 4920 3821 4998 amplum

2233 5032 2350 5070 esse
2375 5016 2620 5080 debebat,
2649 5025 2706 5068 ut
2732 5016 2976 5066 talarium
3005 5014 3160 5067 simul
3205 5021 3260 5066 et
3296 5014 3595 5066 oblationes
3623 5020 3816 5064 conte-

2234 5123 2361 5175 gere
2392 5120 2593 5175 posset.
2628 5103 2859 5158 Pallium
2882 5107 3098 5157 sericum
3148 5105 3384 5173 appellat
3411 5101 3701 5173 Gregorius
3757 5104 3822 5155 li-

2236 5201 2333 5254 bro
2357 5215 2449 5264 vn,
2482 5199 2656 5267 capite
2685 5197 2786 5261 ‘22;
2839 5195 3230 5264 coopertorintn
3283 5210 3410 5249 vero
3460 5192 3822 5250 Sarmaticum

2241 5294 2290 5344 in
2323 5291 2439 5344 Vita
2471 5290 2638 5344 sancti
2693 5289 2878 5343 Nicetii
2935 5287 3305 5356 Lugdunensis
3353 5288 3418 5339 ad
3470 5287 3520 5340 id
3576 5287 3822 5339 oblatum

2243 5384 2400 5436 fuisse
2424 5381 2620 5436 dicitur
2652 5399 2666 5434 :
2708 5385 2799 5435 sed
2835 5381 2959 5433 illud
3010 5379 3171 5446 recipi
3205 5379 3368 5432 vetuit
3417 5387 3636 5432 sanctus
3677 5380 3827 5430 ami-

2244 5489 2373 5541 stes,
2408 5476 2548 5544 quod
2582 5491 2685 5529 non
2711 5484 2855 5529 esset
2887 5472 3159 5527 sufficiens
3198 5473 3262 5526 ad
3304 5471 3716 5541 cooperiendum
3746 5474 3826 5526 al-

2251 5579 2360 5622 tare
2390 5569 2546 5622 simul
2577 5583 2696 5623 cum
2747 5567 3056 5620 muneribus
3094 5565 3294 5630 sacris;
3323 5575 3378 5620 ct
3426 5567 3495 5618 ita
3531 5579 3734 5632 rarum,
3768 5577 3828 5620 ut

2239 5674 2304 5714 eo
2329 5673 2434 5714 non
2460 5659 2590 5713 satis
2620 5667 2886 5728 tegeretur
2913 5661 3140 5726 corporis
3190 5667 3238 5711 ct
3281 5658 3550 5726 sanguinis
3579 5658 3828 5710 dominici

2240 5751 2554 5821 mysterium.
2589 5749 2864 5804 Diversum
2889 5761 3063 5803 autem
3096 5753 3163 5802 ab
3193 5749 3272 5803 his
3306 5748 3523 5817 palliutn
3555 5758 3691 5812 erat,
3717 5763 3828 5816 quo

2239 5853 2390 5900 extra
2437 5843 2717 5898 Missurum
2764 5841 3022 5897 solemnia
3076 5841 3244 5896 altare
3295 5851 3604 5908 coopertum
3653 5841 3826 5895 fuisse

2241 5936 2493 5993 discimus
2522 5951 2584 5990 ex
2621 5937 2758 5991 libro
2802 5951 2854 6001 κ,
2893 5936 3065 6002 capite
3111 5934 3195 5998 I5,
3231 5932 3317 5988 ubi
3342 5933 3545 5988 Justina
3578 5936 3720 5997 palla
3747 5935 3811 5987 al-
