3972 6340
138 302 184 359 il
1656 286 2067 350 PBZEFATIO.

3540 296 3609 355 42

131 425 255 483 raris
293 428 483 496 operta
527 423 904 491 memoratur,
953 434 1021 477 eo
1063 424 1320 492 tempore
1371 432 1486 492 quo
1557 416 2169 476 hominesAmeminit
2194 416 2256 473 in
2299 414 2444 474 Vitis
2467 414 2734 488 Patrum,
2758 417 2941 492 capite
2981 418 3068 488 16,
3101 418 3203 477 ubi
3227 419 3401 478 etiam
3434 421 3610 480 refert

131 515 442 584 furibundi,
472 513 807 572 Pictavense
837 511 1083 585 ingressi
1113 508 1549 578 monasterium,
1577 507 1850 566 abbatis--

128 620 240 660 sam
273 618 470 676 rapere
498 602 879 659 conabantur.
912 601 1085 657 Porro
1110 597 1372 669 Gregorii
1403 597 1616 666 locum,
1648 611 1822 669 quem

129 709 255 751 mox
280 692 672 760 laudavimus,
701 691 874 763 paulo
902 690 1070 747 aliter
1097 688 1376 746 exhibent
1405 688 1563 750 editi.
1595 687 1694 746 ubi
1721 702 1822 760 pro

128 783 433 849 mysterium
482 793 599 836 vox
653 780 1018 832 ministerium
1083 776 1350 846 habetur,
1417 776 1584 851 quasi
1640 775 1700 832 in
1756 791 1822 832 ea

130 876 274 924 turre
305 882 438 939 quae
464 881 496 923 a
530 865 770 922 diacono
808 865 999 921 afferri
1043 862 1282 933 solebat,
1315 863 1461 921 nihil
1489 863 1648 920 aliud
1676 863 1822 920 fuis-

129 965 222 1024 set,
251 971 427 1028 quam
475 971 610 1012 vasa
646 963 702 1011 et
747 954 859 1011 alia
901 954 972 1011 ad
1011 953 1412 1011 celebrandam
1449 953 1682 1010 Missam
1721 969 1822 1010 ne-

129 1047 379 1103 cessaria.
428 1043 538 1102 Sed
579 1051 832 1101 nostram
861 1043 1166 1100 lectionem
1209 1043 1373 1100 alteri
1408 1042 1822 1114 praeferendam

128 1151 240 1192 esse
271 1134 495 1202 suadet,
531 1139 737 1206 praeter
760 1138 1100 1205 argumenta
1121 1148 1254 1206 quae
1284 1132 1344 1190 in
1375 1133 1526 1190 notis
1553 1133 1623 1190 ad
1664 1133 1824 1190 hunc

129 1221 308 1278 locum
339 1220 710 1294 protulimus,
737 1222 1005 1279 omnium
1028 1220 1270 1279 omnino
1297 1219 1822 1293 manuscriptorum

129 1313 381 1370 codicum
417 1313 749 1371 auctoritas.
791 1313 858 1370 Et
891 1313 1128 1386 quidem
1175 1310 1470 1386 aptissima
1508 1317 1592 1368 est
1633 1311 1704 1368 ad
1747 1311 1821 1367 il-

130 1401 493 1460 lustrandum
535 1401 765 1458 concilii
813 1401 986 1473 primi
1029 1398 1370 1458 Arausicani
1413 1414 1693 1457 canonem
1729 1396 1818 1469 ‘22,

128 1492 222 1565 qui
264 1493 405 1549 adeo
460 1491 722 1548 virorum
768 1489 1132 1547 eruditorum
1173 1487 1405 1560 ingenia
1450 1487 1630 1544 torsit.
1677 1486 1822 1543 Cum

127 1581 277 1638 enim
323 1581 403 1638 ibi
440 1579 794 1654 praecipitur,
855 1598 975 1635 cum
1021 1596 1186 1651 capsa
1215 1584 1265 1633 et
1307 1580 1528 1632 calicem
1553 1594 1664 1633 esse
1691 1579 1824 1648 offe-

126 1675 370 1737 rendum,
402 1680 453 1728 et
485 1674 825 1727 admixtione
867 1672 1230 1727 Eucharistiaz
1267 1668 1704 1731 consecrandum,
1735 1666 1826 1723 ni-

1905 513 2152 562 sanctum
2197 523 2392 561 munus
2453 510 2608 575 signo
2661 511 2836 564 crucis
2885 513 3223 581 superposito
3273 511 3607 567 benedictum

1905 595 2102 667 fuisse,
2133 595 2307 669 idque
2346 595 2518 664 juncta
2564 614 2761 652 morem
2791 599 3135 656 catholicum.
3166 597 3387 667 Quibus
3413 609 3609 658 extre-

1907 684 2017 741 mis
2049 685 2237 742 verbis
2267 684 2461 742 innuit
2489 685 2804 742 Ecclesiam
2829 686 3166 743 catholicam
3194 702 3294 760 per
3315 693 3497 746 totum
3522 704 3612 747 or-

1905 771 2035 829 bem
2066 780 2346 831 terrarum
2385 773 2675 839 ditiusam,
2711 774 2860 831 hanc
2889 774 3052 847 signo
3100 776 3288 834 crucis
3319 777 3470 835 edito
3519 778 3611 836 be-

1905 860 2291 918 nedictionem
2318 861 2378 918 in
2405 861 2783 919 Eucharistim
2805 863 3230 922 consecratione
3251 864 3608 926 adhibuisse.

1910 950 2071 1008 Unde
2106 952 2236 1010 licet
2263 953 2326 1009 in
2363 951 2494 1009 aliis
2524 951 2730 1010 ritibus
2750 953 3022 1012 Ecclesiae
3045 954 3360 1028 peculiares
3380 973 3414 1014 a
3437 974 3497 1015 se
3526 959 3613 1016 in-

1906 1041 2090 1098 vicem
2122 1057 2550 1115 nonnunquam
2579 1043 2986 1117 discreparent,
3031 1047 3095 1104 in
3127 1047 3251 1120 ipsa
3287 1055 3478 1106 tamen
3509 1065 3606 1107 ac-

1908 1130 2060 1188 tione
2087 1131 2549 1202 consecrationis,
2596 1131 2746 1190 sicut
2791 1132 2852 1190 in
2884 1135 3074 1192 verbis
3125 1135 3336 1195 Christi
3376 1136 3611 1197 Domini

1905 1219 2236 1289 recitandis,
2268 1219 2350 1277 sic
2393 1226 2447 1277 et
2494 1219 2556 1276 in
2596 1219 3013 1280 benedictionis
3046 1225 3215 1282 modo
3247 1231 3365 1282 erat
3392 1227 3613 1300 ubique

1905 1306 2291 1366 uniformitas.
2327 1309 2506 1366 Verba
2555 1326 2713 1364 sacra
2766 1308 2960 1368 laudat
2988 1311 3052 1368 in
3086 1311 3230 1370 libro
3260 1326 3278 1370 ι
3308 1314 3377 1372 de
3417 1315 3614 1374 Gloria

1904 1395 2248 1470 Martyrum,
2279 1399 2461 1472 capite
2489 1397 2579 1470 87,
2609 1397 2808 1472 ibique
2839 1400 3104 1457 meminit
3132 1405 3400 1471 confracti
3431 1423 3615 1478 corpo-

1905 1490 1985 1541 ris
2011 1490 2283 1543 Dominici
2311 1493 2442 1544 ante
2467 1488 2938 1546 communionem
2965 1512 2976 1558 ;
3013 1489 3374 1551 Dominicam
3400 1495 3612 1552 oratio-

1908 1589 2044 1632 nem
2080 1575 2148 1632 ad
2183 1578 2384 1631 Missas
2435 1577 2779 1632 decantatam
2831 1576 3010 1636 fuisse
3065 1579 3346 1639 habemus
3375 1583 3436 1640 in
3470 1581 3616 1642 Vitis

1914 1664 2167 1732 Patrum,
2197 1665 2381 1737 capite
2415 1665 2498 1734 16,
2531 1683 2707 1741 quam
2735 1667 2807 1724 ab
2831 1668 3128 1740 omnibus,
3157 1671 3329 1728 etiam
3360 1673 3617 1732 mulieri-

131 1763 210 1819 lnl
236 1733 396 1818 aliud
438 1763 674 1819 voluere
701 1761 916 1831 Patres,
973 1775 1147 1832 quam
1199 1766 1261 1815 ut
1290 1765 1415 1831 post
1439 1757 1686 1814 oblatam
1714 1733 2046 1825 DeoBbus,
2087 1733 2287 1811 itideni
2326 1733 2672 1812 decantatam
2721 1757 2899 1814 fuisse
2947 1733 3230 1819 habemus
3275 1762 3335 1819 in
3380 1761 3525 1820 Vitis
3562 1771 3617 1820 et

128 1865 376 1923 capsam,
410 1849 471 1905 in
500 1865 613 1922 qua
645 1848 828 1921 panis,
858 1855 911 1904 et
943 1847 1178 1904 calicem
1221 1845 1282 1902 in
1327 1861 1445 1918 quo
1473 1845 1674 1902 vinum
1695 1859 1831 1900 con-

129 1939 439 2007 tinebatur,
468 1939 529 1995 in
565 1937 799 1996 calicem
849 1936 1196 1993 immittatur
1235 1934 1519 2006 particula
1551 1933 1834 1991 Euchari-

132 2029 259 2086 stite
301 2043 376 2085 ex
424 2027 673 2085 sacrario
722 2027 782 2084 in
830 2026 972 2083 turri
1017 2024 1226 2092 allatae,
1268 2032 1329 2081 ut
1361 2023 1598 2095 exponit
1645 2030 1836 2080 uoster

130 2117 510 2177 Mabillonius
534 2118 593 2175 in
625 2114 1050 2176 Commentario
1085 2115 1158 2172 ad
1194 2113 1465 2172 Ordinem
1506 2128 1834 2183 romanum,

134 2225 330 2283 parag.
367 2207 456 2266 ‘20.

201 2299 294 2357 45.
324 2297 493 2354 Facta
527 2297 722 2369 itaque
770 2293 936 2368 panis
956 2298 1011 2351 et
1053 2290 1177 2350 vini
1201 2291 1509 2361 oblatione,
1542 2291 1645 2365 qui
1677 2295 1842 2349 erant

134 2389 205 2446 ab
234 2384 509 2443 Ecclesiae
547 2382 957 2441 communione
1000 2381 1278 2453 segregati
1319 2379 1512 2454 egredi
1554 2379 1839 2452 cogeban-

136 2488 249 2538 tur.
283 2478 432 2536 Cum
462 2491 670 2548 nempe
697 2472 1127 2531 Theodebertus
1158 2486 1260 2528 rex
1295 2470 1447 2542 apud
1487 2468 1755 2527 Treviros
1782 2468 1844 2525 in

135 2568 440 2628 ecclesiam
487 2565 834 2632 accessisset,
889 2562 950 2619 in
1005 2560 1154 2618 Vitis
1209 2560 1466 2629 Patrum,
1527 2557 1710 2632 capite
1765 2558 1843 2627 l7,

139 2657 418 2724 Nicetius,
451 2654 616 2713 urbis
659 2653 822 2710 illius
869 2651 1191 2724 episcopus,
1235 2650 1336 2722 qui
1383 2664 1540 2706 sacra
1583 2646 1844 2717 faciebat,

139 2754 264 2820 post
309 2745 484 2801 lectas
522 2757 711 2799 sacras
763 2739 1053 2807 lectiones,
1105 2738 1408 2811 oblataque
1458 2752 1697 2794 munera
1759 2751 1852 2793 su-

139 2850 242 2907 per
301 2832 483 2888 altare
525 2829 649 2900 Dci,
723 2843 912 2901 regem
983 2825 1391 2900 interpellavit,
1443 2825 1732 2898 professus
1791 2839 1852 2880 se

138 2921 454 2978 Missarum
495 2917 774 2976 solemnia
823 2932 939 2974 non
986 2921 1550 2983 consummaturum,
1595 2912 1707 2969 nisi
1745 2927 1853 2968 ex-

1915 1845 2209 1902 Miraculis
2229 1846 2408 1902 sancti
2435 1845 2687 1914 Martini,
2715 1863 2837 1920 cap.
2868 1849 2971 1916 30;
3001 1866 3116 1922 qua
3140 1852 3198 1908 in
3234 1868 3295 1909 re
3325 1852 3618 1913 Gallicana

1919 1933 2190 2002 Ecclesia,
2221 1940 2285 1991 ut
2312 1934 2638 1992 observavit
2669 1935 3059 2003 Mabillonius,
3092 1955 3222 1997 cum
3258 1939 3456 2000 Graeca
3476 1959 3616 2002 con-

1921 2025 2180 2093 veniens,
2227 2041 2260 2081 a
2305 2025 2564 2082 Romano
2632 2025 2746 2083 ritu
2803 2027 3176 2101 discrepabat.
3233 2032 3483 2104 Etenim,
3531 2037 3619 2095 uti

1921 2115 2204 2172 discimus
2249 2131 2323 2171 ex
2371 2113 2609 2187 epistola
2662 2116 2730 2172 b7
2778 2116 3040 2189 Gregorii
3084 2119 3297 2192 Magni,
3347 2121 3494 2182 libro
3537 2137 3621 2183 VII

1920 2203 2126 2261 Indict.
2165 2203 2248 2272 11,
2277 2219 2410 2276 qum
2439 2211 2522 2262 est
2550 2203 2621 2264 ad
2648 2203 2929 2263 Joannem
2953 2207 3284 2280 episcopum
3313 2210 3622 2284 Syracusa-

1922 2308 2089 2360 num,
2121 2291 2423 2350 Dominica
2461 2293 2641 2352 oratio
2670 2295 2820 2368 apud
2860 2294 3088 2355 Graecos
3117 2298 3190 2357 ab
3221 2302 3380 2359 omni
3413 2303 3625 2377 populo

1923 2381 1986 2438 in
2016 2379 2264 2438 Ecclesia
2297 2397 2433 2439 vero
2463 2380 2723 2441 Romana
2751 2400 2784 2441 a
2814 2384 2935 2444 solo
2959 2387 3257 2446 sacerdote
3306 2388 3626 2451 dicebatur.

1997 2470 2085 2526 47.
2155 2468 2454 2528 Confracto
2509 2478 2700 2528 autem
2756 2472 3042 2533 Dominici
3118 2479 3370 2551 corporis
3439 2496 3628 2539 sacra-

1930 2563 2142 2626 mento,
2183 2567 2246 2616 ut
2276 2558 2533 2631 loquitur
2562 2559 2872 2632 Gregorius
2901 2571 3094 2622 noster
3126 2567 3271 2626 libro
3297 2581 3315 2626 1
3342 2568 3411 2626 de
3438 2569 3633 2629 Gloria

1932 2647 2275 2721 Martyrum,
2306 2649 2489 2722 capite
2516 2649 2605 2718 87,
2638 2652 2898 2711 sacerdos
2924 2652 3044 2726 ipse
3084 2654 3503 2717 Eucharistiam
3534 2677 3634 2720 su-

1933 2737 2143 2807 mebat,
2177 2743 2231 2794 et
2256 2738 2387 2797 aliis
2422 2739 2799 2798 tlistribuebat
2825 2743 2894 2798 ad
2923 2743 3234 2803 edendum.
3267 2745 3393 2816 Quo
3420 2748 3480 2805 in
3513 2748 3637 2808 loco

1934 2827 2178 2885 innuere
2229 2830 2541 2900 videretur,
2573 2839 2628 2888 et
2681 2831 3031 2890 sacerdotem
3086 2835 3276 2908 ipsum
3329 2843 3384 2896 et
3437 2854 3641 2898 omnes

1934 2927 2184 2976 astantes
2215 2936 2288 2977 ex
2317 2921 2516 2978 eadem
2550 2921 2733 2978 hostia
2762 2925 3236 2994 communicasse,
3277 2927 3388 2984 nisi
3419 2939 3639 2989 certum

137 3011 577 3076 communicati,
605 3025 750 3083 quos
778 3009 836 3065 in
864 3024 969 3065 suo
999 3007 1272 3066 comitatu
1296 3004 1562 3071 habebat.
1588 3003 1751 3076 prius
1780 3000 1853 3058 ab
1936 3014 2083 3066 esset
2112 3009 2370 3080 singulos
2415 3011 2631 3080 ﬁdeles,
2664 3019 2765 3069 aut
2796 3020 2945 3069 certe
2975 3017 3456 3089 quamplurimos,
3489 3020 3643 3078 obla-

137 3101 384 3159 ecclesia
435 3100 785 3157 recederent.
830 3097 1118 3156 Cautinus
1168 3103 1356 3153 lumen
1401 3093 1704 3182 episcopus
1743 3089 1916 3150 AP-C
1941 3101 2155 3158 tionem
2196 3116 2360 3158 suam
2391 3099 2460 3157 ad
2488 3101 2666 3160 altare
2693 3103 2916 3160 deferre
2957 3103 3133 3162 fuisse
3166 3106 3378 3175 solitos,
3419 3125 3493 3166 ex
3529 3125 3644 3182 qua

138 3204 460 3246 vernorum
507 3188 654 3244 libro
688 3197 728 3242 Χ
779 3185 1072 3252 Historiae,
1113 3200 1234 3257 cap.
1277 3183 1330 3250 8,
1362 3180 1590 3239 Eulalio
1621 3195 1857 3236 excom—

139 3277 441 3336 municato
485 3280 735 3348 permisit
765 3294 883 3331 cum
915 3277 1121 3330 caeteris
1158 3278 1399 3345 spectare
1443 3273 1739 3327 Missarum
1771 3285 1859 3322 so-

140 3372 366 3424 lemnia.
401 3370 476 3424 At
505 3366 612 3434 illi,
643 3382 787 3439 quos
817 3363 1075 3422 Nicetius
1110 3361 1324 3433 expelli
1365 3358 1610 3426 volebat,
1644 3358 1702 3414 in
1737 3355 1862 3413 suis

137 3458 495 3517 criminibus
526 3464 893 3514 contumaces
916 3461 1080 3511 erant
1114 3471 1128 3522 ;
1161 3451 1429 3509 Eulalius
1452 3445 1862 3522 vero‘pedibus

139 3546 399 3622 episcopi
427 3545 740 3603 obvolutus
770 3540 1189 3616 protestabatur
1213 3555 1272 3597 se
1312 3537 1641 3595 inauditum
1666 3541 1722 3592 et
1746 3534 1863 3591 im-

141 3635 425 3692 meritum
454 3649 487 3690 a
514 3631 931 3690 communione
979 3643 1327 3702 suspensum
1374 3624 1551 3684 fuisse
1578 3641 1589 3678 :
1627 3623 1783 3681 unde
1811 3627 1865 3679 et

140 3732 344 3799 postea
386 3721 862 3781 communionem
903 3717 1135 3791 recepit,
1187 3723 1473 3774 reservata
1514 3712 1617 3770 Dei
1645 3710 1864 3785 judicio

144 3815 411 3873 criminis
461 3813 670 3872 occulti
724 3811 1045 3885 punitione,
1095 3808 1144 3866 si
1173 3823 1326 3876 vere,
1380 3814 1444 3864 ut
1486 3819 1685 3863 rumor
1722 3809 1858 3873 erat,

147 3903 348 3975 ipsum
382 3900 730 3957 admisisset.
760 3897 964 3956 Narrat
991 3895 1302 3968 Gregorius
1335 3893 1482 3951 libro
1513 3905 1551 3950 ιι
1583 3893 1652 3950 de
1692 3891 1862 3948 Mira-

147 3993 297 4051 culis
327 3989 513 4050 sancti
541 3989 798 4058 Martini,
823 3989 1103 4062 populum
1139 4001 1392 4055 omnem,
1431 3983 1552 4040 viso
1586 3981 1866 4039 miraculo

149 4084 308 4158 quod
349 4099 383 4138 a
420 4087 617 4138 sancto
644 4079 898 4137 antistite
947 4084 1236 4152 patratum
1283 4077 1486 4146 fuerat,
1521 4073 1777 4146 erupisse
1804 4071 1866 4128 in

151 4188 343 4242 voces,
401 4175 761 4241 cecinisseque
800 4172 1055 4240 hymnum
1112 4169 1300 4225 Gloria
1353 4171 1412 4222 in
1466 4167 1692 4221 emcelsis
1736 4167 1863 4232 Deo,

148 4263 247 4319 sed
278 4277 416 4319 cum
441 4261 561 4334 jam
597 4268 740 4324 tunc
762 4278 985 4316 munera
1012 4277 1170 4315 sacra
1202 4273 1376 4330 super
1413 4255 1591 4313 altare
1620 4257 1868 4326 deposita

149 4359 374 4419 essent,
403 4348 553 4406 nihil
599 4348 736 4406 inde
783 4348 1022 4406 fortasse
1066 4345 1258 4418 colligi
1295 4350 1498 4419 potest,
1543 4342 1661 4399 nisi
1709 4342 1868 4398 hunc

1942 3198 2135 3265 postea
2164 3190 2685 3248 communicabant.
2716 3193 3110 3251 Censebantur
3139 3195 3418 3253 solemnia
3451 3197 3650 3256 Missa-

1942 3295 2073 3336 rum
2105 3286 2520 3348 consummata,
2575 3279 2914 3351 priusquam
2947 3283 3278 3340 communio
3309 3285 3508 3343 saltem
3541 3287 3646 3345 lai-

1943 3369 2025 3426 cis
2079 3367 2541 3437 distribueretur,
2600 3374 2662 3424 ut
2720 3383 2793 3424 ex
2836 3369 3137 3427 nonnullis
3196 3369 3458 3445 Gregorii
3509 3374 3650 3434 locis

1947 3455 2109 3514 facile
2141 3455 2452 3527 colligitur.
2485 3455 2646 3513 Certe
2675 3455 3073 3516 Guntramnus
3100 3474 3223 3530 rex,
3256 3459 3404 3518 libro
3435 3474 3498 3520 Ix
3523 3462 3655 3522 His-

1947 3546 2128 3615 toria),
2195 3547 2376 3620 capite
2451 3547 2502 3614 3,
2557 3551 2798 3619 peractis
2859 3550 3205 3618 solemnibus,
3263 3551 3337 3606 ad
3391 3554 3653 3610 altarium

1947 3637 2384 3692 communica-udi
2423 3639 2608 3706 gratia
2657 3635 2910 3694 accessit.
2951 3636 3020 3693 Et
3051 3652 3123 3694 ne
3151 3639 3285 3712 quis
3335 3655 3533 3699 vocem
3564 3660 3652 3698 so-

1950 3727 2204 3781 lemnium
2235 3726 2304 3782 ad
2331 3725 2514 3783 alium
2546 3741 2778 3783 sensum
2809 3724 3148 3800 detorquere
3185 3726 3345 3793 velit,
3395 3729 3516 3788 loca
3543 3731 3657 3789 alia

1946 3827 2078 3885 quae
2109 3813 2671 3887 omniambiguitate
2712 3819 2904 3870 carent
2933 3815 3298 3887 proferimus.
3351 3815 3541 3875 Unum
3572 3825 3657 3876 est

1947 3894 2020 3958 ex
2062 3901 2205 3959 libro
2233 3915 2274 3959 ιι
2303 3903 2373 3959 de
2398 3902 2691 3960 Miraculis
2721 3901 2902 3959 sancti
2936 3902 3186 3974 Martini,
3218 3905 3401 3978 capite
3430 3907 3519 3975 47,
3551 3906 3652 3965 ubi

1949 3991 2163 4063 legitur
2197 4009 2208 4048 ε
2253 3993 2488 4063 Cumque
2517 3994 2748 4063 expletis
2795 3995 2983 4047 Missis
3013 3995 3252 4064 populus
3283 3998 3524 4066 cmpisset
3559 4013 3653 4051 sa-

1950 4089 2290 4139 crosanctum
2316 4099 2509 4153 corpus
2539 4083 2909 4153 Redemptoris
2937 4085 3196 4154 accipere,
3230 4089 3334 4140 etc.
3369 4085 3457 4141 Ad
3506 4085 3651 4155 haec,

1950 4173 2164 4230 mulier
2194 4171 2388 4241 vidua,
2423 4171 2606 4244 capite
2635 4173 2702 4229 65
2731 4171 2866 4228 libri
2895 4171 2965 4228 de
2993 4172 3187 4229 Gloria
3233 4173 3647 4244 confessorum,

1950 4262 2182 4332 expletis
2211 4259 2600 4327 celebratisq-ue
2627 4261 2835 4327 Missis,
2869 4259 3103 4316 accessit
3156 4261 3226 4316 ad
3276 4264 3533 4331 poculum
3557 4279 3652 4318 sa-

1952 4351 2145 4405 lutare.
2180 4345 2542 4404 Accedebant
2575 4351 2765 4402 autem
2794 4360 2996 4403 omnes
3030 4345 3100 4403 ad
3130 4345 3307 4404 altare
3331 4347 3402 4405 ad
3435 4363 3653 4408 sacram

149 4439 470 4513 hymnum.
493 4437 566 4495 0b
584 4434 884 4494 insontum
918 4436 1074 4494 hunc
1104 4436 1378 4502 favorem.
1403 4449 1435 4489 ἃ
1461 4430 1675 4505 populo
1704 4437 1864 4488 extra
1883 4437 2424 4510 Dcommunionem
2456 4434 2864 4508 recipiendam.
2912 4433 3063 4504 Quin
3095 4443 3150 4493 et
3177 4451 3252 4493 ex
3281 4436 3454 4496 unico
3479 4437 3656 4498 calice

151 4543 381 4587 morem
423 4534 770 4584 consuetum
805 4531 945 4583 tunc
969 4529 1261 4581 cantatum
1286 4521 1483 4578 fuisse.
1515 4519 1659 4577 Nam
1689 4518 1870 4576 simili

148 4621 368 4693 gaudio
424 4620 694 4692 perfusus
740 4616 1131 4690 Eberegisilus
1183 4612 1542 4672 Coloniensis
1585 4609 1864 4684 pontifex,

151 4715 400 4770 invento
447 4712 632 4768 sancti
669 4708 894 4766 Mallosi
944 4723 1202 4780 corpore,
1247 4709 1492 4761 emittens
1536 4719 1712 4758 uocem
1748 4717 1868 4756 ma-

149 4821 342 4874 gnam,
387 4803 578 4858 Gloria
607 4805 665 4856 in
690 4801 916 4856 excelsis
960 4803 1065 4854 Deo
1107 4814 1283 4853 secum
1307 4811 1510 4852 omnem
1536 4795 1735 4849 clerum
1760 4808 1868 4862 pa-

151 4899 292 4950 riter
327 4893 568 4964 psallere
604 4893 776 4960 fecit;
819 4896 883 4946 ut
931 4889 1051 4960 ipse
1095 4887 1404 4960 Gregorius
1446 4883 1641 4943 scribit
1672 4883 1818 4941 libro
1850 4893 1870 4938 ι

153 4984 224 5042 de
250 4983 451 5041 Gloria
480 4981 821 5054 Martyrum,
854 4980 1036 5053 capite
1070 4978 1159 5037 63.

231 5071 323 5129 46.
356 5069 847 5129 (ἐοιιιρειῑιιὶοιιριιί
888 5075 1164 5126 memorat
1194 5064 1503 5140 Gregorius
1536 5063 1679 5121 libro
1725 5075 1765 5121 ιι
1801 5062 1872 5120 de

159 5158 466 5216 Miraculis
493 5157 678 5215 sancti
705 5155 956 5226 Martini,
995 5157 1177 5228 capite
1213 5155 1295 5223 14,
1327 5155 1388 5210 in
1418 5167 1534 5225 qua
1565 5151 1712 5208 beati
1733 5166 1871 5207 con-

159 5249 399 5305 fessoris
433 5245 718 5304 virtutqu
750 5243 1034 5302 enarratio
1085 5242 1506 5311 continebatur,
1541 5239 1873 5313 respondet-

1952 4543 2154 4586 omnes
2184 4525 2389 4584 Christi
2419 4524 2706 4598 sanguine
2750 4523 3111 4597 potabantur,
3147 4540 3280 4599 quae
3309 4534 3430 4585 erat
3459 4528 3653 4586 catho-

1952 4618 2092 4676 licos
2141 4616 2292 4673 inter
2343 4621 2398 4673 et
2449 4614 2680 4672 arianos
2706 4614 3050 4684 differentia,
3082 4620 3148 4673 ut
3188 4616 3310 4690 ipse
3341 4615 3654 4691 Gregorius

1953 4706 2216 4764 observat
2240 4705 2388 4762 libro
2433 4716 2494 4762 ιιι
2548 4703 2837 4770 Historim,
2870 4703 3053 4775 capite
3103 4704 3190 4761 3t.
3235 4704 3462 4764 Etenim
3503 4708 3654 4780 apud

1951 4796 2108 4854 arian
2118 4811 2181 4852 os
2202 4793 2552 4850 consuetudo
2576 4791 2779 4858 fuit,ut
2795 4791 2869 4845 ad
2888 4793 3149 4846 altarium
3168 4795 3438 4849 venientes
3455 4797 3522 4851 de
3545 4801 3656 4856 alio

1953 4887 2119 4942 calice
2166 4899 2317 4951 reges
2367 4883 2771 4950 communicent,
2818 4885 2867 4934 et
2919 4881 2985 4934 de
3030 4882 3141 4934 alio
3179 4884 3413 4952 populus
3453 4889 3652 4946 minor.

1953 4974 2041 5031 Ex
2069 4988 2182 5045 quo
2211 4972 2381 5029 etiam
2415 4971 2536 5028 loco
2568 4975 2736 5041 patet,
2766 4968 3236 5026 communionem
3266 4969 3374 5027 sub
3405 4979 3653 5047 utraque

1953 5063 2140 5136 specie
2163 5061 2548 5120 communiter
2573 5058 2845 5117 omnibus
2876 5058 3050 5115 fuisse
3077 5068 3414 5131 porrectam,
3455 5079 3661 5137 quam-

1954 5151 2044 5208 vis
2073 5149 2340 5208 nonnulli
2371 5150 2542 5207 unira
2558 5149 2806 5206 contenti
2833 5153 3041 5204 essent.
3058 5147 3201 5204 Nam
3224 5163 3354 5206 cum
3380 5151 3661 5211 Cautinus

1958 5243 2275 5316 episcopus,
2310 5239 2456 5296 libro
2485 5251 2548 5305 X,
2584 5237 2765 5308 capite
2801 5234 2854 5304 8,
2896 5235 3124 5293 Eulalio
3169 5236 3411 5295 dixisset
3441 5262 3452 5295 :
3499 5243 3661 5298 Sume

156 5353 277 5407 que
303 5334 608 5393 hodiernae
639 5341 852 5392 nostrae
885 5331 1229 5407 praefationi.
1261 5331 1413 5389 Hinc
1435 5343 1560 5389 eam
1591 5346 1624 5387 a
1646 5346 1724 5398 se,
1753 5329 1876 5402 epi-
1959 5336 2061 5390 tibi
2089 5332 2449 5388 Eucharistiaa
2484 5327 2839 5398 particulam,
2882 5330 3046 5395 atque
3073 5329 3286 5398 impone
3309 5331 3392 5383 ori
3421 5334 3529 5397 tuo,
3562 5329 3661 5388 ille

158 5444 337 5501 scopo
400 5427 620 5484 scilicet
665 5425 1008 5496 celebrante,
1062 5432 1343 5483 cantatam
1400 5424 1577 5480 fuisse
1615 5427 1875 5490 testatur,
1960 5426 2180 5493 accepta
2233 5418 2584 5473 Eucharistia
2636 5417 3034 5469 communicans
3088 5415 3362 5472 abscessit.
3404 5413 3507 5470 Ubi
3545 5419 3662 5471 Eu-

159 5537 267 5590 quo
301 5519 565 5591 expedito
593 5521 766 5573 omnis
791 5518 1031 5589 populus
1069 5522 1288 5572 sanctus
1318 5517 1377 5570 in
1409 5514 1624 5570 laudem
1662 5515 1881 5568 Domini
1963 5513 2238 5570 charistiae
2261 5507 2495 5565 nomine
2509 5505 2678 5563 unica
2700 5503 2918 5577 species
2942 5509 3134 5575 aperte
3159 5503 3512 5575 designatur,
3529 5521 3662 5579 qua)

150 5614 555 5682 proclamavit,
590 5609 676 5668 uti
703 5609 992 5685 hodieque
1019 5609 1144 5667 ﬁeri
1177 5607 1337 5668 solet.
1372 5604 1648 5679 Ejusdem
1672 5603 1882 5678 hymni
1964 5603 2024 5661 in
2051 5601 2246 5675 plures
2272 5595 2577 5671 particulas
2608 5598 2708 5652 aut
2735 5592 3147 5651 oblatasdivisa
3167 5591 3668 5653 communicandis

532 5726 789 5785 PATBOL.
820 5724 1025 5784 LXXI.
1137 5801 1154 5807 η
1541 5727 1543 5729 ’
3282 5709 3317 5768 ‘2
