3972 6340
387 405 459 465 43
1932 403 2350 467 PREFATIO.
3820 433 3890 493 4,

387 530 807 622 porrigebatur,
841 546 986 622 non
1008 530 1245 603 quidem
1294 530 1355 588 in
1401 545 1521 603 ore,
1556 531 1644 622 uti
1668 531 1842 590 hodie
1878 532 1964 603 tit,
1996 531 2157 622 sedA
2175 548 2412 622 sacrum.
2445 539 2815 596 Ministerium
2847 556 2984 599 vero
3010 547 3391 614 quotidianum
3417 549 3665 622 appellat
3697 568 3763 611 ea
3793 572 3895 614 so-

389 621 629 695 singuli,
660 622 829 679 etiam
859 618 1011 690 la'i‘ci,
1044 634 1170 677 eam
1200 635 1374 678 manu
1412 620 1638 694 propria
1680 626 1971 694 sumptam
2011 619 2090 677 si-
2174 619 2473 682 lummodo
2525 642 2662 684 vasa
2687 672 2702 701 ,
2740 646 2874 703 quae
2921 631 3113 690 Missae
3155 618 3514 697 celebrandae
3564 646 3892 703 necessaria

380 709 561 768 bimet
592 711 733 783 ipsis
761 710 847 768 ori
875 709 1557 783 imponebant.Mulieres
1576 717 1764 769 tamen
1790 727 1905 769 non
1932 711 2090 769 nuda
2171 710 2430 770 absolute
2468 723 2650 788 erant,
2689 718 2745 775 id
2786 729 2889 789 est,
2920 727 3238 793 patenulam
3262 744 3497 797 parvam
3526 746 3645 785 cum
3689 736 3882 799 calice,

382 814 580 868 manu,
613 800 699 857 uti
730 815 803 856 ex
837 799 967 857 aliis
995 802 1389 859 monumentis
1416 801 1711 871 discimus,
1735 803 2090 877 accipiebant
2171 815 2305 872 qum
2337 802 2628 863 Maximus
2674 808 2973 882 presbyter
3019 811 3079 867 in
3125 813 3331 871 itinere
3370 818 3718 876 constitutus
3751 837 3889 879 cum

379 887 828 958 Eucharistiam,
862 887 960 946 sed
990 904 1061 947 ex
1092 904 1156 946 ea
1184 890 1245 946 in
1274 890 1421 960 velo,
1456 893 1605 964 quod
1634 893 1810 965 vulgo
1832 894 2088 951 orarium
2171 891 2365 949 codice
2386 892 2834 967 Evangeliorum
2868 904 2925 955 in
2952 905 3086 957 collo
3116 920 3379 975 suspensa
3400 906 3710 967 deferebat.
3737 910 3889 971 Nam

375 977 760 1051 appellabant,
812 995 846 1036 a
897 979 1290 1039 sacerdotibus
1326 986 1569 1053 recepta.
1598 990 1791 1053 postea
1822 996 2085 1039 commu-

375 1067 667 1126 nicabant.
704 1067 765 1127 Si
795 1068 894 1143 qui
937 1085 1073 1129 vero
1120 1086 1194 1129 ex
1239 1069 1563 1127 astantibus
1604 1077 1813 1141 essent,
1841 1085 1951 1128 non
1979 1086 2083 1127 ex-

375 1160 789 1218 communicati
849 1162 1106 1235 quidem,
1156 1161 1254 1220 sed
1304 1160 1405 1233 qui
1456 1168 1669 1231 tamen,
1718 1169 1784 1219 ut
1828 1161 2084 1234 loquitur

375 1250 748 1321 Hincmarus,
792 1252 1224 1311 communicare
1264 1268 1381 1310 non
1425 1251 1673 1309 fuissent
1718 1252 1920 1325 parati,
1966 1250 2083 1309 illis

373 1341 622 1414 eulogiee
671 1343 1179 1413 distribuebantur,
1212 1344 1272 1401 id
1321 1348 1405 1401 est
1441 1342 1660 1417 aliquid
1712 1344 1782 1401 de
1834 1343 2082 1417 panibus

372 1431 599 1501 oblatis,
635 1433 737 1507 qui
786 1433 1095 1492 consecrati
1154 1448 1270 1491 non
1326 1434 1573 1502 fuerant,
1608 1439 1672 1491 ut
1700 1433 1853 1491 idem
1883 1440 2080 1491 auctor

370 1523 742 1597 prosequitur
764 1523 823 1581 in
862 1523 1138 1596 Capitulis
1166 1522 1305 1580 anni
1336 1522 1461 1595 852,
1493 1530 1548 1581 et
1576 1523 1633 1579 id
1662 1523 1723 1581 in
1757 1526 2079 1579 communio-

369 1614 457 1668 nis
498 1618 790 1671 tesseram.
823 1612 986 1671 Unde
1026 1629 1159 1671 cum
1208 1613 1511 1671 Meroveus
1555 1613 1863 1688 Chilperici
1895 1615 2072 1685 filius,

368 1704 720 1763 monasterio
769 1705 948 1762 sancti
980 1703 1207 1762 Carilefi
1240 1704 1487 1777 fugiens.
1514 1704 1584 1761 ad
1614 1704 1913 1763 basilicam
1940 1722 2079 1763 san~

2168 980 2311 1072 alias
2338 982 2490 1039 calix
2534 985 2593 1041 in
2641 986 2830 1045 Missis
2880 989 3241 1050 solemnibus
3286 996 3682 1068 amplissimus
3731 1007 3882 1072 erat,

2167 1069 2318 1128 sicut
2342 1079 2399 1129 et
2427 1080 2652 1147 patena,
2681 1092 2815 1135 cum
2843 1094 2916 1135 cx
2946 1080 3115 1137 unico
3146 1082 3343 1153 calice,
3376 1092 3439 1141 ut
3470 1101 3606 1143 mox
3638 1069 3876 1146 diceba¥

2165 1164 2316 1230 mus,
2355 1177 2554 1220 omnes
2576 1167 3107 1238 communicarent;
3138 1177 3193 1227 et
3222 1179 3425 1242 patena
3454 1190 3519 1231 ea
3549 1192 3671 1234 esse
3698 1178 3877 1236 debe-

2166 1255 2251 1305 ret
2272 1265 2404 1323 quze
2430 1252 2740 1311 astantium
2769 1254 3087 1313 oblationes
3113 1273 3314 1317 omnes
3338 1270 3525 1334 posset
3544 1264 3876 1333 continere;

2164 1338 2261 1396 sed
2301 1342 2631 1412 patenulam
2688 1343 2857 1401 istam
2912 1360 3045 1403 cum
3104 1347 3278 1406 calice
3333 1366 3529 1409 secum
3581 1352 3875 1412 deferebat

2161 1427 2472 1497 Maximus,
2508 1440 2571 1489 ut
2617 1432 2831 1490 scilicet
2869 1436 3123 1507 quotidie
3162 1446 3350 1511 posset
3386 1456 3543 1497 sacra
3578 1458 3870 1515 peragere.

2164 1517 2423 1593 Singulis
2451 1523 2605 1580 enim
2635 1525 2838 1583 diebus
2867 1524 3039 1584 Missa
3068 1535 3285 1601 poterat
3314 1529 3605 1588 celebrari.
3643 1532 3711 1589 Et
3739 1532 3874 1605 qui-

2159 1608 2291 1667 dem
2323 1609 2533 1669 mulier
2558 1613 2735 1672 vidua
2756 1630 2857 1687 per
2875 1631 3095 1674 annum
3127 1618 3417 1691 integrum
3448 1622 3692 1690 quotidie
3722 1625 3873 1677 Mis-

2157 1715 2342 1754 sarum
2389 1704 2649 1758 solemnia
2692 1706 2984 1761 celebrasse
3024 1705 3254 1778 dicitur,
3306 1708 3487 1780 capite
3520 1709 3586 1766 65
3626 1708 3763 1767 libri
3797 1710 3876 1767 de

368 1794 444 1852 cti
483 1794 720 1854 Martini
755 1796 1103 1865 accessisset,
1134 1796 1237 1854 ubi
1276 1802 1415 1854 tunc
1454 1794 1763 1869 Gregorius
1801 1813 1959 1854 sacra
1997 1797 2077 1855 fa-
2156 1790 2349 1849 Gloria
2391 1794 2815 1864 Confessorum,
2858 1797 2931 1854 ob
2959 1796 3017 1854 id
3067 1798 3281 1856 scilicet
3329 1800 3541 1867 solum,
3573 1800 3727 1874 quod
3761 1815 3873 1858 ne-

365 1880 568 1954 ciebat,
597 1890 721 1955 post
769 1887 991 1949 Missas,
1044 1883 1206 1956 petiit
1260 1882 1515 1954 eulogias
1567 1883 1677 1941 sibi
1724 1900 1757 1941 a
1797 1881 2401 1960 GregorioBcessaria
2450 1883 2519 1941 ad
2562 1884 2921 1943 offerendum
2974 1887 3323 1946 sacrificium
3376 1888 3770 1961 ministraret,
3808 1897 3874 1947 et

361 1969 506 2028 dari.
539 1968 702 2039 Quod
751 1987 884 2031 cum
938 1971 1035 2030 ille
1082 1972 1269 2030 facere
1314 1972 1619 2044 renuisset,
1654 1972 1955 2031 Meroveus
2009 1990 2071 2033 se
2152 1970 2324 2027 etiam
2362 1972 2471 2043 ipsi
2524 1972 2841 2044 interesset,
2896 1982 2959 2033 ut
3009 1991 3082 2033 ex
3118 1976 3317 2049 capitis
3367 1984 3641 2035 contextu
3696 1978 3873 2037 facile

361 2060 719 2119 immeritum
784 2077 817 2119 a
901 2067 1268 2118 communione
1322 2078 1639 2134 suspensum
1695 2070 2066 2138 conquestus,

362 2150 544 2209 multa
590 2152 847 2210 minatus
886 2159 972 2210 est
1013 2152 1075 2210 in
1125 2152 1332 2210 urbem
1358 2153 1753 2212 Turonensem
1804 2155 1956 2212 mala
2008 2172 2068 2213 se

359 2242 671 2315 facturum,
705 2243 819 2300 nisi
847 2243 1095 2317 episcopi
1119 2248 1538 2301 communionem
1565 2252 1899 2304 mereretur.
1937 2245 2067 2304 Istis

358 2344 525 2402 porro
564 2330 809 2404 eulogiis
850 2333 1124 2390 successit
1167 2334 1353 2406 panis,
1394 2340 1457 2391 ut
1504 2339 1730 2406 vocant,
1779 2334 2065 2392 benedicti

355 2418 708 2491 distributio,
753 2436 885 2495 quae
941 2422 1245 2496 hodieque,
1286 2423 1651 2496 potissimum
1699 2424 1757 2480 in
1812 2424 2065 2482 ecclesiis

354 2510 800 2583 parochialibus,
828 2511 1144 2570 Dominicis
1180 2512 1383 2571 diebus
1405 2513 1527 2571 fieri
1549 2514 1710 2571 solet.
1736 2515 1923 2586 Atque
1941 2515 2064 2571 haec

356 2606 491 2657 sunt
520 2616 656 2674 quae
686 2599 756 2658 de
785 2601 1094 2660 Missarum
1127 2602 1509 2661 celebratione
1535 2618 1608 2659 ex
1641 2603 1817 2660 variis
1847 2603 2062 2677 Grego-

348 2688 423 2748 rii
464 2688 604 2747 locis
649 2689 914 2762 colligere
960 2690 1141 2761 licuit,
1182 2708 1255 2749 ex
1292 2691 1505 2765 quibus
1538 2690 1929 2760 Mabillonius,
1958 2691 2061 2747 ad-

342 2779 563 2853 junctis
610 2797 685 2839 ex
738 2782 987 2840 aliorum
1035 2787 1335 2841 auctorum
1386 2780 1783 2854 compluribus
1811 2780 2060 2839 testimo-

350 2869 486 2940 niis,
518 2870 873 2929 Gallicanam
905 2870 1203 2944 liturgiam
1229 2871 1555 2945 plurimum
1580 2871 1910 2929 illustravit.
1949 2871 2060 2930 Nos

349 2976 507 3033 vero,
540 2967 603 3019 ut
632 2960 859 3020 facilius
887 2962 1099 3035 cuique
1130 2968 1316 3034 pateat
1341 2962 1609 3035 quisnam
1634 2962 1807 3019 fuerit
1825 2968 1962 3021 tunc
1984 2962 2058 3020 il-

344 3048 464 3110 lius
494 3052 658 3122 ritus,
708 3051 999 3125 specimen
1032 3051 1244 3121 Missae,
1281 3058 1566 3125 quantum
1616 3051 1702 3109 fas
1746 3052 1873 3123 erit,
1906 3053 2059 3110 inte-

343 3158 464 3216 grae
515 3159 588 3200 ex
640 3141 893 3215 liturgiis
944 3149 1000 3200 et
1061 3144 1192 3201 aliis
1265 3143 1660 3202 monumentis
1728 3145 1801 3203 ab
1855 3146 2056 3204 eodem

2152 2056 2459 2128 colligitur.
2490 2058 2664 2119 Binas
2691 2078 2827 2119 vero
2856 2062 3058 2121 Missas
3086 2064 3334 2138 singulis
3368 2066 3683 2124 Dominicis
3710 2067 3870 2125 cele-

2149 2146 2346 2203 brabat
2381 2146 2628 2208 Severus
2656 2152 2973 2225 presbyter,
3001 2170 3073 2211 ex
3103 2155 3283 2227 capite
3311 2155 3379 2213 50
3410 2156 3665 2228 ejusdem
3698 2155 3867 2227 libri,

2150 2235 2211 2291 in
2234 2235 2460 2295 duabus
2480 2240 2696 2299 scilicet
2728 2241 2903 2305 villis.
2933 2260 3068 2317 quae
3086 2260 3118 2301 a
3141 2261 3201 2302 se
3221 2245 3473 2303 invicem
3492 2246 3694 2318 viginti
3720 2246 3866 2303 mil-

2150 2327 2296 2383 lium
2338 2331 2520 2401 spatio
2566 2332 2781 2391 dissita;
2825 2342 3007 2394 erant.
3059 2336 3323 2407 Denique
3366 2337 3435 2395 ad
3485 2336 3719 2395 Missam
3762 2353 3867 2396 so-

2148 2416 2399 2476 lemnem
2426 2420 2565 2478 liora
2594 2422 2776 2490 tertia,
2806 2440 2983 2496 quam
3022 2424 3190 2482 hodie
3219 2442 3432 2483 nonam
3462 2426 3733 2496 dicimus,
3760 2442 3866 2499 po.

2146 2506 2348 2578 pulum
2376 2511 2714 2569 convenisse
2744 2522 3009 2572 narratur
3031 2513 3090 2572 in
3122 2513 3268 2572 Vitis
3294 2515 3551 2586 Patrum,
3584 2514 3770 2587 capite
3795 2514 3861 2573 8.

2216 2596 2304 2653 49.
2344 2597 2639 2659 Ministros
2668 2602 2884 2674 altaris,
2909 2620 3042 2662 cum
3100 2620 3257 2663 sacra
3312 2604 3532 2672 fierent,
3590 2605 3733 2659 albis
3760 2604 3864 2661 in-

2144 2688 2311 2747 dutos
2348 2691 2525 2749 fuisse
2556 2693 2835 2750 discimus
2880 2711 2954 2751 ex
2994 2710 3213 2753 canone
3255 2693 3320 2751 1‘2
3350 2694 3580 2752 concilii
3630 2694 3864 2753 Narbo-

2142 2782 2359 2849 nensis,
2388 2783 2537 2857 quod
2567 2799 2719 2841 anno
2746 2783 2848 2840 589
2879 2785 3139 2843 habitum
3166 2790 3268 2842 est.
3294 2784 3452 2841 Idem
3482 2780 3676 2843 innuit
3707 2784 3863 2843 Gre-

2141 2868 2338 2940 gorius
2366 2870 2423 2926 in
2458 2869 2602 2927 libro
2633 2871 2703 2927 de
2731 2870 2926 2929 Gloria
2954 2872 3380 2937 Gonfessorum,
3415 2873 3596 2946 capite
3628 2872 3717 2941 20,
3748 2873 3861 2932 ubi

2141 2955 2338 3015 laudat
2376 2960 2717 3015 sacerdotum
2772 2978 2836 3015 ac
2868 2963 3156 3017 levitarum
3206 2966 3265 3017 in
3295 2963 3438 3017 albis
3484 2963 3721 3016 vestibus
3745 2979 3864 3018 non

2138 3050 2424 3102 minimum
2482 3050 2719 3113 chorum,
2748 3049 2848 3123 qui
2902 3050 3134 3107 oratorii
3163 3050 3253 3107 sui
3283 3049 3629 3108 dedicationi
3665 3051 3862 3106 inter-

2138 3132 2266 3190 fuit.
2302 3133 2367 3191 In
2396 3136 2577 3207 capite
2606 3135 2672 3194 44
2701 3136 2992 3205 Historiae,
3024 3137 3177 3211 quod
3208 3137 3267 3193 in
3294 3137 3425 3195 aliis
3450 3138 3618 3195 editis
3647 3145 3730 3196 est
3756 3140 3860 3211 38,

343 3230 681 3289 Mabillonio
737 3230 905 3289 editis
967 3232 1326 3305 proferemus
1380 3231 1444 3291 in
1496 3232 1811 3306 appendice
1875 3228 2575 3318 hujuscarcliidiaconus
2610 3231 2839 3286 indutus
2869 3232 2997 3285 alba
3026 3230 3380 3303 episcopum,
3408 3237 3469 3286 ut
3498 3248 3611 3287 mos
3641 3238 3737 3295 est,
3771 3232 3857 3290 ad

338 3318 679 3378 voluminis.

410 3409 499 3467 48.
532 3409 757 3478 Quanta
782 3418 978 3469 autem
1010 3427 1143 3469 cum
1179 3411 1504 3469 reverentia
1530 3410 1601 3469 ad
1624 3411 1821 3471 divina
1850 3419 2051 3487 myste-

340 3500 427 3558 ria
456 3506 557 3558 aut
587 3500 948 3573 celebranda,
973 3508 1073 3559 aut
1102 3502 1431 3574 recipienda
1462 3503 1813 3573 accederent,
1850 3503 2050 3562 multis

341 3589 404 3648 in
434 3589 574 3647 locis
602 3590 790 3664 prodit
819 3590 1150 3664 Gregorius.
1189 3592 1393 3649 Narrat
1440 3592 1501 3650 in
1548 3593 1694 3652 libro
1735 3594 1804 3651 de
1853 3594 2048 3653 Gloria

337 3676 687 3752 Martyrum,
744 3679 925 3753 capite
979 3680 1067 3749 87,
1120 3679 1443 3753 Epachium
1501 3683 1902 3757 presbyterum
1956 3682 2046 3739 di-

338 3769 566 3828 vinitus
590 3769 769 3827 fuisse
794 3772 1064 3843 punitum
1104 3773 1248 3841 quod
1283 3779 1474 3828 temere
1500 3791 1617 3844 quae
1642 3782 1758 3831 erat
1784 3777 2047 3844 indignus

338 3877 498 3931 agere
520 3865 977 3933 praesumpsisset.
1024 3862 1308 3920 Eumdem
1338 3863 1547 3934 arguit,
1603 3866 1755 3937 quod
1788 3865 1894 3923 etsi
1924 3872 2049 3937 post

334 3951 474 4025 galli
520 3958 755 4010 cantum
806 3951 1060 4023 bibisset,
1102 3968 1257 4009 sacra
1307 3959 1498 4011 tamen
1548 3956 1820 4029 mysteria
1868 3970 2045 4013 ausus

331 4041 536 4100 fuisset
582 4042 907 4100 celebrare:
943 4044 1115 4112 Quod,
1152 4041 1365 4117 inquit,
1389 4045 1617 4114 jejunus
1659 4050 1891 4115 quisque
1937 4062 2044 4100 non

333 4132 451 4185 sine
478 4136 622 4185 metu
641 4135 818 4201 potest
849 4136 1075 4185 terrente
1106 4133 1431 4186 conscientia
1456 4135 1751 4203 explicare,
1786 4138 1839 4186 et
1862 4131 2046 4203 capite

333 4218 702 4294 praecedenti,
736 4220 979 4287 deﬂenda
1007 4234 1118 4273 esse
1164 4224 1214 4273 et
1255 4221 1569 4290 plangenda
1598 4222 1798 4275 scelera
1826 4223 2041 4289 monet,

332 4326 467 4369 cum
499 4310 572 4368 ad
608 4308 786 4366 altare
814 4308 1207 4367 accedendum
1264 4317 1367 4379 est,
1406 4326 1475 4366 ne
1516 4326 1710 4381 corpus
1740 4315 1790 4365 et
1814 4312 2045 4378 sangui-

332 4418 453 4457 nem
491 4403 710 4455 Domini
733 4404 857 4454 actu
880 4401 1084 4470 polluti
1108 4402 1294 4469 potius
1324 4400 1397 4453 ad
1440 4399 1715 4466 judicium
1743 4417 2041 4466 sumamus,

332 4505 497 4559 quam
518 4494 577 4543 ut
594 4490 807 4543 veniam
828 4504 1237 4557 consequamur.
1264 4484 1584 4558 Nequidem
1608 4485 1789 4542 videri
1814 4487 1899 4543 fas
1924 4493 2047 4545 erat

2135 3319 2314 3377 altare
2347 3319 2621 3377 invitasse
2673 3328 3044 3391 memoratur,
3090 3328 3153 3379 ut
3190 3320 3395 3378 natalis
3434 3321 3717 3379 Dominici
3753 3338 3857 3381 so-

2133 3406 2487 3466 lemnitatem
2525 3409 2856 3469 celebraret.
2888 3413 3205 3466 Albentium
3231 3426 3460 3482 quoque
3492 3412 3856 3469 diaconorum

2134 3499 2297 3557 turba
2326 3499 2516 3556 aderat
2549 3499 2698 3557 beati
2728 3499 2932 3557 Nicetii
2968 3499 3375 3569 Lugdunensis
3405 3498 3655 3572 episcopi
3684 3518 3859 3561 exse-

2130 3589 2303 3661 quiis,
2339 3604 2413 3645 ex
2463 3586 2610 3645 libro
2659 3588 2729 3645 de
2768 3587 2961 3645 Gloria
3024 3586 3451 3655 Confessorum,
3509 3587 3694 3662 capite
3752 3590 3851 3649 61.

2132 3679 2521 3739 Sacerdotales
2553 3686 2736 3736 vestes
2762 3678 2889 3735 aliis
2917 3678 2979 3735 in
3012 3678 3147 3735 locis
3177 3687 3608 3737 commemorat.
3646 3681 3847 3740 Habe-

2129 3788 2259 3829 mus
2290 3787 2425 3829 vero
2451 3771 2510 3827 in
2538 3769 2685 3828 libro
2715 3770 2785 3827 de
2818 3769 2962 3827 Vitis
2995 3769 3251 3840 Patrum,
3278 3770 3461 3843 capite
3489 3772 3540 3843 8,
3576 3774 3851 3845 candida,

2128 3871 2313 3921 vestes
2370 3861 2584 3919 scilicet
2638 3860 2880 3933 amplas,
2938 3860 3021 3918 uti
3074 3860 3155 3918 ibi
3213 3860 3642 3932 describuntur,
3697 3879 3855 3937 quas

2130 3950 2288 4007 festis
2322 3947 2684 4022 paschalibus
2736 3947 3095 4006 sacerdotum
3136 3950 3401 4007 humeris
3450 3950 3672 4023 imponi
3715 3966 3855 4009 mos

2127 4047 2264 4099 erat.
2294 4038 2553 4110 Idipsum
2592 4045 2674 4097 est
2711 4038 3147 4101 vestimentum.
3185 4039 3245 4095 ni
3290 4038 3474 4107 fallor,
3506 4038 3661 4112 quod
3702 4055 3853 4097 san-

2127 4134 2252 4185 ctus
2284 4127 2588 4200 Remigius
2626 4131 3003 4202 amphibalum
3040 4131 3223 4184 album
3247 4130 3562 4199 paschalem
3592 4128 3852 4199 appellat

2127 4216 2188 4273 in
2240 4232 2345 4275 suo
2399 4223 2755 4289 testamento,
2782 4234 2957 4292 quem
3016 4218 3278 4292 episcopo
3339 4216 3444 4274 sibi
3503 4232 3851 4275 successuro

2127 4305 2380 4379 reliquit.
2408 4305 2764 4365 Vestimenta
2793 4314 2986 4365 autem
3007 4308 3077 4365 ad
3105 4323 3261 4365 sacra
3291 4306 3550 4364 facienda
3572 4305 3631 4362 in
3657 4322 3850 4363 sacra-

2128 4400 2214 4458 rio
2259 4401 2723 4469 assumebantur,
2755 4401 2855 4459 ubi
2890 4401 3131 4474 peractis
3174 4398 3473 4456 solemniis
3502 4396 3711 4470 deponi
3741 4414 3847 4455 so-

2127 4490 2338 4549 lebant.
2388 4492 2620 4550 Etenim
2648 4510 2781 4551 cum
2822 4508 2976 4565 mgre
3024 4493 3190 4548 ferret
3223 4491 3644 4557 Guntramnus,
3679 4491 3849 4562 quod

329 4594 491 4636 sacra
517 4593 759 4636 munera
782 4576 947 4634 altari
980 4576 1265 4647 imposita,
1305 4589 1482 4647 quare
1521 4573 1776 4633 Nicetius
1805 4576 2098 4650 Lugdu-D
2126 4578 2415 4639 Palladius
2458 4579 2778 4639 Santonum
2808 4579 3125 4652 episcopus,
3159 4576 3261 4649 qui
3304 4574 3685 4633 Gundovaldo
3729 4575 3845 4632 ad-

335 4668 532 4729 nensis
560 4668 797 4726 antistes
824 4667 885 4723 in
916 4666 1046 4722 visu
1081 4663 1311 4720 cuidam
1346 4663 1675 4737 presbytero
1704 4667 2037 4739 apparuisse

334 4757 625 4815 dicituriu
659 4755 805 4813 Vitis
844 4755 1102 4817 Patrum,
1133 4752 1316 4824 capite
1367 4752 1422 4823 8,
1476 4758 1539 4809 ut
1586 4753 1931 4827 prohiberet,
1965 4773 2038 4815 ne

333 4848 773 4923 coopertorium,
809 4845 960 4919 quod
989 4859 1185 4901 rarum
1216 4850 1383 4913 esset,
1420 4860 1523 4901 nec
1579 4861 1644 4903 eo
1698 4845 1864 4918 plane
1894 4854 2038 4918 tege-

334 4950 534 5000 rentur
591 4955 748 4997 sacra
804 4935 1095 5007 mysteria,
1125 4950 1297 5007 super
1320 4936 1499 4992 altare
1532 4948 1859 5009 poneretur.
1891 4936 2038 4996 Vasa

332 5033 453 5106 ipsa
485 5047 617 5105 quae
656 5029 726 5087 ad
766 5041 991 5085 sacrum
1032 5023 1421 5084 ministerium
1464 5026 1911 5099 adhibebantur,
1946 5046 2038 5087 sa-

330 5127 484 5179 crata
515 5118 726 5192 passim
760 5122 1057 5187 nuncupat
1085 5113 1413 5186 Gregorius,
1448 5132 1698 5189 quorum
1752 5118 1908 5175 varia
1940 5135 2037 5191 ge-

330 5226 469 5269 nera
506 5225 607 5283 pro
639 5209 769 5265 data
807 5205 1102 5264 occasione
1142 5215 1570 5276 commemorat,
1618 5209 1844 5275 calices,
1880 5216 2037 5280 pate-

330 5319 457 5371 nas,
498 5308 704 5371 turres,
740 5315 957 5369 cruces,
992 5305 1095 5356 etc.
1158 5299 1236 5357 Ea
1290 5316 1426 5358 vero
1481 5300 1549 5357 ad
1584 5303 1845 5355 humanos
1908 5317 2037 5355 usus

329 5397 524 5465 aptare
558 5389 849 5464 piaculum
875 5388 1091 5463 grande
1111 5390 1501 5462 computabat,
1529 5389 2036 5460 praevaricatorum

325 5478 709 5537 temeritatem
760 5494 793 5536 a
840 5477 956 5537 Deo
985 5477 1249 5552 punitam
1302 5477 1480 5535 fuisse
1520 5474 1694 5532 variis
1742 5476 2035 5534 miraculis

327 5570 724 5642 comprobans.
752 5568 860 5627 Illa
887 5576 1084 5627 autem
1116 5566 1315 5624 omnia
1350 5581 1483 5622 vasa
1510 5579 1627 5621 non
1659 5564 1847 5623 solum
1886 5565 2031 5624 Gre-

322 5656 541 5728 gorius,
576 5655 675 5715 sed
730 5662 785 5714 et
841 5653 1035 5713 caeteri
1062 5653 1187 5725 ejus
1218 5649 1331 5709 mvi
1361 5656 1621 5709 auctores
1653 5650 1827 5709 unico
1858 5667 2028 5710 voca-

2123 4668 2385 4737 hmserat,
2433 4684 2624 4726 coram
2653 4685 2719 4726 eo
2748 4682 2906 4725 sacra
2950 4666 3175 4731 faceret,
3210 4662 3309 4721 ille
3340 4663 3443 4736 qui
3467 4664 3588 4737 jam
3633 4664 3843 4725 lectio—

2119 4773 2221 4814 nes
2254 4757 2583 4827 incceperat,
2610 4757 2667 4813 in
2701 4753 3015 4811 sacrarium
3054 4753 3302 4811 recessit.

2193 4849 2279 4906 50.
2343 4848 2581 4905 Munera
2629 4844 2828 4902 lideles
2879 4842 3210 4910 offerebant,
3248 4850 3310 4902 ut
3357 4861 3460 4918 pro
3519 4845 3601 4902 eis
3640 4844 3844 4904 Missa:

2120 4938 2589 5005 celebrarentur;
2640 4936 2791 5009 quod
2835 4934 3029 4992 innuit
3062 4933 3372 5007 Gregorius
3416 4937 3477 4992 in
3515 4935 3716 4995 librOI
3762 4936 3844 4995 de

2122 5030 2311 5088 Gloria
2343 5027 2680 5099 Martyrum,
2709 5027 2890 5099 capite
2922 5026 3009 5095 75,
3044 5026 3141 5082 ubi
3172 5030 3475 5095 frigoritici
3524 5027 3837 5085 sanitatem

2123 5133 2488 5189 recuperasse
2526 5122 2937 5186 memorantur,
2972 5114 3072 5188 qui
3113 5113 3315 5170 Missas
3350 5114 3412 5170 in
3442 5114 3658 5173 honore
3694 5132 3838 5173 san-

2121 5206 2195 5263 cti
2231 5203 2585 5275 Sigismundi
2618 5203 2928 5273 celebrare,
2960 5212 3012 5259 et
3044 5203 3394 5261 oblationem
3427 5220 3528 5277 pro
3568 5205 3695 5279 ejus
3737 5223 3836 5265 re-

2121 5292 2255 5364 quie
2288 5290 2402 5349 Deo
2456 5292 2658 5349 offerre
2696 5299 3057 5349 curaver.nt.
3096 5290 3239 5347 Item
3291 5291 3504 5349 clarius
3552 5292 3839 5364 exprimit

2120 5382 2267 5440 libro
2302 5396 2317 5439 t
2347 5384 2417 5439 de
2453 5382 2746 5440 Miraculis
2769 5381 2947 5438 sancti
2978 5380 3228 5451 Martini,
3262 5380 3442 5454 capite
3479 5383 3561 5449 1'2,
3597 5381 3697 5439 ubi
3738 5382 3837 5440 Ul-

2122 5473 2405 5545 trogottha
2425 5472 2623 5543 regina
2642 5473 2710 5529 ad
2736 5469 2919 5528 sancti
2948 5469 3179 5527 Martini
3198 5470 3496 5528 ecclesiam
3521 5469 3835 5531 advenisse

2114 5562 2361 5634 dicitur,
2424 5571 2479 5618 et
2528 5564 2716 5617 multis
2778 5562 3091 5617 muneribus
3142 5563 3341 5617 oblatis
3398 5558 3724 5632 cxpetiisse,
3759 5568 3831 5619 ut

2111 5651 2284 5710 Missa
2334 5652 2395 5709 in
2426 5652 2608 5709 sancti
2637 5650 2981 5709 confessoris
3030 5653 3244 5710 honore
3293 5656 3654 5707 revocaretur.
3720 5649 3825 5709 Vi-

321 5746 461 5809 bulo
488 5750 850 5806 ministerium
874 5741 1259 5817 appellabant,
1280 5739 1635 5815 quandoque
1661 5744 2025 5800 ministerium
2108 5758 2252 5801 num
2299 5741 2572 5801 offerebat
2605 5740 2861 5815 quotidie
2907 5741 2978 5800 ad
3037 5740 3387 5799 sacriﬁcium
3429 5739 3827 5813 peragendum
