3972 6340
102 368 158 426 45

1634 362 2048 426 PIUEFATIO.

3512 372 3583 430 46

101 505 189 564 pro
219 490 349 548 viro
372 504 479 548 suo
502 488 773 549 defuncto
799 490 1011 549 mulier
1034 490 1208 549 vidua
1245 491 1307 548 in
1334 490 1481 549 libro
1507 491 1577 549 de
1602 490 2147 559 GloriaAconcavo,
2189 494 2288 549 aut
2336 488 2398 547 in
2444 489 2701 564 ampulla
2741 489 2864 547 sive
2900 489 3133 563 capsula
3170 491 3477 564 conclusze,
3518 495 3583 554 in

103 578 526 647 Confessorum,
565 580 748 652 capite
786 580 875 648 65,
934 580 1065 638 licet
1103 580 1224 653 ipsa
1275 580 1345 637 ad
1399 585 1795 637 communican-

100 670 217 721 dum
242 668 435 724 rarius
471 668 779 725 accederet.
818 668 927 726 Sed
976 676 1029 725 et
1076 668 1331 726 diversas
1361 684 1553 727 rerum
1584 668 1799 741 species

99 774 125 815 a
149 758 420 815 ﬁdelibus
467 758 686 814 oblatas
715 757 969 814 ecclesiis
1027 758 1203 815 fuisse
1246 774 1315 815 ex
1367 759 1549 832 capite
1580 759 1611 817 ‘2
1642 760 1797 833 ejus-

100 848 216 904 dem
257 847 392 904 libri
437 855 656 904 certum
689 854 793 917 est,
828 854 881 905 et
920 847 1152 921 quidem
1184 864 1356 921 super
1399 848 1596 921 altare,
1643 850 1798 923 quod

102 944 237 1011 patet
266 953 345 994 ex
388 937 651 1009 pluribus
679 936 811 994 aliis
840 936 997 995 locis.
1036 938 1120 996 0b
1151 937 1510 997 decimarum
1542 956 1676 997 vero
1706 955 1799 997 so-

103 1027 345 1085 lutiones
365 1043 397 1082 a
420 1028 645 1100 populis
668 1030 951 1099 neglectas
973 1027 1224 1099 regionis
1253 1027 1577 1087 exscidium
1610 1030 1797 1087 mina-

106 1125 184 1175 tus
202 1125 287 1173 est
312 1116 516 1174 beatus
538 1116 861 1191 Hospieius,
890 1117 951 1175 in
974 1117 1118 1175 libro
1145 1130 1203 1176 v1
1228 1118 1519 1188 Historiae,
1550 1119 1731 1191 capite
1746 1118 1798 1178 6.

104 1204 487 1263 Memorabilis
513 1211 705 1263 autem
736 1214 818 1264 est
847 1207 1223 1266 Lemovicum
1249 1210 1497 1281 devotio,
1542 1210 1642 1283 qui
1684 1227 1799 1269 non

102 1296 281 1353 solum
316 1294 501 1352 semel
529 1303 628 1352 aut
657 1296 890 1365 iterum,
915 1303 1017 1355 aut
1045 1298 1274 1372 quando
1302 1298 1521 1369 liberet,
1559 1317 1798 1359 munera

102 1384 351 1443 ecclesiae
383 1386 568 1443 sancti
596 1386 835 1445 Juniani
888 1388 1094 1447 oﬂ‘erre
1118 1400 1558 1462 consueverant,
1594 1407 1798 1449 verum

102 1478 259 1535 etiam
285 1478 416 1550 ejus
440 1478 619 1538 veluti
644 1482 926 1536 tributarii
950 1482 1103 1552 facti,
1118 1484 1192 1536 ad
1208 1485 1414 1538 tributa
1431 1482 1677 1555 singulis
1692 1499 1797 1540 an-

100 1570 181 1626 nis
196 1570 362 1626 statis
386 1566 595 1626 diebus
610 1570 661 1627 ei
674 1570 1050 1643 persolvenda
1070 1588 1191 1630 sese
1221 1572 1373 1645 ipsos
1384 1573 1797 1645 obligaverant.

162 1662 249 1719 51.
285 1660 673 1719 Ecclesiarum
694 1678 796 1721 seu
818 1663 1187 1722 basilicarum
1217 1666 1462 1723 formam
1491 1671 1547 1721 et
1576 1664 1801 1737 magni-

100 1751 388 1808 ﬁcentiam
422 1766 539 1808 non
570 1751 633 1808 in
665 1767 781 1810 uno
812 1752 937 1811 loco
962 1752 1232 1811 describit
1271 1753 1601 1827 Gregorius.
1640 1752 1801 1812 Unde

1881 578 2002 649 ipsa
2046 576 2242 633 altaris
2278 582 2563 635 structura
2602 577 3053 651 deponebantur,
3087 578 3286 651 quales
3328 596 3389 637 se
3417 580 3584 639 inve-

1880 669 2034 725 nisse
2068 673 2302 725 testatur
2328 668 2637 741 Gregorius
2668 668 2725 725 in
2757 669 2871 727 line
2903 668 3033 725 libri
3065 668 3293 728 decimi.
3326 675 3585 730 Loculum

1879 755 2125 828 appellat
2167 754 2313 812 libro
2353 768 2368 811 t
2412 758 2481 813 de
2511 756 2704 813 Gloria
2735 754 3070 827 Martyrum,
3102 758 3282 829 capite
3324 758 3410 831 34,
3454 778 3585 836 par-

1883 849 1996 900 tem
2031 842 2188 899 illam
2220 843 2436 911 allaris,
2472 843 2528 900 in
2562 860 2678 917 qua
2710 843 2952 901 inclusae
2982 844 3263 917 ejusmodi
3296 848 3580 923 reliquiae.

1883 932 1998 990 Nos
2018 932 2188 989 bodie
2211 934 2529 1002 Sepulcrum
2552 948 2882 1004 nuncupam
2893 949 2977 1003 us,
3002 934 3154 1006 quod
3177 946 3588 1008 repraesentare

1884 1021 2147 1080 videatur
2194 1026 2523 1079 sanctorum
2564 1019 2843 1093 sepulcra,
2876 1036 3046 1094 super
3091 1038 3223 1095 quze
3261 1024 3585 1099 antiquitus

1883 1112 2085 1170 altaria
2113 1112 2256 1184 erigi
2288 1110 2566 1169 solebant.
2602 1111 2717 1169 Nec
2746 1111 2901 1170 enim
2931 1112 3072 1169 olim
3106 1112 3307 1171 licebat
3346 1115 3455 1172 nisi
3487 1132 3586 1175 su-

1883 1220 1984 1278 per
2031 1209 2363 1261 sanctorum
2410 1208 2728 1275 martyrum
2779 1202 3052 1276 reliquias
3092 1204 3291 1261 altaria
3342 1205 3583 1278 erigere.

1882 1296 2045 1355 Unde
2070 1298 2127 1354 in
2154 1295 2470 1369 majoribus
2494 1296 2751 1354 ecclesiis
2772 1298 2949 1354 altare
2972 1298 3159 1369 majus
3183 1306 3243 1355 ut
3267 1299 3587 1371 plurimum

1883 1385 1944 1442 in
1977 1386 2100 1443 loco
2134 1386 2285 1443 edito
2315 1393 2594 1444 structum
2626 1393 2762 1454 erat,
2811 1386 2924 1444 sub
2968 1403 3028 1445 se
3078 1387 3295 1445 habens
3328 1396 3587 1461 cryptam

1883 1482 2209 1534 sanctorum
2239 1476 2501 1550 reliquiis
2533 1477 2870 1534 instructam
2900 1496 2913 1533 :
2947 1492 3081 1551 quae
3111 1482 3166 1535 et
3207 1492 3379 1536 suum
3408 1480 3587 1538 altare

1884 1564 2149 1623 habebat.
2189 1565 2413 1639 Cryptze
2443 1581 2577 1624 vero
2604 1565 2722 1624 illze
2753 1582 2884 1639 quae
2919 1582 3092 1641 snpra
3120 1575 3448 1627 sanctorum
3494 1576 3587 1629 tu-

1884 1655 2072 1713 mulos
2103 1663 2444 1713 constructae
2485 1662 2665 1725 erant,
2700 1655 3002 1713 nonnullis
3033 1657 3093 1713 in
3124 1656 3265 1715 locis
3295 1661 3588 1727 confessio-

1883 1763 1976 1801 nes
2007 1752 2362 1819 nuncupatze
2392 1748 2648 1812 fuerunt,
2682 1744 2961 1803 Romanae
2994 1744 3266 1803 Ecclesiae
3298 1747 3589 1820 exemplo.

100 1841 422 1913 intelligere
451 1840 583 1898 licet
612 1850 826 1915 quanta
856 1843 1030 1902 fuerit
1059 1850 1287 1917 patrum
1320 1852 1649 1904 nostrorum
1678 1845 1799 1918 pie-
1820 1837 2113 1917 BEtenim
2147 1840 2408 1906 con/88850
2444 1840 2622 1893 εαηοίί
2648 1840 2797 1893 Petri
2827 1836 3171 1909 301115911101
3202 1836 3498 1895 dicebatur
3526 1853 3594 1897 ea

99 1938 194 1999 tas,
249 1929 355 2003 qui
397 1945 501 1987 nec
552 1930 880 2003 sumptibus
926 1940 1303 2005 pepercerunt
1336 1950 1437 1992 nec
1485 1933 1798 2005 laboribus,

98 2034 226 2077 cum
259 2020 332 2075 de
358 2018 675 2078 condendis
703 2028 759 2078 et
786 2021 1136 2081 adornaudis
1164 2022 1435 2081 domibus
1466 2023 1580 2082 Deo
1612 2040 1801 2082 sacra-

99 2108 159 2165 tis
197 2114 402 2167 actum
448 2116 550 2166 est.
610 2109 776 2184 Legis
826 2110 960 2169 libri
1005 2125 1046 2170 II
1095 2112 1365 2171 Historia:
1412 2114 1595 2187 capita
1632 2116 1692 2173 14
1750 2122 1805 2174 et

102 2198 175 2270 16,
208 2198 271 2257 in
304 2215 559 2273 quorum
588 2201 765 2273 priori
796 2201 1153 2261 Turonensis
1179 2204 1360 2261 sancti
1392 2203 1622 2263 Martini
1650 2205 1805 2263 basi-

98 2290 218 2359 lica,
252 2288 317 2346 in
346 2290 527 2347 altero
560 2293 737 2346 senior
760 2292 995 2349 ecclesia
1026 2293 1411 2351 Arvernensis
1437 2294 1802 2355 describitur.

100 2379 406 2449 Marmora,
460 2381 730 2453 picturas,
776 2398 967 2450 aurea,
1021 2391 1406 2457 argenteaque
1446 2393 1805 2459 ornamenta,

100 2471 241 2541 vela,
272 2470 530 2543 palliola,
558 2478 703 2528 tecta
749 2471 870 2543 ipsa
901 2488 974 2529 ex
1012 2488 1126 2531 iere
1166 2475 1443 2546 confecta,
1476 2476 1546 2533 ad
1589 2492 1807 2535 ornari-

101 2560 190 2617 das
228 2560 520 2629 ecclesias
577 2559 833 2617 adhibita
876 2560 1054 2619 fuisse
1104 2562 1320 2635 passim
1370 2570 1802 2624 commemorat.

99 2647 251 2707 Duas
278 2648 542 2706 ecclesias
573 2649 891 2723 praecipuas
922 2658 1107 2723 partes
1162 2652 1341 2711 fuisse
1369 2670 1441 2711 ex
1475 2655 1674 2713 eodem
1721 2655 1811 2713 di-

98 2738 337 2809 scimus,
374 2754 609 2812 capsum
640 2740 873 2811 (navim
915 2740 1403 2813 interpretamur)
1431 2750 1485 2801 et
1517 2746 1809 2818 presbyte-

99 2826 277 2895 rium,
312 2826 396 2884 sic
442 2827 682 2896 dictum,
727 2828 881 2903 quod
925 2827 1005 2885 ibi
1040 2829 1356 2903 presbyteri
1388 2840 1536 2889 stare
1565 2848 1812 2891 consue-

99 2918 311 2974 verint.
352 2917 763 2992 Nuncupatum
802 2926 886 2976 est
933 2918 1105 2977 etiam
1154 2938 1269 2978 non
1310 2923 1485 2980 semel
1527 2926 1809 2989 altarium,

99 3007 259 3080 quod
312 3008 397 3066 ibi
428 3010 607 3067 altare
653 3011 840 3082 majus
879 3010 1197 3069 exsisteret.
1228 3014 1577 3085 Analogium
1618 3015 1680 3072 in
1720 3031 1813 3072 ec-

96 3098 269 3156 clesia
296 3098 481 3156 sancti
512 3098 833 3157 Venerandi
854 3100 1008 3171 apud
1028 3102 1321 3159 Arvernos
1344 3103 1635 3161 exstitisse
1660 3108 1816 3161 testa-

1886 1928 2148 1987 Vaticani
2176 1944 2327 2002 pars,
2360 1930 2421 1987 in
2447 1944 2563 2002 qua
2590 1928 2888 1987 beatorum
2915 1927 3325 2002 Apostolorum
3355 1944 3592 2002 corpora

1886 2018 2273 2091 requiescunt.
2312 2016 2405 2076 Sic
2441 2023 2496 2075 et
2525 2020 2718 2073 limina
2752 2018 2933 2075 sancti
2965 2018 3214 2087 Martini,
3266 2024 3364 2077 aut
3411 2019 3593 2077 sancti

1885 2103 2094 2162 Hilarii
2125 2104 2561 2177 appellabantur
2590 2105 2923 2162 eorumdem
2954 2113 3281 2165 sanctorum
3315 2108 3589 2185 basilicae,

1885 2193 2039 2266 quod
2077 2209 2192 2264 eas,
2236 2194 2320 2251 uti
2351 2200 2405 2251 et
2436 2197 2628 2249 limina
2664 2194 3047 2265 Apostolorum
3078 2195 3278 2254 Romae
3308 2200 3597 2257 exsisten-

1890 2282 1965 2341 tia
2008 2283 2293 2357 peregrini
2327 2283 2577 2341 invisere
2611 2284 2877 2357 solerent.
2923 2284 3197 2359 Legimus
3239 2288 3410 2345 etiam
3443 2290 3596 2363 apud

1891 2374 2231 2447 Gregorium
2264 2379 2592 2431 sanctorum
2624 2374 2897 2445 reliquias
2931 2374 2992 2431 in
3029 2374 3375 2448 baptisteriis
3409 2394 3594 2437 asser-

1891 2468 2049 2521 vatas
2080 2464 2300 2521 fuisse:
2343 2471 2399 2521 at
2436 2463 2537 2521 illa
2576 2462 2907 2537 baptisteria
2944 2464 3174 2522 diversa
3218 2465 3290 2523 ab
3335 2468 3600 2527 oratoriis

1894 2557 2112 2615 censeri
2146 2572 2258 2614 non
2290 2554 2519 2621 debent,
2552 2554 2704 2629 quod
2736 2554 2815 2612 ibi
2848 2570 2962 2613 non
3002 2556 3190 2614 solum
3226 2557 3601 2617 administra-

1896 2655 2053 2706 retur
2110 2646 2379 2719 baptismi
2431 2653 2880 2716 sacramentum,
2914 2646 3012 2703 sed
3058 2654 3112 2704 et
3159 2664 3318 2706 sacra
3369 2664 3602 2723 quoque

1894 2738 2186 2811 mysteria,
2232 2745 2286 2794 et
2330 2753 2538 2795 cursus
2572 2737 2757 2796 divini
2804 2738 3248 2799 celebrarentur.
3304 2740 3605 2815 Reliquias

1895 2831 2073 2888 sancti
2109 2828 2292 2901 Sergii
2324 2827 2591 2901 martyris
2624 2831 2683 2883 in
2719 2830 2943 2884 sublimi
2967 2833 3199 2901 parietis
3239 2836 3427 2887 contra
3456 2835 3604 2889 alta-

1895 2924 2039 2977 rium
2064 2923 2121 2975 in
2143 2921 2367 2991 capsula
2392 2920 2696 2974 reconditas
2722 2920 2985 2976 servabat
3018 2920 3334 2980 Eufronius
3368 2923 3607 2996 quidam

1900 3011 2083 3085 Syrus
2111 3011 2172 3067 in
2201 3010 2371 3067 domo
2398 3025 2522 3079 sua,
2553 3024 2727 3083 quam
2758 3010 2911 3083 apud
2944 3009 3315 3083 Burdigalam
3342 3014 3400 3070 in
3432 3014 3607 3073 eccle-

1898 3102 2038 3160 siam
2063 3100 2409 3159 convertisse
2432 3109 2783 3158 memoratur
2813 3102 2961 3175 apud
2996 3102 3334 3173 Gregorium
3360 3104 3507 3163 libro
3527 3116 3609 3165 VII

99 3196 187 3247 tur
216 3190 283 3247 in
314 3189 468 3288 litim
497 3190 567 3247 de
591 3189 809 3285 .Gloria
846 3190 1272 3261 Confessorum,
1303 3193 1483 3266 capite
1524 3195 1611 3265 37,
1661 3194 1814 3269 quod
1837 3192 2186 3288 Cliistorite,
2216 3191 2396 3262 capite
2430 3190 2517 3247 31.
2554 3190 2665 3248 Sed
2697 3197 2761 3288 et.
2785 3191 2843 3286 in
2893 3189 3025 3288 aliis
3066 3193 3281 3288 passim
3332 3192 3607 3288 locis__oc-

98 3275 419 3333 tribunalis
446 3276 684 3333 nomine
707 3277 851 3335 alias
871 3279 1175 3351 designare
1206 3280 1450 3339 videtur.
1486 3281 1571 3339 Ibi
1604 3282 1817 3355 episco-

99 3383 205 3439 pus
260 3366 738 3434 concionabatur,
798 3383 913 3441 quo
960 3368 1133 3426 etiam
1179 3368 1239 3426 in
1292 3371 1413 3427 loco
1460 3371 1731 3443 Epistolae
1762 3377 1818 3429 et

98 3456 408 3529 Evangelii
435 3456 769 3527 legebantur
789 3456 849 3514 in
862 3458 1244 3516 conventibus
1262 3460 1510 3532 publicis
1538 3462 1813 3520 tidelium.

100 3546 377 3619 Analogii
419 3548 627 3605 veteris
675 3556 994 3607 accuratam
1035 3550 1475 3623 descriptionem
1517 3568 1590 3610 ex
1636 3554 1818 3612 sancti

100 3635 423 3694 Clementis
454 3636 691 3694 ecclesia
721 3638 919 3696 Romm
950 3638 1127 3697 habes
1149 3641 1301 3711 apud
1328 3640 1730 3701 Mabillonium
1760 3644 1822 3701 in

101 3726 538 3785 Commentario
554 3729 767 3800 praevio
786 3732 857 3787 ad
877 3730 1141 3789 ordinem
1164 3732 1511 3805 Romanum,
1538 3734 1635 3792 ubi
1649 3734 1822 3792 etiam

103 3818 233 3892 ejus
266 3816 747 3890 iconographiam
778 3828 1166 3895 repraesentat.
1212 3822 1393 3881 Erant
1422 3832 1697 3897 praeterea
1728 3840 1821 3883 ec-

102 3908 423 3967 clesiarum
454 3910 728 3982 porticus,
758 3921 993 3987 cryptae,
1025 3930 1091 3972 ac
1121 3930 1546 3988 nonnunquam
1576 3915 1822 3974 oratoria

106 3998 249 4072 ipsis
277 3998 576 4073 adjuncta,
609 4018 742 4078 quae
779 4010 833 4061 et
862 4020 966 4062 sua
991 4005 1283 4065 habebant
1313 4007 1535 4066 altaria.
1578 4007 1729 4077 Quin
1769 4012 1824 4066 et

106 4092 280 4163 plura
320 4091 387 4148 in
416 4091 590 4149 unica
627 4092 862 4153 basilica
889 4098 1138 4155 oratoria
1175 4112 1602 4172 nonnunquam
1642 4100 1821 4158 fuisse

107 4195 178 4236 ex
212 4181 423 4238 multis
463 4182 723 4256 Gregorii
765 4185 902 4243 locis
941 4186 1107 4244 facile
1146 4188 1523 4261 probaretur:
1559 4190 1681 4263 lege
1712 4190 1821 4248 Hi-

110 4268 347 4325 storiam
376 4268 523 4327 libro
537 4282 594 4341 V,
609 4274 791 4345 capite
812 4273 899 4346 50,
914 4282 1017 4333 etc.
1036 4276 1317 4335 Ecelesias
1332 4293 1465 4337 vero
1476 4278 1820 4351 complures,

111 4361 363 4417 oratoria
430 4367 488 4418 et
531 4362 735 4421 altaria
783 4382 816 4422 a
869 4382 929 4423 se
1011 4374 1335 4426 consecrata
1396 4370 1570 4427 fuisse
1625 4368 1825 4427 scribit

112 4448 245 4507 libri
279 4463 320 4508 Χ
353 4452 539 4524 capite
566 4454 791 4525 ultimo,
824 4456 923 4513 sed
962 4456 1338 4516 dedicationis
1368 4460 1626 4517 ecclesiae
1654 4475 1827 4517 caere-

1899 3287 2139 3337 currunt
2179 3286 2507 3335 sanctorum
2556 3277 2766 3335 tumuli
2798 3278 2855 3334 in
2889 3278 3258 3337 ecclesiarum
3294 3281 3611 3353 parietibus

1902 3369 2134 3439 inclusi,
2164 3384 2266 3427 seu
2300 3366 2491 3442 potius
2521 3366 2582 3423 in
2611 3367 2879 3436 arcubus,
2914 3368 3014 3441 qui
3058 3370 3209 3427 intra
3239 3370 3390 3444 ipsos
3424 3372 3610 3445 parie-

1903 3464 1986 3514 tes
2031 3454 2344 3514 constructi
2390 3462 2570 3512 erant.
2604 3454 2917 3529 Nunquam
2951 3472 3084 3515 vero
3116 3466 3443 3518 sanctorum
3472 3460 3609 3520 reli-

1904 3547 2069 3620 quias
2098 3562 2274 3619 super
2291 3545 2487 3612 altare,
2516 3543 2627 3601 nisi
2657 3545 2893 3603 fortasse
2921 3545 3257 3605 brevissimo
3284 3548 3609 3622 intervallo,

1904 3638 2188 3710 deponere
2212 3636 2298 3692 fas
2323 3634 2453 3702 fuit,
2477 3633 2630 3707 quod
2656 3634 2891 3691 nonnisi
2916 3633 2978 3692 in
3004 3651 3204 3693 earum
3233 3638 3615 3698 translationi-

1906 3730 2031 3799 bus,
2062 3735 2160 3786 aut
2182 3726 2699 3801 supplicationibus
2720 3724 2989 3799 publicis,
3018 3728 3119 3785 vix
3156 3729 3609 3801 permittebatur.

1974 3820 2063 3878 53.
2096 3820 2437 3878 Sanctorum
2466 3816 2683 3875 tumuli
2712 3816 2900 3889 palliis
2926 3818 3136 3890 operiri
3172 3828 3613 3893 consueverant,

1904 3919 1960 3969 et
1981 3909 2249 3969 cancellis
2270 3908 2510 3979 includi,
2525 3908 2571 3966 si
2595 3924 2839 3981 magnus
2858 3917 3004 3967 esset
3024 3908 3094 3966 ad
3118 3910 3245 3969 illos
3269 3908 3614 3985 populorum

1904 4017 2219 4061 concursus
2251 4018 2265 4071 ;
2317 4000 2533 4059 ciboria
2575 3998 2750 4057 etiam
2780 4014 2952 4071 super
2982 4000 3133 4073 ipsos
3164 4002 3614 4063 exstruebantur

1905 4101 1961 4151 et
1989 4094 2185 4159 fredze,
2217 4091 2276 4149 id
2304 4095 2388 4149 est
2422 4090 2781 4158 umbracula,
2815 4091 3029 4162 quibus
3060 4091 3121 4148 in
3152 4092 3469 4164 pyramidis
3499 4107 3617 4151 mo-

1907 4183 2051 4241 dum
2080 4180 2478 4239 desinentibus
2509 4195 2930 4251 nonnunquam
2962 4196 3109 4238 crux
3141 4181 3199 4237 in
3235 4182 3460 4254 fastigio
3500 4183 3613 4241 im-

1908 4272 2090 4346 posita
2118 4276 2257 4341 erat,
2293 4276 2355 4328 ut
2383 4269 2453 4327 de
2483 4267 2710 4325 tumulo
2743 4268 2923 4324 sancti
2952 4267 3173 4326 Juliani
3207 4270 3478 4343 martyris
3507 4272 3610 4329 ob—

1910 4368 2098 4420 servat
2119 4360 2447 4430 Gregorius,
2480 4358 2659 4431 capite
2689 4355 2757 4413 20
2788 4357 2913 4431 ejus
2940 4357 3375 4418 Miraculorum.
3410 4361 3610 4421 Crucis

1908 4452 2029 4510 loco
2058 4447 2356 4509 nonnullis
2390 4448 2574 4505 inerat
2605 4444 2889 4516 columba,
2922 4447 3111 4521 qualis
3150 4448 3437 4507 exstitisse
3467 4450 3611 4509 dici-

114 4538 341 4596 monias
371 4540 713 4613 singulatim
740 4545 978 4617 exponit
1006 4546 1067 4603 in
1096 4546 1243 4605 libro
1269 4548 1339 4604 de
1370 4547 1562 4606 Gloria
1588 4549 2003 4613 Confes-Dtur
2065 4556 2239 4613 supra
2306 4536 2455 4595 beati
2532 4535 2791 4610 Dionysii
2868 4535 3199 4609 sepulcrum
3271 4537 3335 4596 in
3392 4538 3538 4599 libro
3594 4554 3612 4600 Ι

111 4645 333 4701 serum,
388 4632 573 4704 capite
623 4634 712 4704 '20,
766 4635 867 4693 ubi
896 4636 1128 4693 oratorii
1160 4637 1251 4695 sui
1280 4638 1696 4697 dedicationem
1735 4640 1828 4697 de-

114 4722 330 4779 scribit.
366 4722 588 4781 Altaria
617 4732 812 4783 autem
863 4742 1194 4784 consecrare
1237 4728 1455 4801 absque
1499 4737 1827 4787 sanctorum

117 4810 385 4883 reliquiis
414 4814 577 4871 nefas
615 4822 753 4872 erat.
791 4816 950 4874 Unde
980 4816 1271 4876 Palladius
1302 4818 1676 4877 Santonensis
1705 4820 1828 4893 epi-

116 4916 325 4973 scopus
370 4918 404 4958 a
458 4910 657 4961 sancto
705 4905 978 4975 Gregorio
1028 4922 1173 4978 papa
1217 4908 1503 4976 ejusmodi
1556 4908 1828 4981 reliquias

117 4991 393 5064 poposcit,
434 5009 583 5065 quas
612 4996 671 5051 in
706 4995 982 5053 altaribus
1017 5012 1047 5052 a
1078 5012 1138 5054 se
1165 4999 1476 5055 exstructis
1506 5004 1822 5070 reponeret.

197 5082 293 5145 52.
336 5084 633 5155 Reliquias
655 5094 984 5145 sanctorum
1007 5089 1255 5161 appellat
1276 5089 1605 5162 Gregorius,
1630 5088 1825 5147 velum

116 5178 366 5253 sepulcri
393 5177 646 5250 alicujus
675 5177 874 5245 sancti,
915 5184 1014 5236 aut
1047 5178 1284 5251 pallium
1318 5180 1575 5252 ejusdem
1604 5180 1829 5237 tumulo

120 5270 479 5345 impositum,
506 5285 717 5338 ceram,
743 5276 841 5326 aut
861 5268 1055 5327 oleum
1084 5286 1157 5326 ex
1183 5268 1543 5343 lampadibus
1572 5278 1626 5328 et
1654 5270 1831 5328 cereis

117 5363 215 5437 qui
248 5362 330 5419 ibi
360 5362 566 5418 ardere
599 5358 891 5430 solebant;
928 5360 1064 5418 item
1095 5361 1395 5433 pulverem
1425 5361 1638 5418 exinde
1667 5360 1833 5418 colle-

116 5457 297 5520 ctum,
330 5450 607 5507 herbulas
634 5456 737 5505 aut
776 5449 942 5505 flores
972 5448 1053 5506 ibi
1078 5448 1385 5521 appositos,
1420 5449 1649 5522 aliaque
1673 5465 1829 5522 ejus-

117 5539 295 5599 modi.
327 5540 679 5598 Sanctorum
705 5542 895 5595 tamen
915 5537 1423 5611 aliquot,maxime
1441 5538 1830 5610 orientalium,

115 5645 243 5688 ossa
311 5629 703 5696 habebantur,
751 5642 886 5699 quaa
935 5627 1109 5685 etiam
1163 5628 1542 5699 Reliquiarum
1596 5625 1834 5686 nomine

115 5720 276 5781 idem
321 5730 526 5781 auctor
554 5720 839 5793 designat.
893 5719 1199 5794 Ejusmodi
1230 5720 1496 5795 reliquiae
1538 5720 1601 5778 in
1643 5718 1832 5794 lapide

1908 4632 1979 4689 de
2030 4630 2223 4690 Gloria
2274 4634 2613 4699 martyrum,
2646 4627 2828 4700 capite
2858 4626 2945 4684 7‘2.
2982 4630 3240 4685 Coronam
3288 4637 3482 4687 autem
3522 4648 3609 4689 se-

1910 4721 2095 4797 pulcri
2133 4721 2283 4777 beati
2324 4717 2576 4786 Martini,
2616 4733 2748 4789 quze
2781 4718 2909 4790 ejus
2946 4717 3218 4776 meritum
3270 4718 3611 4791 declarabat,

1910 4826 1943 4866 a
1973 4810 2176 4867 Ghuno
2206 4808 2457 4880 quodam
2496 4813 2712 4876 raptam
2748 4804 2926 4862 fuisse
2958 4815 3238 4863 memorat
3284 4806 3432 4865 libro
3480 4821 3499 4866 Ι
3543 4808 3615 4865 de

1912 4901 2205 4961 Miraculis
2235 4900 2492 4973 ejusdem
2521 4897 2723 4967 sancti,
2748 4896 2928 4969 capite
2950 4896 3001 4954 2.
3032 4896 3170 4954 Haec
3196 4913 3360 4969 porro
3388 4899 3616 4957 videtur

1913 4993 2088 5051 fuisse
2122 4988 2435 5048 sanctitatis
2472 4994 2625 5055 nota,
2659 4986 2705 5043 si
2754 4986 2848 5043 cui
2896 4985 3119 5043 tumulo
3156 4986 3393 5058 pallium
3428 4987 3613 5061 impo-

1912 5089 2163 5142 neretur.
2198 5079 2347 5137 Hinc
2377 5076 2688 5151 Gregorius
2728 5079 3008 5145 observat,
3042 5077 3320 5134 honorem
3353 5078 3613 5138 debitum

1912 5182 2107 5235 sancto
2159 5172 2387 5229 cuidam
2444 5170 2776 5244 presbytero
2834 5167 3161 5240 impensum
3219 5184 3335 5227 non
3394 5172 3609 5243 fuisse,

1913 5263 2065 5338 quod
2101 5260 2361 5319 tumulus
2407 5273 2533 5327 ejus
2576 5256 2740 5314 alteri
2771 5255 3010 5326 junctus
3048 5271 3152 5313 nec
3188 5258 3380 5314 ornari
3420 5259 3609 5331 pallio,

1914 5371 2021 5413 nec
2051 5352 2229 5411 cereis
2256 5348 2533 5409 illustrari
2566 5355 2789 5421 propter
2817 5346 2925 5403 loci
2958 5347 3285 5419 angustiam
3318 5348 3613 5421 potuisset.

1914 5448 2103 5518 Atque
2141 5445 2231 5501 hic
2270 5449 2405 5501 tunc
2443 5447 2563 5498 erat
2602 5437 2877 5495 solemnis
2915 5437 3306 5502 canonizandi,
3346 5445 3407 5495 ut
3450 5439 3618 5497 hodie

1912 5535 2226 5609 loquimur,
2257 5532 2503 5605 alicujus
2532 5528 2707 5587 sancti
2751 5528 2913 5587 ritus.
2948 5528 2996 5586 si
3025 5528 3149 5602 ejus
3176 5542 3382 5599 corpus
3411 5543 3443 5584 e
3474 5534 3621 5587 terra

1913 5626 1985 5686 ab
2015 5625 2294 5699 Episcopo
2324 5623 2634 5689 levaretur,
2679 5617 2846 5675 altari
2890 5616 3355 5691 supponendum.
3391 5616 3621 5677 Catenae

1914 5724 2131 5789 autem,
2157 5713 2475 5788 compedes,
2506 5709 2736 5781 aliaque
2780 5706 3067 5781 ejusmodi
3109 5706 3476 5767 anathemata
3501 5723 3628 5767 san-
