3972 6340
425 405 490 462 47
1959 395 2369 455 ΡΒᾹΕῈΑΤΙΟ.
3843 399 3914 455 48

421 533 646 586 ctorum
690 522 966 598 sepulcris
1009 523 1052 580 ii
1102 521 1519 597 appendebant,
1551 522 1652 597 qui
1690 536 1890 581 eorum
1937 521 2621 596 inter-Anonnunquam
2646 527 2895 590 ornatas,
2922 518 3211 592 lampades
3237 518 3302 576 in
3329 517 3584 576 ecclesiis
3606 534 3915 593 appensas,

419 614 774 674 cessionibus
812 630 872 670 se
919 613 1186 671 liberatos
1223 628 1289 670 ac
1321 611 1640 670 incolumes
1677 614 1925 673 evasisse
1967 611 2123 670 arbi-
2208 609 2568 679 candelabra,
2601 607 2818 666 vexilla
2848 623 2949 666 seu
2982 607 3166 679 signa,
3199 623 3329 682 quae
3378 608 3441 665 in
3473 607 3916 682 supplicationi-

420 707 736 774 trahantur,
755 720 830 762 ex
851 703 1000 761 Vitis
1027 704 1418 776 Patrum,cap.
1442 705 1494 762 8.
1520 703 1648 761 Huc
1668 703 1839 761 etiam
1865 691 2140 762 solebant
2207 699 2315 758 bus
2362 716 2462 757 seu
2513 697 2975 772 processionibus
3027 697 3239 756 deferri
3290 696 3568 767 solebant,
3613 704 3712 756 aut
3759 703 3918 755 certe

415 792 967 866 convenireilli,qui
985 793 1259 866 gravibus
1278 793 1347 850 de
1367 792 2122 865 causisaceusatijuramen-
2205 806 2336 847 cum
2373 790 2561 847 clerus
2590 795 2645 846 et
2673 787 2918 862 populus
2948 788 3068 860 regi
3116 794 3215 846 aut
3263 787 3543 862 episcopis
3593 789 3653 844 in
3700 789 3918 846 urbem

333 919 336 922 ~
415 890 471 942 to
492 901 552 942 se
578 885 992 958 ipsospurgare
1011 884 1367 942 tenebantur.
1390 883 1782 957 Quaequidem
1804 899 2122 942 sacramen-
2202 877 2646 936 advenientibus
2695 877 2853 935 obvii
2898 877 3286 950 procederent.
3344 876 3485 934 Hmc
3528 892 3663 934 vero
3711 879 3920 935 omnia

414 980 470 1031 ta
493 974 839 1048 quandoque
861 973 920 1030 in
947 973 1314 1031 ecclesiarum
1338 973 1671 1046 porticibus,
1696 989 2118 1047 nonnunquam
2202 975 2399 1025 sancta
2429 975 2484 1025 et
2530 966 2646 1024 Deo
2677 966 2864 1023 dicata
2895 966 3195 1038 reputabat
3225 966 3319 1038 pia
3365 964 3629 1024 fidelium
3678 965 3915 1038 religio,

356 1053 366 1061 ”
411 1061 474 1119 in
518 1063 641 1136 ipso
687 1063 952 1130 sacrario,
985 1068 1085 1120 aut
1115 1061 1364 1134 denique
1401 1069 1545 1120 tacto
1591 1063 1711 1136 ipso
1745 1063 1989 1131 tumulo,
2019 1069 2118 1120 aut
2201 1061 2263 1113 ut
2292 1055 2507 1128 absque
2555 1053 2854 1126 sacrilegio
2905 1053 2976 1110 ad
3025 1054 3295 1128 profanos
3324 1069 3466 1112 usus
3494 1053 3758 1114 adhiberi
3787 1071 3916 1112 non

410 1149 598 1220 altari,
633 1151 762 1208 data
791 1151 972 1210 fuisse
1001 1151 1269 1226 legimus.
1302 1151 1375 1209 At
1406 1152 1706 1210 insolitum
1735 1153 1973 1211 omnino
2006 1150 2115 1209 fuit
2198 1160 2362 1218 posse
2386 1151 2702 1214 censerent,
2731 1158 2979 1216 quorum
3010 1143 3226 1216 saepius
3253 1141 3344 1200 Vel
3374 1143 3495 1201 solo
3523 1149 3673 1202 tactu
3704 1145 3918 1202 mede-

409 1239 559 1298 illud
605 1241 1023 1313 juramentum,
1076 1241 1231 1316 quod
1273 1256 1306 1297 a
1358 1247 1552 1300 nostro
1602 1241 1875 1314 Gregorio
1923 1241 2116 1314 exegit
2199 1235 2315 1293 lam
2342 1235 2452 1292 sibi
2482 1236 2676 1293 afferri
2704 1251 2869 1309 posse
2915 1234 3344 1293 existimabant.
3378 1234 3566 1294 Immo
3596 1236 3750 1294 inter
3778 1237 3920 1294 haec

411 1330 790 1405 Cbilpericus,
837 1341 900 1393 ut
957 1333 1175 1392 scilicet
1212 1334 1380 1392 dictis
1431 1333 1620 1394 Missis
1657 1335 1729 1392 ad
1766 1335 1968 1392 altaria

2349 1323 2605 1381 iutabant
2626 1323 2712 1381 vel
2731 1324 3026 1397 signorum
3044 1340 3146 1382 seu
3166 1339 3575 1396 campanarum
3594 1324 3788 1394 funes,
3805 1331 3917 1383 aut

409 1440 576 1484 suam
615 1425 1004 1483 innocentiam
1051 1433 1406 1485 sacramento
1451 1426 1810 1501 approbaret.
1845 1425 1997 1483 Illud
2029 1433 2113 1483 ta-
2197 1413 2386 1472 claves
2416 1413 2865 1501 queis_ecclesiae
2891 1414 3036 1472 ostia
3072 1415 3497 1485 reserabantur,
3540 1421 3606 1473 ut
3635 1416 3916 1474 omittam

406 1530 541 1572 men
570 1515 834 1587 praestitit
859 1522 1089 1574 sanctus
1117 1517 1372 1584 antistes,
1415 1499 1545 1574 licet
1585 1517 1757 1574 fuerit
1795 1517 2112 1575 canonibus
2197 1501 2385 1560 Claves
2413 1501 2544 1558 “135
2573 1499 2754 1557 Roma
2779 1500 3000 1573 allatas:
3044 1517 3187 1576 quas
3224 1502 3436 1560 a'iCUbi
3487 1509 3919 1560 Commemorat

405 1603 783 1676 contrarium,
814 1621 887 1663 ne
911 1606 1063 1678 apud
1094 1622 1287 1679 regem
1317 1605 1469 1664 laesae
1501 1606 1812 1680 majestatis
1842 1623 1973 1666 reus

2347 1592 2526 1650 orius.
2572 1591 2773 1649 Claves
2814 1607 2950 1650 vero
2988 1591 3355 1650 basilicarum
3401 1591 3750 1666 quandoque
3785 1593 3915 1650 ani-

403 1691 654 1751 bepetur,
2193 1681 2445 1740 malibus
2474 1681 2908 1755 imprimebant,
2941 1687 3004 1740 ut
3050 1698 3146 1741 eos
3175 1687 3275 1741 aut
3303 1699 3337 1741 a
3366 1682 3461 1742 lue
3490 1699 3664 1757 quam
3693 1682 3920 1741 incur-

472 1781 560 1838 54,
609 1781 713 1839 Jus
764 1780 911 1854 asyli
954 1781 1211 1840 ecclesiis
1254 1791 1310 1841 et
1359 1783 1497 1840 locis
1548 1784 1725 1841 sacris
1771 1798 2106 1842 concessum
2194 1777 2386 1827 rerant
2417 1770 2743 1840 liberarent,
2774 1779 2872 1829 aut
2900 1776 3051 1829 certe
3093 1773 3496 1830 imminentem
3552 1778 3916 1831 averterent.

400 1870 684 1942 exemplis
711 1877 764 1926 et
804 1870 1028 1942 scriptis
1052 1871 1294 1929 asseruit
1323 1870 1652 1945 Gregorius.
1687 1872 1769 1930 Ita
1799 1889 1935 1931 vero
1965 1873 2168 1947 ipsisB
2262 1859 2351 1916 55-
2398 1858 2507 1915 Sed
2564 1866 2618 1915 εἴ
2672 1865 2892 1916 νθῖθΐεε
2945 1874 3204 1932 quasque
3255 1859 3569 1919 Gallicana
3623 1860 3920 1918 ECCleSiiB

396 1955 571 2014 etiam
603 1956 832 2029 regibus
860 1957 1214 2016 inviolabilis
1253 1959 1554 2018 videbatur
1590 1960 1690 2017 illa
1732 1960 1964 2018 ecclesia

2349 1947 2632 2005 ietudines
2675 1948 2868 2020 quivis
2895 1964 2970 2007 ex
3009 1948 3268 2020 Gregorii
3314 1951 3496 2007 nostri
3539 1948 3785 2008 lectione
3836 1952 3917 2007 fa-

396 2044 763 2114 immunitas,
795 2051 858 2103 ut
889 2046 1199 2119 nequidem
1226 2046 1379 2104 119533
1407 2047 1718 2118 majestatis
1749 2064 1873 2106 reos
1902 2065 1935 2106 δ,
1964 2048 2104 2106 locis
2187 2037 2297 2095 cile
2334 2038 2743 2111 deprehendet.
2775 2037 2943 2096 Tales
2973 2043 3110 2096 sunt
3139 2044 3470 2096 sanctorum
3523 2039 3694 2096 etiam
3747 2039 3918 2098 COD-

395 2134 574 2192 sacris
601 2141 884 2192 extractos
920 2137 1111 2193 necari
1147 2151 1316 2208 posse
1350 2144 1666 2195 censerent.
1703 2136 2104 2210 Deprehensus
2186 2127 2469 2186 fess)01‘11111
2521 2127 2876 2196 Ϊθεῐίνίίᾶίθεν
2918 2142 3048 2200 qua?
3097 2136 3236 2186 tunc
3277 2128 3549 2202 temporis
3599 2128 3660 2185 in
3703 2127 3920 2188 Gallia

397 2223 585 2281 fuerat
630 2223 692 2281 in
732 2222 970 2281 ecclesia
1000 2225 1182 2282 sancti
1219 2225 1476 2282 Marcelli
1517 2241 1692 2299 prope
1740 2226 2096 2285 Cabillonem
2184 2214 2664 2286 CBlebI‘abantur;
2716 2214 3034 2273 Βοωίῐὶίοόθ
3069 2216 3182 2274 diei
3213 2216 3538 2274 Observalio
3593 2216 3671 2274 ita
3723 2232 3921 2277 30011-

395 2308 636 2368 sicarius
663 2311 921 2384 quidam,
953 2313 1052 2385 qui
1084 2312 1511 2372 Guntramnum
1544 2330 1736 2387 regem
1761 2314 1818 2371 in
1853 2314 1975 2387 ipsa
2003 2331 2096 2374 ec-
2180 2314 2300 2366 rate
2349 2315 2589 2376 servata,
2622 2314 2687 2367 ut
2733 2326 2767 2367 a
2812 2309 3016 2383 primis
3047 2307 3320 2382 vesperis,
3354 2308 3413 2366 id
3448 2314 3532 2367 est
3575 2324 3608 2364 a
3658 2308 3922 2369 sabbato

393 2400 564 2458 clesia
582 2401 839 2460 occidere
859 2409 1335 2476 eratparatus,ut
1358 2413 1628 2462 narratur
1648 2405 1880 2463 libr01x
1904 2405 2096 2465 Histo-
2177 2399 2524 2473 prmcedenti
2570 2405 2696 2472 post
2742 2400 3066 2471 meridiem,
3099 2400 3486 2459 inchoareth
3519 2397 3705 2468 Quam
3760 2417 3923 2460 cum

392 2489 514 2560 riae,
546 2490 727 2564 capite
763 2492 813 2550 3.
847 2491 988 2550 Inde
1027 2500 1216 2550 tamen
1247 2493 1520 2552 eductum
1547 2495 1723 2568 jussit
1751 2510 1854 2552 rex
1888 2495 2093 2554 vivum
2177 2489 2487 2547 violassent
2516 2490 2805 2560 nonnulli,
2828 2490 3110 2548 divinitus
3138 2489 3324 2563 puniti
3349 2491 3603 2548 fuerunt.
3633 2488 3922 2559 Quadra-

391 2579 626 2652 dimitti,
657 2585 789 2651 quia
814 2579 970 2651 nefas
991 2586 1233 2653 putavit,
1257 2587 1308 2639 si
1337 2587 1384 2639 is
1416 2587 1512 2654 qui
1534 2586 1603 2639 ab
1629 2587 1850 2640 ecclesia
1874 2587 2096 2640 eductus
2177 2578 2451 2652 gesimam
2483 2587 2738 2638 sanctam
2788 2597 2907 2639 non
2937 2580 3115 2638 semel
3134 2579 3325 2638 laudat
3347 2580 3497 2637 idem
3529 2586 3746 2639 auctor.
3785 2579 3924 2640 Sed

386 2673 593 2738 fuerat,
626 2675 1004 2737 truncaretur;
1062 2670 1240 2729 simili
1293 2671 1656 2745 indulgentia
1697 2673 2098 2732 Childebertus
2178 2666 2576 2724 memorabilia
2605 2674 2741 2725 sunt
2787 2667 2946 2726 illius
2978 2668 3150 2725 verba
3193 2666 3255 2724 in
3303 2666 3448 2725 Vitis
3479 2667 3737 2739 Patrum,
3803 2685 3922 2728 ca—

389 2759 824 2818 Austrasiorum
848 2777 950 2818 rex
969 2761 1292 2832 nonnullis,
1317 2763 1418 2836 qui
1439 2764 1852 2838 conjuration‘is
1871 2765 1930 2823 in
1953 2765 2097 2839 seip-
2178 2753 2293 2827 Dite
2327 2755 2410 2822 15.
2445 2754 2544 2813 Ubi
2575 2757 2957 2825 Quadraginta
2987 2758 3103 2812 dies
3133 2762 3560 2826 Commemorat,
3595 2774 3732 2827 (Ιαοε
3767 2765 3926 2813 ante

389 2863 520 2905 sum
579 2847 739 2906 initae
791 2851 1038 2907 accusati
1094 2850 1344 2921 fuerant,
1386 2867 1446 2909 se
1518 2853 1876 2924 parciturum
1948 2869 2092 2925 esse,
2171 2847 2462 2915 Ραεονιαῖία
2489 2849 2635 2915 festa
2664 2850 2722 2902 ίη
2747 2864 2958 2902 summa
2986 2848 3114 2902 ἀυοί
3142 2848 3476 2903 abstinentia
3501 2849 3732 2903 Ρατνυηι
3759 2863 3925 2904 δαη-

386 2937 562 2994 etiam
590 2938 723 3006 reis,
759 2938 1069 3011 pollicitus.
1092 2947 1196 3009 est,
1237 2941 1390 3014 quod
1427 2942 1498 2999 ad
1538 2942 1838 3000 ecclesiam
1887 2943 2093 3002 conm-
2173 2935 2263 2987 ait
2291 2936 2606 2988 auctoritas.
2649 2933 2931 2991 Describit
2962 2933 3348 3006 Rogationum
3387 2949 3490 2992 seu
3521 2935 3924 2994 Litaniarum

383 3025 620 3097 gissent.
681 3026 1152 3098 Promissionem,
1204 3029 1395 3102 inquit
1446 3029 1745 3102 piissimus
1789 3047 1892 3090 rex
1939 3049 1951 3089 ε

2355 3065 2360 3089 ,
2429 3037 2678 3095 quarum
2743 3021 3041 3080 nonnullae
3113 3022 3273 3081 statis
3337 3021 3540 3081 diebus
3607 3022 3737 3081 ﬁeri
3809 3040 3923 3083 so-

382 3117 726 3192 Gregorium
758 3118 904 3176 libro
942 3132 1025 3190 lx,
1055 3120 1238 3193 capite
1255 3120 1352 3188 _38,
1389 3123 1578 3176 habete
1611 3123 1677 3176 de
1709 3126 1845 3193 vita,
1878 3125 2096 3179 etiamsi
2176 3115 2397 3185 lebant;
2427 3114 2558 3172 aliae
2588 3131 2724 3173 vero
2753 3132 2884 3173 cum
2918 3116 3113 3190 aliqua
3149 3115 3446 3189 ingrueret
3475 3115 3705 3189 publica
3735 3117 3929 3175 cala-

382 3209 682 3279 culpabiles
723 3211 1102 3266 inveniamim‘.
1147 3211 1448 3266 Christiani
1490 3214 1630 3266 enim
1673 3227 1902 3280 sumus;
1934 3204 2366 3301 nefascmitas.
2400 3203 2622 3273 Quibus
2667 3205 2841 3263 etiam
2880 3204 3236 3276 temporibus
3269 3219 3464 3276 preces
3485 3203 3926 3301 publicavi-

382 3302 460 3352 est
511 3300 652 3352 enim
709 3299 794 3352 vel
849 3301 1162 3354 criminosas
1213 3300 1281 3353 ab
1335 3302 1558 3356 ecclesia
1611 3301 1826 3356 eductos
1867 3305 2086 3373 punire.
2115 3293 2330 3367 “giliae
2358 3293 2646 3351 solemnes
2674 3309 2741 3351 ac
2773 3293 2996 3367 jejunia
3022 3293 3445 3350 indicebantur.
3481 3293 3640 3351 Certe
3668 3293 3930 3367 pallam

380 3379 610 3438 Exinde
642 3382 887 3439 celebria
928 3383 1088 3440 fuere
1116 3383 1187 3440 ad
1218 3392 1546 3442 sanctorum
1586 3385 1851 3443 basilicas
1888 3387 2092 3444 confu-
2176 3398 2207 3440 e
2237 3383 2417 3440 sancti
2449 3382 2703 3456 Remigii
2738 3382 2966 3440 tumulo
3007 3392 3294 3456 sumptam
3346 3399 3446 3456 per
3485 3384 3765 3443 universa
3805 3403 3928 3446 re-

380 3471 493 3543 gia,
525 3486 639 3545 qua
668 3471 1037 3530 immunitate
1067 3489 1183 3532 non
1217 3475 1385 3534 modo
1414 3477 1558 3550 ipsa;
1587 3476 1843 3534 basilicas
1875 3479 2092 3550 gaude-
2175 3471 2364 3546 gionis
2394 3489 2514 3531 suae
2545 3473 2667 3530 loca
2683 3473 3015 3532 detulerunt
3035 3473 3408 3545 Rhemenses,
3433 3490 3538 3532 nec
3565 3475 3926 3539 incassum.

379 3559 538 3629 bant,
566 3559 662 3618 sed
693 3560 877 3618 multa
906 3562 1144 3635 insuper
1172 3563 1412 3622 aediﬁcia
1439 3571 1493 3622 et
1514 3562 1637 3623 loca
1663 3563 1780 3621 illis
1801 3565 2091 3638 adjuncta,
2176 3561 2323 3620 Nam
2365 3578 2436 3620 ne
2467 3579 2621 3621 unus
2651 3564 2887 3638 quidem
2920 3566 3072 3623 intra
3101 3581 3300 3624 eorum
3331 3565 3493 3636 ﬁnes,
3541 3573 3721 3638 peste,
3756 3585 3930 3644 quae

379 3648 440 3706 in
478 3649 694 3722 quibus
730 3653 849 3707 tuto
890 3650 1001 3707 reis
1040 3650 1235 3708 vivere
1265 3667 1606 3710 concessum
1645 3660 1783 3711 erat.
1818 3654 2091 3727 Ejusmo-
2161 3657 2409 3709 caeteras
2450 3653 2714 3724 regiones
2759 3653 3112 3725 devastabat,
3161 3654 3458 3728 impetitus
3492 3655 3618 3713 fuit.
3657 3655 3936 3731 Suppli-

379 3739 438 3797 di
469 3740 810 3798 celebriores
837 3741 1000 3798 fuere
1028 3733 1282 3800 ecclesiae
1312 3744 1493 3800 sancti
1524 3743 1731 3801 Hilarii
1767 3743 2090 3801 Pictavien-
2173 3741 2425 3799 cationes
2450 3741 2623 3800 etiam
2653 3759 2754 3801 seu
2783 3745 3178 3817 processiones
3202 3760 3277 3803 ex
3308 3760 3427 3803 una
3472 3745 3530 3802 in
3572 3745 3756 3804 aliam
3806 3765 3932 3808 ec-

379 3826 479 3898 sis,
532 3826 714 3884 sancti
759 3827 991 3885 Martini
1043 3828 1194 3901 apud
1250 3828 1533 3901 Turonos,
1588 3830 1767 3888 sancti
1815 3829 2088 3888 Germani
2171 3829 2401 3887 clesiam
2433 3830 2493 3886 in
2521 3828 2880 3888 solemnibus
2909 3837 3238 3889 sanctorum
3270 3831 3682 3890 festivitatibus
3709 3833 3936 3895 factas

378 3913 782 3981 Antissiodori,
809 3917 990 3975 sancti
1018 3917 1269 3989 Remigii
1300 3917 1560 3985 Rhemis,
1592 3924 1647 3977 et
1670 3918 1803 3976 aliae
1835 3918 2092 3992 eomplu-
2172 3919 2350 3978 fuisse
2405 3937 2479 3979 ex
2530 3921 2731 3979 eodem
2795 3927 3028 3980 auctore
3092 3922 3389 3980 discimus.
3454 3923 3713 3996 Exponit
3773 3941 3932 3984 non

377 4020 493 4074 res,
525 4019 657 4079 quae
683 4007 895 4078 passim
927 4006 1082 4079 apud
1113 4005 1452 4079 Gregorium
1485 4007 1615 4066 data
1643 4010 1936 4066 occasione
1965 4023 2089 4066 me-
2171 4007 2349 4066 semel
2381 4009 2444 4066 in
2472 4008 2744 4068 Historiae
2796 4009 2959 4067 libris
3010 4009 3296 4068 solemnes
3343 4010 3747 4083 episcoporum
3799 4021 3939 4072 aut

378 4101 698 4154 morantur.
2171 4114 2375 4172 regum
2402 4099 2776 4173 receptiones,
2807 4115 2940 4174 quae
2965 4099 3428 4174 praecedentibus
3455 4101 3752 4170 crucibus,
3795 4119 3936 4162 ve-

445 4188 535 4245 55.
590 4187 980 4247 Ecclesiarum
1015 4195 1354 4248 ornamenta
1393 4205 1511 4248 non
1555 4191 1614 4249 in
1658 4206 1776 4250 uno
1814 4191 1936 4251 loco
1988 4207 2083 4249 re-
2170 4187 2354 4261 xillis,
2405 4205 2472 4247 ac
2523 4189 2721 4257 cereis,
2759 4190 2832 4247 ab
2888 4189 3124 4248 urbium
3179 4189 3332 4248 clero
3383 4195 3438 4247 et
3485 4189 3701 4263 populo
3758 4190 3934 4254 ﬁeri

373 4284 565 4335 censet
613 4276 940 4347 Gregorius,
995 4279 1125 4336 vela
1175 4279 1390 4337 scilicet
1447 4280 1762 4352 parietibus
1813 4289 1870 4338 et
1924 4281 2086 4339 ostiis
2172 4277 2451 4349 solebant,
2481 4285 2761 4336 memorat
2789 4285 2846 4336 et
2873 4278 3136 4351 publicas
3161 4279 3232 4336 iis
3255 4275 3654 4337 Occasionibus
3687 4294 3934 4353 ponu—

371 4381 643 4438 appensa,
689 4375 792 4421 aut
835 4382 966 4438 quae
1016 4366 1336 4423 sacrarium
1387 4367 1461 4424 ab
1512 4368 1643 4424 aliis
1693 4367 1950 4426 ecclesias
2001 4369 2084 4427 lo-
2172 4367 2361 4426 lorum
2391 4368 2850 4440 acclamationes,
2882 4369 3052 4444 queis
3099 4369 3304 4439 fausta,
3342 4367 3519 4426 variis
3547 4368 3728 4426 etiam
3767 4370 3932 4429 lin-

373 4457 455 4510 cis
481 4453 851 4525 sejungerent
879 4471 892 4521 ;
925 4453 1177 4524 picturas
1211 4469 1342 4526 quae
1372 4470 1489 4512 non,
1517 4456 1714 4513 minus
1743 4457 1960 4526 ﬁdeles,
1992 4472 2088 4530 po-
2171 4460 2325 4532 guis,
2353 4459 2423 4516 ad
2449 4461 2722 4532 majorem
2750 4459 3174 4517 solemnitatem
3198 4456 3643 4515 advenientibus
3675 4474 3934 4533 appre-

375 4541 667 4598 tissimum
703 4540 926 4610 idiotas,
961 4542 1277 4611 erudirent,
1306 4559 1478 4616 quam
1515 4551 1786 4603 ornarent
1827 4547 2032 4620 templa
2067 4548 2464 4619 ;Dcabantur.
2498 4548 2659 4606 Alias
2701 4552 3112 4605 commemorat
3159 4545 3430 4605 funebres
3462 4547 3928 4611 defunctorum

373 4647 630 4689 cameras
660 4648 760 4690 seu
790 4632 1083 4705 laquearia
1104 4649 1246 4691 auro
1266 4635 1826 4709 argentoquelinita,
1858 4643 1912 4694 et
1936 4643 2079 4694 tecta
2161 4639 2489 4712 exsequias,
2537 4639 2598 4696 in
2645 4640 2833 4713 iisque
2878 4638 3126 4696 vestium
3181 4637 3546 4700 mutationes,
3595 4636 3933 4709 lugubria

373 4737 443 4778 ex
469 4736 583 4777 aere
603 4727 703 4778 aut
722 4726 928 4777 stanno
951 4721 1116 4787 fusa;
1150 4721 1321 4793 pallia
1341 4721 1514 4779 etiam
1537 4722 1839 4793 ditissima,
1863 4724 2077 4797 quibus
2160 4728 2521 4795 indumenta,
2571 4733 2625 4785 et
2661 4727 2776 4786 alia
2821 4727 3177 4800 huiusmodi.
3210 4724 3742 4799 Gomprovinciales
3766 4733 3935 4804 epi-

372 4808 595 4876 altaria,
629 4817 683 4866 et
711 4817 1038 4867 sanctorum
1070 4811 1284 4870 tumuli
1321 4811 1431 4883 tegi
1463 4817 1517 4868 et
1543 4813 1735 4870 ornari
1765 4829 2078 4872 consueve-
2161 4833 2360 4890 scopos
2407 4817 2478 4874 ad
2522 4817 2774 4890 episcopi
2843 4816 3099 4874 defuncti
3148 4816 3456 4888 exsequias
3495 4814 3938 4881 celebrandas

371 4905 519 4957 rant.
575 4899 922 4957 Ornamenta
966 4907 1160 4957 autem
1210 4902 1267 4958 in
1323 4902 1628 4976 praecipuis
1669 4903 2078 4960 festivitatibus
2160 4919 2460 4961 occurrere
2509 4903 2881 4962 consuevisse
2926 4902 3209 4960 discimus
3266 4918 3340 4960 ex
3392 4902 3575 4976 capite
3630 4900 3666 4959 6
3723 4902 3936 4968 inter

371 4989 578 5046 ditiora
625 4991 975 5063 quotidianis
1016 4999 1070 5048 et
1116 4991 1505 5065 splendidiora
1557 5001 1735 5052 erant.
1795 4995 2077 5054 Describit
2168 4995 2322 5054 Vitas
2360 4995 2615 5061 Patrum,
2651 4995 2750 5052 ubi
2805 4992 3079 5052 describit
3125 4992 3437 5065 Gregorius
3486 4992 3669 5050 sancti
3722 4993 3940 5062 Galli

372 5079 682 5153 Gregorius
715 5083 770 5138 in
801 5081 1092 5140 Miraculis
1123 5083 1300 5140 sancti
1331 5082 1573 5154 Juliani,
1600 5085 1783 5158 capite
1813 5085 1902 5154 '20,
1931 5085 2075 5156 ejus-
2159 5098 2427 5156 pompam
2453 5082 2776 5140 funebrem.
2810 5081 3004 5152 Capite
3061 5080 3322 5153 sequenti
3378 5079 3530 5137 idem
3584 5079 3765 5138 habet
3840 5088 3942 5147 de

370 5168 501 5226 dem
542 5169 724 5225 sancti
773 5169 1040 5243 Martyris
1089 5171 1385 5229 basilicam
1431 5173 1490 5230 in
1539 5174 1721 5246 ipsius
1770 5175 2076 5232 festivitate
2159 5171 2434 5243 Gregorio
2493 5169 2864 5240 Lingonensi,
2924 5169 3232 5241 legendum
3282 5183 3514 5241 quoque
3566 5183 3630 5224 ea
3691 5168 3774 5228 de
3859 5193 3945 5238 re,

371 5261 702 5314 ornamentis
742 5263 1016 5316 immensis
1054 5262 1414 5330 eﬂulgentem.
1463 5263 1676 5321 Omitto
1715 5280 1849 5321 vasa
1894 5279 2072 5335 sacra,
2156 5269 2326 5332 caput
2364 5259 2460 5317 106
2491 5258 2624 5316 libri
2656 5259 2726 5316 de
2767 5259 2961 5316 Gloria
3000 5257 3423 5323 ConfeSSOI‘UIIl,
3457 5255 3558 5314 ubi
3587 5256 3660 5313 de
3695 5258 3945 5325 beatae

370 5345 595 5417 calices,
623 5355 876 5420 patenas,
920 5348 1370 5422 Evangeliorum
1408 5350 1604 5419 libros,
1636 5352 1864 5426 aliaque
1897 5369 2074 5412 sacrm
2156 5348 2531 5422 Radegundis
2555 5347 2865 5421 sepulturae
2893 5345 3258 5404 caaremoniis
3307 5345 3475 5417 plura
3526 5345 3722 5403 habet.
3815 5353 3945 5417 Ex

374 5437 686 5512 Scriptura;
725 5441 1099 5512 exemplaria,
1135 5441 1660 5513 Sacramentorum,
1699 5444 1782 5500 uti
1821 5444 2069 5514 aiebant,
2157 5455 2272 5512 quo
2303 5439 2442 5496 item
2491 5438 2673 5509 capite
2701 5435 3002 5505 discimus,
3033 5434 3358 5492 caemeteria
3383 5434 3456 5491 ad
3507 5435 3945 5506 sepeliendos

371 5529 612 5598 codices,
646 5528 704 5586 id
738 5536 822 5586 est
862 5527 1041 5587 libros
1070 5529 1347 5598 Missales,
1389 5529 1667 5600 Rituales,
1699 5532 2073 5592 Pmnitentia-
2157 5529 2355 5587 ﬁdeles
2382 5527 2686 5595 destinata,
2727 5525 2850 5597 jam
2892 5533 3027 5582 tunc
3056 5523 3413 5594 sacerdotali,
3447 5522 3505 5579 id
3536 5531 3620 5581 est
3673 5537 3938 5598 ponti-

371 5614 468 5683 les,
503 5619 558 5672 et
595 5614 759 5685 alios,
792 5615 892 5688 qui
925 5613 986 5671 in
1019 5630 1128 5673 usu
1158 5616 1494 5690 quotidiano
1527 5618 1831 5677 necessarii
1865 5627 2028 5678 erant
2053 5639 2069 5692 ;
2157 5617 2308 5676 ticali
2357 5616 2757 5675 benedictione
2792 5614 3070 5673 sacranda
3097 5614 3297 5684 fuisse,
3330 5614 3391 5671 in
3423 5613 3641 5688 quibus
3690 5618 3945 5688 altare

368 5701 433 5758 ad
479 5703 602 5759 Ιιωιτ
640 5718 838 5761 cruces
874 5703 1120 5775 gemmis
1163 5704 1335 5762 etiam
1377 5713 1430 5763 et
1478 5704 1764 5780 lapidibus
1809 5708 2072 5780 pretiosis
2155 5709 2296 5783 erigi
2339 5707 2558 5767 solebat
2599 5707 2668 5766 ad
2720 5706 3041 5765 oll‘erendas
3094 5721 3198 5778 pro
3245 5710 3607 5764 mortuorum
3669 5719 3945 5788 requie
