3972 6340
163 264 243 322 49

1721 256 2136 319 PBAﬂFATIO.

3608 257 3677 313 50

162 385 502 463 piaculares
551 386 786 453 hostias,
848 391 914 445 ut
966 385 1099 445 aliis
1185 386 1326 444 locis
1400 385 1616 459 saepius
1671 383 2215 456 factumAquenter
2259 382 2472 443 retulit.
2521 382 2860 442 Cbrismatis
2897 381 3357 443 benedictionem
3397 386 3472 444 ab
3515 387 3669 460 epis-

160 479 351 539 fuisse
380 476 545 535 docet
571 476 728 534 idem
777 476 1106 552 Gregorius.
1141 473 1386 549 Corpora
1416 491 1554 533 vero
1584 472 1888 532 defuncto-

163 584 307 628 rum
357 566 550 625 ablata
599 567 879 640 primum,
932 572 1058 626 tum
1099 566 1304 624 induta
1335 564 1781 638 sepeliebantur,
1830 569 1886 622 et

161 658 414 736 quidem
463 657 621 715 haud
674 672 801 715 raro
847 657 908 714 in
966 656 1266 714 ecclesiis:
1325 655 1479 729 quod
1530 655 1700 712 etiam
1755 654 1886 712 aliis

163 755 388 823 praeter
409 747 706 820 episcopos
734 753 790 803 et
827 746 1115 820 principes
1149 744 1244 802 his
1273 742 1627 816 temporibus
1656 743 1718 801 in
1749 743 1884 802 Gal-

162 837 270 895 liis
299 835 756 909 permittebatur.
794 833 1444 892 Excommunicatorum
1479 849 1612 890 vero
1660 836 1715 889 et
1747 832 1884 890 infi-

165 926 397 984 delium
431 925 709 982 cadavera
754 939 873 980 non
902 923 1090 981 solum
1140 923 1211 980 ab
1261 921 1536 988 ecclesiis,
1575 921 1673 978 sed
1712 921 1885 978 etiam

162 1029 200 1071 a
260 1012 675 1071 communibus
745 1011 1007 1069 ﬁdelium
1081 1010 1423 1069 czemeteriis
1494 1009 1881 1067 arcebantur:

164 1104 317 1176 quin
377 1110 433 1160 et
482 1101 772 1160 Palladius
809 1117 1019 1172 comes,
1053 1100 1155 1174 qui
1204 1117 1264 1158 se
1320 1100 1440 1173 ipse
1493 1100 1880 1170 interemerat,

154 1193 338 1262 juxta
371 1193 808 1248 Christianorum
835 1191 1105 1246 cadavera
1130 1189 1350 1263 positus
1386 1203 1501 1245 non
1532 1188 1658 1245 fuit.
1709 1189 1885 1258 Aqua

166 1281 467 1335 benedictae
499 1294 671 1337 usum
717 1279 790 1336 ad
838 1278 1064 1337 morbos
1116 1277 1449 1348 abigendos,
1492 1275 1785 1334 miraculis
1829 1281 1884 1333 et

163 1376 504 1426 sanctorum
531 1368 792 1426 virorum
819 1367 1103 1440 exemplis
1130 1365 1454 1439 legitimum
1482 1365 1656 1423 fuisse
1677 1380 1791 1422 non
1820 1364 1881 1422 in

1968 469 2125 544 c0pis
2175 471 2382 530 factam
2425 487 2542 530 non
2597 471 2772 530 semel
2822 471 3036 543 laudat,
3094 472 3241 531 sicut
3295 478 3351 530 et
3388 473 3671 533 chrisma-

1967 560 2203 628 tionem,
2251 575 2384 632 quae
2412 560 2483 618 ad
2514 561 2871 634 recipiendos
2913 562 2975 619 in
3023 561 3336 621 Ecclesiam
3367 564 3673 624 redeuntes

1968 650 2266 707 haereticos
2293 649 2693 709 adhibebatur.
2739 649 2959 709 Laudat
2981 651 3153 709 etiam
3181 651 3334 719 illos,
3367 656 3465 722 qui
3497 658 3672 710 crucis

1967 742 2169 794 vexillo
2195 744 2500 809 consignati
2531 739 2702 798 ﬁdem
2731 756 2897 798 suam
2939 740 3210 814 operibus
3245 740 3668 815 approbabant;

1968 835 2020 884 et
2049 827 2445 886 Chlodoveum
2473 846 2662 902 regem
2689 846 2721 887 a
2751 831 3013 903 Remigio
3042 830 3393 887 Francorum
3413 834 3668 904 apostolo

1966 931 2082 973 non
2133 915 2483 990 baptizatum
2541 920 2729 990 modo,
2776 919 2876 976 sed
2915 925 2970 976 et
3009 936 3162 975 sacro
3208 922 3494 976 chrismate
3548 940 3667 978 cum

1967 1010 2248 1077 signaculo
2301 1014 2474 1065 crucis
2529 1012 2731 1067 Christi
2783 1011 2960 1068 fuisse
2999 1012 3298 1066 delibutum
3347 1017 3664 1072 attestatur.

1935 1145 1938 1148 .
1966 1095 2124 1153 Inter
2152 1097 2494 1170 episcopalia
2526 1100 2724 1157 munia
2759 1116 2891 1173 quae
2931 1099 3196 1157 Promoto
3227 1100 3484 1160 Dunensi
3518 1102 3668 1160 male

1966 1185 2228 1245 ordinato
2276 1190 2536 1262 episcopo
2567 1191 2920 1249 interdicunt
2964 1192 3158 1249 Patres
3192 1191 3432 1251 Concilii
3462 1206 3524 1252 IV
3555 1193 3661 1252 Pa-

1966 1276 2243 1345 risiensis,
2271 1287 2599 1338 recensetur
2625 1285 2925 1351 infantium
2950 1287 3304 1353 conﬁrmatio.
3333 1283 3494 1340 Idem
3521 1283 3664 1341 Gre-

1965 1368 2160 1439 gorius
2211 1370 2680 1430 Exorcismorum
2732 1373 2794 1429 in
2839 1373 3130 1430 daemones
3174 1373 3296 1430 vim
3336 1389 3454 1431 non
3488 1373 3666 1431 semel

165 1472 288 1516 uno
319 1457 446 1514 loco
479 1457 678 1530 probat
704 1456 1035 1529 Gregorius,
1069 1457 1170 1528 qui
1201 1459 1257 1512 et
1284 1455 1498 1529 passim
1529 1455 1599 1512 de
1625 1455 1756 1512 aliis
1788 1471 1876 1510 re-
1961 1458 2198 1530 exponit
2228 1503 2240 1516 .
2274 1459 2644 1532 Tonsuratos,
2675 1461 2932 1532 lectores,
2961 1463 3243 1526 ostiarios,
3273 1463 3664 1532 ceroferarios,

160 1545 281 1604 bus
330 1546 674 1604 sacerdotali
729 1545 1127 1602 benedictione
1177 1545 1422 1602 munitis
1473 1545 1746 1618 loquitur.
1800 1544 1880 1601 De
1962 1545 2344 1604 subdiaconos
2373 1547 2631 1621 aliosque
2673 1550 2998 1622 superiores
3045 1549 3388 1608 clericorum
3428 1550 3662 1622 gradus,

157 1637 478 1695 benedicto
521 1651 669 1709 pane
707 1651 810 1694 seu
841 1635 1103 1708 eulogiis,
1132 1651 1268 1710 qua;
1317 1635 1424 1692 sub
1459 1635 1636 1692 ﬁnem
1689 1633 1880 1692 Missae
1961 1649 2098 1691 cum
2155 1650 2275 1692 sese
2324 1636 2490 1693 offert
2539 1637 2779 1708 occasio,
2851 1643 3298 1696 commemorat:
3359 1637 3663 1697 interstitia

157 1726 688 1796 distribuebantur,
715 1726 838 1797 jam
879 1724 1155 1783 diximus.
1198 1728 1462 1794 Eulogius
1507 1741 1738 1800 quoque
1775 1729 2175 1804 seuBautem,
2223 1739 2356 1798 quas
2394 1723 2464 1781 ad
2498 1741 2594 1782 eos
2642 1726 2748 1782 rite
2797 1727 3191 1801 suscipiendos
3237 1728 3452 1786 servari
3490 1727 3664 1786 debe«

161 1816 569 1871 benedictiones
616 1819 914 1886 nuncupat
944 1813 1277 1888 Gregorius,
1308 1814 1585 1888 quaelibet
1628 1831 1877 1875 munus-
1963 1818 2109 1882 rent,
2143 1827 2316 1884 supra
2345 1828 2418 1872 ex
2450 1811 2682 1871 Catonis
2711 1815 3028 1887 presbyteri
3053 1816 3243 1872 verbis
3262 1817 3660 1888 exposuimus.

158 1904 298 1964 cula
329 1904 778 1963 asacerdotibus
806 1904 865 1962 in
899 1904 1170 1962 amicitiae
1219 1905 1450 1977 signum
1484 1905 1614 1962 data
1663 1907 1752 1964 vel
1782 1923 1878 1965 ac-
1960 1901 2376 1974 Episcbporum
2437 1917 2574 1959 vero
2626 1902 3018 1959 ordinationes
3095 1903 3406 1960 Dominicis
3458 1903 3664 1962 diebus

155 2000 350 2066 cepta,
383 1995 536 2068 quod
564 2000 754 2052 essent
790 2000 1002 2052 tessera
1048 1993 1315 2067 qumdam
1346 1995 1794 2066 communionis,
1823 2001 1881 2055 et
1960 1990 2139 2049 fuisse
2167 1990 2476 2048 celebratas
2524 2006 2642 2049 non
2688 1991 2862 2048 semel
2898 1990 3115 2048 innuit.
3144 1990 3514 2063 Egrotorum
3550 2007 3664 2050 un-

155 2083 232 2140 ab
263 2083 414 2156 ipsis
443 2083 695 2140 solerent
722 2082 1002 2140 benedici.
1038 2083 1209 2141 Nefas
1236 2089 1432 2140 autem
1452 2090 1571 2140 erat
1600 2091 1878 2156 praesente

155 2172 465 2230 sacerdote
514 2171 840 2247 quidquam
893 2172 1007 2230 cibi
1061 2179 1162 2230 aut
1215 2179 1385 2246 potus
1445 2188 1700 2244 sumere,
1764 2173 1879 2231 nisi

153 2261 328 2335 prius
361 2261 435 2319 ab
464 2261 586 2334 ipso
616 2259 985 2318 benedictum
1019 2261 1240 2333 fuisset,
1289 2277 1464 2335 quem
1515 2261 1694 2319 ritum
1725 2261 1877 2321 Deus

155 2354 381 2427 saepius
431 2351 731 2412 miraculis
760 2352 1117 2426 comprobari
1149 2351 1354 2422 voluit,
1385 2359 1448 2410 ut
1478 2368 1551 2409 ex
1604 2353 1878 2426 Gregorio

155 2449 383 2513 nostro,
437 2442 686 2516 aliisque
739 2440 995 2514 antiquis
1044 2441 1377 2499 auctoribus
1434 2441 1733 2500 discimus.
1796 2442 1877 2502 De

153 2532 356 2590 crucis
398 2531 549 2605 signi
598 2531 848 2590 efﬁcacia
899 2537 954 2589 et
999 2531 1311 2590 virtutibus
1344 2536 1423 2589 tot
1464 2537 1599 2590 sunt
1630 2532 1879 2591 testimo-

155 2619 255 2676 nia
283 2625 434 2692 quot
465 2620 582 2677 fere
609 2621 858 2694 paginae.

225 2709 323 2767 5‘7.
364 2706 544 2767 Multa
569 2709 708 2768 item
734 2711 904 2768 habet
928 2709 1240 2784 Gregorius
1269 2708 1338 2766 de
1372 2707 1872 2766 Sacramentorum

152 2797 682 2857 administratione.
715 2798 839 2869 Quo
870 2799 985 2857 ritu
1022 2798 1400 2856 Eucharistiaa
1451 2803 1873 2856 sacramentum

152 2889 611 2948 distribueretur
657 2889 781 2962 jam
827 2906 999 2963 supra
1057 2889 1338 2947 diximus.
1391 2889 1587 2962 Ipsum
1628 2904 1763 2946 vero
1812 2889 1871 2946 in

154 2980 307 3036 turri
367 2986 501 3036 tunc
551 2979 824 3052 temporis
870 2987 1226 3037 asservatum
1265 2978 1442 3036 fuisse.
1490 2979 1551 3036 in
1605 2978 1870 3049 sacrario,

1960 2079 2176 2138 ctiones
2205 2080 2417 2154 passim
2443 2079 2655 2138 laudat.
2689 2079 2850 2137 Certe
2873 2080 2969 2138 lib.
2997 2080 3217 2153 Icapite
3245 2080 3335 2147 41,
3367 2081 3664 2140 Artemius

1961 2167 2186 2242 legatus
2215 2171 2507 2226 Arvernos
2536 2169 2839 2238 transiens,
2873 2185 3003 2226 cum
3032 2169 3092 2226 in
3122 2168 3662 2241 febrimincidisset,

1960 2274 1993 2316 a
2029 2259 2345 2332 Nepotiane
2375 2259 2640 2333 episcopo
2671 2259 2952 2329 visitatus,
2985 2264 3040 2316 et
3077 2263 3188 2315 oleo
3217 2266 3403 2315 sancto
3447 2273 3665 2333 perun-

1960 2354 2086 2408 ctus
2127 2349 2430 2407 sanitatem
2477 2349 2708 2423 recepit.
2741 2349 3111 2408 Matrimonia
3142 2365 3278 2408 vero
3320 2367 3454 2410 cum
3488 2350 3664 2409 bene—

1960 2437 2208 2495 dictione
2253 2437 2585 2497 sacerdotali
2628 2444 2914 2496 contracta
2952 2439 3130 2496 fuisse
3179 2444 3331 2511 patet
3377 2455 3450 2496 ex
3506 2438 3666 2497 Chil-

1957 2527 2135 2599 perici
2159 2527 2308 2599 regis
2325 2527 2603 2586 adversus
2625 2528 3036 2586 Praetextatum
3057 2528 3388 2602 episcopum
3404 2527 3658 2600 querela,

1956 2614 2107 2672 libro
2135 2627 2176 2674 v
2202 2615 2492 2685 Historiae,
2538 2617 2721 2690 capite
2765 2617 2849 2688 19,
2899 2616 3002 2674 ubi
3053 2633 3158 2686 rex
3222 2616 3308 2674 illi
3351 2617 3663 2691 exprobrat

1957 2705 2323 2762 manifestam
2360 2721 2650 2763 canonum
2697 2705 3091 2775 violationem,
3136 2706 3291 2778 quod
3324 2705 3658 2765 Meroveum

1958 2809 2091 2851 cum
2137 2794 2328 2866 patrui
2380 2793 2542 2852 illius
2599 2793 2792 2851 relicta
2827 2793 3198 2851 matrimonio
3237 2795 3655 2868 conjunxisset.

1957 2881 2244 2940 Caeterum
2293 2882 2602 2955 Gregorius
2643 2882 2772 2940 aliis
2802 2883 2864 2940 in
2895 2882 3032 2941 locis
3061 2899 3176 2941 non
3211 2884 3388 2942 semel
3427 2885 3661 2957 nuptias

1956 2973 2330 3042 incestuosas,
2363 2972 2751 3047 mulieresque
2785 2974 3243 3046 superinductas,
3277 2975 3450 3032 etiam
3475 2975 3537 3032 in
3569 2975 3660 3034 vi-

153 3067 319 3126 nnde
351 3067 423 3124 ad
455 3067 629 3125 altare
657 3068 850 3126 afferri
890 3074 1267 3126 consueverat
1300 3069 1417 3141 jam
1455 3067 1720 3140 superius
1767 3067 1933 3160 ob-C
1959 3063 2053 3160 ris_
2069 3062 2426 3160 principibus
2455 3063 2762 3160 episcopali
2808 3063 3069 3122 libertate
3113 3064 3368 3122 damnat.

150 3156 524 3214 servavimus
563 3173 639 3214 ex
681 3157 864 3231 capite
908 3157 977 3216 86
1016 3157 1152 3215 libri
1206 3157 1276 3215 de
1307 3156 1501 3215 Gloria
1553 3155 1870 3230 Martyrum

150 3255 374 3306 nostrae
423 3247 714 3304 editionis.
758 3247 912 3305 Huic
950 3246 1053 3317 rei,
1094 3253 1302 3321 praeter
1340 3246 1638 3305 Fortunati
1679 3246 1871 3306 locum

148 3335 223 3393 de
255 3335 409 3394 turri
457 3352 491 3393 a
536 3336 724 3395 Felice
764 3337 1029 3411 episcopo
1074 3337 1364 3405 fabricata,
1396 3337 1747 3409 suffragatur
1780 3338 1868 3392 be-

147 3429 622 3495 nedictio'tun'is,
669 3440 843 3499 quam
880 3426 942 3484 in
983 3425 1298 3499 appendice
1339 3426 1516 3499 hujus
1554 3425 1870 3484 voluminis

149 3514 338 3573 habw
364 3530 442 3571 ex
472 3515 653 3571 veteri
686 3513 1140 3572 Sacramentario
1179 3514 1540 3587 descriptam.
1591 3514 1867 3573 Chlotarii

152 3604 332 3675 regis,
383 3618 519 3660 cum
575 3603 647 3660 ad
703 3603 885 3661 sancti
939 3603 1171 3661 Martini
1236 3603 1566 3676 sepulcrum
1609 3604 1864 3674 accessit,

152 3693 560 3768 paenitentiam
610 3693 880 3750 describit
916 3693 1228 3766 Gregorius
1252 3692 1311 3750 in
1364 3693 1636 3751 Historiae
1677 3692 1862 3751 libris.

151 3783 404 3854 Quidam
437 3797 573 3839 vero
597 3781 660 3839 in
688 3781 1004 3839 vita~sancti
1031 3782 1234 3840 Nicetii
1262 3782 1693 3855 Lugdunensis,
1733 3798 1866 3840 cum

151 3870 328 3929 morti
386 3877 533 3926 esset
585 3868 912 3942 proximus,
972 3868 1373 3942 ptenitentiam
1432 3887 1465 3927 a
1532 3870 1866 3944 presbytero

153 3960 300 4018 fusis
353 3957 627 4030 lacrymis
676 3956 1014 4030 eﬂlagitasse
1065 3957 1298 4015 dicitur.
1355 3957 1425 4015 Et
1483 3957 1624 4016 alibi
1684 3958 1867 4016 homi-

154 4066 289 4108 nem
319 4055 599 4106 memorat
645 4046 976 4119 Gregorius,
1014 4046 1115 4121 qui
1150 4055 1329 4105 morte
1369 4047 1700 4120 puniendus
1745 4067 1862 4120 pa:-

151 4142 444 4196 nitentiam
472 4156 507 4193 α
536 4139 810 4194 sacerdote
831 4140 1015 4210 petiit,
1049 4140 1188 4193 clam
1227 4137 1486 4211 quidem,
1535 4137 1687 4210 quod
1722 4135 1866 4194 forte

145 4229 264 4302 jam
294 4235 432 4286 tunc
459 4227 728 4301 temporis
759 4243 883 4284 reos
911 4234 1170 4285 extremo
1202 4227 1486 4301 supplicio
1532 4225 1864 4285 afﬁciendos

146 4336 177 4376 a
203 4319 551 4394 paenitentia
578 4318 731 4392 leges
756 4318 959 4377 civiles
997 4325 1276 4376 arcerent.
1329 4316 1444 4376 Nec
1473 4318 1684 4376 desunt
1708 4319 1860 4391 apud

2027 3153 2116 3209 58.
2175 3153 2564 3210 Censurarum
2619 3153 3137 3212 ecclesiasticarum
3205 3152 3471 3226 exempla
3539 3167 3658 3210 non

1955 3242 2163 3299 desunt
2190 3242 2252 3299 in
2283 3241 2541 3314 Gregorii
2579 3241 2764 3298 libris.
2811 3242 3066 3315 Aliquod
3097 3241 3536 3314 irregularitatis
3582 3241 3657 3299 ob

1953 3333 2204 3390 lenitatis
2268 3331 2553 3390 defectum
2623 3333 2990 3391 incurrendze
3059 3333 3369 3404 vestigium
3430 3333 3657 3391 invenit

1953 3423 2372 3482 Thomassinus
2417 3424 2480 3481 in
2522 3423 2782 3497 Gregorii
2835 3425 3000 3494 facto,
3051 3424 3322 3483 Historiae
3365 3424 3513 3482 libro
3567 3437 3651 3494 VI,

1949 3515 2134 3587 capite
2182 3514 2268 3582 10,
2325 3513 2518 3586 relato,
2564 3515 2665 3573 ubi
2702 3515 2802 3573 ille
2853 3516 3147 3590 scripsisse
3175 3533 3234 3574 se
3272 3522 3553 3574 memorat
3588 3516 3651 3574 in

1949 3603 2190 3678 gratiam
2226 3603 2442 3673 furum,
2477 3603 2576 3677 qui
2606 3604 2786 3662 sancti
2821 3602 3051 3663 Martini
3079 3603 3374 3662 basilicam
3408 3605 3652 3675 infrege-

1951 3699 2099 3762 rant,
2127 3708 2317 3765 regem
2348 3708 2720 3751 commonens
2748 3709 2844 3752 eos
2873 3694 3031 3752 fures
3057 3711 3091 3751 a
3118 3693 3363 3757 clericis.
3399 3694 3468 3753 ad
3508 3709 3654 3769 quos

1949 3795 2124 3838 causa
2169 3780 2293 3838 itth
2343 3782 2681 3854 pertinebat,
2729 3796 2844 3839 non
2891 3783 3068 3840 fuisse
3116 3788 3426 3840 accusatos.
3487 3781 3652 3850 Quod

1949 3884 2008 3925 se
2052 3869 2254 3926 fecisse
2291 3869 2372 3928 ait
2409 3872 2539 3943 pius
2571 3871 2810 3930 antistes
2845 3871 3118 3942 veritum,
3163 3887 3236 3928 ne
3282 3871 3547 3930 homines
3586 3871 3653 3929 il-

1948 3957 2064 4015 lius
2103 3973 2275 4015 causa
2314 3966 2696 4027 morerentur,
2755 3959 2856 4032 qui
2904 3959 3107 4017 vivens
3157 3959 3218 4016 in
3268 3975 3503 4033 corpore
3546 3976 3650 4032 pro

1946 4047 2304 4121 perditorum
2344 4048 2459 4106 vita
2491 4050 2704 4122 saepius
2736 4049 3072 4124 deprecatus
3099 4053 3300 4109 fuerat.
3333 4051 3647 4125 Opprobrio

1948 4152 2158 4209 magno
2201 4152 2260 4193 se
2291 4138 2408 4195 fore
2439 4139 2760 4197 obnoxium
2803 4139 3156 4198 existimavit
3189 4141 3488 4214 presbyter
3516 4141 3650 4215 qui-

1946 4228 2077 4286 dam
2116 4228 2177 4286 in
2219 4230 2400 4301 capite
2429 4232 2494 4288 73
2533 4231 2662 4287 libri
2693 4244 2711 4287 Ι
2740 4231 2810 4287 de
2852 4231 3046 4289 Gloria
3074 4231 3393 4304 Martyrum
3428 4247 3649 4289 memo-

1944 4327 2120 4386 ratus,
2177 4317 2224 4375 si
2286 4335 2385 4390 per
2435 4336 2590 4375 suam
2640 4321 3037 4375 accusationem
3090 4319 3185 4376 fur
3242 4320 3411 4377 morti
3475 4319 3648 4379 fuerit

146 4418 416 4469 nostrum
469 4415 762 4468 auctorem
813 4408 1310 4482 indulgentiarum
1367 4409 1650 4482 exempla.
1715 4407 2220 4491 NamDaddictus.
2256 4406 2427 4466 Hunc
2461 4409 2616 4466 enim
2654 4409 2800 4482 rapti
2840 4408 2975 4482 equi
3011 4413 3378 4466 accusaverat
3419 4407 3519 4466 ille
3553 4424 3644 4466 sa-

145 4499 339 4560 Victor
359 4499 684 4574 episcopus,
710 4500 809 4573 qui
838 4516 870 4558 a
898 4499 1308 4558 communione
1335 4500 1521 4558 fuerat
1541 4517 1855 4575 suspensus

145 4590 213 4647 ob
242 4605 374 4648 reos
420 4598 635 4646 temere
668 4587 1087 4660 reconciliatos,
1118 4595 1251 4646 ante
1282 4589 1674 4662 prmstitutum
1707 4595 1856 4647 tem-

144 4696 269 4753 pus,
305 4679 459 4750 regis
498 4680 913 4737 intercessione
956 4680 1353 4738 communioni
1403 4680 1702 4739 restitutus
1747 4687 1850 4740 est.

147 4769 237 4828 Sic
288 4777 346 4828 et
393 4769 458 4827 in
512 4767 746 4843 Synodo
796 4768 1054 4837 Metensi,
1117 4768 1325 4827 Basina
1371 4775 1426 4827 et
1470 4770 1850 4842 Chrodieldis,

145 4859 213 4916 ob
262 4859 479 4916 scelera
528 4859 1066 4931 excommunicatze,
1123 4867 1356 4932 rogante
1407 4857 1771 4918 Childeberto
1820 4877 1853 4918 a

147 4948 380 5008 Concilii
429 4949 708 5024 patribus,
738 4951 1018 5009 absolutze
1051 4950 1303 5008 fuerunt.
1337 4951 1626 5023 Baptismo
1655 4954 1852 5009 confe—

153 5039 325 5097 rendo
359 5045 616 5109 tempora
651 5038 947 5113 designata
987 5040 1204 5097 indicat
1237 5039 1567 5112 Gregorius,
1600 5055 1853 5099 comme-

154 5143 381 5184 morans
439 5128 792 5186 Guntramni
824 5127 1087 5203 querelas
1114 5128 1394 5187 adversus
1418 5144 1515 5188 eos
1547 5130 1648 5202 qui
1680 5130 1852 5189 Chlo-

154 5217 276 5275 tarii
326 5216 380 5274 II
417 5216 763 5291 baptismum
799 5217 1012 5277 iterum
1039 5223 1212 5292 atque
1242 5218 1453 5277 iterum
1483 5219 1848 5277 distulerant.

151 5306 284 5382 Ejus
317 5322 473 5379 vero,
503 5305 815 5380 etquidem
847 5307 906 5364 in
940 5307 1316 5367 sanctissima
1344 5307 1642 5367 Trinitatis
1670 5308 1852 5366 nomi-

149 5413 212 5455 ne
245 5397 531 5457 unitatem
576 5397 790 5471 saepius
817 5399 1223 5473 propugnavit.
1260 5399 1366 5457 Per
1395 5399 1848 5472 immersionem,

148 5487 342 5546 altern
397 5485 460 5545 in
520 5484 816 5560 Hispaniis
868 5494 1007 5545 tunc
1052 5487 1250 5546 datum
1311 5487 1491 5546 fuisse
1529 5503 1600 5545 ex
1649 5487 1850 5546 eodem

149 5577 493 5652 colligimus,
523 5576 628 5654 qui
658 5583 713 5635 et
744 5577 980 5636 nomina
1023 5578 1085 5636 in
1129 5577 1410 5650 baptismo
1442 5576 1707 5651 imposita
1738 5578 1850 5636 l‘re-

1942 4498 2140 4555 cerdos
2169 4523 2181 4554 :
2215 4497 2371 4556 unde
2404 4499 2634 4556 nullum
2663 4498 2912 4572 lapidem
2941 4515 3059 4557 non
3091 4499 3289 4568 movit,
3321 4506 3387 4557 ut
3418 4515 3582 4557 reum
3612 4516 3646 4558 a

1937 4594 2118 4644 morte
2163 4587 2424 4660 eriperet.
2474 4588 2634 4658 Quod
2684 4605 2814 4646 cum
2859 4589 3041 4659 judex
3095 4590 3276 4646 facere
3332 4589 3638 4658 renuisset,

1937 4675 2300 4734 condemnati
2330 4677 2570 4734 salutem
2598 4677 2748 4735 beati
2771 4676 3035 4747 Quintini
3061 4675 3283 4734 meritis
3313 4692 3347 4734 a
3379 4676 3494 4734 Deo
3523 4676 3641 4734 imo

1935 4767 2198 4840 petravit.
2261 4767 2329 4824 In
2380 4767 2528 4825 libro
2581 4779 2639 4824 VI
2692 4769 2984 4837 Historiae,
3026 4768 3207 4841 capite
3243 4768 3292 4830 8.
3333 4767 3638 4826 Ursicinus

1937 4853 2296 4914 Caturcensis
2337 4854 2638 4928 episcopus
2673 4855 2746 4913 ab
2786 4855 2989 4914 ordine
3030 4864 3294 4929 suscepto
3323 4871 3640 4928 suspensus

1938 4952 2042 5016 est,
2070 4945 2223 5019 quod
2253 4944 2633 5004 Gundovaldo
2665 4945 2975 5004 Ballomeri
3015 4944 3242 5016 publice
3276 4944 3632 5002 adhaesisset.

1939 5036 2301 5094 Prohibitum
2354 5037 2569 5110 quippe
2612 5035 2663 5093 ei
2713 5035 2841 5107 fuit,
2885 5051 2959 5092 ne
3003 5040 3116 5092 toto
3165 5034 3394 5092 trienno
3443 5039 3640 5091 missas

1936 5127 2218 5195 celebrare,
2279 5129 2496 5183 clericos
2552 5128 2825 5190 ordinare,
2892 5127 3247 5196 ecclesiasque
3301 5130 3352 5181 et
3402 5127 3640 5181 chrisma

1938 5216 2259 5280 benedicere,
2337 5222 2470 5282 etc.,
2541 5215 2797 5272 auderet.
2869 5213 3264 5273 Ecclesiastica
3340 5215 3637 5287 sepultura

1932 5304 2192 5378 privatus
2225 5304 2330 5362 fuit
2363 5303 2670 5372 Palladius,
2705 5303 2805 5380 qui
2831 5303 2941 5362 sibi
2964 5304 3074 5377 ipsi
3111 5305 3390 5362 violentas
3426 5318 3635 5361 manus

1919 5395 2218 5465 attulerat,
2247 5401 2311 5454 ut
2339 5395 2457 5466 jam
2482 5393 2940 5451 observavimus.
2987 5392 3364 5451 Interdictum
3407 5407 3542 5449 vero
3571 5392 3634 5450 in

1933 5487 2236 5547 Pictonum
2290 5483 2494 5542 urbem
2562 5497 2685 5540 sese
2755 5481 3114 5540 inflicturum
3189 5479 3492 5536 minitatus
3547 5486 3633 5539 est

1933 5577 2237 5636 Meroveus
2277 5573 2532 5649 ejusdem
2581 5571 2742 5631 urbis
2784 5572 3038 5641 antistes,
3075 5569 3183 5628 nisi
3213 5567 3572 5628 Chrodieldis
3598 5586 3633 5630 a
