3972 6340
310 300 377 360 51

1857 302 2273 363 PMFATIO.

3739 306 3817 366 52

313 426 578 501 nequitia
627 442 733 487 sua
784 428 1125 499 resipiscens
1174 425 1523 484 abbatissam
1559 425 1783 485 Sancta
1825 428 2333 490 CrucisAcoactus
2386 430 2580 489 fuerit.
2642 430 3140 489 Resurrectionem
3190 444 3492 504 corporum
3547 431 3817 490 futuram

313 514 682 583 monasterio,
722 529 755 569 a
793 527 906 585 quo
946 512 1133 569 fuerat
1173 515 1351 583 rapta,
1392 511 1739 569 restitueret.
1779 512 1850 569 Et
1887 514 2019 588 qui-

315 602 449 662 dem
479 618 611 661 cum
644 600 835 660 Sancti
868 599 1129 674 Dyonisii
1160 598 1394 657 ecclesia
1426 615 1601 673 prope
1644 601 1894 660 Parisios
1948 604 2021 661 ob

313 693 527 752 cadem
554 693 611 749 in
645 707 710 748 ea
740 696 1019 764 patratum
1056 688 1267 747 violata
1296 689 1513 759 fuisset,
1557 694 1801 762 ofﬁcium
1830 697 2020 765 perdi-

316 784 419 848 dit,
469 795 575 837 nec
606 779 687 838 ibi
721 795 882 836 sacra
910 778 1187 836 celebrata
1220 778 1474 849 fuerunt,
1507 779 1689 837 donec
1720 781 1921 839 fuisset
1950 784 2023 840 ab

312 872 576 948 episcopo
625 869 1008 928 reconciliata.
1064 868 1477 943 Episcoporum
1510 870 1583 927 ob
1615 870 1867 929 admissa
1908 872 2020 929 cri-

313 965 471 1024 mina
504 963 870 1038 dejectiones,
898 962 1530 1020 excommunicationes
1551 963 1611 1020 in
1640 964 2019 1037 incestuosos,

316 1055 685 1129 aliorumque
736 1055 1051 1113 criminum
1092 1071 1219 1112 reos
1252 1055 1650 1127 pratermitto,
1704 1057 1857 1130 quod
1898 1057 2025 1115 hac

316 1147 540 1207 notiora
568 1146 703 1215 sint,
732 1161 904 1219 quam
937 1152 1001 1203 ut
1022 1145 1323 1216 indigeant
1350 1146 1538 1204 fusius
1570 1148 1818 1205 tractari.

388 1241 475 1298 59.
511 1240 602 1298 Ex
643 1240 734 1298 his
784 1244 977 1297 autem
1027 1239 1299 1296 omnibus
1346 1244 1516 1312 patet,
1557 1238 1866 1298 utilissima
1903 1257 2025 1301 esse

318 1329 583 1402 Gregorii
629 1344 800 1403 opera
835 1329 906 1384 ad
946 1327 1332 1401 indagandam
1386 1326 1701 1387 Gallicana
1751 1330 2025 1391 Ecclesia

316 1419 719 1493 disciplinam:
751 1432 929 1491 pauca
948 1416 1065 1489 jam
1089 1416 1492 1488 subjungenda
1521 1423 1678 1487 sunt,
1711 1434 1784 1475 ex
1810 1419 2024 1493 quibus

312 1511 687 1585 intelligatur,
716 1525 781 1567 ea
809 1524 925 1566 non
954 1510 1149 1567 minus
1180 1523 1303 1566 esse
1331 1506 1538 1565 idonea
1570 1507 1643 1564 ad
1686 1510 2027 1569 confirman-

317 1603 448 1663 dam
478 1602 652 1660 tidem
682 1605 957 1658 nostram.
995 1599 1160 1657 Hanc
1197 1599 1354 1657 enim
1395 1614 1524 1657 eam
1564 1600 1750 1672 ipsam
1789 1617 1912 1660 esse
1952 1619 2026 1662 ex

316 1693 519 1752 eodem
575 1695 806 1747 auctore
865 1686 1161 1756 discimus,
1216 1700 1391 1759 quam
1459 1693 1647 1760 patres
1722 1690 1904 1747 nostri
1954 1691 2028 1748 ab

2102 520 2336 594 prolatis
2388 520 2643 596 opposite
2669 536 2843 578 sacra
2876 519 3187 593 Scriptura
3232 518 3575 579 testimoniis
3609 528 3817 579 contra

2106 609 2451 669 Sznducaum
2478 611 2787 685 quemdam
2840 611 3243 683 presbyterum
3292 610 3370 668 ita
3421 612 3690 683 asseruit,
3745 618 3818 669 ut

2104 697 2204 757 ille
2233 701 2471 758 omnino
2501 700 2795 757 convictus
2824 744 2837 769 ,
2870 714 2929 755 se
2954 714 3254 772 nunquam
3287 715 3412 755 eam
3440 699 3819 773 impugnatu—

2106 805 2237 847 rum
2282 788 2570 861 pollicitus
2598 789 2688 845 sit.
2722 787 2945 847 Ibidem
2976 803 3207 862 quoque
3233 788 3303 844 de
3327 789 3531 863 judicii
3561 789 3819 847 extremi

2106 880 2344 937 veritate
2372 879 2592 937 erudite
2622 878 2868 946 disserit,
2898 884 2952 935 et
2981 876 3399 951 suppliciorum
3428 880 3819 937 aeternitatem

2106 971 2393 1029 damnatis
2424 972 2697 1030 luendam
2726 971 2945 1044 probat.
3002 972 3083 1029 De
3107 972 3315 1029 iisdem
3350 973 3550 1045 poenis,
3587 979 3710 1031 tum
3740 972 3819 1030 de

2108 1062 2469 1136 temporariis
2509 1077 2655 1135 quas
2693 1061 2907 1118 anima
2938 1060 3347 1119 defunctorum
3388 1062 3816 1134 perpetiuntur,

2108 1153 2226 1225 agit
2282 1151 2341 1209 in
2394 1155 2577 1225 capite
2618 1150 2823 1209 ultimo
2866 1151 3001 1209 libri
3048 1165 3067 1209 1
3111 1151 3181 1209 de
3226 1150 3421 1209 Gloria
3469 1151 3817 1225 Martyrum.

2110 1240 2331 1299 Peccati
2369 1240 2669 1312 originalis
2716 1241 2992 1297 adversus
3039 1238 3376 1311 Pelagianos
3409 1240 3707 1298 veritatem
3753 1239 3825 1297 in

2108 1350 2213 1392 sua
2234 1333 2368 1391 ﬁdei
2395 1334 2755 1391 confessione
2777 1333 3029 1403 agnovit,
3069 1348 3204 1391 cum
3245 1336 3508 1388 hominem
3534 1334 3823 1404 perditum

2111 1424 2398 1479 liberatum
2449 1439 2481 1481 a
2531 1423 2755 1481 Christo
2812 1421 2989 1479 fuisse
3027 1422 3343 1495 profitetur.
3393 1421 3482 1479 Ibi
3520 1428 3573 1478 et
3610 1436 3819 1494 perpe-

2109 1518 2268 1571 tuam
2319 1512 2517 1570 Maria
2560 1511 2951 1583 virginitatem
2996 1512 3230 1583 laudat,
3276 1519 3331 1570 et
3371 1512 3499 1569 aliis
3536 1512 3595 1569 in
3635 1510 3816 1581 locis;

2109 1600 2296 1657 divini
2337 1616 2474 1658 vero
2510 1598 2718 1657 auxilii
2768 1599 2839 1656 ad
2890 1606 3039 1657 recte
3078 1600 3366 1672 agendum
3417 1598 3821 1657 necessitatem

2109 1704 2228 1747 non
2270 1688 2463 1747 verbis
2516 1688 2723 1757 solum,
2767 1688 2865 1745 sed
2901 1694 2955 1746 et
2986 1688 3271 1763 exemplis
3314 1688 3528 1763 passim
3558 1704 3824 1763 compro-

316 1780 727 1856 Apostolorum
766 1774 1065 1850 discipulis
1097 1780 1451 1848 acceperant.
1487 1776 1558 1834 Et
1595 1776 1833 1852 quidem
1868 1777 2225 1854 nun-Bbat.
2272 1777 2425 1835 Hinc
2464 1783 2613 1834 recte
2642 1778 2786 1835 facta
2825 1792 2943 1835 non
2988 1777 3212 1836 viribus
3253 1778 3502 1852 propriis
3527 1824 3542 1847 ,
3581 1778 3680 1836 sed
3711 1777 3823 1835 Dei

317 1888 495 1949 quam
541 1872 683 1929 alias
731 1875 847 1926 tam
884 1873 1147 1925 accurate
1184 1867 1409 1926 locutus
1446 1872 1532 1926 est
1569 1866 1883 1938 Gregorius
1921 1886 2028 1929 no-

318 1966 455 2030 ster,
477 1974 652 2034 quam
675 1972 808 2015 cum
834 1956 903 2012 de
924 1954 1059 2012 fidei
1083 1953 1253 2013 rebus
1280 1954 1559 2026 tractavit,
1584 1970 1688 2013 nec
1708 1956 2028 2030 quidquam

317 2048 478 2108 aliud
511 2054 623 2105 toto
650 2047 787 2105 vita
818 2062 942 2104 sua
968 2051 1221 2117 tempore
1261 2044 1402 2102 adeo
1431 2044 1741 2117 diligenter
1776 2047 2029 2121 inquisi-

224 2188 231 2194 .
318 2140 421 2208 vit,
463 2154 530 2195 ac
566 2152 633 2195 ea
671 2151 803 2209 qua
840 2134 911 2192 ad
951 2134 1084 2192 ﬁdei
1128 2128 1515 2205 integritatem
1550 2140 1606 2192 et
1639 2135 2027 2197 sinceritatem

316 2228 697 2304 pertinebant.
745 2225 811 2283 1d
856 2225 1048 2297 ipsum
1088 2222 1317 2281 disertis
1354 2223 1548 2282 verbis
1578 2229 1818 2284 testatur
1862 2227 2029 2287 initio

319 2318 455 2378 libri
477 2330 494 2374 Ι
520 2314 811 2385 Historia,
848 2313 950 2377 ubi
972 2318 1273 2386 postquam
1302 2327 1362 2369 se
1389 2314 1783 2384 grammatica
1814 2316 2030 2390 regulis

319 2422 436 2466 non
473 2406 637 2479 plene
665 2402 963 2462 eruditum
1008 2400 1199 2459 fassus
1245 2400 1467 2469 fuisset,
1513 2402 1821 2475 subjungit
1854 2421 1914 2463 se
1944 2413 2028 2463 ta-

325 2511 457 2556 men
510 2493 799 2553 studuisse
844 2506 1090 2564 semper,
1132 2495 1197 2548 ut
1234 2490 1304 2548 de
1342 2490 1516 2549 rebus
1554 2491 1688 2549 fidei
1730 2509 1934 2564 puram
1976 2499 2031 2553 et

322 2588 607 2647 sinceram
653 2582 888 2641 haberet
939 2580 1254 2640 notionem.
1313 2583 1481 2651 Illud,
1546 2582 1757 2655 inquit,
1819 2590 2033 2641 tantum

2112 1866 2317 1925 virtuti
2366 1865 2671 1923 tribuenda
2700 1880 2825 1923 esse
2869 1864 3032 1923 docet
3075 1866 3137 1924 in
3178 1866 3361 1940 capite
3412 1865 3641 1923 laudato
3680 1864 3822 1923 libri

2111 1955 2183 2013 de
2209 1954 2403 2014 Gloria
2428 1953 2746 2028 Martyrum
2772 1972 2790 2025 ;
2839 1956 3023 2027 capite
3057 1960 3251 2012 autem
3280 1954 3342 2012 41
3379 1954 3554 2012 ﬁdem
3580 1959 3817 2024 rectam,

2111 2061 2247 2121 qua
2278 2045 2447 2104 bonis
2487 2045 2779 2113 animetur
2825 2045 3117 2119 operibus,
3154 2046 3223 2103 ad
3257 2045 3499 2104 salutem
3553 2061 3820 2104 necessa-

2112 2133 2256 2192 riam
2308 2149 2432 2192 esse
2486 2138 2698 2191 censet.
2746 2131 2955 2190 Veram
2995 2141 3051 2191 et
3088 2134 3301 2192 realem
3354 2134 3410 2191 in
3455 2134 3823 2192 Eucharistia

2111 2224 2368 2299 corporis
2412 2231 2467 2284 et
2524 2222 2830 2299 sanguinis
2878 2225 3112 2283 Domini
3164 2224 3552 2298 prasentiam,
3589 2240 3723 2283 cum
3753 2224 3819 2282 in

2113 2315 2420 2374 narrandis
2476 2314 2734 2373 historiis
2787 2314 3007 2373 occasio
3054 2330 3175 2373 sese
3209 2314 3437 2386 obtulit,
3492 2316 3571 2373 ita
3625 2323 3823 2387 aperte

2113 2402 2444 2471 declaravit,
2483 2420 2548 2460 ac
2587 2404 2635 2460 si
2680 2403 2811 2460 data
2840 2419 3012 2475 opera
3050 2404 3394 2462 catholicum
3426 2403 3569 2462 illud
3612 2403 3827 2476 dogma

2114 2498 2241 2564 post
2271 2498 2533 2549 exortam
2568 2491 3132 2563 Berengarianorum
3175 2492 3448 2551 haresim
3493 2490 3825 2566 exprimere

2114 2580 2411 2639 voluisset.
2440 2581 2738 2649 Audenter,
2769 2580 2977 2654 inquit,
3010 2580 3071 2637 in
3101 2581 3249 2638 libro
3279 2579 3349 2637 de
3378 2580 3573 2640 Gloria
3603 2580 3824 2653 Marty-

324 2678 568 2741 studens,
619 2681 682 2732 ut
718 2678 864 2748 quod
912 2680 971 2732 in
1020 2680 1266 2733 Ecclesia
1317 2680 1466 2733 credi
1508 2681 1865 2751 pradicatur,
1916 2684 2034 2738 sine
2115 2689 2269 2745 rum,
2302 2674 2483 2746 capite
2514 2672 2604 2741 86,
2636 2679 2883 2729 sanctum
2915 2675 3135 2728 Domini
3173 2689 3367 2744 corpus
3412 2678 3461 2728 et
3501 2674 3825 2740 sanguinem

325 2769 512 2836 aliquo
554 2768 679 2834 fuco
705 2770 802 2819 aut
832 2766 1010 2821 cordis
1054 2768 1393 2822 haesitatione
1422 2771 1704 2838 retineam,
1738 2775 1843 2827 etc.
1882 2768 2033 2828 Sub-
2117 2780 2237 2820 cum
2320 2765 2491 2819 simus
2565 2768 2690 2818 actu
2764 2764 2986 2833 polluti,
3041 2763 3114 2816 ad
3184 2763 3459 2832 judicium
3537 2764 3823 2824 sumimus,

318 2853 512 2927 jungit
536 2854 671 2910 fidei
692 2868 815 2911 sua
836 2853 1269 2925 professionem,
1298 2870 1472 2927 quam
1503 2852 1776 2930 Symbolo
1801 2855 2036 2917 Nicano
2120 2870 2305 2924 quam,
2339 2857 2470 2921 etc.;
2522 2856 2576 2909 et
2620 2850 2801 2924 capite
2843 2850 2907 2907 10
2937 2850 3199 2923 ejusdem
3232 2851 3364 2909 libri
3411 2858 3605 2907 narrat
3636 2849 3828 2907 histo-

325 2949 425 3003 aut
481 2942 1117 3016 Constantinopolitano
1179 2943 1556 3017 prolixiorem
1605 2946 1803 3018 edidit,
1852 2954 1917 3005 ut
1964 2948 2037 3006 ab
2121 2942 2267 2998 riam
2294 2939 2533 2997 infantis
2557 2938 2767 3008 Judaei,
2794 2938 2895 3012 qni
2940 2955 3073 2997 cum
3097 2940 3391 2998 catholicis
3414 2939 3485 2996 ad
3522 2942 3833 3011 participa-

325 3035 650 3093 haresibus
685 3049 818 3108 qua
853 3041 1047 3106 postea
1071 3028 1518 3108 pullulaverant,
1546 3037 1806 3097 alienum
1831 3055 1891 3098 se
1915 3060 1921 3093 ‹

2217 3044 2320 3083 tem
2345 3030 2571 3096 gloriosi
2612 3029 2850 3099 corporis
2879 3032 2929 3082 et
2957 3030 3243 3096 sanguinis
3274 3030 3544 3083 Dominici
3572 3041 3829 3083 accesse-

327 3124 718 3199 protiteretur.
753 3124 1065 3183 Praclaras
1094 3124 1228 3182 ﬁdei
1267 3127 1495 3199 regulas
1524 3130 1791 3201 proponit
1820 3129 1921 3188 libr

2217 3162 2228 3175 .
2273 3116 2537 3189 Expletis
2577 3115 2789 3187 Missis,
2837 3132 2913 3174 ex
2963 3116 3113 3175 libro
3142 3129 3181 3174 II
3210 3116 3281 3174 de
3318 3116 3612 3174 Miraculis
3647 3116 3835 3174 sancti

330 3213 624 3283 Historia,
671 3214 854 3287 capite
909 3214 993 3285 13,
1037 3229 1328 3273 sacrarum
1374 3232 1580 3289 nempe
1619 3218 1921 3276 litteraruu

2220 3209 2400 3278 rtini,
2457 3208 2639 3282 capite
2691 3209 2804 3279 47,
2862 3207 3113 3282 populus
3179 3214 3580 3265 sacrosanctum
3635 3224 3834 3279 corpus

333 3303 660 3362 traditionis
698 3304 1023 3377 apostolica
1053 3306 1472 3379 auctoritatem,
1525 3309 1691 3379 queis
1736 3311 1921 3369 utitur

2217 3299 2495 3370 temptaris
2555 3297 2806 3370 accepit,
2870 3302 2975 3355 etc.
3036 3296 3343 3354 Missarum
3397 3295 3829 3363 celebrationes,

334 3395 748 3454 confutandam
806 3396 1067 3455 haeretici
1122 3397 1425 3471 cujusdam
1477 3400 1880 3473 pervicaciam,
1939 3405 2041 3479 qui
2123 3389 2384 3479 εασνίῇοίί
2414 3385 2765 3479 (ξω-θίὶοῐξθίη
2805 3385 3021 3459 PaSSim
3050 3389 3479 3479 @mmemprat-
3517 3383 3719 3479 Missfls
3758 3382 3833 3479 εξά

334 3485 593 3544 futuram
644 3486 1126 3545 resurrectionem
1176 3488 1238 3544 in
1275 3487 1520 3545 dubium
1563 3505 1830 3549 revocare.
1864 3509 2043 3552 ausus

336 3573 543 3633 fuerat.
579 3571 709 3631 Alio
739 3573 800 3631 in
831 3575 951 3633 loco
981 3580 1311 3634 sanctorum
1346 3575 1583 3633 Patrum
1624 3580 2043 3651 auctoritatem,

337 3679 485 3739 quos
534 3669 662 3737 post
698 3665 982 3738 apostolos
1020 3664 1177 3722 Deus
1215 3665 1485 3722 Ecclesia
1531 3665 1785 3739 reliquit,
1827 3667 2044 3742 laudat,

339 3771 550 3829 nempe
575 3753 723 3813 libro
754 3767 813 3825 v,
846 3757 1026 3830 capite
1056 3755 1144 3815 45.
1177 3755 1441 3831 Denique
1475 3758 1613 3816 tanti
1642 3758 1902 3818 fecerunt
1934 3778 2052 3821 ma-

336 3846 492 3921 jores
544 3844 724 3904 nostri
775 3845 1213 3919 disputationes,
1286 3862 1430 3919 quas
1485 3845 1799 3919 Gregorius
1856 3857 2049 3910 noster

346 3937 625 3996 adversus
663 3935 965 3993 hareticos
996 3952 1029 3992 a
1062 3951 1121 3993 se
1158 3934 1383 3993 habitas
1418 3936 1644 4009 scriptis
1682 3942 2050 3999 commenda-

348 4031 529 4095 verat,
558 4032 621 4083 ut
648 4023 731 4081 eis
761 4025 911 4082 inter
950 4023 1084 4082 fidei
1122 4023 1351 4098 regulas
1392 4024 1583 4085 locum
1623 4026 1825 4085 darent
1862 4028 1925 4086 in
1966 4044 2054 4087 co-

346 4116 595 4187 dicibus,
626 4114 729 4190 qui
764 4116 835 4173 ad
874 4114 1232 4175 sacerdotum
1269 4116 1652 4175 eruditionem
1690 4124 1883 4191 postea
1913 4135 2053 4180 con-

348 4209 453 4268 diti
508 4209 762 4267 fuerunt.
820 4207 1121 4282 Ejusmodi
1176 4207 1573 4267 collectionem
1635 4209 1917 4270 habemus
1982 4229 2056 4272 ex

349 4297 542 4357 codice
599 4295 921 4355 Fossatensi
968 4304 1224 4372 tempore
1267 4294 1455 4357 Caroli
1503 4298 1699 4373 Magni
1752 4301 2057 4360 concinna-

352 4395 492 4461 tam,
529 4389 594 4446 in
631 4405 746 4463 qua
808 4390 1192 4448 conciliorum
1247 4389 1567 4448 canonibus
1620 4392 2056 4463 pramittuntur

2126 3472 2391 3548 requiem
2422 3473 2709 3532 defunctis
2752 3475 3173 3546 procurandam
3203 3472 3515 3530 celebratas
3562 3470 3740 3530 habes
3768 3473 3828 3529 in

2128 3561 2278 3620 libro
2307 3562 2377 3619 de
2406 3562 2603 3621 Gloria
2631 3563 3037 3622 Confessorum
3062 3609 3077 3633 ,
3109 3564 3290 3637 capite
3319 3563 3387 3621 65
3412 3606 3426 3634 ,
3458 3570 3512 3620 et
3540 3560 3837 3620 Palladius

2129 3654 2221 3711 sui
2252 3653 2435 3727 ipsius
2497 3652 2891 3728 interemptor,
2942 3657 3235 3710 missarum
3281 3656 3542 3710 solemnia
3581 3671 3686 3711 non
3718 3671 3834 3709 me-

2128 3748 2261 3802 ruit.
2301 3744 2461 3802 Alibi
2514 3754 2797 3818 prasente
2835 3760 3070 3817 corpore
3111 3743 3173 3801 in
3217 3744 3622 3802 defunctorum
3661 3759 3837 3801 exse-

2134 3836 2289 3909 quiis
2317 3836 2512 3895 Missa
2534 3837 2833 3896 celebrata
2861 3837 3137 3895 dicuntur
3166 3854 3182 3907 ;
3209 3836 3346 3894 item
3378 3842 3432 3893 et
3460 3834 3837 3909 psallentium

2135 3928 2295 3987 chori
2323 3926 2472 3985 circa
2500 3925 2756 3985 defuncti
2800 3940 3008 3999 corpus
3046 3930 3180 3981 ante
3211 3924 3587 3997 sepulturam,
3621 3930 3676 3981 et
3721 3921 3840 3979 alia

2136 4016 2443 4091 ejusmodi,
2486 4031 2619 4083 qua
2653 4014 2979 4088 legentibus
3010 4013 3224 4087 passim
3265 4019 3591 4071 occurrunt.
3632 4010 3841 4070 Sacra—

2139 4122 2271 4167 rum
2302 4120 2436 4163 vero
2487 4104 2870 4177 reliquiarum
2913 4102 3365 4170 venerationem,
3408 4100 3841 4159 invocationem

2140 4202 2491 4266 sanctorum,
2522 4210 2712 4252 sacras
2739 4193 3256 4266 eorumimagines,
3275 4191 3504 4267 aliaque
3527 4188 3841 4264 ejusmodi,

2139 4302 2271 4363 qua
2301 4286 2646 4344 recentiores
2678 4284 2958 4355 haretici,
3003 4285 3129 4358 plus
3163 4283 3305 4342 forte
3346 4281 3509 4355 vulgi
3556 4279 3845 4339 abusibus

2138 4393 2313 4453 quam
2337 4376 2606 4436 Ecclesia
2634 4376 2999 4450 dogmatibus
3017 4374 3397 4442 attendentes,
3420 4370 3843 4444 tantopereim-

354 4478 686 4553 symbolum
755 4479 1078 4547 Athanasii,
1130 4478 1443 4550 Augustini
1500 4479 1868 4554 aliorumque

2222 4476 2493 4542 gnarunt,
2527 4475 2605 4526 tot
2633 4467 2876 4542 probant
2897 4473 3257 4539 argumenta,
3290 4466 3444 4539 quod
3477 4466 3593 4522 fere
3618 4464 3845 4521 baben-

356 4566 766 4636 oonfessiones,
810 4573 935 4623 tum
969 4567 1368 4625 altercationes
1407 4572 1605 4625 contra
1644 4569 1944 4629 haereticos
1983 4589 2058 4631 ex

353 4655 615 4730 Gregorii
660 4654 911 4713 Historia
950 4663 1257 4729 excerpta.
1295 4655 1411 4714 Nec
1448 4656 1755 4717 immerito.
1790 4659 1874 4717 Ita
1901 4663 2058 4720 enim

357 4749 494 4807 ﬁdei
519 4752 729 4805 nostra
755 4744 1046 4805 studiosus
1078 4744 1188 4804 fuit
1218 4743 1549 4817 Gregorius,
1581 4754 1645 4806 ut
1672 4748 1895 4808 nullam
1935 4753 2060 4824 ejus

354 4836 790 4915 propugnanda
814 4837 1170 4896 occasionem
1192 4837 1643 4909 pratermiserit.
1668 4838 2060 4901 Sanctissima

358 4925 655 4985 Trinitatis
684 4928 1045 5001 mysterium,
1077 4941 1570 5001 personarumque
1599 4927 1661 4985 in
1691 4944 1809 4987 una
1854 4938 2062 4988 natura

356 5023 414 5075 et
447 5016 747 5074 divinitate
784 5015 1086 5089 aqualiter
1113 5014 1550 5075 subsistentium
1581 5019 1880 5076 veritatem
1910 5034 2059 5092 sape

360 5107 594 5183 sapius,
624 5106 815 5165 allatis
837 5121 1013 5164 sacra
1045 5103 1359 5179 Scriptura
1392 5107 1755 5179 testimoniis,
1787 5109 2057 5169 demons-

360 5200 554 5272 travit,
627 5197 1105 5274 confirmavitque
1182 5200 1359 5258 variis
1430 5197 1752 5268 miraculis,
1810 5215 1941 5274 qua
1998 5201 2059 5258 in

357 5291 509 5349 hanc
553 5304 675 5348 rem
715 5288 881 5358 facta,
921 5295 1019 5346 aut
1066 5288 1187 5361 ipse
1229 5288 1471 5360 viderat,
1520 5292 1621 5346 aut
1669 5287 1945 5346 didicerat
1989 5288 2062 5346 ab

355 5378 504 5438 aliis.
546 5377 935 5451 Chilpericum
976 5392 1169 5451 regem
1206 5376 1308 5451 qui
1350 5375 1585 5436 Sabellii
1632 5391 1854 5436 errores
1894 5392 2066 5435 reno-

361 5485 499 5528 vare
531 5469 771 5539 volebat,
804 5470 881 5525 ita
910 5467 1252 5539 confutavit,
1292 5466 1555 5541 exposito
1595 5466 1887 5541 quodnam
1916 5453 2065 5525 esset

360 5559 430 5617 de
459 5574 838 5633 personarum
878 5558 1244 5618 distinctione
1272 5565 1325 5616 et
1358 5563 1583 5615 natura
1616 5556 1836 5615 unitate
1866 5556 2062 5615 catho-

362 5648 542 5709 licum
579 5650 805 5725 dogma,
847 5657 912 5710 ut
950 5666 1077 5721 rex,
1120 5649 1249 5707 licet
1289 5650 1352 5709 in
1381 5664 1517 5709 eum
1552 5647 1846 5719 frendens,
1889 5647 2061 5707 silere

2141 4568 2237 4619 tur
2261 4561 2322 4618 in
2354 4559 2519 4618 libris
2554 4559 2973 4618 Miraculorum
3006 4560 3250 4632 pagina.
3304 4556 3595 4630 Imagines
3628 4554 3845 4613 Christi

2139 4651 2293 4724 apud
2329 4649 2527 4709 fideles
2551 4649 2887 4707 asservandi
2916 4665 3133 4708 morem
3163 4664 3238 4706 ex
3271 4662 3465 4704 amore
3495 4646 3554 4703 in
3587 4652 3850 4720 prototy-

2140 4757 2281 4816 pum
2307 4739 2651 4814 processisse
2680 4739 2779 4810 ait,
2810 4741 2991 4812 capite
3019 4738 3089 4796 2‘2
3136 4737 3270 4794 libri
3299 4750 3317 4794 1
3345 4736 3416 4793 de
3463 4734 3659 4793 Gloria
3691 4733 3848 4792 Mar-

2144 4838 2359 4904 tyrum,
2392 4838 2456 4890 ut
2488 4847 2692 4905 nempe
2726 4832 2873 4903 ejus,
2903 4830 3072 4904 cujus
3102 4828 3286 4900 legem
3317 4827 3381 4885 in
3415 4825 3623 4883 tabulis
3657 4824 3852 4883 cordis

2143 4923 2410 4992 retinent,
2439 4921 2609 4979 etiam
2640 4921 2949 4994 imaginem
2983 4919 3055 4977 ad
3084 4918 3688 4976 commemorationem
3726 4914 3853 4972 vir-

2144 5013 2285 5072 tutis
2314 5013 2373 5071 in
2402 5011 2613 5070 tabulis
2647 5012 2977 5070 visibilibus
2999 5011 3207 5083 pictam
3242 5025 3342 5082 per
3370 5006 3637 5065 ecclesias
3665 5019 3730 5062 ac
3754 5004 3852 5062 do-

2141 5116 2267 5159 mos
2284 5100 2522 5159 affixam
2541 5110 2882 5175 prasentem
2898 5100 3163 5159 habeant.
3192 5098 3263 5155 Et
3285 5097 3544 5170 quidem,
3562 5103 3625 5153 ut
3648 5094 3853 5152 eadem

2142 5190 2440 5249 occasione
2483 5188 2737 5263 loquitur
2792 5188 3044 5247 Rufinus
3094 5186 3239 5245 libro
3281 5198 3365 5243 v11
3411 5184 3704 5254 Historia,
3753 5199 3851 5240 ca-

2144 5284 2201 5359 pi
2210 5292 2260 5341 te
2296 5284 2375 5353 14,
2395 5286 2641 5352 insignia
2665 5288 2902 5338 veterum
2920 5284 3190 5338 reservari
3212 5279 3286 5335 ad
3300 5281 3640 5349 posterorum
3660 5290 3855 5329 memo-

2146 5380 2321 5433 riam:
2354 5377 2573 5431 illorum
2604 5376 2840 5443 honoris,
2873 5375 3061 5427 horum
3085 5388 3208 5427 vero
3238 5369 3440 5425 amoris
3461 5365 3727 5421 indicium
3749 5371 3850 5421 est.

2217 5469 2304 5527 60.
2339 5468 2621 5525 (laterum
2649 5464 2753 5521 etsi
2788 5463 3077 5537 pracipua
3108 5458 3368 5534 Gregorii
3402 5456 3581 5515 nostri
3609 5471 3855 5529 operum

2145 5557 2369 5616 utilitas
2407 5554 2735 5614 collocanda
2768 5554 2841 5611 sit
2890 5553 2947 5609 in
2983 5551 3329 5610 addiscemla
3376 5548 3731 5605 Francorum
3757 5561 3855 5604 re-

2143 5646 2243 5720 gni
2269 5652 2384 5705 tam
2409 5644 2791 5705 ecclesiastica
2820 5658 2996 5716 quam
3023 5642 3262 5716 profana
3289 5636 3550 5707 historia,
3580 5633 3737 5694 haud
3778 5639 3856 5692 ta-
