3972 6340
137 284 201 342 53
602 336 616 353 ,
1670 280 1705 338 Ρ

2072 333 2084 345 .
3564 280 3636 339 54

132 422 261 467 men
306 404 639 480 spernenda
664 404 837 463 habet
884 402 956 462 de
1013 402 1264 463 aliarum
1309 407 1615 467 nationum
1668 410 1906 472 rebusA
1924 412 2067 485 rius,
2108 417 2173 471 ut
2227 412 2519 486 episcopos
2556 408 2619 466 in
2647 405 2833 466 Gallia
2863 407 2957 465 his
3009 408 3225 480 septem
3273 406 3631 482 antiquiores

129 499 319 573 gestis,
359 512 498 571 quae
540 494 753 553 exinde
799 495 974 554 etiam
1010 494 1248 554 illarum
1276 497 1538 569 gentium
1591 500 1840 574 proprias
1923 502 2115 560 nullos
2145 501 2322 561 fuisse
2347 498 2741 558 existimaret:
2775 495 2928 570 quod
2959 495 3196 570 quidem
3236 511 3308 553 ex
3336 496 3477 571 ipsis
3504 496 3631 571 ejus

129 588 385 647 historiae
415 586 722 658 scriptores
763 585 1013 645 mutuati
1044 590 1199 644 sunt.
1237 585 1365 659 Ipse
1405 588 1591 660 nobis,
1625 595 1689 647 ut
1718 606 1839 648 rem
1922 589 2116 647 verbis
2143 594 2363 648 certum
2400 593 2503 646 est.
2559 590 2623 644 In
2663 587 2880 656 Galliis,
2921 584 3131 659 inquit,
3183 584 3333 643 libro
3376 598 3416 658 I,
3448 586 3632 659 capite

129 676 413 749 exemplis
436 674 768 749 probemus,
796 673 1294 745 Burgundionum
1323 684 1379 733 et
1403 677 1836 751 Thuringorum
1921 678 2007 740 26.
2046 678 2149 735 ubi
2178 677 2248 735 de
2284 674 2563 734 Antonini
2612 673 3029 748 persecutione,
3076 676 3237 729 multi
3278 691 3380 747 pro
3425 677 3631 734 Christi

128 767 419 824 fortunam
474 763 809 835 descripsit;
851 762 1321 835 \Visigotborum
1369 764 1432 821 in
1485 766 1837 841 Septimania
1920 772 2133 824 nomine
2172 772 2299 822 sunt
2354 783 2452 836 per
2494 768 2820 833 martyrium
2867 765 3126 826 coronati,
3165 777 3298 819 cum
3330 763 3513 836 capite
3558 763 3629 821 28

128 854 267 912 etin
310 853 596 927 Hispania
623 867 824 923 regum
856 853 1063 909 seriem
1104 852 1176 910 ab
1219 869 1286 909 eo
1314 854 1659 926 accepimus.
1708 857 1831 913 Non
1919 858 2018 912 sub
2042 859 2291 913 Decio....
2324 856 2503 923 Hujus
2549 860 2782 924 tempore
2808 858 3008 924 septem
3056 854 3167 906 viri
3215 854 3454 925 episcopi
3477 854 3631 908 ordi-

126 960 307 1019 pauca
360 944 537 1001 etiam
583 943 653 999 de
690 940 1161 1013 Ostrogothorum
1216 949 1271 999 et
1320 941 1836 1015 Langobardorum

130 1036 305 1094 rebus
342 1035 523 1109 gestis
568 1040 785 1100 narrat,
831 1032 1131 1089 occasione
1180 1032 1639 1105 expeditionum,
1696 1050 1840 1107 quas

128 1141 289 1196 reges
319 1124 501 1181 nostri
534 1124 593 1180 in
618 1121 846 1179 Italiam
873 1122 1152 1178 adversus
1190 1137 1287 1178 eos
1324 1137 1646 1195 suscepere.
1675 1122 1841 1181 Unde

126 1218 299 1274 etiam
353 1215 716 1273 occasionem
761 1214 975 1286 accepit
1013 1213 1083 1271 de
1132 1214 1575 1286 imperatoribus
1626 1216 1841 1273 Graecis

129 1304 469 1369 disserendi,
506 1303 605 1375 qui
642 1302 986 1359 titubantem
1016 1302 1076 1358 in
1106 1301 1270 1358 Italia
1308 1318 1473 1359 suam
1505 1309 1841 1375 potestatem

127 1394 469 1450 conﬁrmare
484 1407 554 1449 ac
582 1406 844 1463 reparare
874 1389 1231 1447 Francorum
1258 1389 1482 1447 auxilio
1509 1391 1723 1463 saepius
1754 1408 1842 1449 co-

129 1482 239 1538 nati
282 1487 443 1538 sunt.
479 1480 631 1539 Hinc
663 1482 841 1536 variae
862 1478 1177 1550 legationes
1204 1494 1234 1536 e
1259 1477 1477 1536 Grmcia
1511 1480 1569 1535 in
1601 1478 1837 1551 Gallias,

125 1575 177 1626 et
197 1584 271 1625 ex
285 1568 495 1627 Galliis
526 1570 586 1623 in
614 1565 917 1634 Graeciam,
951 1582 1093 1639 quas
1108 1566 1419 1638 Gregorius
1452 1567 1661 1640 passim
1689 1583 1841 1625 com-

123 1664 427 1714 memorat.
468 1656 553 1712 Ea
589 1670 721 1728 qua}
753 1654 824 1710 de
858 1652 1102 1724 Chunis,
1151 1652 1505 1727 Saxonibus,
1536 1654 1838 1727 Bajoariis,

1922 950 2041 1001 nati
2079 948 2152 1001 ad
2187 946 2601 1017 prtedicandum
2644 946 2702 999 in
2754 944 2965 998 Gallias
2992 945 3150 997 missi
3176 949 3322 1015 sunt,
3363 949 3468 1001 etc.
3502 942 3631 1001 Non

1922 1036 2117 1109 itaque
2146 1035 2301 1102 dicit,
2333 1034 2585 1105 primum
2619 1038 2852 1102 tunc,ut
2878 1039 3043 1089 antea
3066 1031 3312 1089 Severus
3339 1031 3632 1104 Sulpicius

1923 1124 2244 1197 scripserat,
2278 1122 2401 1179 visa
2450 1121 2626 1179 fuisse
2666 1121 2729 1178 in
2763 1119 2967 1178 Galliis
3012 1121 3321 1191 martyria;
3377 1136 3494 1179 non
3523 1136 3627 1179 ex-

1924 1214 2102 1271 cludit
2150 1212 2293 1269 alios
2324 1211 2481 1269 verbi
2515 1210 2700 1267 divini
2740 1225 3048 1283 praecones,
3096 1211 3199 1283 qui
3251 1215 3383 1267 ante
3416 1216 3633 1284 septem

1925 1303 2055 1362 illos
2094 1303 2391 1375 episcopos
2434 1299 2819 1367 Evangelium
2856 1298 2914 1355 in
2961 1296 3166 1356 Galliis
3210 1298 3629 1359 disseminave-

1926 1394 2070 1461 rint;
2099 1408 2202 1449 nec
2250 1390 2489 1463 proinde
2543 1389 2655 1447 sibi
2707 1389 2817 1462 ipsi
2853 1388 3218 1458 contradixit,
3253 1404 3389 1447 cum
3421 1389 3634 1447 Eutro-

1924 1485 2086 1557 pium
2131 1488 2380 1540 asancto
2423 1480 2713 1538 Clemente
2759 1481 3004 1537 missum
3050 1480 3227 1537 fuisse
3275 1480 3340 1538 in
3387 1480 3535 1539 libro
3564 1482 3636 1539 de

1925 1574 2119 1633 Gloria
2170 1572 2513 1646 Martyrum,
2556 1572 2739 1644 capite
2781 1571 2868 1639 56,
2909 1570 3154 1643 scripsit.
3198 1569 3385 1628 Immo
3432 1577 3485 1629 et
3523 1571 3635 1629 sibi

1924 1662 2034 1736 ipsi
2067 1667 2284 1719 constat
2327 1661 2396 1717 de
2427 1660 2544 1717 illis
2578 1668 2791 1732 septem
2822 1659 3102 1733 episc0pis
3128 1658 3189 1716 in
3222 1658 3371 1717 libro
3399 1658 3469 1717 de
3498 1658 3633 1718 Glo-

120 1746 367 1819 aliisque
416 1744 749 1804 Germania:
792 1743 1019 1816 populis
1059 1742 1249 1813 habet,
1284 1759 1402 1801 non
1437 1750 1601 1801 vacat
1641 1761 1688 1802 re

2069 1753 2443 1811 :onfessorum
2473 1748 2747 1818 scribens,
2781 1747 2904 1819 ubi,
2936 1747 3118 1820 capite
3142 1748 3195 1816 4,
3223 1748 3293 1805 de
3317 1752 3509 1805 sancto
3537 1747 3637 1808 Ga-

119 1854 262 1897 sere.
294 1838 462 1895 Adde
485 1838 663 1894 etiam
692 1852 828 1909 quas
850 1834 921 1892 de
952 1840 1348 1893 extremorum
1380 1842 1701 1910 temporum
1734 1834 1890 1896 Ro:
1925 1842 2081 1900 tiano
2111 1841 2207 1910 ait,
2241 1858 2395 1911 quem
2420 1857 2453 1894 a
2482 1841 2739 1895 Romanis
2763 1835 3047 1909 episcopis
3072 1839 3473 1905 transmissum,
3502 1841 3633 1909 etc.,

120 1931 280 1988 mani
312 1930 377 1986 in
412 1928 716 1987 Occidente
738 1926 969 2000 imperii
993 1934 1095 1984 aut
1124 1927 1383 2000 tyrannis
1412 1932 1512 1984 aut
1534 1926 1840 2000 imperato-

120 2020 307 2089 ribus,
338 2017 435 2076 vel
472 2025 625 2075 certe
655 2018 726 2075 de
759 2018 1093 2076 eorumdem
1135 2016 1361 2074 militias
1416 2018 1721 2091 praefectis,
1766 2036 1841 2078 ex

116 2110 321 2169 Oresio
341 2106 597 2182 aliisque
618 2107 953 2166 auctoribus
985 2106 1203 2177 retulit,
1231 2106 1447 2182 quibus
1477 2114 1532 2164 et
1555 2107 1843 2166 nonnulla

115 2196 539 2266 intermiscuit,
568 2211 702 2269 quae
728 2201 829 2253 aut
853 2212 926 2253 ex
960 2194 1266 2253 traditione
1290 2196 1610 2269 acceperat,
1636 2203 1737 2255 aut
1767 2214 1841 2255 ex

117 2287 459 2346 auctoribus
510 2286 683 2344 modo
736 2285 966 2357 ignotis.
1005 2285 1160 2342 idem
1215 2285 1346 2342 fecit
1400 2286 1462 2342 in
1516 2287 1844 2345 narratione

115 2394 289 2451 quam
319 2393 400 2434 ex
429 2374 670 2435 Eusebii
708 2375 830 2431 sive
861 2373 1207 2446 Hieronymi
1259 2373 1543 2433 Chronico
1572 2382 1627 2433 et
1657 2377 1842 2436 Orosii

119 2472 361 2529 historia
395 2468 768 2543 potissimum
800 2465 1175 2524 concinnavit
1211 2466 1279 2522 de
1319 2466 1393 2523 iis
1418 2466 1611 2534 rebus,
1646 2482 1779 2539 quas
1809 2482 1843 2523 a

120 2561 323 2618 mundi
373 2559 712 2618 conditione
742 2557 811 2614 ad
841 2556 1122 2615 saeculum
1153 2556 1427 2629 quintum
1454 2557 1837 2631 contigerunt.

123 2651 435 2709 Variornm
467 2648 777 2722 opiniones
807 2648 877 2705 de
920 2648 1095 2704 maris
1124 2646 1310 2704 Rubri
1349 2647 1593 2705 transitu
1640 2664 1839 2705 recen-

118 2749 194 2799 set
220 2740 283 2797 in
328 2740 487 2797 libro
517 2752 537 2796 I
563 2738 840 2795 Historiae
867 2782 881 2807 ,
930 2738 1113 2809 capite
1148 2737 1248 2799 10.
1282 2738 1381 2795 ubi
1420 2745 1475 2795 et
1506 2739 1840 2811 peregrinos

119 2830 329 2896 laudat,
364 2830 473 2901 qui
510 2826 858 2885 monasteria
885 2825 1117 2899 [Egypti
1142 2825 1652 2898 perlustraverant.
1686 2827 1839 2885 Tum

116 2918 376 2994 loquitur
406 2919 479 2976 de
512 2918 716 2991 priscis
764 2917 1100 2975 nationibus
1133 2935 1144 2973 :
1180 2921 1261 2975 Ne
1288 2919 1574 2973 videamur
1604 2962 1621 2983 ,
1650 2917 1842 2991 inquit

115 3007 292 3078 capite
359 3004 445 3074 16,
496 3009 664 3061 unius
719 3013 929 3062 tantum
982 3007 1219 3062 Hebraea;
1274 3010 1451 3076 gentis
1510 3010 1703 3064 habere
1752 3025 1842 3063 no-

119 3098 320 3158 titiam,
354 3095 581 3163 reliqua
609 3110 799 3163 regna,
820 3098 926 3149 etc.
958 3094 1275 3150 Enumerat
1299 3097 1673 3166 antiquarum
1696 3108 1840 3164 gen-

124 3182 267 3238 tium
296 3196 485 3254 reges,
529 3181 631 3254 qui
678 3187 813 3237 ante
860 3180 1069 3238 Christi
1106 3180 1421 3239 adventum
1452 3180 1835 3253 imperarunt.

122 3269 301 3328 Paulo
336 3270 534 3329 fusius
572 3270 815 3342 exponit
848 3285 915 3326 ea
954 3286 1084 3342 quae
1130 3277 1257 3343 post
1309 3268 1603 3327 Christum
1636 3277 1838 3327 natum

122 3362 498 3435 contigerunt
550 3383 563 3417 :
614 3360 1041 3435 persecutiones
1079 3360 1357 3419 adversus
1392 3361 1705 3419 Ecclesiam
1745 3377 1837 3419 re-

120 3462 327 3521 censet,
382 3451 795 3524 nonnullaque
821 3451 891 3509 de
922 3452 1240 3511 Galliarum
1270 3460 1421 3512 statu
1462 3453 1652 3524 habet,
1683 3454 1838 3513 unde

113 3542 398 3603 discimus
419 3559 557 3616 quae
576 3542 795 3601 iuerint
815 3542 1085 3601 Ecclesiae
1102 3544 1160 3601 in
1184 3544 1277 3602 his
1302 3544 1563 3618 partibus
1584 3545 1837 3617 primor-

110 3636 223 3706 dia,
250 3642 358 3694 aut
402 3633 611 3691 saltem
648 3649 781 3708 quae
815 3640 955 3691 tunc
982 3634 1321 3707 invaluerit,
1353 3650 1489 3692 cum
1523 3633 1835 3709 Gregorius

112 3732 352 3797 viveret,
387 3742 457 3784 ea
487 3726 562 3783 de
589 3742 651 3784 re
688 3726 907 3798 opinio.

174 3818 265 3876 61.
298 3814 590 3874 Nonnulli
628 3830 703 3871 ex
747 3814 872 3887 ejus
912 3814 1136 3888 scriptis
1182 3814 1386 3872 inferri
1417 3830 1583 3889 posse
1629 3820 1837 3889 putant

112 3908 407 3982 duplicem
440 3910 581 3962 tunc
610 3902 673 3959 in
701 3902 905 3961 Galliis
936 3903 1112 3960 fuisse
1144 3903 1513 3961 traditionem
1541 3904 1611 3963 de
1630 3904 1835 3978 primis

113 3998 385 4055 Ecclesiae
416 3993 737 4053 Gallicanae
766 3992 1056 4065 apostolis,
1088 4008 1337 4066 quorum
1362 3994 1464 4051 alii
1496 3995 1835 4053 missionem

110 4087 173 4143 ad
206 4087 477 4159 ipsorum
528 4081 935 4155 Apostolorum
977 4090 1203 4141 tetatem
1249 4098 1515 4140 revocare
1551 4098 1834 4140 conaren-

116 4180 199 4233 tur
232 4194 247 4247 ;
277 4176 387 4233 alii
418 4188 557 4231 vero
583 4171 654 4230 ad
690 4172 868 4243 Decii,
896 4180 994 4230 aut
1022 4182 1173 4231 certe
1219 4173 1394 4231 Marci
1423 4172 1651 4231 Aurelii
1684 4180 1831 4231 tem-

112 4284 266 4338 pora.
299 4265 461 4335 Quin
496 4269 551 4321 et
602 4261 947 4335 Gregorium
1000 4264 1154 4338 quod
1209 4279 1327 4321 non
1370 4262 1507 4321 satis
1551 4279 1617 4321 ea
1659 4262 1720 4320 in
1772 4278 1833 4321 re

112 4354 217 4411 sibi
246 4350 575 4410 constiterit
602 4355 892 4419 accusant,
921 4352 1133 4423 quippe
1162 4350 1264 4426 qui
1294 4350 1543 4423 priorem
1595 4359 1829 4409 senten-

1924 1930 2303 2005 cognovimus
2337 1946 2351 1996 ;
2384 1927 2567 2000 capite
2614 1926 2701 1994 27,
2734 1927 3017 1981 Martialis
3070 1942 3104 1981 a
3133 1928 3393 1982 Romanis
3434 1928 3635 1982 missus

1926 2021 2191 2093 episcopis
2223 2038 2240 2086 ,-
2274 2022 2329 2074 et
2354 2014 2537 2088 capite
2566 2013 2654 2077 30,
2689 2010 3069 2079 Stremonius,
3101 2018 3157 2069 et
3193 2011 3315 2085 ipse
3354 2030 3389 2067 a
3432 2016 3633 2069 Roma-

1923 2114 2011 2166 nis
2048 2110 2314 2180 episcopis
2348 2122 2466 2161 cum
2501 2106 2734 2161 Gatiano
2765 2106 2815 2156 et
2843 2104 3093 2172 reliquis,
3135 2118 3268 2171 quos
3308 2104 3636 2157 memoravi-

1924 2215 2063 2262 mus,
2106 2203 2183 2252 est
2232 2198 2489 2252 directus.
2528 2194 2643 2251 Nec
2692 2207 2981 2264 opponere
3020 2191 3187 2264 juvat
3224 2190 3633 2266 Saturninum,

1925 2290 2107 2360 capite
2136 2287 2206 2345 48
2238 2284 2416 2343 librit
2463 2283 2533 2340 de
2581 2281 2775 2340 Gloria
2823 2280 3167 2353 Martyrum,
3200 2279 3418 2339 dictum
3456 2280 3637 2341 fuisse

1927 2380 1995 2434 ab
2022 2379 2407 2451 Apostolorum
2453 2374 2743 2444 discipulis
2775 2372 3091 2427 ordinatum
3118 2390 3135 2426 :
3166 2386 3297 2429 cum
3330 2372 3636 2444 Apostolo-

1926 2485 2058 2527 rum
2084 2466 2400 2539 discipulos
2440 2461 2691 2539 potuerit
2715 2460 3003 2534 appellare
3034 2476 3150 2531 eos,
3183 2461 3285 2533 qui
3321 2461 3523 2519 Bomm
3563 2464 3634 2520 fi-

1925 2560 2058 2618 dem
2089 2558 2161 2615 ab
2192 2554 2481 2630 Apostolis
2512 2551 2949 2611 disseminatam
2985 2550 3423 2624 profitebantur.
3458 2550 3552 2610 Sic
3579 2556 3636 2609 et

1922 2652 1992 2709 de
2037 2645 2248 2704 Ursino
2288 2642 2617 2712 Biturigum
2654 2640 2912 2713 apostolo
2947 2637 3200 2713 loquitur
3232 2639 3414 2712 capite
3456 2639 3526 2697 80
3565 2638 3637 2696 de

1924 2739 2119 2800 Gloria
2171 2736 2599 2803 Confessorum,
2643 2747 2817 2806 quem
2861 2736 3055 2789 tamen
3102 2736 3319 2803 septem
3348 2732 3636 2804 episcopo-

1925 2844 2055 2889 rum
2083 2825 2439 2898 discipulum
2467 2822 2645 2881 fuisse
2672 2821 2867 2879 innuit
2898 2820 3046 2877 libro
3074 2832 3092 2877 I
3119 2819 3410 2885 Historias,
3453 2819 3637 2893 capite

1922 2919 2013 2989 29,
2049 2929 2385 2991 quanquam
2438 2909 2713 2969 nonnulli
2751 2913 3018 2967 censeant
3053 2907 3149 2965 hic
3194 2907 3377 2966 alium
3422 2908 3494 2965 ab
3527 2908 3637 2967 Ur-

1924 3006 2053 3064 sino
2098 3002 2414 3074 designari,
2446 2998 2824 3059 Senicianum
2851 2997 3084 3066 scilicet,
3132 2996 3233 3070 qui
3264 2997 3553 3055 secundus
3573 2997 3637 3055 in

1928 3093 2383 3166 Biturigensium
2422 3091 2822 3163 episcoporum
2859 3086 3115 3159 catalogo
3163 3093 3514 3145 recensetur.
3565 3086 3637 3144 Et

1925 3186 2159 3261 quidem
2212 3182 2524 3255 Gregorius
2570 3181 2691 3240 loco
2724 3180 2953 3239 laudato
2982 3180 3062 3238 ait
3090 3187 3215 3252 post
3246 3179 3443 3237 Ursini
3476 3194 3635 3237 mor-

1925 3283 2040 3334 tem
2103 3273 2476 3332 Christianam
2532 3271 2704 3327 tidem
2756 3270 2912 3343 apud
2969 3270 3252 3340 Bituriges
3304 3268 3629 3328 defecisse:

1924 3366 2076 3443 quod
2106 3370 2229 3438 post
2258 3369 2474 3436 septem
2500 3362 2901 3435 episcoporum
2924 3360 3196 3434 discipuli
3229 3365 3473 3417 mortem
3504 3360 3632 3418 fieri

1924 3454 2027 3512 vix
2058 3452 2256 3529 potuit,
2309 3451 2608 3508 desinente
2644 3448 2808 3507 tertio
2856 3448 3087 3506 saaculo.
3126 3446 3185 3505 Si
3224 3447 3460 3523 quidem
3507 3447 3633 3522 ipse

1922 3542 2235 3616 Gregorius
2272 3541 2429 3599 testis
2470 3546 2575 3612 est,
2628 3544 2766 3598 tunc
2813 3539 3088 3613 temporis
3138 3538 3455 3598 Ecclesiam
3492 3542 3631 3597 miro

1920 3653 2077 3708 opere
2116 3636 2467 3706 compositam
2515 3647 2549 3689 a
2588 3630 2854 3689 ﬁdelibus
2902 3646 2968 3689 ea
2996 3630 3057 3687 in
3099 3631 3243 3689 urbe
3282 3630 3631 3690 aadiﬁcatam

1922 3725 2119 3783 fuisse.
2150 3722 2434 3781 Caeterum
2468 3721 2780 3795 Gregorius
2824 3721 2894 3779 de
2940 3720 3190 3779 aliorum
3224 3736 3460 3796 quoque
3497 3737 3630 3780 san-

1919 3820 2143 3872 ctorum
2190 3811 2489 3871 miraculis
2518 3812 2731 3885 passim
2770 3810 3017 3885 scripsit,
3050 3817 3116 3869 ut
3144 3810 3213 3868 de
3244 3810 3546 3872 Timotheo
3575 3818 3631 3873 et

1916 3902 2243 3977 Apollinari
2281 3902 2406 3960 Rhe
2434 3902 2731 3971 censibus,
2760 3900 3034 3960 Memmio
3061 3901 3488 3974 Catalaunensi,
3523 3903 3631 3962 Va-

1918 3992 2061 4050 lerio
2113 3991 2597 4061 Conserannensi,
2653 3990 2878 4065 alisque
2929 3990 3278 4049 nonnullis:
3342 3995 3400 4050 at
3450 3991 3630 4051 tacuit

1917 4098 2119 4141 eorum
2150 4082 2471 4150 missiones,
2504 4082 2659 4155 quod
2690 4082 2841 4140 nihil
2870 4081 2941 4140 de
2969 4081 3107 4152 illis,
3127 4088 3191 4140 ut
3213 4080 3493 4156 conjicere
3521 4089 3625 4155 est,

1913 4182 2271 4249 compertum
2310 4175 2564 4233 haberet.

1987 4265 2076 4323 6‘2.
2130 4264 2304 4321 Porro
2354 4264 2456 4320 etsi
2492 4279 2555 4320 ea
2602 4278 2734 4335 qum
2782 4260 3107 4327 retulimus,
3155 4260 3293 4317 satis
3341 4275 3629 4334 superque

1916 4354 2206 4414 sufﬁciant
2252 4352 2322 4411 ad
2370 4351 2853 4424 comprobandam
2885 4350 3144 4423 Gregorii
3174 4365 3414 4424 operum
3459 4349 3624 4409 utili-

114 4446 244 4502 tiam
277 4444 342 4501 in
375 4440 794 4499 Miraculorum
839 4440 1022 4509 libris,
1073 4441 1441 4514 posteriorem
1474 4442 1535 4499 in
1579 4441 2111 4524 IIistoriaDtatem,
2144 4460 2278 4503 cum
2312 4450 2503 4503 tamen
2550 4441 2808 4517 quitiam,
2842 4440 3016 4498 etiam
3046 4440 3257 4499 eruditi
3307 4439 3438 4511 viri,
3474 4456 3623 4499 non-

114 4536 427 4610 amplexus
459 4532 552 4589 sit.
587 4530 806 4589 Verum
835 4529 967 4588 licet
994 4532 1099 4588 has
1138 4534 1511 4606 qumstiones,
1550 4548 1683 4606 quas
1720 4539 1836 4591 tam
1919 4536 2081 4595 nulla
2111 4535 2172 4592 in
2202 4534 2292 4592 his
2322 4534 2741 4607 reprehendere
2780 4531 2999 4589 soleant
3035 4549 3047 4602 ;
3082 4546 3147 4587 ea
3186 4528 3384 4603 paucis
3427 4528 3624 4588 discu-

112 4626 314 4682 acriter
354 4620 571 4679 nostris
616 4620 970 4691 temporibus
1022 4621 1251 4692 agitata
1304 4622 1539 4679 fuerunt
1586 4621 1658 4679 de
1699 4638 1832 4680 san-
1918 4634 2035 4687 tere
2064 4627 2257 4686 visum
2289 4631 2392 4695 est,
2424 4632 2488 4682 ut
2524 4629 2710 4698 pateat
2738 4621 2837 4679 illa
2865 4637 2983 4679 non
3002 4636 3125 4679 esse
3150 4620 3293 4678 tanti
3324 4621 3621 4690 momenti,

110 4722 333 4772 ctorum
368 4709 771 4778 missionibus,
816 4714 1122 4766 retractare
1168 4708 1406 4767 animus
1447 4726 1566 4768 non
1614 4711 1707 4782 sit,
1751 4716 1837 4769 ut-
1918 4732 2050 4792 quae
2080 4721 2196 4773 tam
2225 4713 2428 4773 eximii
2454 4712 2564 4770 viri
2586 4711 2981 4770 auctoritatem
3010 4710 3235 4768 elevare
3259 4709 3505 4775 valeant,
3527 4714 3626 4769 aut

112 4811 235 4877 peste
267 4815 420 4877 quas
452 4807 619 4855 extra
667 4804 929 4857 nostrum
963 4797 1297 4857 institutum
1332 4814 1453 4857 esse
1482 4816 1828 4873 censemus;
1915 4805 2041 4879 pios
2095 4820 2161 4862 ac
2215 4803 2471 4861 eruditos
2514 4800 2754 4857 lectores
2797 4799 2870 4855 ab
2908 4798 3034 4871 ejus
3082 4813 3321 4872 operum
3380 4798 3624 4857 lectione

112 4895 165 4952 id
200 4902 403 4952 tamen
434 4889 727 4949 afﬁrmare
753 4891 963 4962 ausim,
984 4905 1274 4964 nusquam
1303 4907 1436 4949 cum
1468 4908 1591 4950 sese
1615 4892 1686 4950 de
1708 4892 1833 4950 istis
1914 4909 2174 4953 avocare.
2210 4892 2350 4951 Haec
2378 4895 2513 4950 sunt
2542 4907 2673 4965 quae
2705 4888 2980 4962 Gregorio
3026 4889 3396 4964 exprobrant.
3444 4888 3622 4947 Illum

113 4986 502 5046 missionibus
524 4984 815 5043 scribendi
838 4984 1051 5043 obtulit
1071 4984 1310 5056 occasio,
1345 4985 1688 5059 Gregorium
1720 4985 1832 5044 sibi

110 5079 469 5136 contrarium
499 5075 818 5143 exstitisse;
858 5074 1094 5148 fallique
1140 5091 1236 5133 eos
1291 5076 1393 5151 qui
1424 5076 1593 5135 illum
1627 5078 1831 5136 existi-

115 5176 268 5226 mant
297 5170 380 5225 ita
410 5166 480 5223 de
509 5164 859 5238 Martyribus
892 5165 1408 5238 Lugdunensibus,
1449 5174 1549 5225 aut
1586 5168 1657 5226 de
1701 5184 1830 5243 sep-

110 5268 217 5315 tem
270 5253 586 5330 episcopis,
640 5268 785 5326 quos
828 5253 934 5312 sub
978 5253 1150 5312 Decio
1205 5255 1542 5315 adventasse
1580 5257 1826 5329 scripsit,

110 5350 367 5407 locutum
402 5347 585 5404 fuisse
609 5391 625 5414 ,
662 5348 723 5403 ut
753 5351 892 5403 ante
921 5343 1051 5404 illos
1078 5352 1177 5403 aut
1209 5353 1506 5421 martyres,
1558 5354 1659 5405 aut
1688 5346 1830 5405 alios

110 5441 259 5499 verbi
295 5438 499 5497 divini
534 5452 841 5509 prmcones,
872 5438 934 5495 in
976 5436 1191 5496 Gallias
1232 5437 1535 5495 advenisse
1580 5454 1829 5511 negave-

110 5535 192 5597 rit.
226 5536 359 5595 Non
410 5534 591 5607 enim,
624 5539 687 5593 ut
714 5534 853 5592 scite
895 5532 1224 5591 observavit
1271 5548 1521 5591 summae
1551 5532 1828 5592 eruditio-

106 5628 189 5685 nis
214 5628 307 5685 vir
338 5625 597 5686 Iacobus
631 5623 991 5694 Sirmondus,
1027 5622 1087 5680 in
1113 5622 1220 5680 hac
1250 5622 1455 5681 haeresi
1489 5622 1597 5681 fuit
1626 5623 1831 5697 Grego-

1915 4988 2078 5046 aiunt
2118 4985 2265 5060 stylo
2316 4984 2393 5043 ita
2423 4982 2635 5041 rustico
2680 4981 2994 5055 scripsisse,
3040 4988 3105 5039 ut
3132 4980 3350 5054 absque
3391 4981 3622 5042 fastidio

1914 5081 2016 5139 vix
2054 5079 2166 5152 legi
2200 5078 2413 5152 possit;
2446 5077 2767 5153 apocrypha
2822 5082 3083 5134 veterum
3130 5074 3337 5148 scripta
3383 5074 3455 5134 ab
3499 5075 3624 5149 ipso

1912 5182 2335 5242 nonnunquam
2365 5166 2544 5225 fuisse
2566 5166 2824 5235 laudata;
2842 5166 3022 5223 immo
3051 5180 3168 5223 non
3184 5162 3374 5222 solum
3400 5163 3619 5223 incerta

1913 5274 2014 5332 pro
2041 5257 2229 5327 certis,
2258 5255 2357 5313 sed
2384 5262 2440 5314 et
2474 5255 2614 5313 falsa
2645 5255 2717 5313 ab
2746 5270 2811 5313 eo
2838 5254 2968 5313 data
2996 5253 3289 5312 interdum
3311 5252 3489 5311 fuisse
3517 5266 3621 5324 pro

1916 5348 2084 5417 veris,
2133 5362 2383 5421 eumque
2428 5347 2488 5404 in
2537 5345 2757 5418 aliquot
2790 5360 3012 5404 errores
3056 5342 3403 5417 impegisse;
3450 5339 3616 5398 deni-

1912 5453 2024 5513 que
2055 5444 2227 5496 tantae
2258 5437 2433 5496 fuisse
2459 5435 2840 5510 simplicitatis
2865 5441 2920 5494 et
2953 5432 3325 5501 credulitatis,
3357 5436 3421 5490 ut
3449 5444 3612 5503 quae-

1912 5528 2003 5586 vis
2048 5526 2376 5601 promiscua
2413 5524 2559 5583 facta
2604 5539 2705 5599 pro
2754 5523 3049 5583 miraculis
3088 5521 3339 5580 haberet.
3374 5519 3451 5578 At
3479 5520 3615 5595 styli

1914 5616 2203 5677 rusticitas
2234 5633 2350 5675 non
2397 5615 2678 5688 Gregorii,
2712 5613 2811 5673 sed
2841 5613 2966 5687 ejus
3012 5611 3196 5669 aetatis
3227 5608 3438 5667 vitium
3477 5607 3610 5670 fuit.
