3972 6340
310 376 379 434 55

1848 371 2261 431 PRZEFATIO.

3741 364 3819 422 56

309 502 394 562 Eo
422 501 581 560 enim
619 502 889 573 tempore,
936 501 1062 571 post
1112 497 1301 556 varias
1328 496 1537 567 clades,
1588 512 1732 573 quas
1763 496 1869 555 sub
1920 496 2285 569 re—Apisset,
2327 511 2461 570 qua
2519 511 2553 553 a
2614 495 2755 553 viris
2806 496 2920 570 piis
2973 492 3172 552 referri
3220 489 3520 549 solebant:
3563 489 3817 559 Mallem,

310 591 505 666 petitis
554 589 718 648 toties
750 586 1125 645 barbarorum
1159 586 1602 645 incursionibus
1638 585 1842 644 Gallia
1891 600 2018 657 per-

311 696 495 756 pessa
521 679 767 747 fuerant,
802 675 945 733 adeo
975 674 1212 733 inculta
1235 675 1500 747 jacebant
1544 676 1770 742 littera,
1824 680 1887 729 ut
1918 688 2020 729 ne-

316 785 410 826 mo
437 767 822 835 iuveniretur,
863 765 963 839 qui
996 780 1088 822 res
1139 771 1324 837 gestans
1372 763 1576 820 litteris
1618 760 2022 820 commendare

314 858 550 925 valeret,
582 863 647 915 ut
679 856 799 928 ipse
829 854 1148 927 Gregorius
1193 859 1435 911 testatur
1473 854 1534 911 in
1567 852 1801 926 prologo
1826 850 2021 908 Histo-

313 944 418 1002 ria
447 968 459 1001 :
489 950 589 1003 aut
618 949 788 1013 certe,
822 943 871 1000 si
898 943 1031 1016 quis
1074 958 1169 999 eas
1210 940 1460 1015 politiori
1503 941 1651 1014 stylo
1702 939 2023 996 describere

314 1042 554 1092 conatus
600 1033 821 1104 fuisset,
865 1029 1096 1091 inutilis
1128 1032 1332 1090 fuisset
1376 1032 1501 1104 ejus
1543 1030 1795 1103 scriptio,
1830 1036 2025 1101 utpote

316 1140 492 1198 quam
523 1124 781 1198 plerique
814 1139 929 1181 non
958 1123 1400 1194 intellexissent,
1421 1128 1485 1179 ut
1531 1122 1683 1179 idem
1714 1120 2027 1192 Gregorius

316 1228 436 1271 non
470 1213 648 1271 semel
678 1212 995 1285 proﬁtetur.
1026 1211 1168 1282 Qua
1205 1212 1377 1268 etiam
1422 1226 1593 1268 causa
1622 1210 1732 1267 fuit
1781 1218 1844 1267 ut
1873 1209 2026 1281 leges

316 1309 374 1362 et
416 1304 541 1376 ipsa
584 1320 786 1377 regum
831 1311 1157 1362 nostrorum
1198 1303 1511 1375 diplomata
1558 1301 1755 1358 eodem
1792 1314 2029 1373 prorsus

317 1392 468 1467 stylo
504 1394 717 1451 rustico
743 1393 1145 1450 conderentur.
1182 1390 1345 1449 Unde
1376 1396 1439 1447 ut
1466 1389 1636 1463 genio
1673 1389 1765 1446 sui
1808 1395 2027 1461 tempo-

318 1485 402 1541 ris
428 1484 843 1557 obsequeretur
870 1482 1201 1555 Gregorius,
1234 1496 1346 1540 non
1375 1497 1505 1539 raro
1526 1480 1833 1538 accusandi
1864 1494 2030 1536 casus

320 1584 422 1642 pro
470 1569 739 1628 ablativis
778 1569 1053 1628 absolutis
1105 1570 1292 1627 sciens
1330 1568 1701 1642 prudensque
1740 1565 2023 1625 adhibuit.

317 1661 448 1719 Non
491 1660 604 1717 fuit
658 1660 852 1733 itaque
899 1658 1172 1731 Gregorio
1220 1658 1529 1732 peculiaris
1566 1659 1674 1715 ista
1721 1656 2031 1714 locutionis

2103 586 2314 658 inquit,
2364 589 2535 655 fateri
2587 603 2672 641 res
2719 589 2850 641 illas
2887 602 2998 640 esse
3035 588 3277 652 altiores,
3321 598 3485 652 quam
3537 586 3599 635 ut
3645 598 3679 635 a
3732 597 3824 635 me

2097 681 2317 746 possent
2366 680 2588 745 attingi,
2626 695 2789 747 quam
2846 684 3037 732 temere
3086 677 3309 745 deﬁnire
3347 676 3448 727 illa
3501 689 3611 726 esse
3665 674 3828 740 falsa

2103 768 2391 829 miracula,
2436 774 2533 821 aut
2566 770 2635 821 ab
2676 771 2887 822 homine
2925 770 3089 821 nimis
3139 766 3353 820 credulo
3397 766 3599 833 efﬁcta.
3642 762 3829 819 Mira-

2106 852 2371 912 culorum
2400 857 2557 913 enim
2588 858 2840 929 operatio
2862 873 3013 914 vera
3042 855 3310 913 Ecclesia
3336 862 3547 911 tessera
3577 863 3677 923 est,
3704 868 3830 926 qua

2106 944 2264 1001 illam
2301 946 2372 1002 ab
2402 946 2803 1005 haereticorum
2835 947 3000 1003 sectis
3026 946 3355 1003 distinctam
3384 959 3609 1016 semper
3638 944 3827 1000 fuisse

2110 1035 2301 1094 Patres
2343 1043 2398 1094 et
2450 1038 2715 1097 Ecclesia
2755 1039 3019 1096 Doctores
3057 1038 3320 1095 omnium
3358 1042 3681 1109 temporum
3721 1052 3825 1092 as-

2108 1131 2431 1182 seruerunt.
2460 1125 2549 1182 Ex
2580 1142 2694 1198 quo
2721 1127 2876 1183 enim
2906 1126 3191 1183 Dominus
3220 1132 3413 1183 noster
3461 1125 3519 1181 in
3556 1125 3827 1193 Evange-

2109 1211 2186 1269 lio
2217 1212 2506 1282 pollicitus
2545 1218 2649 1283 est,
2693 1227 2789 1269 eos
2839 1212 2941 1285 qui
2980 1213 3041 1269 in
3073 1213 3262 1284 ipsum
3296 1212 3567 1269 credituri
3604 1218 3825 1283 essent,

2110 1304 2325 1377 majora
2369 1308 2423 1360 et
2466 1303 2650 1377 plura,
2700 1319 2875 1377 quam
2916 1319 3049 1376 qua
3080 1304 3198 1375 ipse
3232 1303 3474 1374 fecisset,
3524 1303 3823 1371 edituros;

2110 1391 2173 1448 in
2217 1390 2470 1448 Ecclesia
2517 1407 2628 1449 non
2664 1391 2920 1461 defuere,
2953 1392 3175 1465 quoties
3220 1391 3321 1449 illa
3368 1390 3457 1449 vel
3505 1392 3572 1448 ad
3606 1392 3827 1450 intide-

2113 1478 2257 1536 lium
2290 1478 2745 1549 conversionem,
2778 1480 2868 1536 vel
2888 1479 2958 1536 ad
2986 1479 3247 1536 fidelium
3278 1479 3338 1536 in
3364 1487 3511 1537 recta
3544 1480 3654 1537 tide
3680 1495 3830 1538 cou-

2115 1568 2498 1625 firmationem
2528 1568 2845 1626 necessaria
2872 1568 3125 1626 fuerunt.
3157 1566 3358 1625 Petrus
3386 1568 3447 1625 in
3482 1569 3639 1626 Actis
3668 1572 3830 1643 Apo-

2114 1660 2391 1717 stolorum
2430 1676 2491 1717 se
2539 1662 2687 1718 hanc
2718 1666 3050 1733 potestatem
3092 1659 3364 1717 habuisse
3393 1661 3683 1733 professus
3713 1668 3828 1733 est,

319 1747 631 1815 barbaries,
652 1763 829 1822 quam
858 1748 919 1805 in
943 1748 1074 1805 aliis
1095 1763 1326 1823 quoque
1352 1750 1478 1822 ejus
1504 1748 1617 1805 avi
1644 1747 1883 1805 sinceris
1905 1761 2031 1804 mo-
2114 1762 2246 1804 cum
2290 1748 2504 1820 petenti
2540 1747 2865 1821 iparalytico
2914 1746 3343 1820 eleemosynam
3392 1749 3708 1821 respondit,
3764 1765 3832 1807 se

319 1840 618 1899 numentis
645 1839 1072 1911 deprehendere
1124 1838 1319 1912 quivis
1373 1837 1540 1896 facile
1594 1838 1818 1913 poterit.
1857 1836 2094 1917 Cate-B
2114 1837 2351 1911 quidem
2384 1841 2707 1909 "argentum
2746 1854 2863 1896 non
2904 1837 3133 1909 habere,
3181 1838 3277 1895 sed
3325 1842 3470 1909 quod
3502 1842 3690 1911 habeo,
3740 1840 3834 1897 in-

320 1946 450 1989 rum
486 1930 589 1987 etsi
621 1929 950 2000 Gregorius,
986 1934 1051 1987 ut
1086 1932 1209 1985 erat
1252 1928 1344 1985 vir
1376 1944 1621 1986 summa
1651 1928 1947 1987 modestia
1975 1933 2031 1985 et
2114 1929 2262 2002 quit,
2296 1931 2403 1986 hoc
2433 1930 2537 1985 tibi
2561 1931 2628 1985 do
2654 1951 2671 1997 ,-
2703 1933 2761 1985 in
2805 1933 3018 1986 nomine
3047 1931 3252 1986 Christi
3295 1948 3456 2001 surge
3500 1938 3549 1987 et
3578 1934 3825 1988 ambula.

320 2021 690 2090 humilitatis,
731 2020 947 2093 passim
974 2035 1097 2076 sese
1126 2019 1343 2092 lingua
1376 2018 1574 2077 latina
1603 2020 1943 2094 imperitum
1978 2026 2034 2077 et

320 2111 615 2169 hominem
650 2108 853 2167 rudem
888 2107 1256 2181 proﬁteatur;
1276 2123 1395 2164 non
1418 2114 1611 2165 tamen
1637 2107 1779 2166 adeo
1796 2108 2034 2181 ignarus

319 2199 502 2257 fuisse
532 2197 854 2257 censendus
883 2201 986 2265 est,
1018 2195 1258 2254 utnulla
1288 2195 1613 2255 litterarum
1648 2198 1886 2255 scientia
1916 2197 2036 2255 fue-

320 2290 395 2347 rit
421 2289 739 2345 instructus
770 2310 782 2343 :
816 2302 947 2344 cum
979 2302 1009 2343 e
1040 2286 1324 2343 contrario
1352 2286 1523 2345 illum
1549 2287 1611 2345 in
1638 2295 1898 2345 veterum
1929 2303 2036 2345 au-

318 2387 541 2437 ctorum
574 2377 814 2435 lectione
844 2376 1100 2434 maxime
1124 2384 1416 2435 versatum
1440 2378 1614 2435 fuisse
1637 2378 1831 2451 colligi
1862 2379 2039 2451 possit

320 2484 392 2527 ex
426 2466 601 2523 variis
631 2481 832 2523 eorum
862 2464 1021 2535 locis,
1053 2481 1198 2539 quos
1228 2465 1527 2523 interdum
1562 2466 1878 2524 narrationi
1913 2482 2038 2524 sua

317 2554 724 2617 intermiscuit.
774 2553 993 2612 Vocum
1042 2554 1216 2612 etiam
1266 2554 1599 2613 Gracorum
1657 2570 1717 2613 se
1772 2553 2039 2613 notitiam

317 2647 571 2722 aliquam
590 2646 862 2704 habuisse
891 2646 1101 2713 innuit,
1118 2645 1259 2703 dum
1283 2646 1619 2705 Latinorum
1635 2662 1803 2704 voces
1823 2662 1897 2703 ex
1924 2652 2041 2720 ety-

319 2736 588 2809 mologiis
622 2736 884 2810 exponit.
912 2735 1098 2793 Testis
1123 2752 1353 2808 quoque
1384 2736 1754 2805 Fortunatus,
1779 2735 1875 2793 cui
1903 2750 2041 2793 sane

317 2824 499 2899 probe
542 2831 715 2882 notus
764 2830 904 2895 erat,
953 2824 1101 2881 hanc
1145 2824 1205 2881 in
1255 2839 1375 2881 rem
1413 2823 1623 2882 adduci
1675 2829 1882 2897 potest,
1934 2822 2038 2896 qui

322 2912 450 2984 ejus
477 2911 865 2984 eloquentiam
916 2919 972 2970 et
1020 2911 1409 2969 eruditionem
1461 2911 1675 2983 passim
1712 2910 1927 2969 laudat.
1969 2910 2039 2968 Et

324 3016 463 3059 sane
507 3000 938 3077 quantumlibet
969 2998 1221 3073 simplici
1272 3014 1539 3057 sermone
1569 2998 1861 3070 scripserit
1893 2999 2034 3058 Gre-

323 3090 541 3166 gorius,
585 3108 676 3150 res
714 3098 907 3149 tamen
956 3098 1163 3165 gestas,
1202 3090 1395 3148 nescio
1442 3106 1557 3163 qua
1588 3090 1944 3160 ingenuitate
1984 3096 2053 3157 et,

2117 2015 2189 2074 Et
2215 2016 2451 2089 quidem
2501 2017 2591 2075 vel
2619 2017 2740 2075 sola
2776 2018 2900 2090 ejus
2924 2017 3179 2090 corporis
3205 2019 3409 2076 umbra
3454 2020 3685 2078 morbos
3717 2036 3831 2077 cu-

2118 2106 2298 2163 rabat.
2343 2105 2507 2163 Pauli
2541 2106 2819 2165 miracula
2855 2112 3047 2177 taceo;
3082 2108 3176 2165 sed
3220 2124 3286 2166 eo
3325 2114 3484 2177 teste,
3534 2110 3657 2166 hac
3688 2124 3831 2183 gra-

2118 2195 2197 2252 tia
2244 2196 2317 2252 ab
2360 2196 2651 2269 Apostolis
2679 2197 2751 2255 ad
2786 2196 2984 2254 fideles
3016 2197 3262 2262 transiit,
3290 2214 3539 2271 quorum
3565 2198 3694 2255 aliis
3724 2212 3833 2271 ge-

2117 2300 2257 2342 nera
2285 2284 2639 2359 linguarum,
2671 2288 2802 2346 aliis
2829 2289 3074 2361 gratiam
3128 2291 3520 2362 curationum,
3554 2290 3685 2349 aliis
3712 2290 3835 2347 alia

2119 2372 2532 2431 charismatum
2572 2374 2720 2432 dona
2767 2390 3032 2433 concessa
3073 2376 3253 2434 fuisse
3298 2376 3514 2435 scribit.
3568 2376 3838 2450 Ignatius

2122 2464 2527 2537 Apostolorum
2557 2465 2896 2538 discipulus,
2927 2482 3061 2524 cum
3102 2466 3378 2540 martyrio
3403 2468 3704 2539 proximus
3736 2482 3836 2524 es-

2122 2561 2226 2623 set,
2272 2554 2577 2613 verebatur
2607 2571 2678 2611 ue
2708 2557 2840 2629 ipsi,
2872 2558 3019 2615 sicut
3063 2557 3193 2615 aliis
3237 2558 3449 2615 sanctis
3487 2558 3834 2630 contigerat,

2122 2641 2322 2700 bestia
2378 2642 2658 2701 miraculo
2720 2644 3131 2702 mansuefacta
3190 2651 3505 2717 parcerent.
3560 2646 3842 2705 Justinus

2126 2733 2373 2791 ethnicis
2399 2733 2708 2807 exprobrat
2749 2750 3051 2807 magorum
3095 2743 3150 2793 et
3188 2735 3609 2793 incantatorum
3640 2736 3837 2808 impo-

2126 2823 2388 2893 tentiam,
2421 2839 2556 2881 cum
2594 2824 2914 2882 econtrario
2953 2824 3264 2883 Christiani
3295 2826 3414 2883 sola
3440 2825 3577 2884 Jesu
3617 2825 3840 2886 Christi

2122 2911 2379 2968 nominis
2407 2911 2770 2970 invocatione
2811 2913 2959 2971 nihil
2996 2930 3110 2971 non
3143 2918 3376 2986 possent
3402 2912 3643 2971 efﬁcere.
3673 2912 3841 2971 Pra-

2120 2999 2275 3057 clara
2302 3000 2539 3057 omnino
2570 3017 2635 3058 ea
2660 3000 2731 3058 de
2761 3017 2821 3058 re
2854 3002 3024 3059 habet
3052 3002 3329 3071 Irenaus,
3361 3003 3462 3075 qui
3493 3002 3705 3060 saculo
3742 3018 3843 3059 se-

2120 3092 2314 3150 cundo
2346 3092 2557 3162 ﬂoruit,
2590 3100 2645 3150 et
2671 3092 2840 3150 initio
2860 3092 3009 3150 tertii
3037 3108 3238 3166 passus
3265 3099 3366 3149 est.
3388 3093 3497 3150 Hic
3523 3093 3583 3150 in
3614 3093 3765 3151 libro
3788 3104 3843 3152 Il

322 3180 525 3239 nativa
550 3180 878 3253 eloquentia
907 3179 1202 3253 describit,
1239 3184 1306 3237 ut
1331 3194 1435 3238 nec
1468 3178 1789 3255 injucunda
1817 3178 1889 3236 sit
1911 3180 2419 3275 ejusCAdversus
2475 3182 2744 3253 hareses,
2786 3182 2967 3254 capite
3006 3181 3095 3252 57,
3134 3197 3249 3238 non
3306 3196 3491 3239 unum
3537 3187 3637 3239 aut
3687 3181 3841 3238 alte-

322 3273 596 3342 narratio,
623 3289 729 3331 nec
766 3271 1075 3330 fastidiosa.

395 3363 483 3422 63.
516 3363 751 3422 Falsum
781 3370 973 3421 tamen
1014 3362 1329 3435 aliquando
1352 3362 1529 3421 fuisse
1558 3362 1905 3435 Gregorium
1946 3360 2040 3418 in-

323 3453 510 3512 ﬁciari
549 3453 753 3512 nolim.
804 3454 946 3510 Hac
984 3453 1142 3510 enim
1174 3460 1257 3509 est
1292 3468 1586 3511 sacrorum
1620 3453 1883 3510 codicum
1923 3452 2042 3509 sin-

325 3540 545 3615 gularis
599 3542 1003 3615 prarogativa,
1065 3548 1128 3597 ut
1182 3541 1288 3597 soli
1339 3540 1510 3598 errati
1563 3541 1857 3598 immunes
1904 3540 2040 3597 sint.

2124 3288 2278 3342 rum,
2311 3278 2411 3330 aut
2439 3278 2590 3329 certe
2614 3272 2782 3346 plura
2836 3288 2869 3327 a
2902 3270 3246 3329 Christianis
3278 3273 3419 3329 facta
3448 3271 3724 3330 miracula
3755 3288 3848 3330 re-

2124 3368 2319 3419 censet
2348 3381 2359 3419 :
2395 3363 2494 3419 sed
2522 3362 2671 3419 hanc
2701 3364 2882 3435 ipsam
2917 3361 3187 3418 Ecclesia
3214 3359 3507 3419 catholica
3537 3377 3658 3418 esse
3685 3377 3847 3434 pra-

2127 3451 2446 3522 rogativam
2495 3449 2714 3521 probat,
2758 3457 2821 3507 ut
2871 3465 3004 3506 cum
3058 3450 3460 3507 hareticorum
3501 3456 3668 3508 secta
3718 3450 3853 3509 suis

2126 3538 2437 3613 prastigiis
2488 3538 2639 3594 nihil
2685 3545 2936 3610 possent,
2990 3538 3103 3595 nisi
3156 3540 3296 3597 forte
3345 3528 3589 3597 incautis
3627 3539 3850 3597 damna

328 3629 675 3702 Apocrypba
703 3637 933 3688 secutus
957 3635 1042 3687 est
1066 3645 1496 3703 nonnunquam
1517 3629 1848 3701 Gregorius,
1884 3628 2044 3685 falsis
2127 3630 2362 3699 inferre,
2390 3629 2590 3686 ﬁdeles
2637 3629 2956 3699 miraculis,
2992 3635 3047 3687 et
3084 3629 3439 3699 certissimis,
3470 3636 3523 3687 et
3567 3629 3853 3702 frequen-

330 3734 475 3777 usus
503 3726 589 3777 est
621 3718 1034 3786 monumentis,
1080 3720 1278 3776 fateor.
1312 3719 1780 3792 Computationes
1822 3725 2043 3792 tempo-
2133 3719 2392 3791 tissimis,
2428 3717 2603 3776 fidem
2657 3735 2820 3777 suam
2852 3717 3262 3792 approbarent;
3299 3718 3375 3775 ita
3423 3723 3486 3776 ut
3520 3718 3848 3791 sapissime

332 3823 466 3866 rum
497 3823 613 3865 non
670 3810 806 3865 satis
834 3814 1160 3866 constantes
1209 3807 1495 3866 adhibuit.
1548 3807 1658 3867 Sed
1694 3809 1815 3867 hac
1847 3808 2043 3867 omnia
2124 3811 2277 3885 apud
2304 3826 2400 3869 eos
2425 3809 2617 3867 claudi
2644 3824 2930 3883 gressum,
2954 3807 3093 3866 caci
3119 3808 3331 3877 visum,
3362 3806 3523 3865 surdi
3550 3806 3847 3879 auditum,

333 3901 459 3975 ejus
486 3915 728 3972 Operam
755 3897 989 3956 utilitati
1022 3898 1123 3955 vix
1166 3899 1485 3973 quidquam
1518 3898 1829 3957 detrahunt
1861 3922 1872 3956 :
1908 3915 2040 3957 cum
2124 3902 2303 3959 immo
2334 3908 2390 3959 et
2416 3901 2631 3959 mortui
2661 3901 2836 3957 vitam
2869 3900 3132 3957 fidelium
3163 3897 3429 3973 precibus
3463 3897 3681 3957 fuerint
3708 3914 3852 3955 con-

334 3987 662 4064 pertineant
690 3987 1059 4061 potissimum
1084 3987 1155 4045 ad
1190 3995 1409 4045 veteres
1452 3986 1754 4056 Historias,
1790 4003 1934 4059 quas
1966 4003 2041 4043 ex
2124 3992 2322 4051 secuti.
2357 3991 2509 4061 Quos
2556 3991 2789 4063 quidem
2838 3991 3102 4049 homines
3132 4006 3163 4047 a
3192 3996 3371 4047 morte
3406 3989 3703 4060 excitatos,
3738 3990 3849 4049 diu

338 4078 468 4138 aliis
520 4076 853 4135 auctoribus
908 4075 1280 4151 deprompsit,
1336 4076 1695 4150 proindeque
1746 4075 1912 4133 facile
1966 4092 2040 4133 ex
2121 4089 2313 4156 postea
2359 4081 2508 4139 inter
2550 4088 2785 4139 cateros
2816 4081 3083 4139 mortales
3112 4079 3329 4137 vixisse
3361 4080 3625 4138 observat
3653 4080 3849 4152 capite

338 4168 470 4227 aliis
507 4165 901 4225 monumentis
960 4164 1256 4223 emendari
1311 4164 1549 4238 possint.
1616 4162 1782 4221 Unde
1830 4171 2041 4222 nostra
2128 4172 2433 4247 sequenti,
2496 4188 2565 4230 ne
2619 4172 2763 4230 forte
2822 4178 2980 4229 tanta
3032 4170 3312 4229 miracula
3365 4170 3672 4244 pmstigﬁs
3732 4170 3849 4228 ho-

340 4254 527 4331 gentis
555 4254 846 4324 Ηίεῐοτίὶθ,
878 4269 1011 4326 qua)
1047 4252 1345 4326 POtiSSima
1385 4259 1468 4310 θεῖ
1505 4253 1628 4325 eius
1660 4268 1899 4325 operum
1929 4253 2046 4311 Πῐί-
2130 4261 2317 4321 mines
2371 4262 2685 4319 attribuere
2738 4260 3037 4318 auderent.
3092 4259 3363 4333 Ejusdem
3414 4259 3493 4317 rei
3541 4257 3698 4316 testis
3758 4266 3853 4317 est

347 4345 495 4417 Ιίῒειδ»
526 4345 648 4402 Sive
675 4342 1092 4411 θεοιθθῖθειῖοεθ»
1122 4343 1245 4399 Sive
1261 4341 1442 4409 CiVili»
1469 4342 1725 4399 malum?
1752 4358 1887 4413 qua?
1916 4356 2046 4413 ΡΓΟ-
2130 4349 2343 4408 saculo
2374 4351 2540 4408 tertio
2568 4348 2729 4407 omni
2772 4349 3109 4419 exceptione
3141 4347 3323 4420 major
3350 4346 3673 4419 Cyprianus
3700 4344 3847 4403 Car-

342 4437 476 4511 Ρίυε
522 4434 593 4492 ad
640 4435 901 4507 Gregorii
938 4440 1167 4491 3313th
1215 4434 1479 4506 Pertinet,
1530 4432 1817 4506 ejusmodi
1866 4439 2050 4491 errata
2132 4440 2585 4509 thaginiensium
2619 4436 2857 4494 antistes
2878 4444 2932 4494 et
2960 4435 3171 4495 Christi
3203 4442 3439 4510 martyr,
3486 4437 3586 4510 qui
3620 4438 3725 4493 hoc
3748 4453 3849 4494 ar-

344 4538 465 4581 non
490 4522 767 4580 oﬂiciunt.
805 4522 941 4579 Visa
972 4520 1134 4578 enim
1166 4536 1199 4578 a
1226 4536 1303 4585 se,
1347 4526 1412 4578 ut
1443 4520 1786 4594 plurimum,
1819 4520 1911 4578 vel
1941 4525 2475 4603 au-Dgumentum
2524 4542 2638 4583 non
2677 4525 2873 4593 semel,
2923 4525 3017 4582 sed
3060 4524 3424 4599 potissimum
3455 4526 3517 4583 in
3563 4524 3729 4582 libris
3772 4526 3851 4584 de

347 4613 466 4670 dita
489 4610 735 4684 scripsit,
776 4609 990 4685 quibus
1019 4610 1080 4667 in
1110 4609 1426 4667 referendis
1447 4624 1583 4667 eum
1612 4611 1761 4669 mala
1788 4626 2052 4684 unquam
2136 4618 2429 4677 Idolorum
2472 4616 2725 4674 vanitate
2768 4621 2823 4672 et
2867 4615 2939 4672 ad
2976 4614 3410 4674 Demetrianum
3454 4614 3845 4688 pertractavit.

348 4701 464 4759 ﬁde
493 4716 670 4758 usum
699 4699 878 4757 fuisse
913 4713 1085 4756 nemo
1114 4698 1349 4756 dixerit.

423 4790 513 4850 64.
540 4794 635 4860 At,
664 4790 915 4863 inquies,
948 4789 1028 4847 ita
1044 4789 1319 4848 credulus
1347 4789 1795 4863 eratGregorius
1818 4806 1883 4847 ac
1912 4789 2054 4847 sim-

352 4883 510 4956 plex,
551 4887 615 4939 ut
653 4880 888 4954 quidvis
932 4880 1149 4954 absque
1195 4880 1417 4938 delectu
1449 4881 1571 4938 suis
1603 4881 1829 4954 scriptis
1859 4879 2057 4937 videa-

355 4979 450 5031 tur
488 4970 823 5040 inseruisse,
852 4976 907 5028 et
937 4972 1134 5030 omnia
1164 4972 1279 5030 fere
1319 4978 1524 5030 eventa
1550 4972 1847 5030 miraculis
1884 4971 2056 5029 ascri-

356 5062 556 5135 psisse.
599 5059 813 5118 Verum
860 5061 963 5118 etsi
994 5061 1171 5119 nolim
1214 5061 1482 5130 inﬁciari,
1533 5058 1872 5131 Gregorium
1921 5059 2063 5116 forte

356 5153 418 5211 in
458 5151 758 5211 credendis
800 5151 1098 5210 miraculis
1151 5151 1464 5226 aliquando
1513 5151 1687 5209 fuisse
1723 5150 2062 5222 faciliorem,

358 5258 493 5301 cum
532 5248 724 5301 tamen
772 5251 990 5301 certum
1036 5243 1109 5300 sit
1137 5258 1209 5300 ex
1248 5243 1381 5301 aliis
1408 5243 1532 5316 ejus
1569 5241 1682 5299 avi
1734 5242 2067 5300 auctoribus

357 5339 494 5392 tunc
527 5333 801 5406 temporis
844 5333 1029 5392 multa
1076 5332 1355 5391 miracula
1404 5332 1727 5404 contigisse,
1759 5349 1874 5390 non
1911 5333 1983 5391 ob
2007 5334 2065 5391 id

359 5422 723 5482 solummodo
777 5423 929 5497 quod
971 5422 1250 5479 miracula
1303 5428 1458 5489 sunt,
1491 5437 1555 5479 ea
1586 5436 1709 5479 esse
1757 5422 2065 5494 rejicienda

362 5512 709 5583 censuerim,
735 5511 849 5569 nisi
882 5509 1078 5581 aliqua
1095 5508 1238 5565 ratio
1263 5508 1457 5580 gravis
1493 5509 1546 5566 id
1571 5509 1822 5568 suadeat.
1851 5510 1971 5569 Hac
2005 5511 2063 5568 in

364 5616 425 5658 re
470 5600 756 5675 sequenda
815 5598 1041 5657 videtur
1084 5597 1267 5655 sancti
1319 5599 1635 5670 Augustini
1688 5601 1905 5674 regula,
1963 5601 2062 5675 qui

364 5706 494 5750 cum
532 5691 717 5749 multa
748 5686 1107 5748 circumferri
1138 5688 1417 5747 miracula
1453 5689 1605 5765 apud
1655 5691 1869 5766 vulgus
1903 5707 2063 5751 acce-

2137 4706 2349 4766 Omitto
2383 4704 2724 4775 Eusebium,
2767 4703 3131 4762 Lactantium
3162 4710 3217 4761 et
3245 4703 3408 4773 alios,
3446 4702 3545 4775 qui
3592 4702 3700 4759 sub
3730 4718 3849 4759 sa-

2140 4793 2256 4852 culi
2289 4793 2441 4850 tertii
2478 4794 2674 4862 linem,
2710 4799 2764 4850 et
2796 4792 2987 4867 quarti
3020 4792 3259 4850 initium
3292 4792 3589 4849 vixerunt.
3626 4789 3849 4848 Eadem

2143 4887 2329 4941 virtus
2368 4890 2494 4956 post
2538 4882 2727 4940 datam
2778 4882 3049 4939 Ecclesia
3086 4897 3280 4955 pacem
3325 4874 3732 4953 perseveravit,
3781 4885 3857 4937 ut

2144 4979 2313 5031 testes
2344 4982 2479 5031 sunt
2504 4973 2918 5046 Hieronymus,
2954 4973 3224 5042 Rufinus,
3256 4971 3548 5043 Sulpicius
3577 4970 3857 5044 Severus,

2147 5069 2201 5122 et
2226 5064 2347 5133 alii,
2377 5063 2479 5139 qui
2511 5071 2737 5136 patrum
2769 5070 2823 5119 et
2849 5063 3096 5121 aliorum
3121 5069 3450 5120 sanctorum
3476 5060 3620 5117 vitas
3640 5059 3857 5119 descri-

2149 5159 2404 5226 pserunt.
2449 5152 2608 5209 Idem
2640 5158 2919 5209 testantur
2955 5151 3254 5217 Paulinus,
3288 5149 3669 5207 Theodoritus
3698 5148 3859 5206 inter

2149 5243 2377 5302 Gracos
2415 5249 2602 5314 patres
2650 5241 2752 5298 vix
2786 5239 2892 5298 ulli
2930 5240 3253 5297 eruditione
3285 5239 3598 5309 secundus,
3639 5239 3741 5311 qui
3780 5239 3857 5296 li-

2149 5334 2321 5392 brum
2371 5347 2435 5389 ea
2484 5332 2552 5389 de
2603 5347 2663 5388 re
2710 5329 3060 5402 singularem
3105 5329 3211 5386 sub
3255 5327 3539 5401 religiosa
3581 5327 3861 5387 Historia

2150 5423 2319 5481 titulo
2368 5422 2564 5479 edidit.
2625 5420 2878 5477 Plurima
2929 5419 3207 5478 miracula
3262 5436 3366 5478 suo
3409 5426 3661 5499 tempore
3702 5419 3857 5476 facta

2147 5519 2339 5573 narrat
2373 5511 2752 5583 Augustinus,
2796 5510 3156 5583 potissimum
3198 5509 3259 5566 in
3294 5507 3459 5566 libris
3495 5507 3565 5564 de
3607 5505 3857 5563 Civitate

2147 5602 2269 5661 Dei.
2330 5599 2672 5659 Sanctorum
2723 5597 2987 5658 Gervasii
3040 5606 3093 5656 et
3145 5597 3383 5656 Protasii
3436 5596 3508 5653 ab
3540 5595 3855 5654 Ambrosio

2147 5692 2521 5751 inventorum
2551 5694 2626 5747 tot
2652 5689 2889 5749 fuerunt
2916 5688 3330 5749 miraculorum
3361 5700 3673 5761 praecones,
3705 5692 3854 5760 quot
