3972 6340
100 355 173 411 57
1653 349 2074 408 PBZEFATIO.
3547 359 3614 418 53

92 492 302 535 eorum
345 480 676 549 temporum
706 474 1031 547 scriptores,
1063 472 1411 532 Ambrosius
1448 474 1588 547 ipse,
1625 472 2230 548 Pauli-Afrequentia
2276 482 2415 535 tunc
2466 479 2775 551 contigisse
2827 479 3129 541 miracula.
3189 481 3271 540 De
3317 482 3617 544 miraculis

91 582 230 632 nus,
264 564 664 637 Augustinus,
699 561 1073 630 Gaudentius,
1120 567 1226 618 etc.
1278 561 1449 618 Haud
1487 564 1682 620 minus
1727 577 1820 619 ce-

87 659 276 717 lebria
310 658 475 714 tuere
504 655 687 713 sancti
724 653 999 726 Stephani
1031 670 1230 711 recens
1258 653 1484 711 inventi
1518 653 1817 724 miracula,

91 749 167 806 de
193 747 422 820 quibus
455 745 588 802 libri
622 745 741 802 duo
789 743 940 800 inter
968 743 1277 815 Augustini
1309 760 1480 817 opera
1511 744 1815 802 habentur.

88 837 296 893 Victor
340 835 595 891 Vitensis
642 833 814 906 paulo
860 840 982 905 post
1020 832 1295 890 miracula
1340 833 1657 907 discripsit,
1688 850 1820 907 quae

94 926 327 984 furente
354 923 788 982 \Vandalorum
826 923 884 979 in
913 923 1105 980 Africa
1137 924 1532 996 persecutione
1560 940 1593 980 a
1623 926 1818 982 catho—

92 1016 225 1073 licis
252 1015 410 1072 edita
443 1014 700 1071 fuerunt.
737 1012 986 1070 Basilius
1019 1011 1300 1071 Seleuciae
1340 1014 1640 1087 episcopus
1671 1015 1820 1075 circa

95 1107 258 1164 idem
302 1115 531 1177 tempus
566 1105 745 1164 libros
786 1105 929 1161 duos
968 1104 1037 1161 de
1078 1105 1374 1164 miraculis
1412 1115 1623 1165 sanctm
1663 1106 1818 1164 The-

98 1199 206 1256 cla:
237 1197 588 1269 composuit.
628 1197 768 1254 Hmc
801 1197 871 1254 de
901 1196 1130 1254 smculis
1160 1213 1290 1270 quae
1330 1196 1675 1266 Gregorium
1717 1214 1820 1256 no-

98 1293 288 1344 strum
322 1292 764 1358 praecesserunt.
799 1284 928 1342 Non
961 1285 1157 1341 minus
1174 1293 1364 1342 autem
1399 1286 1614 1344 saeculo
1636 1293 1820 1357 sexto,

97 1389 216 1447 quo
273 1373 426 1430 vixit
460 1372 789 1444 Gregorius,
829 1372 1152 1446 frequentia
1199 1373 1377 1430 fuisse
1429 1373 1580 1430 infra
1615 1375 1822 1447 proba-

95 1466 313 1523 bimus.
368 1463 518 1521 Nam
568 1465 639 1521 de
692 1463 1069 1538 sequentibus
1129 1464 1482 1536 temporibus
1533 1481 1702 1536 agere
1749 1466 1821 1523 ad

97 1563 368 1612 nostrum
399 1570 512 1611 non
543 1561 753 1627 spectat
788 1554 1117 1611 institutum
1140 1572 1153 1621 ;
1176 1560 1230 1610 et
1255 1554 1354 1626 qui
1384 1571 1448 1612 ea
1473 1554 1543 1612 de
1565 1570 1624 1612 re
1653 1555 1820 1628 plura

96 1645 366 1717 cupiunt,
397 1644 615 1701 habent
637 1642 1052 1701 Miraculorum
1073 1644 1247 1701 libros
1281 1644 1554 1717 integros,
1587 1660 1730 1720 quos
1757 1645 1819 1703 in

100 1734 368 1793 Vitarum
399 1741 733 1793 sanctorum
760 1734 1201 1793 collectionibus
1233 1736 1554 1794 consulant.

1905 573 2232 627 sanctorum
2275 569 2456 628 Italiae
2507 569 2684 629 libros
2735 577 2984 644 quatuor
3027 571 3389 644 dialogorum
3437 575 3619 635 edidit

1906 655 2218 716 Gregorius
2263 659 2525 728 Magnus.
2580 659 2738 717 Idem
2801 661 3066 734 praestitit
3119 662 3314 720 Victor
3364 662 3615 723 Vitensis

1905 747 2207 820 episcopus
2247 749 2307 806 in
2347 749 2510 807 libris
2549 751 2619 807 de
2655 753 3052 824 persecutione
3107 752 3473 825 Wandahca,
3508 755 3611 814 ubi

1907 843 2099 892 narrat
2128 852 2193 892 ea
2223 853 2355 909 quee
2398 837 2549 894 Deus
2589 838 2648 894 in
2684 839 2877 896 Africa
2919 839 3187 909 ostendit,
3237 841 3296 898 in
3335 842 3466 900 fidei
3519 858 3614 900 ca-

1905 924 2134 982 tholicm
2183 927 2704 984 confirmationem.
2751 927 2814 984 In
2869 927 3092 995 Galliis,
3136 934 3346 999 praeter
3389 938 3614 989 sancto-

1905 1027 2037 1070 rum
2071 1011 2248 1082 Vitas,
2278 1029 2412 1086 qua)
2444 1014 2516 1070 ab
2543 1014 2875 1072 auctoribus
2903 1014 3178 1088 gravibus
3203 1023 3257 1073 et
3286 1019 3614 1093 mqualibus

1904 1100 2131 1173 scriptze
2182 1109 2334 1170 sunt,
2385 1109 2555 1160 testes
2603 1103 2886 1161 habemus
2931 1105 3095 1178 queis
3134 1122 3306 1163 nemo
3352 1123 3612 1181 unquam

1906 1189 2120 1263 absque
2160 1192 2492 1250 temeritatis
2535 1199 2667 1250 nota
2708 1194 2915 1250 audeat
2958 1195 3251 1266 refragari.
3295 1195 3363 1252 In
3409 1198 3615 1270 primis
3675 1259 3685 1281 l

1905 1279 2230 1351 complures
2281 1281 2576 1354 episcopos
2631 1282 2928 1338 sanctitate
2968 1289 3021 1339 et
3077 1283 3400 1340 eruditione
3461 1285 3612 1343 cele-

1905 1366 2207 1439 berrimos,
2242 1369 2393 1426 inter
2439 1386 2584 1444 quos
2617 1371 2955 1428 eminebant
2994 1372 3202 1430 Avitus
3241 1372 3612 1445 Viennensis,

1913 1454 2241 1529 Stephanus
2276 1457 2699 1530 Lugdunensis,
2736 1466 2790 1517 et
2824 1460 3072 1518 ZEonius
3104 1461 3457 1519 Arelatensis
3487 1478 3611 1520 me-

1908 1546 2252 1617 tropolitani,
2289 1547 2386 1620 qui
2415 1564 2550 1605 cum
2577 1549 2820 1607 Arianos
2848 1550 2906 1606 in
2933 1550 3236 1608 collatione
3255 1566 3446 1609 coram
3477 1551 3615 1609 Bur-

1901 1633 2266 1705 gundionum
2303 1651 2432 1708 rege
2465 1637 2674 1705 habita,
2702 1639 3027 1696 rationibus
3057 1655 3123 1696 ac
3153 1638 3465 1713 Scriptura:
3499 1646 3610 1698 tes-

1903 1721 2161 1780 timoniis
2193 1724 2588 1796 pervicissent,
2634 1726 2805 1783 ﬁdem
2843 1743 3072 1800 quoque
3108 1744 3274 1785 suam
3312 1729 3610 1789 miraculis

171 1824 262 1883 55.
293 1828 370 1882 At
402 1840 478 1882 ex
511 1825 604 1882 his
632 1841 764 1897 qua,
787 1823 1136 1897 protulimus
1159 1825 1278 1897 jam
1310 1827 1680 1900 perspicuum
1713 1811 2213 1896 est,Bapprobare
2245 1812 2482 1886 polliciti
2527 1820 2682 1882 sunt,
2717 1813 2766 1871 si
2805 1815 3009 1872 Ariani
3053 1815 3137 1872 eis
3175 1817 3456 1876 assentire
3492 1817 3616 1876 vel-

99 1913 329 1971 nemini
369 1913 591 1970 auctori
634 1912 1016 1971 ecclesiastico
1063 1915 1207 1971 verti
1255 1929 1418 1987 posse
1467 1914 1626 1986 vitio,
1666 1915 1820 1988 quod

103 2005 394 2063 miracula
423 2004 643 2078 passim
684 2003 805 2062 suis
841 2003 1112 2076 Operibus
1149 2003 1476 2074 inseruerit,
1523 2008 1622 2061 aut
1665 2010 1818 2061 certe

102 2096 172 2152 de
225 2093 531 2151 Miraculis
581 2099 912 2151 sanctorum
949 2092 1193 2150 ediderit
1246 2093 1424 2151 libros
1473 2093 1816 2167 singulares.

103 2181 477 2256 Proindeque
507 2180 849 2254 Gregorium
887 2197 954 2238 eo
981 2180 1105 2254 ipso
1138 2181 1591 2256 haudquaquam
1623 2197 1821 2254 asper-

102 2271 369 2328 nandum
421 2286 567 2334 esse.
614 2271 766 2344 quod
816 2269 1094 2328 miracula
1138 2271 1352 2342 passim
1396 2271 1458 2329 in
1506 2271 1629 2329 suis
1659 2271 1821 2328 libris

105 2361 490 2418 enarraverit.
524 2360 641 2417 Nec
671 2360 819 2417 dicat
865 2359 1082 2433 aliquis
1125 2359 1401 2417 miracula
1439 2378 1472 2418 a
1527 2361 1640 2418 Deo
1691 2361 1816 2433 Opt.

106 2449 256 2506 Max.
302 2449 488 2506 fuisse
519 2448 693 2517 edita,
735 2463 866 2505 cum
900 2448 1220 2505 necessaria
1245 2448 1317 2506 ad
1349 2449 1520 2506 tidem
1551 2450 1821 2519 gentibus

103 2540 538 2613 ariprobandam
573 2541 826 2606 fuerunt,
865 2539 922 2595 id
967 2554 1103 2597 vero
1153 2538 1411 2611 Gregorii
1464 2541 1821 2614 temporibus

103 2629 383 2702 applicari
416 2644 531 2685 non
564 2643 746 2701 posse.
778 2628 1094 2701 Nunquam
1125 2630 1279 2687 enim
1323 2631 1604 2688 miracula
1641 2631 1824 2702 magis

103 2717 431 2774 necessaria
462 2715 734 2772 videntur
762 2715 939 2773 fuisse
964 2717 1086 2773 sive
1122 2717 1189 2774 ad
1223 2717 1552 2774 infidelium
1579 2733 1823 2776 conver—

105 2809 330 2865 sionem
394 2805 838 2879 procurandam,
886 2806 1009 2864 sive
1055 2806 1125 2863 ad
1175 2807 1372 2863 ﬁdeles
1422 2807 1481 2864 in
1526 2823 1662 2864 vera
1711 2807 1823 2864 lide

104 2895 568 2965 conﬁrmandos,
615 2910 789 2968 quam
829 2896 1038 2953 saeculo
1087 2896 1289 2970 quinto
1323 2895 1570 2965 labente,
1617 2913 1681 2954 ac
1713 2904 1824 2955 toto

106 2985 328 3044 seculo
370 2993 554 3055 sexto,
605 3001 722 3058 quo
771 2984 1083 3056 Gregorius
1131 2991 1322 3043 noster
1373 2986 1615 3058 scripsit.
1660 2986 1826 3043 Tunc

104 3077 261 3134 enim
311 3075 578 3132 barbarae
621 3074 881 3131 nationes
930 3075 1006 3131 ita
1060 3073 1346 3147 Europam
1386 3075 1725 3142 infecerant,
1761 3079 1826 3130 ut

1907 1900 2024 1956 lent
2059 1920 2070 1958 :
2099 1904 2162 1958 Si
2204 1905 2442 1958 rationes
2479 1908 2698 1967 nostra,
2734 1903 2930 1976 inquit
2960 1906 3172 1962 Avitus
3213 1908 3480 1964 omnium
3512 1923 3619 1966 no-

1905 1991 2067 2048 mine
2102 1993 2170 2050 ad
2198 2009 2391 2066 regem
2419 1993 2891 2066 Gundobaldum,
2925 1995 3339 2070 quicollationi
3360 2015 3620 2072 prmsens

1907 2085 2208 2154 interemi,
2261 2103 2366 2141 non
2416 2093 2646 2157 possunt
2691 2089 2818 2141 illos
2870 2091 3198 2152 convincere,
3271 2107 3378 2146 non
3429 2093 3618 2148 dubito

1907 2181 2040 2248 quin
2089 2181 2229 2232 Deus
2275 2178 2436 2247 ﬁdem
2485 2183 2725 2234 nostram
2778 2182 3042 2234 miraculo
3084 2184 3377 2250 conﬁrmet.
3423 2184 3618 2238 Jubeat

1903 2270 2218 2323 sublimitas
2250 2274 2450 2338 vestra,
2490 2276 2550 2324 ut
2580 2275 2692 2325 tam
2741 2273 2830 2325 illi
2859 2288 3023 2341 quam
3067 2289 3163 2326 nos
3190 2289 3373 2328 eamus
3425 2276 3499 2329 ad
3531 2292 3620 2330 se-

1899 2361 2155 2431 pulcrum
2206 2361 2440 2414 hominis
2470 2363 2568 2415 Dei
2602 2363 2765 2430 justi,
2809 2368 2858 2416 et
2911 2365 3303 2432 interrogemus
3353 2367 3513 2420 illum
3553 2369 3619 2423 de

1904 2454 2091 2503 nostra
2111 2449 2249 2518 ﬁde;
2280 2451 2538 2502 similiter
2568 2455 2618 2504 et
2646 2453 2965 2518 Bonifacius
3013 2451 3079 2504 de
3111 2467 3211 2507 sua
3238 2471 3254 2505 :
3289 2459 3339 2508 et
3364 2457 3626 2512 Dominus

1901 2538 2286 2607 pronuntiabit
2316 2555 2418 2608 per
2443 2555 2499 2593 os
2527 2542 2672 2593 servi
2698 2542 2788 2593 sui
2817 2542 2872 2594 in
2901 2542 3099 2610 quibus
3138 2545 3485 2613 complaceat.
3523 2544 3619 2604 Sic

1907 2625 1994 2683 illi
2024 2625 2131 2683 viri
2169 2629 2349 2683 sancti
2388 2627 2530 2684 adeo
2567 2629 2626 2684 in
2656 2627 2842 2686 Deum
2874 2629 3112 2686 fidentes
3147 2638 3331 2700 erant,
3373 2633 3526 2706 quod
3557 2651 3619 2693 se

1905 2732 2033 2773 eam
2067 2715 2241 2773 ﬁdem
2270 2717 2481 2775 habere
2516 2718 2748 2786 scirent,
2782 2734 2916 2792 qum
2959 2719 3130 2777 etiam
3165 2729 3388 2780 montes
3431 2730 3615 2784 trans-

1907 2805 2056 2862 ferre
2085 2809 2292 2876 posset,
2329 2819 2462 2862 cum
2491 2803 2548 2860 id
2581 2805 2684 2863 Dei
2715 2821 2886 2865 causa
2908 2809 3184 2880 exigeret.
3217 2808 3327 2868 Sed
3357 2818 3408 2868 et
3440 2811 3618 2872 iidem

1906 2895 2191 2954 antistites
2244 2911 2303 2952 se
2367 2895 2517 2952 hanc
2571 2895 2936 2955 collationem
2992 2898 3307 2972 suscepisse
3359 2901 3623 2962 innuunt

1907 2983 2178 3056 exemplo
2208 2982 2524 3041 beatissimi
2546 2983 2800 3058 Remigii
2833 2986 3188 3045 Francorum
3218 2989 3481 3062 apostoli,
3512 2992 3618 3065 qui

1906 3072 2076 3129 fidem
2127 3071 2468 3130 catholicam
2518 3081 2657 3131 tunc
2703 3075 2974 3148 temporis
3020 3077 3176 3149 apud
3225 3094 3352 3136 eam
3387 3087 3616 3153 gentem

105 3166 274 3224 nulla
307 3166 492 3221 ferme
527 3164 682 3235 regio
712 3171 875 3228 esset,
911 3165 967 3220 in
1019 3181 1132 3234 qua
1166 3163 1250 3226 illi
1298 3180 1409 3222 non
1454 3165 1822 3222 dominaren-
1847 3160 2157 3256 Cinlinitis
2199 3162 2617 3235 prepemodum
2653 3164 2932 3236 prodigiis
2973 3167 3371 3226 confirmabat.
3420 3174 3617 3226 Provi-

111 3266 228 3316 tur.
280 3256 358 3314 Hi
389 3261 586 3314 autem
620 3263 781 3312 erant
811 3263 911 3312 aut
941 3256 1177 3325 ethnici,
1219 3263 1318 3315 aut
1346 3265 1493 3314 certe
1518 3259 1593 3316 ita
1627 3257 1825 3315 ariana

106 3345 323 3406 hazresi
350 3345 573 3414 infecti,
607 3353 670 3404 ut
694 3345 933 3403 nomine
963 3352 1128 3402 tenus
1158 3345 1489 3416 Christiani,
1523 3347 1824 3421 plerasque

181 3451 480 3510 ganorum
531 3436 966 3509 superstitiones
1004 3435 1178 3494 simul
1213 3453 1346 3494 cum
1395 3437 1553 3495 falsis
1587 3436 1823 3510 dogma-

110 3529 268 3587 tibus
299 3529 618 3586 retinerent
653 3547 664 3585 :
695 3543 896 3586 omnes
937 3543 1070 3586 vero
1113 3528 1189 3585 ita
1224 3528 1328 3586 feri
1361 3543 1425 3586 ac
1478 3529 1730 3597 barbari,
1759 3533 1824 3586 ut

108 3621 324 3677 frustra
376 3617 688 3690 quisquam
735 3617 818 3674 eis
860 3632 1056 3675 veram
1100 3616 1440 3689 religionem
1501 3617 1822 3677 rationibus

111 3725 174 3767 ac
225 3725 409 3767 sacrae
460 3708 775 3782 Scripturae
822 3707 1155 3766 auctoritate
1202 3708 1544 3779 persuadere
1583 3714 1822 3766 conatus

114 3801 338 3859 fuisset.
372 3799 533 3874 Opus
567 3799 762 3874 itaque
791 3798 1085 3858 miraculis
1113 3805 1252 3867 erat,
1285 3807 1480 3872 utpote
1509 3801 1662 3872 quod
1695 3801 1822 3858 haec

112 3890 228 3947 sola
257 3897 412 3947 esset
434 3903 532 3946 eos
557 3888 941 3947 convincendi
977 3889 1138 3946 ratio.
1173 3888 1333 3946 Certe
1363 3888 1623 3963 quandiu
1647 3889 1820 3947 Chlo-

114 3983 351 4048 doveus,
416 3980 643 4056 primus
694 3981 884 4055 gentis
929 3987 1138 4038 nostra:
1185 3995 1391 4052 regum
1449 3979 1821 4052 Christianus,

115 4070 286 4126 rebus
333 4084 481 4127 usus
513 4076 596 4126 est
639 4067 948 4142 prosperis,
993 4068 1062 4125 de
1111 4067 1389 4141 religione
1437 4068 1711 4126 mutanda
1753 4085 1824 4128 ne

115 4158 354 4232 quidem
402 4157 648 4229 cogitare
685 4157 886 4214 voluit.
930 4158 1004 4214 At
1045 4155 1388 4214 constitutus
1444 4156 1504 4214 in
1563 4164 1824 4215 extremo

118 4247 299 4319 prmlii
333 4247 691 4317 discrimine,
724 4261 858 4304 cum
911 4261 1024 4304 non
1067 4246 1193 4304 sine
1244 4245 1524 4304 miraculo
1571 4263 1602 4304 e
1652 4246 1825 4304 tantis

116 4339 388 4411 periculis
441 4345 671 4411 ereptus
723 4337 945 4408 fuisset,
996 4337 1169 4395 ﬁdem
1210 4336 1360 4394 ultro
1401 4338 1670 4411 suscepit.
1730 4337 1826 4397 Sic

119 4428 294 4484 movit
325 4425 578 4484 Totilam
616 4426 934 4484 Gothorum
974 4425 1033 4483 in
1069 4425 1231 4484 Italia
1270 4441 1461 4498 regem
1503 4427 1683 4485 sancti
1720 4443 1823 4501 pa-

1908 3252 2082 3319 dente,
2126 3251 2426 3325 inquiunt,
2459 3255 2685 3308 Domino
2740 3258 2994 3310 Ecclesiae
3036 3274 3165 3321 suae,
3221 3264 3271 3314 et
3311 3263 3619 3330 inspirante

1900 3359 2004 3416 pro
2035 3344 2213 3396 salute
2244 3344 2410 3396 totius
2448 3344 2624 3410 gentis
2655 3358 2743 3396 cor
2773 3344 2958 3399 domni
2985 3349 3239 3415 Remigii,
3275 3351 3374 3417 qui
3415 3349 3618 3420 ubique

1906 3434 2114 3487 altaria
2167 3431 2477 3485 destruebat
2530 3431 2819 3500 idolorum,
2868 3438 2918 3487 et
2965 3450 3145 3488 ceram
3175 3435 3335 3504 ﬁdem
3378 3442 3624 3508 potenter

1907 3539 2026 3578 cum
2064 3521 2418 3575 multitudine
2447 3512 2729 3589 signorum
2767 3525 3161 3593 ampliﬁcabat,
3199 3531 3298 3581 etc.
3341 3526 3618 3600 Ejusdem

1907 3611 2090 3668 sancti
2120 3608 2372 3681 Remigii
2419 3618 2470 3667 et
2503 3610 2684 3668 sancti
2723 3609 2978 3668 Medardi
3012 3613 3291 3672 miracula
3318 3615 3391 3673 ob
3420 3617 3618 3678 oculos

1908 3697 2259 3756 Chlotsindze
2292 3697 2456 3769 ponit
2488 3707 2722 3756 sanctus
2751 3699 3009 3759 Nicetius
3033 3701 3407 3762 Trevirorum
3431 3707 3614 3765 antis-

1904 3793 2008 3859 tes,
2046 3788 2207 3844 illam
2237 3787 2566 3856 adhortans,
2601 3797 2661 3844 ut
2689 3803 2755 3844 ea
2794 3789 3043 3847 Alboino
3097 3791 3615 3866 Langobardorum

1904 3877 2023 3948 regi
2053 3875 2176 3932 viro
2215 3891 2322 3933 suo
2360 3883 2572 3946 narret,
2605 3876 2817 3948 quibus
2853 3877 3167 3938 Chlodovei
3215 3883 3502 3956 exemplo,
3540 3885 3612 3942 ad

1906 3965 2082 4022 ﬁdem
2126 3963 2555 4037 suscipiendam
2597 3965 2817 4022 moveri
2863 3967 3056 4037 possit.
3108 3970 3253 4035 Quid
3301 3972 3367 4026 de
3420 3974 3614 4029 domno

1904 4056 2153 4122 Remigio
2204 4058 2255 4107 et
2286 4053 2480 4108 domno
2514 4053 2776 4109 Medardo
2807 4055 3092 4125 episcopis,
3127 4073 3260 4125 quos
3314 4064 3392 4123 tu,
3434 4061 3609 4126 credo,

1909 4144 2106 4197 vidisti
2130 4145 2158 4195 ?
2181 4160 2288 4197 non
2316 4159 2607 4213 possumus
2645 4148 2800 4198 tanta
2831 4159 3112 4214 eccponere,
3150 4152 3359 4216 quanta
3379 4152 3613 4205 mirabi-

1910 4234 1986 4287 lia
2024 4247 2125 4302 per
2169 4233 2297 4285 illos
2336 4235 2503 4286 Deum
2548 4233 2792 4286 videmus
2836 4235 3036 4300 facere.
3078 4232 3159 4289 De
3198 4236 3498 4294 miraculis
3540 4239 3614 4296 ad

1908 4327 2235 4380 sanctorum
2267 4319 2528 4393 sepulcra
2563 4325 2700 4376 tunc
2728 4320 3001 4393 temporis
3034 4322 3433 4394 frequentibus
3475 4342 3610 4399 pro-

1907 4410 2167 4486 sequitur
2195 4418 2424 4468 sanctus
2451 4409 2690 4467 antistes
2717 4410 2810 4468 his
2844 4410 3033 4468 verbis
3065 4434 3076 4468 :
3118 4415 3222 4470 Ubi
3249 4419 3404 4470 tanta
3425 4417 3602 4482 hodie,

120 4516 212 4573 uvis
265 4515 564 4574 Benedicti
604 4514 954 4573 miraculum
1006 4530 1197 4572 comm
1253 4529 1318 4572 eo
1367 4514 1607 4590 editum,
1651 4505 2120 4591 quemDinquit,
2159 4505 2443 4560 mirabilia
2474 4509 2766 4575 apparent,
2799 4509 3065 4574 quantum
3097 4520 3193 4560 nec
3227 4505 3406 4560 dicere
3431 4508 3611 4562 verbis

119 4612 277 4662 antea
307 4620 416 4662 nec
442 4603 798 4662 sacerdotum
842 4605 1171 4674 auctoritas,
1214 4620 1321 4662 nec
1363 4605 1702 4664 miserorum
1729 4606 1821 4664 in-

122 4692 367 4753 fortunia
407 4694 480 4751 ad
533 4694 1092 4752 commiserationem
1145 4695 1369 4753 ﬂectere
1418 4712 1680 4770 unquam
1721 4713 1822 4770 po-

125 4790 365 4841 tuerant.
401 4783 525 4841 Non
553 4785 748 4843 minus
778 4784 1115 4854 indigebant
1141 4785 1438 4843 miraculis
1465 4785 1663 4844 ﬁdeles
1686 4785 1803 4844 idio

124 4879 210 4943 tze,
262 4873 364 4948 qui
414 4873 489 4929 ab
526 4873 810 4930 haereticis
858 4872 1033 4929 variis
1063 4873 1491 4931 extorsionibus
1539 4890 1820 4947 oppress1,

124 4959 293 5019 immo
323 4968 380 5017 et
405 4959 721 5035 aliquando
751 4960 1052 5033 suppliciis
1085 4961 1236 5029 torti,
1287 4969 1387 5020 aut
1422 4961 1709 5020 illecebris
1736 4963 1821 5020 al-

121 5048 260 5116 lecti,
291 5049 366 5106 ad
395 5049 734 5121 religionem
765 5049 1100 5108 mutandam
1127 5051 1540 5110 incitabantur.
1579 5051 1824 5112 Suberat

121 5145 170 5193 et
195 5139 305 5196 alia
341 5139 561 5196 saeculo
597 5147 761 5197 sexto
809 5139 1168 5199 edendorum
1202 5141 1620 5201 miraculorum
1648 5159 1818 5216 pecu—

122 5227 268 5284 liaris
323 5242 513 5296 causa,
574 5242 780 5300 nempe
835 5229 1222 5302 quorumdam
1275 5246 1433 5289 error
1483 5230 1819 5302 negantium

118 5318 593 5376 resurrectionem
634 5325 994 5378 mortuorum
1028 5338 1040 5376 :
1089 5321 1183 5378 cui
1233 5321 1414 5380 errori
1449 5321 1817 5394 potissimum

121 5409 426 5469 refellendo
475 5407 789 5484 Gregorius
840 5411 1086 5483 Magnus
1137 5410 1316 5470 libros
1349 5412 1711 5485 dialogorum
1749 5413 1817 5471 de

120 5495 437 5556 Virtutibus
467 5507 523 5558 et
557 5498 849 5558 Miraculis
883 5498 1066 5558 Italiae
1106 5508 1435 5559 sanctorum
1473 5501 1812 5576 composuit.

178 5588 264 5647 66.
302 5587 417 5647 Sed
456 5594 512 5646 et
543 5589 823 5650 habemus
862 5590 1015 5649 viros
1060 5606 1262 5650 eorum
1308 5598 1632 5667 temporum
1680 5591 1813 5651 illu-

121 5682 248 5737 stres
299 5685 357 5736 et
395 5678 558 5738 omni
606 5681 942 5755 exceptione
996 5681 1261 5758 majores,
1310 5682 1412 5758 qui
1455 5682 1641 5742 testati
1683 5686 1818 5741 sunt

1909 4600 2079 4653 caleo.
2127 4594 2450 4669 Statimque
2491 4593 2812 4667 subjungit,
2847 4593 3064 4651 similia
3112 4596 3172 4651 in
3205 4595 3611 4656 haereticorum

1908 4684 2184 4743 Ecclesiis
2226 4699 2342 4741 non
2397 4681 2540 4749 ﬁeri,
2575 4680 2727 4754 quod
2768 4681 2942 4739 aliam
2981 4682 3054 4739 ab
3107 4681 3224 4740 illis
3261 4687 3474 4743 sanctis
3511 4685 3613 4760 qui

1909 4772 2186 4830 miracula
2216 4770 2481 4839 edebant,
2524 4769 2698 4826 ﬁdem
2748 4769 3171 4842 proﬁterentur.
3208 4770 3432 4840 Quanta
3475 4789 3611 4832 vero

1908 4861 2211 4920 securitate
2247 4860 2318 4917 de
2349 4864 2426 4916 tot
2472 4865 2880 4931 tantorumque
2923 4858 3337 4918 miraculorum
3371 4863 3612 4922 veritate

1907 4962 1960 5012 et
1997 4952 2341 5011 certitudnie
2383 4950 2613 5009 loeutus
2659 4949 2831 5008 fuerit
2881 4949 3161 5020 Nicetius,
3213 4966 3288 5008 ex
3319 4967 3384 5010 eo
3441 4962 3612 5027 patet,

1906 5044 2059 5120 quod
2094 5059 2284 5117 regem
2312 5043 2504 5116 ipsum
2529 5041 2848 5099 Alboinum
2866 5039 3297 5114 provocandum
3315 5057 3439 5100 esse
3465 5044 3612 5102 scri-

1903 5135 2014 5206 bat,
2052 5143 2115 5194 ut
2142 5135 2363 5208 aliquot
2394 5149 2425 5190 e
2458 5132 2579 5190 suis
2609 5131 2755 5190 ﬁdos
2785 5132 3048 5190 homines
3075 5132 3146 5190 ad
3176 5131 3338 5192 Beati
3367 5133 3607 5194 Martini

1903 5223 2234 5298 sepulcrum
2288 5220 2657 5288 transmittat,
2713 5220 2795 5279 rei
2843 5219 3142 5279 veritatem
3190 5237 3290 5294 per
3334 5238 3458 5281 sese
3510 5240 3608 5282 ex-

1901 5314 2244 5388 ploraturus.
2278 5314 2486 5380 Mittat,
2528 5309 2740 5384 inquit,
2777 5311 2852 5366 ad
2891 5311 3145 5368 domuum
3179 5315 3481 5370 Martinam
3504 5331 3607 5385 per

1899 5409 2258 5477 festivitatem
2334 5419 2557 5460 suam...
2623 5403 2720 5457 ubi
2773 5419 2933 5458 amcos
3000 5404 3159 5459 hodie
3226 5407 3602 5462 illuminari...

1900 5499 2282 5568 conspicimus,
2336 5494 2432 5548 ubi
2484 5493 2678 5548 surdos
2726 5493 2978 5549 auditum
3013 5498 3063 5548 et
3098 5499 3271 5548 mutos
3311 5495 3605 5550 sanitatem

1897 5592 2152 5662 recipere.
2184 5591 2326 5647 Nam
2357 5587 2493 5659 quid
2519 5587 2699 5642 dicam
2722 5586 2788 5640 de
2809 5587 3036 5657 leprosis
3070 5590 3166 5639 aut
3189 5584 3255 5638 de
3283 5585 3414 5638 aliis
3438 5601 3605 5653 quam

1892 5683 2154 5756 plurimis
2173 5684 2200 5736 ?
2235 5681 2331 5752 qui
2359 5693 2697 5751 quacumque
2725 5677 3009 5732 debilitate
3039 5674 3288 5747 percussi
3319 5675 3451 5746 sint,
3493 5676 3606 5732 ibi-
