3972 6340
354 277 425 337 59
1902 297 2042 358 PM

2191 302 2316 363 [ἹΟ.
3782 312 3867 372 60

351 402 473 508 (Llem
522 419 626 508 p'er
666 408 923 502 singulos
955 410 1081 508 ’,(1.1ίί
1132 415 1185 508 et
1239 414 1345 508 alii
1401 422 1689 475 sanantur.
1767 418 1921 479 Misit
1988 422 2315 499 adAaequo
2338 427 2613 486 credulus
2636 427 2767 502 fuit,
2791 428 2851 486 in
2896 429 2970 488 iis
3023 430 3241 489 scilicet
3265 431 3587 504 credendis,
3618 448 3752 508 quae
3778 434 3864 493 ab

350 488 501 547 hanc
551 491 916 551 festivitatem
954 494 1377 559 Theodemirus
1435 519 1539 561 rex
1575 505 1830 577 arianus,
1882 525 2055 584 quem
2138 488 2395 589 antiquis
2440 516 2648 589 scripta
2688 488 3042 590 inveniebat,
3102 526 3201 579 aut
3249 526 3400 578 certe
3437 488 3731 596 acceperat
3772 540 3860 583 ex

351 576 660 651 Gregorius
714 579 1086 641 Cbararicum
1130 587 1398 661 appellat,
1444 598 1498 648 et
1541 593 1713 651 tantis
1760 576 2055 657 miraculis
2138 576 2376 662 vetustis
2414 576 2840 665 traditionibus.
2887 576 3461 682 Sedv'istavnec'ejus
3499 576 3669 672 boine
3711 615 3859 675 fidei

348 680 644 744 permotus
672 673 848 731 ﬁdem
889 679 1138 751 suscepit
1168 696 1300 738 cum
1336 688 1449 740 tota
1485 682 1811 745 Suevorum
1858 698 2047 763 gente,
2134 693 2411 763 oﬂiciunt,
2454 714 2559 755 nec
2596 698 2871 756 adversus
2911 714 2977 756 ea
3015 716 3149 773 quas
3184 717 3217 758 a
3257 717 3316 759 se
3360 704 3481 761 visa
3514 714 3615 763 aut
3650 708 3859 767 audita

345 759 439 816 cui
472 767 597 817 tum
644 762 702 821 in
736 763 1006 824 Galleecia
1032 768 1367 843 imperabat.
1404 772 1509 831 His
1536 776 1680 832 adde
1711 759 2049 838 aliosutestes

344 851 668 911 eruditione
715 862 770 912 et
821 858 1118 917 sanctitate
1170 861 1440 935 illustres,
1488 866 1889 941 Fortunatum,
1946 874 2047 948 qui

342 942 552 1000 multas
594 954 919 1005 sanctorum
968 950 1123 1009 Vitas
1171 955 1435 1028 scripsit;
1473 958 1826 1032 Cyprianum
1875 942 2045 1022 Tolo-

340 1047 583 1091 nensem
610 1036 937 1110 episcopum
973 1040 1032 1097 in
1066 1041 1194 1100 Vita
1248 1046 1427 1103 sancti
1459 1047 1712 1119 Caesarii,
1756 1052 2045 1113 Hilarium

337 1122 754 1195 Arelatensem,
786 1127 1158 1201 Eucherium,
1204 1132 1555 1207 Dynamium
1587 1140 1915 1212 patricium,
1964 1146 2049 1201 vi~

340 1226 470 1270 rum
503 1216 810 1289 natalibus,
844 1218 1121 1291 dignitate
1158 1228 1212 1281 et
1245 1224 1505 1297 Gregorii
1538 1231 1756 1302 magnii
1789 1234 2043 1291 testimo-

340 1304 439 1360 nio
468 1303 775 1379 illustrem,
811 1309 1044 1369 beatum
1073 1314 1426 1375 Audoenum
1456 1317 1514 1375 in
1549 1319 1680 1379 Vita
1711 1324 1892 1380 sancti
1926 1323 2049 1381 Eli-

341 1394 443 1467 gii,
500 1396 707 1456 Jonam
759 1403 1107 1461 monachum
1148 1412 1203 1462 et
1243 1407 1403 1477 alios,
1456 1411 1557 1483 qui
1592 1419 1726 1471 tunc
1778 1415 2048 1487 temporis

339 1482 649 1542 ediderunt
689 1497 1017 1548 sanctorum
1071 1492 1249 1565 Vitas,
1307 1512 1450 1570 quas
1478 1482 1573 1557 fex
1627 1482 2044 1563 miraculorum

340 1574 767 1633 narrationibus
796 1581 911 1635 fere
940 1580 1194 1653 integras
1224 1590 1667 1646 contexuerunt.

410 1662 497 1719 67.
538 1663 716 1723 Nemo
765 1666 957 1741 itaque
1008 1670 1255 1731 inticiari
1298 1682 1502 1747 potest,
1556 1677 1818 1751 Gregorii
1856 1683 2042 1740 nostri

2133 786 2324 857 refert,
2348 786 2533 846 ullum
2563 780 2964 862 przejudicium
2993 806 3266 862 generare
3288 793 3480 852 valent
3510 813 3640 855 cum
3663 815 3691 855 e
3713 816 3856 859 con-

2132 876 2304 934 trario
2348 879 2530 937 animi
2559 882 2683 954 ejus
2711 881 3018 939 candorem
3053 888 3107 939 et
3136 882 3554 955 ingenuitatem
3584 889 3855 949 maxime

2129 966 2390 1039 probent.

2199 1056 2287 1113 68.
2330 1056 2403 1114 At
2430 1064 2569 1131 quot
2594 1063 2648 1117 et
2679 1064 2916 1132 quanta,
2949 1059 3167 1133 inquis,
3202 1060 3515 1119 minutiora
3554 1061 3699 1119 facta
3737 1062 3855 1120 mi-

2129 1145 2340 1203 raculis
2371 1146 2602 1219 deputat
2642 1147 2972 1219 Gregorius,
3004 1165 3136 1220 quae
3175 1149 3497 1207 naturalem
3528 1166 3848 1209 causarum

2129 1236 2495 1293 efficientiam
2536 1254 2901 1311 nequaquam
2936 1246 3226 1312 superant.
3270 1241 3484 1299 Verum
3521 1257 3587 1298 ea
3625 1249 3709 1300 est
3749 1242 3849 1300 vi-

2135 1341 2332 1383 rorum
2363 1326 2569 1399 pietate
2600 1328 2999 1399 praestantium
3028 1328 3249 1386 indoles
3273 1346 3337 1387 ac
3363 1331 3584 1399 religio,
3616 1338 3677 1388 ut
3706 1347 3848 1402 pre-

2132 1414 2428 1472 cationum
2474 1415 2690 1471 cmlesti
2742 1414 3027 1484 eﬂicacim,
3078 1425 3522 1490 sanctorumque
3566 1419 3849 1477 interces-

2129 1504 2279 1561 sioni
2311 1504 2563 1561 tribuant
2593 1519 2679 1572 ea,
2708 1520 2842 1577 quae
2867 1504 3084 1578 alioqui
3126 1513 3351 1564 natura
3378 1508 3647 1565 virtutem
3683 1508 3849 1566 haud

2128 1593 2435 1650 excedunt.
2488 1591 2571 1649 Ita
2617 1600 2976 1665 comparatus
3018 1593 3126 1649 fuit
3186 1592 3527 1667 Cyprianus,
3584 1596 3662 1652 ita
3714 1596 3850 1653 Au-

2126 1680 2411 1751 gustinus,
2459 1680 2538 1738 ita
2583 1680 2989 1751 Tbeodoritus,
3043 1688 3096 1738 et
3152 1681 3253 1739 alii
3297 1682 3491 1755 magni
3541 1683 3653 1740 viri
3691 1699 3849 1757 quos

336 1755 690 1825 temporibus
717 1757 995 1817 miracula
1026 1762 1365 1839 frequenter
1391 1766 1461 1823 ad
1490 1775 1817 1828 sanctorum
1852 1774 2100 1852 sepul-B
2123 1770 2391 1841 superius
2443 1769 3048 1828 commemoravimus.
3104 1768 3365 1842 Simplex
3418 1769 3612 1845 itaque
3663 1771 3851 1829 fuerit

336 1856 431 1898 cra
460 1844 785 1918 contigisse,
821 1850 997 1923 idque
1025 1867 1141 1910 non
1192 1855 1352 1927 vulgi
1380 1854 1569 1915 solum
1598 1859 1894 1932 opinione,
1918 1844 2041 1921 “aut

334 1932 813 1995 muliercularum
846 1940 1031 2000 relatu
1063 1944 1368 2015 creditum,
1396 1947 1494 2005 sed
1524 1954 1578 2006 et
1607 1950 1871 2010 virorum
1904 1968 2038 2011 eru-

330 2023 605 2097 ditorum,
637 2044 702 2086 ac
736 2037 1065 2091 sanctorum
1118 2036 1518 2109 episcoporum
1568 2043 1902 2102 auctoritate
1948 2061 2038 2104 re-

328 2123 556 2189 ceptum
582 2118 779 2193 fuisse,
804 2122 904 2195 qui
936 2124 1219 2195 ejusmodi
1252 2126 1667 2189 miraculorum
1696 2134 2041 2193 certitudine

329 2206 501 2264 ﬁdem
536 2216 787 2267 nostram
825 2214 1127 2285 approbari
1161 2221 1217 2272 et
1246 2216 1653 2278 haereticorum
1689 2237 1909 2279 errores
1944 2238 2038 2279 ar-

332 2294 433 2367 gui
477 2311 641 2368 posse
687 2302 1012 2360 censebant.
1052 2304 1284 2364 Certum
1312 2312 1395 2366 est
1425 2310 1596 2367 etiam
1645 2326 1710 2369 ea
1760 2313 2039 2372 miracula

331 2382 473 2440 adeo
501 2392 650 2441 certa
680 2394 733 2444 et
761 2388 1050 2449 evidentia
1083 2393 1281 2467 fuisse,
1318 2403 1378 2454 ut
1408 2414 1483 2455 ne
1507 2398 1741 2473 quidem
1778 2402 2035 2461 haeretici

329 2470 430 2530 illa
463 2471 522 2529 in
555 2474 800 2536 dubium
835 2496 1097 2540 revocare
1124 2485 1253 2542 ausi
1286 2470 1653 2556 fuerint,vaut
1691 2490 1827 2549 ullis
1849 2492 2033 2549 cavil-

330 2556 645 2620 lationibus
684 2568 976 2637 potuerint
1015 2586 1080 2627 ea
1125 2588 1382 2645 unquam
1422 2576 1751 2636 obscurare.
1784 2579 1908 2648 Quo
1950 2581 2035 2637 fa-

331 2654 487 2707 ctum
508 2658 612 2721 est,
637 2662 697 2710 ut
724 2656 989 2731 plerique
1012 2662 1063 2734 ej
1073 2671 1234 2720 urata
1256 2664 1464 2722 haeresi
1495 2667 1667 2724 fidem
1694 2670 2034 2729 catholicam

329 2740 705 2829 susceperint,
740 2752 795 2802 et
828 2748 1063 2820 quidem
1106 2767 1217 2809 non
1260 2753 1529 2825 vulgares
1578 2756 1863 2829 homines,
1913 2775 2028 2816 non

328 2840 484 2915 unus
510 2828 602 2886 vel
632 2834 798 2904 pauci
838 2836 950 2893 viri
977 2838 1205 2897 obscuri
1237 2848 1339 2900 aut
1371 2843 1593 2902 nullius
1622 2828 1896 2915 nominis,
1932 2848 2029 2905 sed

326 2913 437 2990 ipsi
468 2933 649 2991 reges,
682 2928 737 2978 et
766 2921 1003 2996 integrze
1034 2927 1295 2987 nationes
1329 2954 1341 2988 :
1375 2931 1575 3005 quales
1604 2933 1765 2992 fuere
1799 2913 2031 3007 Franci,

322 3006 794 3083 Burgundiones,
838 3014 1035 3089 Suevi,
1078 3017 1418 3091 VVisigothi,
1455 3023 1652 3097 Angli,
1702 3026 2032 3099 Langobar-

2124 1860 2454 1934 Gregorius,
2496 1861 2594 1918 sed
2635 1876 2701 1919 eo
2739 1876 2935 1932 sensu,
2977 1861 3131 1934 quod
3188 1860 3313 1918 sine
3352 1860 3482 1919 fuco
3519 1867 3573 1918 et
3612 1877 3851 1935 semper

2122 1957 2316 2023 aperta
2375 1958 2569 2008 mente
2611 1956 2667 2007 et
2713 1950 2883 2007 corde
2928 1952 3153 2008 sincero
3214 1950 3517 2007 veritatem
3575 1950 3847 2009 oratione

2124 2038 2373 2112 simplici
2424 2040 2859 2113 deprompserit.
2912 2041 3101 2113 Atque
3145 2055 3211 2097 ea
3262 2039 3525 2111 Gregorii
3568 2040 3692 2098 laus
3728 2049 3845 2113 est,

2122 2145 2239 2186 non
2274 2128 2642 2198 contumelia,
2672 2128 2863 2201 inquit
2887 2125 3235 2186 Sirmondus
3261 2126 3612 2185 Hilduinum
3643 2144 3845 2201 repre-

2122 2219 2404 2289 hendens,
2435 2218 2536 2292 qui
2565 2218 2907 2291 Gregorium
2936 2221 3089 2275 mirae
3123 2222 3499 2290 simplicitatis
3526 2224 3704 2276 virum
3734 2236 3847 2294 ap—

2122 2309 2378 2383 pellavit,
2417 2325 2552 2366 cum
2599 2308 2920 2366 Hilduinus
2966 2309 3107 2381 ipse,
3142 2309 3343 2366 8111100
3374 2325 3485 2366 vox
3524 2309 3735 2367 malam
3774 2310 3847 2369 in

2118 2407 2337 2475 partem
2371 2405 2648 2466 vertatur,
2680 2398 2934 2456 multum
2984 2398 3258 2470 Gregorio
3288 2398 3605 2472 simplicior
3634 2400 3841 2459 fuerit.

2191 2489 2278 2547 69.
2335 2490 2505 2547 Haud
2554 2489 2710 2546 enim
2762 2489 3084 2561 putandum
3139 2496 3224 2546 est
3279 2489 3560 2547 miracula
3612 2491 3840 2562 omnia,

2118 2596 2249 2654 quae
2276 2580 2451 2651 vulgo
2497 2579 3056 2637 circumferebantur
3097 2594 3125 2635 a
3179 2578 3451 2651 Gregorio
3483 2580 3675 2636 statim
3701 2580 3843 2637 abs-

2117 2688 2228 2747 que
2268 2670 2493 2729 deleclu
2530 2676 2632 2727 aut
2681 2670 2953 2726 examine
2999 2668 3249 2725 admissa
3297 2667 3491 2736 fuisse,
3524 2684 3657 2726 cum
3708 2669 3846 2741 ipse

2115 2764 2298 2822 Deum
2330 2761 2541 2835 passim
2583 2762 2810 2818 invocet
2841 2758 3098 2817 veritatis
3130 2774 3352 2829 eorum,
3383 2774 3514 2832 quae
3553 2760 3612 2816 in
3664 2758 3843 2817 libris

2118 2853 2241 2911 suis
2269 2857 2517 2919 enarrat,
2552 2856 2770 2907 testem.
2806 2849 2961 2917 Quin
2991 2855 3047 2905 et
3076 2864 3164 2905 res
3193 2847 3264 2904 ab
3309 2847 3438 2904 aliis
3486 2847 3687 2905 relatas
3723 2848 3846 2905 dif-

2118 2941 2267 3001 ficile
2295 2939 2579 3009 credebat,
2614 2944 2677 2996 ut
2708 2937 2828 3010 ipse
2878 2942 3115 2993 testatur
3167 2935 3357 2993 librot
3395 2934 3840 3008 Miraculorum,

2116 3030 2298 3104 capite
2329 3030 2381 3086 5.
2416 3026 2695 3084 Audierat
2726 3024 2938 3097 quippe
2968 3026 3181 3098 saepius
3207 3023 3400 3081 oleum
3434 3031 3564 3081 ante
3599 3040 3842 3083 crucem

323 3099 404 3170 di,
432 3108 535 3160 etc.
570 3102 733 3162 Unde
764 3107 985 3165 nemini
1026 3112 1240 3170 mirum
1272 3114 1453 3171 videri
1500 3115 1686 3186 debet,
1730 3118 1778 3176 si
1812 3099 2200 3215 Grego-Cin-
2241 3118 2589 3179 monasterio
2650 3116 2979 3215 Pictavensi
3034 3118 3113 3215 ita
3187 3132 3527 3215 excrfscere‘
3593 3117 3840 3175 solitum

328 3189 473 3262 rius,
500 3192 602 3266 qui
634 3197 1044 3266 promovendze
1070 3201 1410 3260 orthodoxre
1437 3203 1570 3262 fidei
1602 3207 1887 3266 desiderio
1918 3189 2097 3267 fer-u
2123 3210 2320 3279 fuisse,
2358 3214 2421 3264 ut
2466 3206 2594 3263 licet
2632 3220 2767 3261 vasa
2806 3204 3019 3260 exinde
3060 3203 3227 3275 plena
3267 3203 3628 3272 efferrentur,
3671 3220 3842 3261 nun-

326 3284 512 3353 vebat,
549 3288 902 3367 ardebatque
942 3309 1170 3353 summa
1210 3312 1343 3370 erga
1392 3306 1618 3358 sanctos
1669 3300 1767 3359 Dei
1814 3304 2031 3362 amicos

322 3373 647 3451 devotione,
681 3382 1018 3455 colligendis
1063 3387 1359 3447 miraculis
1392 3390 1711 3462 plurimum
1745 3393 2032 3466 tribuerit,

323 3478 457 3538 quae
512 3472 649 3525 tunc
700 3472 973 3545 temporis
1010 3489 1132 3532 esse
1184 3475 1418 3533 videbat
1456 3478 1709 3537 efﬁcacia
1757 3481 1827 3537 ad
1862 3482 2033 3539 fidem

323 3552 610 3614 haareticis
658 3556 1096 3633 insinuandam,
1131 3569 1187 3620 et
1223 3564 1293 3620 ad
1336 3566 1728 3625 emendandos
1772 3568 2036 3627 ﬁdelium

322 3658 513 3703 mores
542 3646 875 3709 utilissima.
907 3651 988 3709 Ea
1027 3668 1162 3711 vero
1186 3670 1319 3729 qum
1348 3671 1381 3711 a
1416 3656 1689 3729 Gregorio
1722 3667 2034 3719 narrantur

322 3735 625 3810 miracula,
669 3755 741 3797 110
768 3742 1006 3815 quidem
1045 3743 1116 3802 ob
1143 3760 1309 3803 suam
1346 3746 1787 3807 multitudinem
1831 3750 1892 3807 in
1925 3750 2037 3809 du-

323 3824 489 3884 bium
536 3829 792 3886 revocari
838 3840 1099 3904 possunt.
1156 3834 1237 3892 De
1289 3835 1581 3911 plerisque
1627 3838 1785 3896 enim
1826 3832 2037 3898 sanctis

324 3914 567 3975 unicum
598 3918 963 3980 solummodo
990 3928 1089 3981 aut
1123 3923 1373 3984 alterum
1412 3928 1764 3985 miraculum
1790 3934 1988 3985 narrat
2017 3946 2029 3986 :

323 4018 439 4078 qua
476 4005 539 4064 in
567 4022 629 4065 re
659 4008 880 4079 parcior
919 4011 1028 4069 fuit
1060 4012 1201 4083 illis,
1239 4015 1341 4089 qui
1388 4016 1673 4089 ejusmodi
1705 4024 2035 4076 sanctorum

329 4093 488 4152 Vitas
522 4095 969 4172 descripserunt,
1012 4117 1155 4176 quas
1188 4112 1251 4161 ut
1291 4104 1633 4178 plurimum,
1674 4112 1737 4164 ut
1780 4122 1918 4165 mox
1947 4107 2037 4166 di—

323 4184 545 4258 cebam,
583 4203 653 4244 ex
686 4188 825 4248 solis
857 4192 1157 4251 miraculis
1182 4204 1554 4256 contexuere.
1589 4197 1765 4256 Plura
1796 4198 2037 4273 quidem

326 4273 397 4333 de
435 4284 631 4335 sancto
673 4278 920 4339 Martino
964 4282 1153 4354 habet,
1199 4290 1300 4343 aut
1339 4286 1408 4343 de
1443 4282 1638 4344 sancto
1668 4285 1698 4343 ,Ι
1708 4286 1924 4345 01111110.
1962 4289 2037 4346 At

324 4364 494 4423 modo
528 4369 708 4425 sancti
735 4368 941 4427 Nicetii
971 4370 1163 4429 locum
1188 4372 1575 4443 laudavimus,
1610 4376 1748 4433 satis
1776 4383 2038 4434 attestan-

2121 3314 2297 3373 quam
2331 3301 2521 3352 tamen
2563 3292 2933 3350 decresceret.
2968 3289 3075 3348 Sed
3104 3290 3171 3347 ad
3204 3290 3261 3347 id
3290 3292 3643 3349 credendum
3675 3308 3841 3350 nun-

2119 3403 2297 3462 quam
2348 3382 2556 3442 adduci
2604 3382 2808 3455 potuit,
2842 3381 2985 3454 quin
3034 3381 3193 3454 prius
3232 3381 3316 3438 rei
3370 3382 3667 3439 veritatem
3709 3383 3845 3441 suis

2121 3476 2307 3535 oculis
2341 3474 2520 3531 unius
2546 3472 2704 3530 hora:
2752 3470 2934 3542 spatio
2978 3468 3419 3542 exploravisset.
3466 3469 3684 3527 Pallam
3716 3486 3843 3545 qua

2121 3563 2476 3624 venerabilis
2509 3579 2653 3620 crux
2680 3561 3054 3635 Jerosolymis
3081 3560 3339 3617 involuta
3366 3558 3683 3629 diufuerat,
3708 3575 3843 3619 sese

2119 3656 2407 3729 accepisse
2452 3653 2747 3729 jactitabat
2791 3653 3030 3727 quidam
3096 3669 3109 3707 :
3168 3651 3261 3707 sed
3316 3649 3370 3708 ei
3420 3666 3536 3709 non
3589 3650 3841 3709 credidit

2121 3746 2457 3819 Gregorius,
2492 3745 2847 3819 priusquam,
2875 3760 2994 3802 rem
3028 3742 3327 3801 miraculis
3374 3740 3542 3800 certis
3572 3756 3841 3814 compro-

2121 3842 2310 3899 batam
2366 3838 2543 3897 fuisse
2589 3836 2947 3895 advertisset.
2997 3834 3142 3893 Cum
3192 3849 3328 3891 vero
3384 3849 3474 3890 res
3520 3841 3706 3905 gestas
3762 3833 3843 3891 ab

2119 3932 2251 3990 aliis
2301 3936 2609 4003 acceperat,
2642 3928 2906 3986 homines
2956 3927 3085 3983 illos
3130 3926 3409 3995 nominat,
3444 3925 3542 3999 qui
3576 3926 3708 3982 talia
3742 3941 3839 3983 re-

2122 4022 2395 4092 tulerant,
2445 4036 2519 4077 ne
2558 4019 2772 4076 incerta
2824 4033 2926 4091 pro
2976 4016 3146 4073 certis
3211 4018 3469 4088 ingerere
3517 4015 3836 4073 videretur.

2122 4110 2273 4180 Quin
2325 4118 2379 4167 et
2437 4106 2751 4181 aliquando
2803 4110 3160 4162 sacramento
3212 4104 3499 4176 ejusmodi
3553 4102 3845 4161 miracula.

2121 4198 2451 4257 confirmari
2486 4196 2733 4265 volebat,
2765 4202 2864 4253 aut
2920 4193 3134 4251 multos
3183 4192 3513 4260 adhibebat,
3558 4192 3846 4249 10101101·-

2122 4300 2260 4349 rata:
2296 4296 2486 4359 testes,
2525 4305 2597 4346 ne
2646 4289 2789 4346 forte
2833 4286 3074 4344 illudere
3120 4286 3230 4357 piae
3288 4283 3641 4357 simplicium
3700 4298 3840 4339 cre-

2120 4380 2353 4439 dulitati
2384 4396 2417 4436 a
2438 4378 2742 4436 nonnullis
2772 4376 3117 4443 crederetur,
3153 4380 3214 4431 ut
3246 4376 3364 4446 ipse
3396 4374 3565 4429 habet
3606 4372 3756 4429 libro
3789 4384 3838 4430 II

328 4452 418 4520 tis,
459 4454 643 4515 multo
688 4454 854 4527 plura
916 4458 1198 4515 miracula
1243 4460 1313 4517 ad
1344 4462 1527 4519 sancti
1569 4461 1801 4520 Martini
1848 4466 2098 4538 sepul-D
2122 4468 2191 4526 de
2220 4466 2514 4525 Miraculis
2543 4465 2727 4524 sancti
2747 4463 3003 4532 Martini,
3043 4462 3225 4536 capite
3257 4462 3343 4532 52,
3373 4468 3428 4519 et
3455 4461 3669 4535 passim
3698 4460 3841 4520 aliis

325 4558 489 4602 crum
525 4544 853 4617 contigisse,
896 4562 1073 4620 quam
1120 4564 1252 4620 quae
1282 4565 1315 4607 a
1354 4557 1548 4609 nostro
1578 4551 1851 4625 Gregorio
1881 4552 2034 4611 refe-o

327 4640 556 4693 runtur.
591 4632 671 4690 Ea
698 4648 833 4692 vero
868 4652 1001 4709 quae
1046 4638 1291 4711 scripsit,
1336 4639 1593 4713 apprime
1642 4648 1900 4710 noverat,
1937 4639 2030 4698 vel

2118 4558 2173 4614 in
2220 4555 2361 4614 locis
2399 4553 2679 4611 insinuat.

2191 4643 2278 4702 70.
2319 4641 2500 4700 Erunt
2550 4642 2785 4700 fortasse
2834 4639 3125 4711 nonnulli,
3160 4640 3261 4714 qui
3302 4640 3561 4713 Gregorii
3603 4642 3834 4714 nimiae,

330 4722 485 4797 quod
528 4721 641 4779 sibi
677 4722 783 4795 ipsi
817 4725 1216 4799 contigissent,
1256 4728 1344 4785 vel
1391 4730 1545 4802 quod
1574 4745 1639 4787 ea
1672 4730 1742 4786 ab
1780 4729 1911 4786 aliis
1942 4744 2036 4786 110-
2122 4739 2186 4791 01
2214 4732 2401 4803 aiunt,
2454 4730 2807 4805 simplicitati
2843 4729 3328 4831 tribua‘ntpquod
3373 4732 3587 4803 passim
3617 4730 3836 4831 pulve—

326 4810 587 4885 cepisset.
629 4810 905 4872 Miracula
943 4831 1077 4888 quae
1118 4817 1179 4875 in
1213 4817 1398 4891 seipso
1442 4820 1585 4876 facta
1629 4818 1857 4889 fatetur,
1904 4818 2039 4891 quis
2121 4838 2243 4879 rem
2286 4829 2618 4880 sanctorum
2668 4821 2912 4880 tumulis
2966 4820 3291 4889 collectum,
3325 4835 3548 4893 pannos
3591 4819 3673 4877 eis
3718 4820 3836 4879 ali-

326 4902 471 4961 falsa
501 4903 677 4962 fuisse
712 4904 982 4965 dixerit?
1032 4907 1157 4966 Non
1190 4909 1348 4967 enim
1378 4909 1457 4967 ita
1499 4909 1673 4967 fallax
1700 4926 1767 4967 ac
1794 4908 2033 4982 perditae
2114 4911 2379 4982 quandiu
2428 4912 2761 4985 impositos,
2816 4912 2982 4969 flores
3037 4916 3138 4968 aut
3198 4909 3471 4966 herbulas
3530 4909 3748 4967 ibidem
3798 4926 3837 4968 a

326 4994 541 5054 mentis
579 4994 758 5054 fuisse
786 4995 899 5054 dici
954 5004 1138 5071 potest
1167 4999 1497 5073 Gregorius,
1531 5007 1593 5058 ut
1624 4999 1764 5057 falsa
1799 5015 1898 5072 pro
1927 5014 2027 5056 ve-
2114 5000 2381 5061 fidelibus
2412 5007 2769 5074 sparsas,aut
2790 5000 3105 5100 parietibus
3126 4998 3346 5065 affixas,
3372 4996 3563 5056 oleum
3592 4998 3836 5100 exit-1m-

323 5083 404 5143 ris
434 5083 742 5143 obtrudere
779 5102 851 5144 ex
885 5086 1174 5147 industria
1208 5089 1493 5157 voluerit;
1531 5097 1630 5146 aut
1669 5088 1747 5146 ita
1792 5088 2025 5160 bardus,
2112 5090 2589 5165 padibusibidem
2612 5090 2947 5149 ardentibus
2967 5089 3497 5189 detractum,aquas
3524 5104 3603 5189 ex
3618 5089 3835 5189 vicinis

326 5183 392 5235 ut
435 5191 658 5249 aegrum
698 5194 757 5236 se
792 5180 1141 5253 reputaverit
1187 5196 1382 5248 sanus,
1434 5187 1532 5237 aut
1576 5179 1645 5237 ad
1696 5186 2025 5239 sanctorum
2116 5182 2369 5240 fontibus
2413 5187 2513 5238 aut
2562 5180 2749 5253 puteis
2790 5180 3043 5244 haustas,
3071 5182 3170 5233 aut
3204 5176 3317 5233 alia
3345 5177 3633 5249 ejusmodi
3677 5178 3834 5237 inter

328 5265 551 5324 cineres
587 5266 813 5326 ccelitus
852 5275 1117 5327 sanatum
1149 5282 1267 5325 non
1303 5282 1475 5339 regor.
1510 5268 1667 5327 Idem
1713 5268 2029 5327 dicendum

324 5356 396 5414 de
424 5357 716 5432 plerisque
751 5358 882 5416 aliis
920 5355 1172 5430 aegrotis,
1224 5357 1543 5429 praesertim
1580 5358 1721 5415 viris
1750 5357 2027 5432 gravibus

327 5453 382 5507 et
432 5448 605 5521 probe
638 5449 810 5518 notis,
844 5447 948 5524 qui
996 5461 1118 5504 sese
1166 5453 1495 5505 sanctorum
1536 5448 1754 5506 meritis
1801 5455 2028 5506 sanatos

328 5544 429 5597 aut
473 5538 663 5612 palam
707 5552 898 5597 coram
941 5535 1235 5608 omnibus,
1270 5544 1371 5597 aut
1415 5544 1566 5598 certe
1616 5539 1845 5613 ipsimet
1884 5537 2026 5597 Gre-

326 5632 487 5705 gorio
525 5631 769 5691 confessi
812 5636 965 5689 sunt.
1018 5629 1213 5688 Unum
1259 5636 1361 5701 est,
1411 5631 1605 5703 fateor,
1634 5632 1695 5690 in
1734 5648 1849 5706 quo
1896 5632 2027 5707 plus

2116 5270 2451 5330 Sanctorum
2491 5266 2764 5341 reliquias
2814 5264 3251 5337 computaverit.
3304 5264 3518 5324 Verum
3571 5266 3678 5323 ista
3722 5267 3831 5324 ab-

2105 5360 2278 5434 jectio
2322 5362 2638 5424 evanescet,
2670 5370 2803 5413 cum
2856 5353 3124 5413 cordatus
3168 5352 3343 5411 lector
3386 5354 3603 5412 similia
3630 5353 3689 5410 in
3725 5370 3829 5427 pa-

2113 5457 2263 5509 trum
2292 5456 2708 5519 auclorumque
2738 5444 3213 5519 gravissimorum
3245 5443 3518 5519 operibus
3556 5444 3829 5517 exempla

2110 5540 2322 5617 passim
2354 5552 2655 5597 occurrere
2690 5536 3129 5595 animadvertet.
3167 5534 3357 5607 Hujus
3395 5532 3549 5591 enim
3579 5548 3826 5593 consue-

2113 5630 2331 5690 tudinis
2385 5634 2552 5688 testes
2598 5632 2731 5686 suut
2765 5626 3179 5701 Hieronymus,
3210 5623 3589 5698 Augustinus,
3624 5622 3822 5683 Pauli-
