3972 6340
116 317 174 375 σι
1655 315 2071 377 PBJEFATIO.

3537 317 3609 376 62

118 458 247 512 nus,
284 441 402 501 Leo
446 446 504 500 et
551 442 885 517 Gregorius,
906 447 1148 516 uterque
1172 442 1416 515 Magnus
1459 457 1525 500 ac
1559 441 2122 516 pontifexAmiquot
2145 443 2507 504 solummodo
2536 445 2855 519 fragmenta
2884 449 3213 520 supersunt.
3243 443 3417 504 Hunc
3435 458 3604 519 porro

115 535 430 601 Romanus,
462 534 615 591 Beda
646 541 701 591 et
739 533 835 591 alii
878 534 1115 608 passim,
1149 548 1396 608 quorum
1429 533 1547 591 loca
1576 533 1638 591 in
1668 535 1820 591 notis

111 622 173 679 ad
209 622 477 693 Gregorii
518 630 741 680 textum
782 639 896 680 non
944 624 1122 681 semel
1178 623 1559 682 laudavimus.
1618 624 1727 683 Sed
1765 631 1819 682 ct

109 713 205 787 qui
239 712 411 785 plura
443 728 510 769 ea
557 712 628 769 de
655 728 716 769 re
753 712 932 785 cupit,
974 714 1138 770 adeat
1185 714 1483 781 Ferrandi,
1524 712 1819 773 Societatis

105 801 242 861 Jesu
274 802 615 874 presbyteri,
648 801 866 860 librum
886 803 1240 875 singularem
1267 805 1338 862 de
1369 804 1709 863 Sanctorum
1737 821 1820 863 re-

108 890 332 965 liquiis,
395 898 495 950 aut
546 900 697 949 certe
748 892 896 965 legat
946 892 1012 949 V.
1049 894 1117 950 cl.
1162 894 1309 951 Lud.
1345 896 1479 953 Ant.
1517 896 1817 954 Muratorii

107 980 576 1053 disquisitionem
621 981 691 1039 de
735 982 843 1039 hoc
866 989 1207 1054 argumento
1240 991 1390 1042 tomo
1420 998 1459 1043 ll
1494 986 1815 1044 Anecdoto-

106 1087 259 1140 rum,
290 1070 395 1129 ubi
425 1072 598 1129 etiam
634 1076 890 1143 oleorum,
945 1090 1077 1147 quae
1125 1074 1436 1148 Gregorius
1472 1076 1714 1147 Magnus
1743 1078 1815 1134 ad

105 1158 562 1217 Theodelindam
618 1177 721 1234 per
767 1162 1093 1221 Iohannem
1171 1167 1506 1237 transmisit,
1569 1167 1820 1225 indicem

104 1249 337 1321 profert,
394 1249 519 1322 ipsa
568 1249 827 1324 Gregorii
903 1260 1067 1310 aetate
1144 1256 1421 1326 scriptum
1478 1258 1538 1313 in
1604 1274 1820 1331 papyro

104 1337 439 1408 Egyptiaco,
488 1345 549 1395 ut
593 1338 966 1399 Mabillonius
1030 1350 1223 1400 noster
1296 1350 1532 1405 testatur
1587 1346 1819 1405 Itineris

100 1426 281 1485 Italici
313 1444 445 1500 pag.
489 1428 572 1486 14.

170 1519 260 1576 71.
301 1517 498 1576 Unum
526 1520 779 1592 denique
827 1521 977 1578 circa
1030 1521 1289 1589 Gregorii
1330 1522 1508 1581 libros
1536 1523 1606 1581 de
1640 1524 1816 1583 Mira-

100 1607 243 1664 culis
267 1615 607 1666 sanctorum
623 1610 912 1668 observari
934 1612 1129 1682 velim,
1150 1612 1301 1686 quod
1322 1613 1814 1672 scilicetcasolum

98 1701 437 1751 sanctorum
462 1695 741 1755 miracula
768 1698 1045 1769 retulerit,
1082 1717 1213 1777 quae
1237 1702 1308 1759 ab
1330 1702 1461 1761 aliis
1486 1702 1814 1760 auctoribus

1901 531 2379 590 commentarium
2413 532 2614 591 Bomm
2644 535 2924 593 asservari
2970 532 3314 607 aliquandiu
3365 548 3604 605 persua-

1901 635 2031 677 sum
2082 620 2412 691 habuimus,
2455 623 2699 695 acceptis
2747 622 2957 679 exinde
3003 622 3207 679 litteris
3239 622 3301 681 in
3333 621 3607 680 Vaticana

1900 710 2242 769 bibliotheca
2272 715 2467 773 haberi
2513 715 2970 788 manuscriptum
3009 714 3260 771 codicem
3298 729 3371 771 ex
3405 728 3606 770 mona-

1900 800 2070 858 sterio
2121 802 2316 860 Fontis
2354 805 2637 873 Avellani,
2671 805 2773 876 qui
2828 807 3087 860 Florentii
3140 805 3357 871 Georgii
3383 810 3433 858 et
3471 805 3605 860 Gre-

1898 894 2042 959 gorii
2082 896 2493 948 commentarius
2542 897 2599 949 in
2639 897 2880 966 psalmos
2922 892 3353 951 inscriberetur.
3403 892 3514 950 Sed
3546 907 3607 949 re

1897 997 1930 1038 a
1965 989 2158 1039 nostro
2193 982 2585 1055 Stephanotio,
2611 983 3078 1054 Congregationis
3117 989 3327 1039 nostrae
3356 981 3414 1037 in
3444 981 3605 1039 curia

1898 1067 2154 1126 Romana
2201 1077 2565 1143 procuratore
2612 1070 2892 1144 generali,
2933 1069 3256 1127 accuratius
3305 1068 3604 1141 inquisita,

1902 1158 1996 1216 hic
2024 1160 2418 1232 deprehendit,
2449 1168 2504 1218 et
2536 1162 2769 1219 titulum
2803 1161 2957 1219 hunc
2980 1174 3158 1217 manu
3186 1158 3396 1217 recenti
3424 1159 3604 1216 fuisse

1901 1248 2082 1306 codici
2126 1250 2459 1321 ascriptum,
2499 1258 2553 1308 et
2608 1252 2668 1309 in
2738 1251 2859 1324 ipso
2910 1251 3333 1309 Commentario
3391 1249 3604 1322 passim

1899 1348 2158 1398 auctores
2207 1341 2453 1410 laudari,
2505 1342 2604 1413 qui
2641 1349 2834 1400 nostro
2886 1341 3159 1415 Gregorio
3212 1348 3377 1398 aetate
3416 1347 3605 1413 poste-

1901 1431 2080 1488 riores
2114 1431 2371 1499 fuerunt,
2413 1433 2611 1507 quales
2642 1440 2775 1491 sunt
2805 1436 2995 1505 Aymo
3042 1439 3097 1489 et
3138 1432 3459 1503 Remigius.
3500 1431 3607 1488 De-

1899 1520 2077 1594 nique
2105 1518 2336 1592 vulgata
2363 1522 2715 1593 psalmorum
2746 1521 3010 1579 versione
3042 1521 3227 1579 utitur
3256 1522 3432 1593 hujus
3457 1534 3600 1577 com-

1897 1608 2163 1666 mentarii
2194 1617 2410 1681 auctor,
2436 1627 2609 1685 quam
2644 1611 2953 1686 Gregorius
2980 1613 3041 1668 in
3064 1610 3367 1669 laudandis
3390 1609 3602 1684 passim

1896 1698 2135 1772 psalmis
2180 1700 2453 1758 adhibere
2510 1717 2626 1759 non
2684 1702 2845 1759 solet.
2908 1701 3094 1759 Immo
3151 1702 3215 1760 in
3266 1699 3605 1773 Gregoriani

99 1783 306 1857 scripta
336 1800 455 1842 non
484 1793 667 1844 erant.
707 1788 868 1847 Unde
918 1792 1133 1849 mirum
1182 1808 1297 1850 non
1327 1800 1431 1864 est,
1468 1793 1516 1851 si
1553 1789 2327 1873 quando-BGommentarii,
2380 1806 2553 1865 quem
2594 1792 2762 1852 modo
2814 1792 3212 1862 laudabamus,
3266 1791 3603 1865 praefatione

98 1888 203 1943 que
228 1873 472 1932 omissis
519 1874 934 1936 celebrioribus
965 1886 1295 1939 sanctorum
1348 1883 1542 1954 gestis,
1573 1882 1815 1941 obscura

96 1963 369 2037 quaedam
400 1965 548 2023 facta
581 1978 1010 2028 commemorat.
1044 1970 1195 2031 Hinc
1234 1973 1404 2031 etiam
1435 1979 1605 2047 patet,
1641 1988 1814 2049 quam

98 2054 330 2113 incaute
362 2055 604 2113 fecerint
636 2060 927 2132 nonnulli,
969 2062 1069 2134 qui
1122 2078 1210 2120 res
1239 2062 1459 2137 aliquot
1487 2070 1815 2123 sanctorum

96 2154 281 2219 gestas
329 2147 395 2206 in
442 2148 689 2207 dubium
737 2159 1078 2211 revocarunt
1129 2154 1201 2211 ob
1248 2155 1307 2212 id
1354 2155 1563 2227 solum,
1600 2158 1754 2230 quod
1784 2173 1817 2215 a

99 2236 383 2309 Gregorio
429 2254 547 2297 non
598 2250 991 2301 memorentur
1031 2263 1043 2302 :
1094 2260 1247 2315 cum,
1298 2253 1361 2304 ut
1390 2248 1513 2319 ipse
1556 2254 1813 2319 testatur,

96 2337 252 2387 extra
287 2331 424 2402 ejus
472 2330 797 2391 institutum
846 2334 1047 2393 fuisset
1074 2336 1144 2393 de
1170 2336 1449 2408 ejusmodi
1496 2338 1668 2396 rebus
1698 2339 1815 2395 dis-

98 2436 301 2479 serere.
361 2422 526 2491 Quod
576 2439 711 2482 vero
756 2426 867 2482 tale
922 2427 1094 2485 fuerit
1136 2428 1262 2502 ejus
1306 2428 1639 2499 consilium,
1690 2430 1813 2502 ipso

98 2521 377 2571 monente
405 2515 687 2574 discimus
716 2534 788 2575 ex
816 2520 1094 2593 procemio
1128 2521 1253 2592 ejus
1283 2521 1535 2592 generali
1576 2522 1645 2579 ad
1674 2523 1813 2579 istos

99 2603 271 2659 libros
321 2625 335 2658 :
390 2605 625 2675 Aliqua,
670 2607 877 2679 inquit,
920 2609 985 2663 de
1016 2616 1324 2665 sanctorum
1362 2614 1663 2677 miraculis,
1697 2628 1817 2681 qua:

102 2695 360 2747 hactenus
400 2699 697 2762 latuerunt,
729 2700 967 2770 pandere
1004 2702 1338 2771 desiderem,
1370 2708 1474 2759 etc.
1502 2701 1610 2760 Sed
1631 2704 1815 2775 magis

101 2779 304 2839 diserte
338 2783 401 2840 in
445 2782 595 2841 libro
653 2786 722 2843 de
773 2786 964 2845 Gloria
1009 2789 1433 2859 Confessorum,
1464 2806 1640 2862 quem
1685 2806 1810 2848 om-

101 2870 261 2928 nium
298 2873 587 2931 ultimum
620 2877 966 2947 recognovit,
990 2876 1172 2949 capite
1202 2878 1271 2935 45
1303 2897 1315 2934 :
1350 2881 1472 2935 licet
1501 2881 1623 2949 jam
1667 2882 1814 2937 dime-

101 2962 263 3015 rimus
292 2964 358 3015 in
388 2964 611 3032 prologo
640 2965 769 3018 libri
807 2966 971 3035 hujus
1008 2972 1070 3021 ut
1107 2985 1167 3022 ea
1199 2974 1409 3023 tantum
1438 2970 1807 3044 scriberemus,

102 3067 213 3119 quae
242 3056 394 3106 Deus
438 3060 565 3123 post
610 3055 907 3113 obitum...
943 3062 1161 3129 operari
1190 3060 1449 3127 dignatus
1488 3067 1603 3115 est:
1633 3068 1811 3119 tamen

101 3157 196 3195 non
224 3148 363 3212 puto
388 3144 689 3198 absurdum
718 3146 862 3210 duci,
898 3151 947 3201 si
973 3149 1039 3203 de
1066 3151 1283 3203 illorum
1316 3154 1430 3205 rita
1462 3168 1809 3207 memoremus

101 3228 307 3297 aliqua,
340 3228 408 3281 de
438 3230 637 3298 quibus
664 3233 816 3285 nulla
845 3237 1187 3301 cognovimus
1199 3251 1309 3289 esse
1327 3240 1650 3307 conscripta.
1682 3237 1806 3295 Non

102 3314 291 3387 itaque
352 3317 579 3389 scripsit
621 3319 690 3375 de
756 3328 1084 3380 sanctorum
1140 3324 1331 3395 gestis,
1385 3340 1519 3397 qum
1571 3326 1808 3385 aliunde

102 3411 226 3461 nota
266 3412 456 3476 erant,
497 3413 596 3464 aut
640 3424 889 3481 quorum
922 3410 1067 3468 Vitae
1119 3412 1498 3473 habebantur.
1540 3415 1647 3474 Sed
1684 3416 1805 3490 jam

102 3493 328 3552 tandem
388 3495 461 3553 ad
530 3498 839 3557 secundam
892 3501 1245 3573 priefationis
1315 3508 1529 3561 nostra:
1583 3514 1803 3579 partem

100 3586 538 3644 transeundum.

162 3676 239 3735 II.
295 3709 368 3720 —
401 3677 495 3736 72.
545 3677 717 3737 Nulla
745 3679 925 3738 ferme
951 3685 1034 3738 est
1064 3681 1122 3739 in
1152 3684 1514 3743 contexendo
1541 3684 1802 3759 Gregorii

100 3780 336 3839 operum
375 3769 631 3841 catalogo
679 3769 1007 3841 difﬁcultas,
1039 3787 1172 3830 cum
1201 3788 1266 3830 ea
1300 3790 1415 3832 non
1448 3776 1634 3833 solum
1672 3791 1801 3849 pas-

100 3857 199 3913 sim
230 3858 293 3915 in
325 3858 451 3916 suis
489 3859 652 3916 libris
681 3861 1050 3930 recensuerit,
1079 3862 1175 3919 sed
1207 3869 1261 3919 et
1286 3863 1624 3937 singillatim
1664 3880 1803 3922 enu-

99 3949 407 4007 meraverit
454 3950 513 4007 in
566 3950 681 4008 fine
728 3951 861 4009 libri
899 3952 1107 4011 decimi
1152 3954 1422 4013 Historia:
1470 3957 1797 4015 Francicze:

94 4042 300 4103 Decem,
360 4038 573 4112 inquit,
635 4043 801 4097 libros
856 4046 1245 4109 Historiarum,
1300 4053 1502 4118 septem
1555 4050 1799 4103 Miracu-

97 4132 288 4197 lorum,
321 4148 490 4187 unum
519 4133 585 4187 de
616 4136 763 4190 Vitis
788 4137 1016 4191 Patrum
1049 4141 1267 4208 scripsi.
1300 4142 1361 4195 In
1392 4141 1655 4195 Psalterii
1683 4144 1800 4194 tra-

95 4226 297 4274 ctatum
337 4220 538 4275 librum
588 4239 756 4277 unum
804 4230 1190 4281 commentatus
1231 4243 1350 4282 sum
1382 4248 1398 4295 ;
1432 4229 1499 4283 de
1553 4229 1801 4284 cursibus

96 4313 255 4363 etiam
304 4311 704 4366 Ecclesiasticis
744 4328 911 4368 unum
951 4316 1149 4371 librum
1189 4318 1427 4373 condidi.
1468 4315 1619 4386 Quid
1669 4332 1800 4375 vero

96 4396 378 4456 librorum
405 4407 623 4472 septem
662 4402 1077 4462 miraculorum
1104 4408 1340 4465 nomine
1376 4407 1676 4482 intelligat,
1709 4408 1798 4482 ip-

1900 1881 2049 1939 tituli
2088 1882 2444 1956 psalmorum
2475 1884 2806 1941 referuntur
2835 1898 3035 1941 omnes
3056 1884 3228 1955 juxta
3252 1882 3404 1940 LXX
3429 1881 3610 1939 inter-

1898 1979 2123 2047 pretum
2153 1974 2497 2032 versionem.
2531 1974 2752 2032 Fucum
2805 1974 2934 2031 fecit
2983 1974 3037 2030 ei
3068 1973 3170 2045 qui
3210 1972 3469 2045 Gregorii
3498 1986 3602 2031 no-

1896 2078 2029 2119 men
2061 2062 2241 2121 codici
2294 2062 2383 2119 illi
2430 2063 2698 2135 przeiixit,
2728 2061 3081 2136 praefationis
3130 2060 3499 2133 Gregorianm
3537 2062 3602 2121 in

1897 2151 2255 2225 psalmorum
2305 2151 2503 2210 titulos
2560 2152 2971 2227 fragmentum,
3014 2152 3168 2224 quod
3197 2152 3600 2211 commentarii

1895 2246 2091 2299 auctor
2129 2240 2306 2297 simul
2346 2255 2478 2298 cum
2518 2241 2649 2298 aliis
2690 2242 2922 2299 Patrum
2960 2240 3400 2313 praefationibus
3438 2241 3599 2315 operi

1896 2348 2001 2391 suo
2061 2333 2359 2405 praemisit.
2393 2333 2553 2402 Quod
2582 2334 2813 2407 quidem
2862 2334 3249 2407 fragmentum
3306 2351 3340 2393 a
3390 2336 3485 2407 pio
3541 2339 3598 2393 et

1894 2421 2121 2479 erudito
2156 2421 2282 2479 viro
2312 2421 2622 2479 Thomasio
2648 2438 2723 2479 ex
2750 2423 2873 2495 ipso
2888 2423 3079 2482 codice
3106 2422 3456 2495 descriptum
3478 2426 3604 2495 post

1896 2508 2075 2566 libros
2094 2508 2164 2565 de
2183 2516 2512 2566 sanctorum
2528 2509 2821 2567 Miraculis
2835 2511 3212 2583 proferemus,
3226 2525 3359 2569 cum
3374 2508 3601 2570 duobus

1894 2600 2295 2659 commentarii
2321 2600 2705 2670 fragmentisa
2732 2600 3067 2659 Mabillonio
3094 2602 3281 2660 editis.

1967 2690 2054 2746 73.
2091 2690 2305 2747 Laudat
2340 2698 2616 2761 praeterea
2675 2690 2989 2763 Gregorius
3039 2691 3185 2750 libro
3225 2705 3266 2750 II
3305 2691 3595 2764 Historias,

1893 2780 2077 2851 capite
2120 2779 2208 2849 2'2,
2250 2778 2603 2852 Apollinaris
2635 2779 2857 2839 Sidonii
2892 2779 3111 2840 librum
3141 2782 3212 2839 de
3256 2781 3466 2851 Missis,
3505 2782 3600 2840 cui

1894 2868 2015 2942 ipse
2052 2868 2454 2941 praefationem
2502 2885 2562 2927 se
2612 2868 2949 2941 adjunxisse
2981 2870 3062 2928 ait
3097 2888 3110 2939 ;
3152 2870 3250 2928 sed
3279 2870 3427 2927 illud
3458 2884 3601 2943 opus

1894 2959 2015 3019 solo
2055 2961 2293 3019 nomine
2335 2967 2502 3020 tenus
2554 2961 2721 3021 nobis
2765 2970 2968 3022 notum
3010 2969 3113 3021 est.
3149 2962 3318 3023 Tanti
3364 2978 3479 3021 non
3514 2967 3599 3020 est

1894 3049 2171 3107 momenti
2228 3051 2423 3110 Passio
2486 3060 2817 3111 sanctorum
2893 3056 3109 3128 Septem
3169 3051 3596 3111 Dormientium

1894 3140 2137 3199 fratrum
2186 3142 2397 3215 Ephesi
2440 3144 2886 3218 quiescentium,
2912 3160 3089 3218 quam
3136 3161 3197 3201 se
3232 3146 3295 3202 in
3343 3142 3594 3201 latinum

1895 3233 2254 3291 transtulisse
2295 3234 2427 3307 Syri
2465 3234 2767 3305 cujusdam
2798 3234 3125 3307 interpretis
3157 3250 3263 3305 ope
3290 3234 3499 3291 fatetur
3532 3232 3595 3289 in

1890 3323 2071 3395 capite
2099 3323 2167 3381 95
2193 3323 2327 3381 libri
2352 3324 2421 3380 de
2451 3323 2643 3382 Gloria
2671 3322 2785 3380 Con
2798 3324 3098 3392 fessorum,
3134 3324 3234 3381 ubi
3263 3323 3388 3396 ejus
3412 3321 3593 3395 epito-

1887 3428 2021 3470 men
2060 3413 2250 3471 refert.
2282 3413 2371 3469 An
2410 3427 2545 3469 vero
2581 3427 2829 3485 usquam
2867 3417 3052 3468 exstet
3078 3412 3204 3469 haec
3239 3410 3364 3484 ipsa
3402 3408 3593 3467 versio

1884 3516 1917 3558 a
1945 3499 2219 3573 Gregorio
2246 3499 2537 3567 adornata,
2571 3500 2852 3557 incertum
2877 3507 2979 3558 est.
3010 3500 3174 3558 Hanc
3216 3499 3373 3559 enim
3413 3514 3589 3573 quam

1888 3588 2099 3647 Surius
2134 3588 2326 3659 habet,
2362 3588 2773 3659 Gregorianam
2826 3602 2944 3645 non
2990 3604 3113 3646 esse
3143 3589 3234 3647 vel
3266 3604 3339 3646 ex
3380 3602 3447 3646 eo
3474 3587 3593 3647 solo

1883 3677 2248 3751 eonjicimus,
2280 3678 2432 3751 quod
2465 3678 2545 3735 ibi
2578 3677 3001 3736 Dormientium
3045 3676 3279 3736 nomina
3319 3674 3593 3750 pleraque

1884 3767 1999 3825 alia
2025 3767 2142 3824 sint
2163 3768 2235 3824 ab
2264 3766 2355 3835 iis,
2386 3783 2520 3841 quae
2546 3767 2667 3839 ipse
2698 3766 3009 3839 Gregorius
3038 3766 3098 3824 in
3122 3766 3269 3824 libro
3299 3766 3371 3823 de
3397 3764 3594 3824 Gloria

1885 3857 2291 3916 Confessorum
2341 3861 2614 3913 recenset.
2666 3855 2877 3912 Eadem
2908 3870 3045 3913 vero
3083 3855 3206 3927 ipsa
3232 3854 3471 3913 nomina
3498 3869 3590 3911 re-

1884 3952 2194 4022 praesentat
2238 3946 2575 4005 eorumdem
2625 3944 3048 4004 Dormientium
3100 3943 3358 4011 historia,
3414 3957 3591 4016 quam

1884 4038 1945 4096 in
1972 4038 2278 4097 nonnullis
2315 4036 2611 4094 codicibus
2637 4034 3045 4110 manuscriptis
3074 4034 3409 4093 invenimus
3436 4051 3452 4103 ;
3493 4031 3592 4090 sed

1884 4143 2019 4187 cum
2048 4127 2231 4185 multa
2272 4126 2469 4185 dubiae
2497 4125 2632 4183 fidei
2661 4124 2968 4194 contineat,
3003 4139 3107 4181 nec
3152 4129 3373 4180 constet
3399 4137 3473 4179 an
3503 4121 3594 4194 ip-

1884 4218 2007 4277 sius
2036 4217 2295 4289 Gregorii
2323 4218 2475 4274 fetus
2507 4215 2621 4272 dici
2652 4216 2846 4287 possit,
2883 4229 3001 4271 non
3026 4213 3220 4269 visum
3257 4218 3341 4268 est
3364 4211 3417 4267 ei
3442 4211 3596 4269 inter

1882 4310 2047 4369 illius
2100 4324 2270 4382 Opera
2318 4308 2511 4365 locum
2564 4305 2720 4363 dare.
2775 4304 2857 4361 De
2903 4303 3153 4360 aliorum
3190 4308 3407 4379 septem
3438 4301 3585 4361 Dor-

1881 4400 2189 4460 mientium
2257 4397 2496 4456 historia
2554 4396 2818 4455 dicemus
2872 4393 3138 4451 inferius.
3201 4392 3586 4452 Occurrerunt

98 4493 270 4543 semet
300 4488 364 4545 in
390 4487 625 4561 prologo
663 4490 796 4549 libri
844 4492 915 4550 de
953 4493 1146 4553 Gloria
1185 4495 1589 4555 Confessorum
1620 4513 1799 4571 eXpo-
1822 4491 2053 4576 Detiam
2118 4488 2286 4547 nobis
2334 4487 2556 4546 codices
2617 4484 3040 4557 manuscriptos
3096 4483 3588 4557 perscrutantibus

97 4577 175 4633 nit
206 4597 219 4635 :
270 4584 337 4635 In
388 4583 570 4652 primo
601 4584 781 4639 libello
814 4587 1137 4642 inseruimus
1167 4590 1359 4659 aliqua
1411 4590 1476 4643 de
1516 4592 1799 4645 miraculis
1883 4580 2039 4639 varia
2071 4578 2346 4654 opuscula
2366 4578 2476 4636 sub
2500 4577 2755 4650 Gregorii
2778 4576 3031 4646 nomine,
3063 4590 3196 4649 qua}
3220 4592 3412 4639 sermo,
3442 4578 3579 4639 υἱΐα,

93 4670 307 4722 Domini
387 4686 452 4725 ac
517 4678 825 4728 sanctorum
891 4678 1276 4747 apostolorum,
1362 4681 1801 4750 reliquorumque

96 4764 415 4828 martyrum,
462 4777 581 4829 quae
627 4764 883 4819 hactenus
938 4768 1234 4831 latuerunt,
1294 4774 1399 4826 etc.
1453 4774 1516 4826 In
1567 4771 1799 4826 secundo

90 4855 372 4919 posuimus
400 4853 467 4907 de
496 4857 791 4911 virtutibus
820 4862 998 4914 sancti
1016 4863 1231 4917 Iuliani
1250 4866 1530 4932 martyris.
1556 4864 1802 4930 Quatuor

98 4955 208 4993 tero
267 4940 480 4996 libellos
536 4944 601 4998 de
640 4948 940 5003 virtutibus
992 4954 1170 5005 sancti
1214 4954 1468 5016 Martini,
1511 4955 1802 5023 septimum

96 5028 153 5082 de
184 5033 547 5099 quorumdam
572 5037 986 5105 Religiosorum,
1032 5053 1154 5111 seu,
1206 5048 1269 5098 ut
1302 5040 1559 5117 plerique
1590 5058 1801 5100 manu-

95 5118 288 5192 scripti
336 5121 560 5180 codices
615 5125 846 5195 habent,
882 5132 1264 5186 Feliciosorum
1337 5134 1451 5187 vita
1479 5153 1496 5201 ;
1553 5139 1799 5189 octauum

97 5208 229 5263 hunc
260 5210 552 5268 scribimus
576 5214 643 5271 de
666 5218 954 5273 Miraculis
986 5220 1377 5287 Confessorum.
1413 5220 1491 5278 De
1521 5221 1611 5280 his
1634 5222 1798 5279 libris

97 5299 247 5358 nulla
275 5300 609 5362 dillicultas.
643 5305 827 5375 Quem
857 5308 1014 5367 enim
1044 5312 1295 5370 secundo
1327 5312 1447 5371 loco
1487 5313 1664 5371 vitam
1700 5318 1797 5371 Re-

95 5392 405 5479 ligiosorum
468 5411 568 5455 seu
620 5402 1002 5458 Feliciosorum
1059 5404 1324 5476 appellat,
1354 5405 1405 5462 is
1456 5411 1539 5463 est
1592 5406 1694 5479 qui
1733 5406 1795 5464 in

93 5477 354 5539 Historiae
388 5482 506 5539 line
535 5484 747 5546 dicitur
780 5488 924 5548 liber
940 5491 1009 5548 de
1043 5490 1187 5549 Vitis
1205 5491 1457 5551 Patrum.
1491 5492 1564 5551 Hi
1597 5477 1797 5552 omnes

91 5577 314 5627 exstant
352 5578 560 5639 praeter
588 5573 804 5634 librum
841 5576 911 5636 de
941 5578 1208 5638 cursibus
1246 5579 1662 5652 ecclesiasticis,
1696 5583 1795 5656 qui

92 5657 321 5717 omnino
353 5658 610 5735 interiit;
644 5669 699 5722 et
729 5668 1213 5728 commentarium
1240 5669 1302 5728 in
1332 5662 1603 5745 psalmos,
1626 5674 1797 5747 cujus

1882 4677 2167 4737 transitus,
2199 4678 2298 4730 aut
2321 4672 2589 4727 miracula
2608 4667 3025 4738 inscribuntur,
3051 4665 3121 4725 de
3149 4664 3448 4724 nonnullis
3468 4666 3583 4723 sci-

1882 4764 2015 4823 licet
2054 4763 2286 4833 sanctis,
2324 4762 2427 4835 qui
2465 4761 2615 4833 apud
2675 4759 3016 4831 Gregorium
3072 4756 3383 4815 laudantur
3424 4774 3436 4813 :
3483 4755 3580 4813 sed

1885 4870 2017 4913 cum
2054 4870 2120 4911 ea
2146 4853 2295 4911 nihil
2334 4851 2492 4911 aliud
2520 4851 2637 4909 sint
2674 4866 2847 4923 quam
2890 4848 3178 4922 ipsissima
3211 4846 3471 4921 Gregorii
3500 4862 3593 4904 ca-

1884 4944 2022 5018 pita,
2054 4944 2114 5002 in
2144 4944 2358 5017 quibus
2402 4943 2473 5001 de
2525 4940 2807 5013 ejusmodi
2832 4939 3045 4998 sanctis
3072 4938 3209 5012 agit,
3275 4954 3352 4996 ex
3400 4938 3585 5011 ipsius

1885 5036 2154 5109 operibus
2208 5042 2492 5110 excerpta,
2546 5034 2616 5091 de
2656 5032 2729 5091 iis
2772 5031 2963 5091 fusius
3032 5030 3330 5106 inquirere
3378 5045 3580 5103 super-

1880 5126 2067 5186 ﬂuum
2098 5129 2318 5187 fuisset.

1959 5222 2047 5279 74.
2079 5219 2366 5278 Caeterum
2405 5220 2613 5290 praeter
2646 5214 2823 5274 libros
2862 5229 2897 5271 a
2932 5211 3102 5274 nobis
3132 5228 3307 5289 supra
3348 5215 3590 5274 recensi-

1880 5322 1986 5387 tos,
2016 5312 2283 5388 plerique
2332 5308 2657 5384 complures
2710 5305 2934 5366 libellos
2980 5305 3304 5379 singulares
3352 5309 3422 5369 de
3470 5308 3587 5369 vita

1879 5404 2102 5477 aliquot
2148 5404 2473 5458 sanctorum
2518 5396 2667 5454 inter
2712 5394 2973 5467 Gregorii
3014 5410 3187 5469 Opera
3216 5402 3580 5468 enumerant,

1879 5508 2025 5568 quos
2084 5489 2144 5547 in
2202 5488 2377 5547 variis
2416 5486 2685 5545 Historiaa
2719 5484 3009 5544 Francicaa
3045 5494 3143 5544 aut
3173 5484 3580 5544 Miraculorum

1880 5582 2044 5642 libris
2068 5580 2191 5654 ipse
2213 5577 2522 5651 Gregorius
2544 5574 2761 5635 laudat.
2785 5574 2952 5633 Tales
2977 5580 3113 5633 sunt
3142 5576 3277 5629 liber
3303 5574 3369 5628 de
3401 5578 3582 5630 sancti

1877 5672 2057 5731 Illidii
2087 5673 2221 5735 vita,
2255 5682 2432 5742 quem
2464 5664 2660 5725 laudat
2707 5663 2900 5723 libror
2939 5662 3226 5733 Historiae,
3257 5661 3438 5738 capite
3462 5663 3533 5723 40
3568 5681 3585 5735 ;
