3972 6340
351 328 424 388 63

1894 309 2308 369 PR/EFATIO.

3776 294 3850 352 64

355 452 503 510 liber
530 450 596 507 de
631 450 747 504 vita
774 446 952 501 sancti
984 440 1288 509 Quintiani,
1314 434 1415 494 lib.
1445 446 1509 505 II,
1541 434 1722 506 capite
1772 432 1858 493 36.
1907 434 2266 504 AliisAstet,
2311 434 2525 492 frustra
2553 434 2625 491 de
2654 432 2780 505 ejus
2820 435 3052 489 auctore
3094 423 3433 499 inquiritur,
3476 420 3633 495 quod
3676 434 3858 477 nemo

358 540 421 599 in
462 541 603 599 locis
652 540 927 596 memorat
975 548 1010 589 a
1058 547 1120 588 se
1172 528 1524 600 conscriptos
1552 524 1753 594 libros,
1815 526 1885 583 de
1934 523 2063 582 Vita

362 638 571 690 sancta
624 621 1026 696 Monegundis,
1078 618 1150 675 de
1204 616 1334 673 Vita
1390 614 1570 673 sancti
1621 613 1847 682 Nicetii,
1880 613 2063 671 sancti

363 716 605 785 Friardi,
636 712 817 771 sancti
874 710 1165 782 Caluppa,
1196 703 1378 762 sancti
1435 702 1680 774 Senoch,
1716 703 1898 760 sancti
1957 702 2063 760 Pa-

364 805 547 874 trocli,
581 818 726 876 quos
774 800 1014 859 Vossius
1052 803 1107 855 et
1155 795 1256 853 alii
1311 792 1648 867 singillatim
1704 792 1767 848 in
1811 791 2065 864 catalogo

361 890 623 965 Gregorii
654 904 891 962 cperum
920 889 1235 953 recensent,
1260 880 1528 957 quamvis
1553 886 1775 937 certum
1809 879 1883 936 sit
1923 880 2067 937 alios

362 1000 476 1042 non
509 999 631 1041 esse
658 981 729 1038 ab
768 980 886 1037 illis
914 978 1049 1036 libri
1095 977 1243 1035 Vita
1292 974 1525 1031 Patrum
1574 971 1876 1045 capitibus,
1933 986 2066 1043 qua

362 1076 473 1134 sub
507 1074 751 1131 istorum
783 1075 1110 1128 sanctorum
1148 1066 1283 1124 vita
1311 1062 1498 1122 titulis
1528 1062 1677 1120 edita
1707 1066 1860 1118 sunt.
1894 1059 1963 1117 Et
1996 1059 2066 1115 de

364 1165 458 1223 his
505 1162 688 1229 nulla,
738 1160 891 1235 quod
946 1158 1178 1232 quidem
1228 1156 1424 1219 sciam,
1472 1158 1656 1210 exstat
1702 1152 1853 1208 inter
1912 1149 2066 1206 viros

368 1254 623 1312 eruditos
662 1248 1067 1309 controversia.
1102 1248 1309 1305 Utrum
1355 1259 1491 1302 vero
1535 1241 1714 1300 libelli
1749 1240 1843 1298 isti
1883 1239 2068 1313 reipsa

365 1359 399 1400 a
447 1343 594 1399 Vitis
642 1342 876 1399 Patrum
909 1334 1241 1395 secernendi
1275 1333 1409 1401 sint,
1453 1338 1518 1389 ut
1562 1331 1927 1405 Margarinus
1973 1328 2071 1386 Bi-

368 1431 563 1506 gnius,
586 1426 954 1487 Golonienses
984 1424 1250 1483 Doctores
1284 1427 1341 1479 et
1367 1421 1469 1479 alii
1488 1419 1547 1476 in
1578 1420 1699 1477 suis
1718 1415 2073 1475 editionihus

370 1505 576 1589 fecere,
610 1532 817 1592 parum
850 1515 1104 1572 interest.
1140 1511 1311 1579 Sane,
1343 1518 1406 1568 ut
1436 1510 1670 1584 quidem
1697 1506 1902 1574 sentio,
1930 1505 2072 1563 Gre-

373 1608 571 1682 gorius
604 1606 859 1679 primum
886 1603 1108 1675 aliquot
1132 1607 1459 1659 sanctorum
1491 1596 1691 1655 saculi
1712 1611 1815 1653 seu
1841 1594 2075 1652 Patrum

374 1696 524 1754 vitas
585 1696 644 1752 in
698 1710 886 1752 unum
945 1692 1163 1750 librum
1217 1690 1445 1748 videtur
1498 1685 1794 1759 collegisse
1828 1730 1841 1753 ,
1901 1697 2075 1755 quem

2146 530 2408 582 veterum
2490 521 2785 592 laudavit,
2856 536 2961 578 nec
3041 516 3202 577 ullus
3268 512 3655 572 recentiorum
3710 510 3864 569 vidit

2146 629 2425 688 unquam.
2472 613 2551 671 De
2590 612 2922 685 Antiphona
2952 624 3086 667 vero
3110 609 3172 665 in
3210 606 3493 663 honorem
3523 600 3706 660 sancti
3733 600 3862 658 Me-

2147 704 2331 774 dardi,
2380 719 2557 777 quam
2599 702 2706 760 sub
2742 700 3003 773 Gregorii
3043 696 3227 756 nostri
3257 694 3494 752 nomine
3535 692 3716 750 edidit
3746 690 3862 749 Su-

2150 792 2290 861 rius,
2321 792 2424 849 vix
2471 792 2789 865 quidquam
2831 789 2969 848 certi
3009 788 3124 845 dici
3152 792 3353 859 potest,
3388 799 3523 842 cum
3554 781 3705 839 nihil
3751 781 3863 838 ha-

2148 881 2298 953 beat,
2344 882 2501 940 unde
2538 882 2664 953 ejus
2693 888 2894 939 auctor
2934 880 3122 935 valeat
3158 873 3437 949 dignosci.
3474 872 3632 930 Nihil
3658 878 3863 929 autem

2148 972 2377 1029 veritati
2406 970 2706 1029 dissonum
2735 968 3152 1042 complectitur,
3184 968 3231 1026 si
3262 966 3319 1024 id
3352 965 3505 1038 quod
3532 964 3603 1021 de
3630 970 3863 1021 sancto-

2148 1076 2280 1119 rum
2318 1060 2571 1118 Medardi
2629 1066 2685 1118 et
2729 1058 2986 1118 Gildardi
3035 1058 3196 1116 obitu
3245 1057 3435 1123 refert,
3488 1054 3687 1111 eadem
3739 1051 3862 1121 die,

2150 1164 2268 1206 non
2312 1165 2446 1207 vero
2497 1149 2699 1208 eodem
2737 1164 2891 1206 anno
2936 1148 3160 1206 dicatur
3206 1145 3534 1219 contigisse.
3575 1143 3719 1200 Eam
3751 1155 3867 1200 suo

2151 1239 2273 1297 loco
2298 1240 2671 1312 proferemus.

2227 1328 2316 1387 76.
2357 1328 2513 1387 Inter
2541 1330 2655 1387 alia
2693 1329 3007 1388 innumera
3053 1329 3309 1395 Patrum,
3359 1324 3725 1396 aliorumque
3760 1336 3867 1378 ve-

2159 1425 2345 1476 terum
2388 1420 2734 1493 scriptorum
2775 1420 3072 1495 opuscula,
3123 1432 3257 1490 qua
3301 1414 3362 1472 in
3412 1411 3665 1484 catalogo
3712 1410 3872 1469 codi-

2159 1526 2291 1567 cum
2326 1512 2854 1585 manuscriptorum
2882 1510 3106 1583 Anglia
3138 1505 3470 1574 laudantur,
3502 1500 3770 1571 occurrit,
3802 1505 3874 1558 ut

2160 1607 2353 1658 monet
2402 1601 2708 1672 Freherus,
2753 1605 2994 1660 Libellus
3038 1602 3104 1656 de
3143 1601 3400 1671 passione
3442 1598 3678 1663 Domini,
3720 1592 3869 1651 Gre-

2158 1691 2320 1763 gorio
2345 1690 2676 1749 Turonensi
2695 1692 2971 1749 tributus.
2998 1688 3109 1748 Sed
3136 1689 3294 1745 hunc
3314 1684 3529 1742 librum
3552 1699 3584 1740 a
3612 1680 3875 1755 vulgatis

372 1784 667 1858 inscripsit
696 1784 766 1841 de
798 1784 927 1841 Vita
956 1782 1337 1858 quorumdam
1374 1782 1754 1837 Felicioso-rum
1798 1780 1899 1832 aut
1927 1775 2342 1862 Beli-Baestis
2385 1781 2558 1833 Pitati
2600 1776 3080 1850 distinguendum
3119 1788 3236 1832 non
3289 1787 3413 1829 esse
3468 1773 3661 1827 censet
3708 1768 3875 1825 idem

378 1878 687 1945 giosorum;
734 1878 927 1946 postea
977 1889 1112 1930 vero
1158 1886 1291 1929 cum
1319 1877 1373 1928 et
1400 1869 1649 1926 aliorum
1677 1881 1908 1940 quoque
1948 1879 2081 1921 san-

376 1970 599 2022 ctorum
625 1968 780 2036 gesta
809 1960 1193 2034 comperisset,
1227 1960 1298 2017 de
1328 1959 1401 2016 iis
1440 1956 1663 2014 libellos
1687 1955 1925 2013 seorsim
1957 1950 2076 2009 edi-

378 2054 481 2123 dit,
513 2068 657 2127 quos
697 2059 893 2127 postea
922 2052 1013 2109 vel
1038 2052 1179 2125 ipse,
1232 2049 1326 2109 vel
1368 2048 1471 2107 alii
1501 2046 1723 2105 cateris
1761 2044 2085 2119 adjunxere

378 2144 485 2201 sub
530 2144 702 2201 unico
750 2142 899 2200 Vita
935 2142 1167 2200 Patrum
1220 2138 1406 2197 titulo.
1460 2137 1620 2195 Certe
1674 2136 1737 2193 in
1792 2132 2087 2192 codicibus

382 2236 611 2309 scriptis
641 2250 787 2308 quos
817 2233 1011 2292 videre
1040 2231 1224 2300 licuit,
1257 2244 1458 2288 omnes
1484 2227 1724 2286 omnino
1754 2224 1873 2281 illa
1910 2222 2079 2291 Vita,

377 2325 437 2383 id
477 2330 561 2381 est
597 2322 802 2395 viginti
842 2322 1046 2395 capita,
1076 2320 1251 2378 simul
1295 2319 1403 2377 sub
1450 2333 1567 2376 uno
1602 2322 1658 2375 et
1701 2316 1897 2373 eodem
1943 2315 2086 2370 Vitae

382 2420 607 2475 Patrum
660 2412 824 2471 titulo
867 2411 1177 2479 habentur;
1233 2424 1407 2483 quem
1463 2406 1699 2465 titulum
1737 2409 1955 2461 certum
2004 2406 2088 2457 est

382 2520 489 2563 suo
539 2504 708 2574 libro,
754 2501 896 2559 alias
941 2504 1319 2556 Feliciosorum
1386 2500 1526 2554 Vita
1572 2493 1871 2567 appellato,
1934 2506 2088 2563 pra-

380 2591 603 2652 ﬁxisse.
636 2589 816 2663 Major
855 2597 1002 2647 esset
1049 2587 1200 2647 circa
1227 2589 1404 2643 sancti
1430 2587 1648 2644 Nicolai
1678 2585 1883 2645 Vitam,
1913 2593 2090 2651 quam

384 2677 815 2739 Sammarthani
839 2678 900 2735 in
926 2676 1109 2736 Gallia
1135 2676 1460 2732 Christiana
1487 2672 1740 2741 laudant,
1760 2667 2088 2737 diﬂicultas,

385 2772 501 2830 nisi
527 2778 675 2830 esset
702 2770 1071 2828 librariorum
1100 2768 1445 2825 manifestus
1471 2779 1648 2832 error,
1678 2768 1778 2820 aut
1808 2768 1958 2818 certe
1984 2774 2090 2816 au-

386 2866 611 2919 ctorum
660 2859 920 2932 ipsorum
962 2856 1259 2914 memoria
1310 2855 1525 2927 lapsus,
1578 2850 1681 2923 qui
1734 2851 1952 2908 Nicolai
1994 2860 2095 2920 pro

388 2949 596 3008 Nicetii
614 2963 824 3006 nomen
856 2948 1226 3005 invexerunt.
1260 2943 1490 3001 Etenim
1515 2936 1963 3007 Sammarthani,
1992 2935 2098 3011 qui

391 3038 499 3096 soli
529 3038 678 3095 inter
704 3036 965 3109 Gregorii
993 3051 1167 3107 opera
1208 3035 1390 3092 sancti
1436 3032 1656 3091 Nicolai
1694 3030 1869 3089 vitam
1901 3041 2093 3086 recen-

393 3134 540 3198 sent,
580 3127 767 3186 Vossii
804 3128 994 3186 locum
1036 3143 1109 3185 ex
1158 3126 1307 3184 libro
1328 3126 1398 3183 de
1434 3122 1738 3183 Historicis
1766 3120 1963 3178 latinis
1991 3135 2096 3177 ex-

390 3217 761 3291 scripserunt.
794 3220 868 3275 At
900 3218 1138 3276 Vossius
1166 3218 1345 3281 vitam
1379 3216 1559 3274 sancti
1592 3210 1813 3271 Nicolai
1846 3225 1959 3267 non
1990 3210 2096 3267 ha-

392 3308 504 3377 bet,
538 3308 635 3367 sed
668 3308 872 3366 Nicetii
900 3324 1077 3382 quam
1109 3306 1539 3368 Sammarthani
1586 3305 1883 3363 omittunt.

461 3399 548 3456 75.
583 3399 826 3456 Librum
876 3400 1050 3457 etiam
1098 3399 1169 3456 de
1220 3397 1586 3456 Mirabilibus
1621 3393 1801 3452 sancti
1844 3391 2097 3450 Medardi

395 3485 741 3557 inscriptum
785 3487 936 3543 inter
985 3485 1244 3557 Gregorii
1306 3484 1485 3541 nostri
1534 3496 1706 3555 opera
1759 3492 2099 3536 reccnsuere

394 3574 630 3633 Barrius
659 3582 857 3633 auctor
878 3575 1149 3632 Historia
1177 3574 1521 3632 Christiana
1550 3578 1815 3628 veterum
1838 3568 2095 3637 Patrum,

393 3662 655 3735 Bignius,
688 3664 1055 3721 Colonienses
1099 3670 1155 3720 et
1207 3662 1327 3732 alii,
1382 3676 1526 3735 quos
1574 3664 1807 3717 secutus
1849 3663 1934 3714 est
1988 3656 2098 3714 Ge-

398 3755 606 3813 rardus
629 3754 881 3811 Joannes
910 3754 1151 3811 Vossius
1181 3753 1328 3810 libro
1359 3765 1399 3810 II
1450 3752 1519 3810 de
1543 3749 1845 3809 Historicis
1885 3746 2097 3817 latinis,

397 3848 453 3900 et
478 3841 579 3898 alii
610 3840 897 3906 nonnulli,
927 3841 1000 3898 oh
1026 3841 1201 3909 hunc,
1220 3840 1305 3897 uti
1322 3838 1547 3897 Cointio
1567 3839 1816 3907 videtur,
1840 3832 2100 3906 Gregorii

398 3930 592 3988 locum
639 3946 714 3988 ex
771 3930 917 3988 libro
966 3932 1036 3989 de
1080 3929 1276 3989 Gloria
1323 3929 1753 3996 Gonfessorum,
1781 3925 1963 4000 capite
2009 3922 2100 3993 95,

399 4018 501 4077 ubi
539 4019 610 4076 de
642 4026 835 4077 sancto
865 4019 1133 4078 Medardo
1163 4019 1242 4077 ait
1282 4042 1295 4077 :
1324 4022 1451 4074 Post
1480 4020 1743 4089 scriptum
1772 4017 1838 4071 de
1865 4017 2100 4072 Mirabi-

402 4110 545 4165 libus
595 4110 713 4180 ejus
760 4112 960 4166 librum
1019 4114 1216 4167 mulier
1267 4111 1535 4180 quaedam,
1588 4113 1734 4176 etc.;
1796 4121 1971 4180 quem
2029 4104 2101 4162 1i-

399 4200 571 4258 brum
636 4201 709 4259 ob
761 4201 820 4258 id
873 4202 1162 4276 pracipue
1209 4200 1482 4273 Gregorio
1530 4199 1882 4265 tribuerunt,
1952 4194 2105 4269 quod

400 4290 552 4348 alius
576 4290 749 4348 fuerit
780 4290 853 4349 ab
880 4292 1141 4365 ejusdem
1167 4290 1349 4349 sancti
1378 4289 1530 4359 Vita,
1549 4302 1726 4360 quam
1756 4286 2106 4344 Fortunatus

402 4381 648 4454 scripsit.
684 4382 824 4438 Hac
861 4383 1017 4439 enim
1054 4382 1185 4439 Vita
1230 4380 1465 4439 nonnisi
1514 4387 1637 4452 post
1684 4377 1946 4451 Gregorii
1980 4376 2106 4434 obi-

2166 1865 2472 1932 Freherus,
2515 1870 2569 1923 et
2606 1864 2707 1922 alii
2747 1864 2859 1922 viri
2892 1862 3123 1921 eruditi.
3155 1858 3377 1930 Quibus
3415 1857 3581 1915 facile
3611 1853 3875 1914 subscri-

2165 1955 2380 2027 bimus,
2415 1955 2557 2013 dum
2585 1954 2800 2028 aliquis
2829 1953 2922 2011 vel
2950 1969 3025 2010 ex
3052 1952 3176 2025 ipso
3205 1948 3397 2007 codice
3424 1945 3747 2018 Anglicano
3773 1941 3878 2001 vel

2167 2059 2242 2101 ex
2272 2043 2468 2117 aliquo
2494 2042 2609 2101 alio
2640 2041 2820 2100 simili
2870 2057 2976 2099 nos
3004 2037 3227 2111 aliquid
3274 2034 3484 2093 certius
3516 2034 3765 2091 edoceat.
3797 2030 3878 2088 Et

2168 2133 2404 2207 quidem
2449 2149 2651 2191 ansam
2699 2133 2788 2190 illi
2835 2130 3118 2204 scriptori,
3168 2124 3433 2202 quisquis
3469 2123 3665 2194 fuerit,
3712 2123 3881 2179 hunc

2166 2221 2384 2280 librum
2418 2221 2693 2294 Gregorio
2724 2219 3015 2279 tribuendi
3045 2216 3302 2293 prabere
3331 2219 3642 2287 potuerunt
3670 2211 3772 2268 illa
3796 2210 3880 2268 li-

2166 2309 2257 2368 bri
2289 2322 2309 2366 I
2336 2308 2607 2366 Historia
2640 2309 3016 2379 Francorum,
3056 2303 3259 2378 capitis
3289 2301 3378 2370 23,
3412 2300 3584 2358 verba
3611 2322 3623 2355 :
3656 2301 3883 2354 Pilatus

2170 2407 2349 2456 autem
2378 2401 2539 2456 Gesta
2566 2401 2642 2454 ad
2671 2401 2946 2455 Tiberium
2980 2400 3239 2455 Casarem
3272 2395 3463 2456 mittit,
3497 2397 3547 2446 et
3588 2392 3638 2443 ei
3667 2394 3780 2444 tam
3811 2389 3886 2442 de

2172 2490 2470 2545 virtutibus
2501 2492 2722 2552 Christi,
2760 2505 2922 2559 quam
2966 2489 3033 2542 de
3072 2487 3329 2557 passione
3366 2484 3450 2537 uel
3487 2481 3888 2535 resurrectione

2172 2582 2290 2651 ejus
2344 2582 2613 2639 insinuat.
2647 2582 2775 2648 Quae
2823 2584 2975 2649 gesta
3025 2578 3175 2649 apud
3219 2593 3315 2631 nos
3368 2575 3523 2629 hodie
3572 2576 3888 2626 retinentur

2172 2675 2399 2743 scripta.
2436 2669 2545 2728 Sed
2571 2678 2729 2743 gesta
2757 2669 2858 2727 illa
2887 2668 3038 2743 apud
3077 2684 3136 2725 se
3163 2664 3397 2740 quidem
3436 2660 3635 2719 haberi
3670 2661 3891 2716 fatetur

2174 2758 2505 2832 Gregorius,
2543 2775 2656 2816 non
2687 2764 2878 2817 autem
2907 2772 2940 2812 a
2989 2771 3049 2812 se
3097 2755 3220 2827 ipso
3264 2752 3471 2824 scripta
3507 2747 3664 2805 dicit.
3712 2745 3891 2803 Unde

2180 2850 2441 2909 nondum
2472 2851 2625 2908 inter
2657 2849 2820 2908 illius
2851 2863 3023 2922 opera
3066 2845 3261 2906 locum
3291 2843 3563 2910 habuere,
3609 2852 3714 2896 nec
3745 2851 3892 2895 vero

2179 2940 2392 2998 habere
2423 2939 2650 2997 debent.

2252 3024 2341 3081 77.
2375 3022 2617 3080 Librum
2656 3021 2726 3078 de
2770 3017 3067 3079 Miraculis
3096 3014 3278 3074 sancti
3307 3013 3558 3071 Andrea
3600 3008 3710 3068 sub
3739 3006 3893 3065 Gre-

2180 3115 2325 3189 gorii
2354 3114 2715 3172 Turonensis
2740 3113 2975 3171 nomine
3005 3107 3343 3167 invenimus
3370 3106 3431 3161 in
3453 3105 3645 3163 codice
3670 3100 3896 3158 biblio-

2184 3188 2361 3261 theca
2389 3211 2598 3260 nostra
2623 3200 2800 3259 sancti
2832 3197 3103 3259 Germani
3128 3212 3163 3254 a
3188 3193 3386 3261 Pratis,
3420 3192 3491 3250 ab
3527 3191 3697 3249 annis
3723 3188 3898 3246 circi-

2183 3297 2266 3350 ter
2296 3294 2583 3350 sexcentis
2608 3291 2817 3363 scripto
2847 3313 2858 3345 :
2900 3287 3000 3361 qui
3031 3286 3182 3343 liber
3207 3284 3264 3340 in
3299 3281 3429 3340 aliis
3463 3295 3692 3354 quoque
3722 3276 3899 3333 codi-

2182 3383 2349 3439 cibus
2383 3382 2646 3448 habetur,
2677 3379 2770 3436 sed
2803 3379 3019 3448 absque
3048 3372 3311 3447 Gregorii
3337 3369 3687 3444 prafatioue.
3721 3366 3900 3423 Hanc

2183 3477 2372 3527 autem
2405 3469 2821 3541 prafationem,
2852 3467 2999 3522 sicut
3031 3468 3084 3521 et
3106 3462 3339 3520 brevem
3360 3457 3546 3532 operis
3570 3454 3896 3528 epilogum,

2182 3557 2441 3630 Gregorii
2459 3558 2636 3612 fetum
2656 3571 2777 3611 esse
2792 3553 2927 3625 styli
2950 3557 3004 3609 et
3030 3548 3319 3607 scribendi
3345 3546 3486 3603 ratio
3508 3543 3609 3601 vix
3622 3541 3902 3600 dubitare

2182 3646 2386 3703 sinunt
2411 3669 2422 3701 :
2450 3644 2553 3701 etsi
2584 3643 2757 3716 hujus
2786 3642 2918 3700 libri
2944 3638 3165 3698 nullam
3190 3639 3250 3696 in
3273 3651 3512 3711 operum
3536 3647 3782 3692 suorum
3805 3646 3905 3687 ca-

2184 3734 2369 3809 talogo
2396 3733 2592 3791 fecerit
2620 3731 2996 3789 mentionem.
3030 3728 3229 3802 Neque
3256 3727 3313 3784 id
3348 3724 3564 3783 mirum
3587 3719 3772 3778 videri
3804 3720 3909 3777 de-

2182 3825 2297 3891 bet,
2320 3823 2367 3882 si
2388 3823 2622 3897 quidem
2642 3838 2745 3879 nec
2764 3821 2981 3879 librum
3005 3819 3085 3876 ibi
3101 3816 3391 3875 recensuit
3408 3814 3711 3872 Missarum
3726 3810 3911 3883 Apol-

2186 3915 2391 3975 linaris
2430 3914 2675 3984 Sidonii,
2715 3911 2829 3970 cui
2853 3911 2997 3970 alias
3036 3926 3096 3967 se
3128 3907 3526 3982 prafationem
3559 3900 3910 3973 adjuuxisse

2186 4011 2496 4075 memorat;
2528 4020 2634 4061 nec
2661 4003 2986 4077 passionem
3016 4006 3231 4073 septem
3254 3991 3673 4054 Dormientium
3702 3989 3911 4061 Ephe-

2188 4100 2471 4166 sinorum,
2502 4109 2678 4167 quam
2710 4109 2740 4149 e
2782 4092 2982 4151 Graco
3009 4091 3071 4147 in
3100 4086 3372 4145 Latinum
3399 4098 3433 4140 a
3478 4098 3537 4139 se
3566 4080 3911 4138 translatam

2188 4190 2368 4249 fuisse
2398 4187 2638 4261 ipsemet
2663 4184 2802 4243 alibi
2835 4187 3093 4240 testatur.
3120 4176 3296 4235 Porro
3314 4172 3713 4261 prafatiouem
3738 4170 3912 4228 illam

2189 4286 2245 4338 et
2272 4259 2563 4352 epilogum
2588 4276 2645 4332 in
2675 4270 2951 4332 Miracula
2981 4267 3162 4326 sancti
3199 4266 3445 4323 Andrea
3470 4259 3740 4319 dabimus
3766 4274 3912 4317 cum

2190 4347 2574 4442 capitulorum
2601 4363 2791 4421 indice
2815 4366 2869 4417 et
2893 4358 3114 4430 aliquot
3138 4353 3424 4426 capitibus
3450 4365 3582 4422 qua
3607 4347 3757 4404 edita
3782 4362 3911 4405 non

409 4438 535 4528 tum
563 4469 714 4527 edita
742 4477 843 4527 est.
878 4470 1206 4543 Ibiquippe
1231 4438 1469 4527 lectores
1494 4438 1850 4525 Fortunatuvs
1879 4438 2345 4539 iuvitat,Dsunt,
2388 4471 2503 4512 non
2535 4459 2730 4511 autem
2763 4450 2979 4507 librum
3012 4447 3225 4519 ipsum,
3257 4440 3539 4543 qui‘alius
3576 4454 3692 4496 non
3716 4444 3812 4543 est.
3832 4438 3913 4495 ab

408 4565 473 4618 ut
502 4574 605 4631 pro
633 4528 1034 4628 Theodeberti',
1062 4528 1271 4631 inquit,
1301 4560 1447 4627 regis
1476 4559 1671 4623 nostri,
1715 4528 2169 4611 incolumitate"
2192 4547 2514 4621 apocrypha
2542 4543 2721 4631 hujus
2748 4538 2931 4598 sancti
2953 4537 3105 4608 Vita,
3131 4550 3265 4610 qua
3287 4531 3462 4606 vulgo
3482 4530 3689 4590 Abdia
3712 4528 3912 4603 Baby-

407 4667 602 4726 preces
653 4651 996 4721 effundant;
1034 4650 1136 4725 qui
1164 4649 1613 4717 Theodebertus,
1641 4662 1756 4705 non
1809 4644 1921 4702 nisi
1968 4642 2109 4702 Gre-

406 4742 568 4817 gorio
593 4742 713 4815 jam
744 4740 1034 4811 defuncto,
1066 4740 1211 4815 patri
1246 4755 1352 4798 suo
1402 4737 1767 4797 Childeherto
1796 4735 1849 4793 ΙΙ
1880 4749 2110 4793 succes-

412 4830 505 4889 sit.
538 4829 757 4889 Verum
783 4829 887 4888 etsi
924 4830 1142 4888 librum
1170 4828 1240 4887 de
1266 4835 1459 4887 sancto
1482 4826 1751 4885 Medardo
1770 4842 1803 4883 a
1835 4822 2110 4898 Gregorio

414 4920 709 4979 laudatum
742 4920 1037 4979 Fortunati
1065 4920 1246 4978 fetum
1288 4935 1399 4977 non
1442 4934 1567 4976 esse
1599 4917 1927 4982 fateremur,
1960 4912 2112 4971 haud

412 5017 603 5069 tamen
633 5009 768 5068 inde
794 5011 1259 5069 concludendum
1290 5016 1437 5068 esset
1456 5025 1609 5067 .eum
1638 5023 1670 5064 a
1698 5003 1971 5077 Gregorio
1993 5002 2112 5061 edi-

418 5112 540 5163 tum
573 5104 768 5163 fuisse.
804 5104 931 5162 Non
976 5102 1131 5161 enim
1162 5103 1220 5161 id
1256 5102 1500 5177 probant
1531 5098 1791 5172 Gregorii
1825 5096 2000 5154 verba
2026 5110 2118 5153 su-

416 5194 614 5268 perius
655 5191 851 5263 relata,
893 5208 1023 5252 cum
1078 5192 1160 5250 ibi
1188 5190 1402 5250 librum
1438 5189 1672 5265 quidem
1704 5185 1918 5255 laudet,
1961 5183 2058 5242 sed
2085 5200 2117 5240 a

417 5301 477 5343 se
516 5283 796 5357 scriptum
841 5298 957 5341 non
1009 5283 1202 5340 dicat:
1237 5281 1390 5355 quod
1438 5286 1626 5337 tamen
1688 5276 1898 5351 passim
1936 5274 2119 5332 facere

418 5376 582 5448 solet,
624 5391 756 5434 cum
787 5374 1066 5448 opuscula
1095 5388 1200 5431 sua
1237 5376 1665 5430 commemorat.
1700 5368 1873 5426 Hunc
1904 5364 2118 5424 librum

416 5468 489 5526 ab
535 5468 656 5541 ipsa
699 5466 945 5525 muliere
980 5462 1362 5536 compositum
1399 5460 1598 5525 fuisse,
1627 5473 1759 5532 qua
1802 5456 1884 5514 ibi
1928 5460 2122 5513 sanata

2194 4636 2381 4696 lonico
2420 4631 2596 4691 tribui
2635 4627 2795 4688 solet.

2265 4724 2353 4781 78.
2391 4721 2565 4781 Haud
2616 4719 2780 4794 plura
2818 4714 3006 4774 dicam
3055 4712 3125 4771 de
3158 4711 3425 4786 passione
3455 4708 3637 4768 sancti
3682 4704 3915 4794 Juliani

2195 4828 2371 4889 quam
2395 4810 2459 4869 in
2482 4791 2786 4867 nonnullis
2813 4802 3108 4860 codicibus
3125 4798 3351 4872 scriptis
3373 4795 3709 4855 invenimus
3735 4791 3913 4863 libro,

2197 4881 2299 4980 qui
2350 4902 2421 4959 de
2467 4899 2725 4974 ejusdem
2767 4895 2948 4953 sancti
2992 4890 3288 4951 Miraculis
3325 4904 3355 4945 a
3406 4890 3600 4943 nostro
3630 4881 3916 4955 Gregorio

2197 4971 2446 5067 scriptus
2494 4971 2595 5059 est,
2636 4989 2934 5056 insertam,
2987 4983 3060 5041 ah
3092 4984 3216 5056 ipso
3263 4977 3553 5051 Gregorio,
3587 4990 3658 5031 an
3689 4972 3762 5030 ab
3797 4971 3918 5029 alio

2199 5063 2424 5160 quovis,
2458 5082 2718 5141 divinare
2749 5094 2863 5136 non
2884 5077 3033 5135 licet.
3060 5073 3251 5130 Erunt
3274 5070 3528 5132 fortasse,
3559 5064 3661 5137 qui
3692 5063 3915 5135 ipsam-

2202 5154 2318 5235 met
2347 5173 2679 5233 Passionem
2705 5165 2965 5240 Gregorﬁ
3012 5164 3192 5221 fetum
3221 5173 3343 5216 esse
3377 5160 3600 5230 putent.
3632 5154 3707 5210 At
3737 5166 3917 5208 nemo

2202 5263 2312 5322 sibi
2339 5260 2504 5321 facile
2539 5256 2887 5333 persuaserit
2911 5254 3061 5312 hanc
3089 5248 3340 5323 primum
3390 5262 3424 5303 a
3467 5241 3739 5315 Gregorio
3768 5240 3914 5297 scri-

2202 5362 2382 5430 ptam,
2417 5359 2471 5411 et
2512 5330 2584 5410 ab
2630 5349 2732 5408 illo
2770 5348 2894 5420 ipso
2943 5339 3356 5402 miraculorum
3403 5330 3717 5394 narrationi
3766 5346 3915 5404 pra-

2203 5425 2461 5513 inissam,
2491 5457 2524 5498 a
2554 5436 2796 5515 posteris
2828 5449 2961 5493 vero
2991 5432 3300 5489 detractam
3333 5425 3513 5485 fuisse
3530 5440 3545 5493 ;
3576 5435 3709 5479 cum
3736 5433 3911 5476 econ-

425 5508 636 5619 dicitbr
674 5575 709 5617 a
754 5554 1028 5626 Gregorio
1060 5508 1321 5611 Cointius
1348 5508 1662 5609 contendit:
1702 5549 1778 5606 At
1802 5562 1936 5606 cum
1976 5543 2124 5604 illud
2206 5537 2381 5597 trario
2409 5533 2591 5594 multo
2619 5526 2993 5587 verisimilius
3036 5523 3109 5583 sit
3146 5536 3272 5580 eam
3302 5513 3719 5616 Miraculorum
3756 5508 3913 5626 libro

425 5666 589 5725 opus,
623 5649 671 5707 si
701 5665 733 5707 a
760 5645 1061 5706 Fortunati
1091 5642 1241 5702 libro
1270 5640 1682 5714 distinguatur,
1704 5650 1993 5710 nusquam
2026 5648 2121 5693 ex-

2207 5631 2537 5706 adjuuctam
2565 5625 2758 5694 fuisse,
2791 5627 2855 5681 ut
2892 5617 3069 5679 simul
3098 5621 3413 5687 utrumque
3449 5606 3510 5664 in
3542 5600 3725 5662 sancti
3751 5598 3909 5658 Mar-
