3972 6340
376 332 447 391 67
1915 316 2329 379 PRIEFATIO.
3815 316 3887 375 68

384 456 598 514 fitetur.
628 452 790 511 Adde
819 468 936 510 non
974 466 1153 525 pauca
1185 450 1248 508 in
1282 451 1390 507 hac
1424 447 1553 508 Vita
1584 462 1900 516 occurrere,
1949 446 2369 518 qumAscopus
2394 437 2683 512 aliquisin
2711 434 3035 494 Brivatensi
3058 432 3183 494 vico
3208 432 3479 525 sedisset;
3507 436 3625 496 alio
3658 437 3725 496 in
3754 439 3884 500 loco

383 541 643 615 Gregorii
673 545 773 597 aut
803 524 1100 598 Fortunati
1135 538 1289 596 mtati
1321 545 1375 595 et
1403 538 1595 611 genio,
1628 542 1694 593 ut
1728 535 1854 593 fuse
1879 532 2081 606 probat
2160 532 2229 590 de
2275 530 2534 605 episcopo
2564 526 2908 595 Turonensi,
2948 525 3049 599 qui
3085 530 3225 583 tunc
3275 524 3595 598 Gregorius
3626 535 3774 600 erat,
3814 547 3881 589 eo

375 631 698 700 Launoius,
733 637 1052 703 competere
1090 645 1204 687 non
1248 633 1507 703 possunt.
1542 627 1632 684 Ab
1663 633 1903 697 utraque
1940 623 2076 680 item

378 720 848 791 distinguendam
888 735 1011 785 esse
1042 717 1299 791 ejusdem
1331 716 1510 775 sancti
1541 714 1797 772 Maurilii
1824 712 2017 769 Vitam
2043 728 2076 768 a

371 806 731 880 Magnobodo
760 807 1022 881 episcopo
1050 806 1455 879 Andegavensi
1479 812 1746 877 scriptam
1775 819 1845 859 ex
1876 800 2075 859 eodem

372 897 651 957 Hadmeri
691 897 839 954 libro
868 896 1163 953 discimus.
1190 896 1258 953 Et
1289 894 1525 968 quidem
1551 895 1675 951 hmo
1699 892 1928 950 diversa
1952 906 2075 947 om-

370 990 514 1048 nino
561 994 747 1046 exstat
793 1004 825 1044 a
870 986 1096 1045 duobus
1125 987 1412 1060 prioribus
1467 986 1528 1042 in
1577 984 1769 1042 codice
1801 980 2077 1040 Vindoci-

371 1080 540 1139 nensi
569 1081 691 1153 jam
723 1078 975 1148 laudato,
1015 1078 1116 1136 ubi
1151 1085 1205 1134 et
1234 1078 1341 1134 ista
1396 1076 1503 1135 sub
1531 1076 1640 1133 hoc
1688 1074 1854 1132 titulo
1898 1072 2075 1130 habe-

370 1176 466 1228 tur
504 1188 515 1227 :
549 1172 612 1225 In
645 1170 849 1225 Christi
879 1170 1092 1222 nomine
1127 1184 1220 1236 ego
1259 1167 1633 1235 Magnobodus
1668 1166 1969 1235 episcopus,
2013 1179 2075 1217 ac

370 1261 422 1314 si
442 1264 711 1329 peccator,
741 1259 993 1314 Ecclesim
1020 1256 1351 1323 Andegavee,
1386 1254 1677 1309 secundum
1706 1254 1893 1308 titulos
1929 1254 2077 1306 Justi

361 1349 669 1420 presbyteri
705 1350 889 1404 Vitam
921 1348 1099 1401 sancti
1123 1346 1473 1400 Maurilionis
1512 1344 1751 1413 episcopi
1778 1346 1827 1395 et
1866 1341 2075 1405 confes-

368 1441 529 1504 soris,
563 1442 623 1491 ut
650 1439 930 1491 rusticitas
975 1453 1093 1490 mea
1142 1436 1274 1502 fuit,
1324 1434 1648 1503 simpliciter
1687 1432 1978 1501 planeque,
2014 1433 2075 1483 ut

364 1528 544 1596 potui,
590 1527 884 1596 explicavi,
934 1528 991 1578 in
1040 1540 1179 1577 anno
1222 1522 1287 1579 10
1325 1522 1687 1575 ordinationis
1733 1537 1880 1589 mem,
1921 1526 1971 1574 et
2017 1522 2073 1574 in

370 1631 512 1669 anno
567 1613 635 1670 36
678 1616 955 1685 principis
1008 1614 1181 1667 nostri
1223 1611 1407 1665 damni
1453 1611 1720 1666 Chlotarii
1772 1611 1936 1677 regis,
1966 1609 2074 1677 ﬁlii

2160 624 2328 681 modo
2372 620 2588 690 scribit,
2645 635 2759 692 quo
2807 633 2923 675 non
2980 616 3299 689 scripsisset
3356 616 3480 690 ipse
3531 618 3875 693 Gregorius.

2158 713 2417 786 Denique
2452 712 2577 768 hmc
2606 710 2743 780 vita,
2797 709 2883 767 uti
2909 724 2978 765 ex
3012 708 3135 779 ejus
3167 706 3400 781 prologo
3434 716 3601 781 patet,
3658 714 3879 786 scripta

2157 811 2261 874 est,
2292 812 2355 863 ut
2384 802 2444 859 in
2476 801 2617 859 festo
2669 799 2849 857 sancti
2893 797 3089 856 Aredii
3137 797 3536 856 anniversario
3577 799 3879 872 legeretur

2158 892 2219 950 in
2249 896 2539 949 conventu
2574 888 2856 946 fidelium.
2879 886 3021 956 Qum
3042 885 3260 955 omnia,
3290 894 3346 943 et
3368 886 3481 943 alia
3501 902 3634 960 qum
3667 889 3870 962 legen-

2160 982 2313 1041 tibus
2332 987 2669 1051 occurrunt,
2695 980 2949 1037 innuunt
2977 977 3161 1035 alium
3189 994 3219 1033 a
3250 976 3522 1049 Gregorio
3548 979 3729 1037 fuisse
3760 982 3871 1040 hu-

2152 1075 2249 1147 jus
2280 1072 2415 1130 vitm
2447 1079 2759 1129 auctorem.
2815 1069 2986 1127 Hunc
3027 1078 3219 1126 tamen
3271 1068 3442 1142 paulo
3481 1079 3605 1142 post
3664 1072 3871 1129 Aredii

2157 1161 2382 1220 exitum
2416 1161 2728 1233 scripsisse,
2763 1166 2885 1216 tum
2921 1174 2994 1214 ex
3028 1156 3199 1215 rebus
3223 1156 3468 1214 narratis
3506 1157 3867 1231 colligimus,

2158 1258 2279 1312 tum
2302 1268 2374 1309 ex
2403 1252 2583 1323 capite
2606 1252 2830 1320 ultimo,
2856 1249 2955 1307 ubi
2987 1256 3223 1307 testatur
3252 1265 3317 1306 ea
3343 1265 3475 1322 qum
3502 1266 3535 1307 a
3560 1267 3621 1309 se
3653 1253 3869 1326 scripta

2158 1348 2295 1397 sunt
2327 1342 2474 1396 intra
2499 1357 2737 1412 paucum
2769 1345 2977 1411 tempus
3015 1338 3339 1410 contigisse.
3377 1337 3539 1395 Unde
3571 1340 3869 1398 concludit

2158 1430 2341 1488 multo
2376 1430 2769 1487 numerosiora
2802 1430 2920 1486 fore
2947 1444 3077 1502 qum
3118 1427 3177 1485 in
3222 1432 3512 1501 posterum
3539 1429 3871 1489 scribentur

2150 1539 2252 1593 per
2274 1524 2501 1593 prolixa
2526 1526 2711 1594 spatia
2746 1527 3063 1593 temporum,
3097 1536 3231 1593 qum
3256 1520 3699 1593 subsequentur,
3728 1539 3865 1583 cum

2156 1610 2479 1682 frequentia
2503 1611 2573 1668 ad
2606 1610 2786 1668 sancti
2815 1612 3055 1666 tumbam
3088 1611 3291 1667 tierent
3320 1609 3619 1670 miracula.
3648 1610 3742 1669 Ex
3772 1614 3869 1671 his

372 1706 667 1776 Chilperiei
688 1708 853 1773 regis.
883 1702 948 1760 1d
969 1708 1053 1759 est
1073 1716 1225 1758 anno
1246 1716 1380 1757 mrm
1402 1698 1734 1757 christianm
1756 1696 2071 1770 619,paulo
2154 1705 2351 1756 autem
2380 1699 2655 1756 omnibus
2699 1698 2965 1771 colligere
3000 1698 3149 1764 licet,
3179 1697 3359 1755 sancti
3406 1697 3698 1757 Benedicti
3747 1701 3867 1760 Re-

366 1803 493 1867 post
520 1793 781 1867 Gregorii
812 1793 992 1851 nostri
1022 1792 1264 1851 obitum.
1291 1790 1431 1848 Haec
1459 1795 1652 1849 autem
1682 1788 1854 1862 paulo
1881 1786 2130 1866 fusiusB
2151 1787 2348 1861 gulam
2371 1790 2494 1862 jam
2518 1795 2671 1860 tunc,
2700 1788 2757 1845 id
2797 1796 2881 1846 est
2912 1788 3125 1846 smculo
3152 1794 3314 1847 sexto
3341 1788 3585 1861 labente,
3616 1798 3719 1849 aut
3744 1791 3864 1851 ini-

368 1888 605 1939 tractare
634 1882 831 1939 visum
859 1888 959 1953 est,
985 1880 1139 1956 quod
1161 1880 1401 1954 epistola
1424 1881 1532 1939 sub
1555 1878 1813 1951 Gregorii
1835 1877 2070 1936 nomine
2152 1880 2229 1937 tio
2256 1881 2567 1953 sequentis,
2593 1881 2655 1937 in
2674 1879 3019 1937 monasterio
3035 1880 3313 1939 Atanensi
3348 1888 3627 1956 receptam
3655 1882 3861 1955 fuisse,

365 1970 599 2043 vulgata
629 1971 844 2044 passim
893 1972 1192 2044 prmmissa
1230 1977 1488 2029 occurrat
1516 1969 1663 2026 Vitm
1693 1968 1873 2026 sancti
1902 1965 2068 2025 Mau-
2151 1986 2325 2045 quam
2356 1972 2498 2029 adeo
2530 1970 2875 2029 familiarem
2906 1970 3107 2029 habuit
3153 1972 3249 2029 ille
3285 1978 3500 2032 auctor.

364 2060 505 2131 rilii,
545 2077 677 2135 qum
714 2061 925 2119 multas
956 2078 1046 2119 res
1073 2078 1107 2119 a
1141 2062 1378 2118 veritate
1404 2061 1624 2118 alienas
1650 2060 2067 2133 complectitur,
2222 2060 2311 2117 82.
2349 2059 2544 2119 Unum
2576 2066 2835 2135 superest
2870 2059 3313 2134 inquirendum,
3356 2078 3430 2119 an
3471 2062 3683 2121 scilicet
3713 2064 3860 2124 Gre-

366 2153 423 2206 et
450 2148 692 2207 celebris
716 2150 862 2206 facta
893 2156 975 2206 est
1022 2148 1095 2207 ob
1138 2147 1590 2206 controversiam
1622 2147 1693 2205 de
1722 2146 1904 2205 sancti
1956 2147 2070 2205 Re-
2155 2146 2353 2220 gorius
2404 2154 2593 2205 noster
2642 2147 2995 2206 Ghronicum
3050 2149 3286 2225 aliquod
3339 2151 3735 2225 conscripserit
3783 2156 3862 2213 ab

363 2238 485 2295 nati
517 2238 936 2295 resurrectione
972 2238 1063 2294 his
1102 2237 1455 2310 temporibus
1498 2242 1712 2295 natam.
1746 2234 1910 2304 Quod
1960 2235 2070 2317 mi-
2154 2237 2430 2308 Historia,
2461 2253 2635 2311 quam
2677 2255 2750 2295 ex
2794 2253 2860 2296 eo
2892 2239 3196 2310 habemus,
3232 2240 3543 2311 diversum,
3569 2250 3631 2299 ut
3661 2246 3863 2303 testari

368 2327 635 2384 raculum
686 2326 955 2384 nonnulli
1012 2325 1271 2399 Gregorii
1322 2327 1656 2384 auctoritate
1700 2324 2073 2396 comprobare
2157 2328 2425 2387 videntur
2469 2328 2738 2387 nonnulli
2786 2329 2994 2388 medim
3039 2330 3222 2388 mtatis
3264 2340 3535 2402 auctores,
3577 2333 3680 2407 qui
3730 2341 3863 2407 post

370 2414 560 2472 conati
595 2417 853 2487 fuerunt,
894 2415 1025 2473 licet
1054 2432 1087 2473 a
1118 2415 1433 2473 Fortunato
1461 2414 1740 2473 emissum
1778 2413 1969 2483 fuerit,
2010 2422 2073 2473 ut
2158 2418 2513 2493 Sigibertum
2558 2419 3029 2478 Gemblacensem
3064 2422 3407 2479 monachum
3432 2421 3595 2479 aiunt
3637 2422 3862 2495 Grego-

368 2507 541 2564 modo
568 2507 922 2577 dicebamus,
952 2516 1007 2564 et
1036 2522 1156 2565 non
1184 2506 1461 2564 referatur
1485 2523 1517 2563 a
1548 2505 1927 2578 Magnobodo.
1961 2504 2074 2562 Iste

368 2604 560 2655 tamen
620 2605 808 2654 narrat
865 2597 1170 2655 mulierem
1225 2597 1533 2673 quamdam
1600 2597 1854 2655 sterilem
1924 2595 2074 2653 beati

367 2686 756 2753 Maurilionis,
801 2688 883 2745 sic
926 2689 1085 2745 enim
1124 2705 1349 2761 semper
1388 2704 1523 2747 eum
1573 2689 1840 2762 appellat,
1890 2686 2072 2745 inter-

364 2787 543 2839 ventu
575 2780 895 2838 obtinuisse
916 2797 949 2838 a
982 2781 1096 2838 Deo
1134 2782 1342 2852 lilium,
1373 2780 1476 2853 qui
1524 2789 1827 2854 postquam
1878 2778 2072 2837 Eccle-

366 2871 469 2929 sim
498 2870 869 2941 Calonnensi,
891 2872 991 2930 ubi
1029 2871 1336 2930 Maurilius
1361 2873 1617 2946 degebat,
1640 2872 1742 2929 diu
1770 2870 2066 2944 presbyter

366 2960 677 3031 serviisset,
711 2961 940 3019 tandem
977 2960 1087 3035 ipsi
1119 2962 1180 3019 in
1218 2963 1547 3035 episcopatu
1575 2961 1931 3020 successerit.

435 3049 523 3107 81.
551 3048 742 3108 Vitam
771 3051 952 3110 sancti
972 3053 1172 3110 Aredii
1199 3053 1423 3111 abbatis
1450 3052 1760 3110 Atanensis
1789 3051 2066 3126 Gregorio

2156 2508 2311 2567 rium
2336 2525 2512 2582 parvo
2539 2508 2735 2567 libello
2761 2511 3013 2583 primum
3043 2510 3339 2567 historiam
3374 2512 3654 2581 breviasse,
3678 2528 3863 2585 quam
3903 2532 3918 2547 ’

2155 2600 2520 2673 postmodum
2548 2600 2815 2658 dilfusius
2842 2616 3051 2663 novem
3098 2601 3261 2657 libris
3298 2599 3607 2671 digesserit.
3649 2617 3863 2661 verum

2156 2691 2330 2746 etiam
2371 2689 2665 2762 scripsisse
2705 2689 3073 2761 clironicum,
3105 2697 3209 2746 etc.
3270 2688 3379 2745 Sed
3432 2687 3517 2743 illi
3571 2696 3859 2761 auctores,

2158 2784 2221 2837 ut
2245 2779 2513 2836 observat
2548 2778 2826 2849 Valesius,
2860 2779 3005 2837 libro
3058 2791 3143 2837 xv
3186 2793 3377 2837 rerum
3428 2776 3861 2851 Francicarum,

2151 2883 2335 2927 unum
2367 2876 2423 2927 et
2450 2869 2601 2927 idem
2633 2886 2777 2944 opus
2813 2868 2886 2927 ob
2918 2869 3070 2927 tituli
3099 2868 3428 2927 varietatem
3457 2870 3514 2925 in
3554 2868 3724 2927 variis
3752 2886 3860 2929 co-

2148 2960 2393 3029 dicibus,
2426 2959 2543 3016 duo
2564 2975 2688 3017 esse
2712 2960 2941 3017 diversa
2972 2960 3201 3017 incaute
3230 2964 3594 3015 censuerunt.
3640 2958 3861 3020 Eadem

2148 3048 2305 3106 enim
2327 3056 2412 3107 est
2448 3047 2699 3107 Historia
2739 3048 3020 3121 Gregorii,
3053 3064 3183 3123 qum
3219 3046 3279 3103 in
3322 3047 3607 3104 veteribus
3626 3048 3858 3124 aliquot

370 3135 697 3196 Turonensi
732 3139 1027 3211 tributam,
1058 3140 1231 3199 aliam
1257 3139 1329 3197 ab
1360 3157 1426 3197 ea
1459 3156 1590 3215 qum
1619 3138 1876 3197 smculot
1909 3141 2068 3197 Acto-
2096 3140 2515 3237 Cmembianis
2542 3141 2650 3199 sub
2684 3142 2807 3215 ejus
2837 3140 3071 3199 nomine
3102 3143 3347 3195 Historia
3376 3142 3749 3209 ecclesiastica,
3784 3140 3858 3199 in

368 3244 500 3287 rum
544 3235 872 3287 sanctorum
905 3228 1136 3288 Ordinis
1190 3229 1548 3287 Benedictini
1594 3228 1743 3286 edita
1774 3232 1883 3299 est,
1924 3226 2075 3285 eruit

366 3323 560 3375 noster
587 3317 837 3376 domnus
859 3318 1154 3377 Johannes
1179 3318 1555 3377 Mabillonius
1576 3334 1607 3375 e
1631 3324 1855 3376 vetusto
1880 3315 2074 3375 codice

365 3409 548 3466 sancti
574 3408 724 3467 Galli
751 3410 813 3466 in
850 3410 1132 3477 Helvetia,
1159 3426 1292 3484 qum
1321 3410 1559 3484 quidem
1611 3409 1887 3481 Gregorio
1919 3407 2076 3465 haud

365 3499 607 3573 indigna
645 3499 894 3570 videtur,
921 3517 1025 3559 nec
1062 3502 1319 3559 multum
1355 3501 1426 3559 ab
1481 3501 1610 3575 ejus
1638 3502 1810 3575 genio
1834 3501 2024 3558 aliena
2058 3519 2071 3557 ε

364 3588 479 3646 nisi
517 3589 671 3661 quod
706 3589 920 3663 aliqum
951 3591 1189 3664 phrases
1221 3590 1283 3648 in
1315 3607 1379 3649 ea
1408 3592 1620 3664 passim
1672 3596 1977 3650 occurrant
2002 3605 2077 3646 ex

371 3676 648 3751 Gregorio
676 3678 907 3753 Magno,
938 3678 1117 3738 immo
1148 3686 1203 3737 et
1228 3696 1301 3737 ex
1332 3679 1481 3737 beati
1512 3678 1803 3739 Benedicti
1832 3680 2075 3753 Regula,

372 3775 569 3827 contra
608 3768 869 3843 Gregorii
908 3787 1150 3843 morem,
1184 3779 1484 3829 mutuatm.
1517 3772 1737 3830 Deinde
1766 3771 2078 3845 Gregorius

367 3855 569 3913 Aredii
622 3857 903 3916 miracula
932 3866 986 3917 et
1020 3876 1113 3917 res
1160 3866 1345 3933 gestas
1376 3860 1590 3933 passim
1630 3859 1899 3930 celebrat,
1934 3874 2074 3916 nus-

367 3964 544 4023 quam
573 3956 764 4009 tamen
802 3949 965 4009 illius
990 3951 1139 4009 Vitm
1168 3969 1201 4009 a
1238 3968 1296 4010 se
1325 3952 1571 4026 scriptm,
1606 3953 1761 4026 quod
1792 3951 1934 4011 alias
1984 3968 2079 4010 so—

367 4038 467 4111 let,
511 4039 633 4113 ipse
681 4041 967 4100 meminit.
1030 4042 1308 4113 Quamvis
1360 4043 1665 4101 momentis
1714 4042 1839 4101 istis
1877 4042 2079 4116 reponi

369 4131 565 4205 possit,
599 4130 940 4205 Gregorium
979 4135 1127 4194 hanc
1161 4134 1351 4194 Vitam
1382 4145 1506 4210 post
1543 4153 1716 4196 suum
1770 4152 1842 4194 ex
1876 4135 2081 4195 itinere

368 4218 628 4279 Romano
651 4221 899 4281 reditum
930 4223 1255 4297 scripsisse;
1283 4225 1638 4299 proindeque
1666 4224 1815 4283 nihil
1832 4240 1955 4283 esse
1968 4225 2077 4283 mi-

366 4326 523 4383 rum,
560 4312 608 4369 si
634 4313 692 4369 in
724 4313 855 4371 aliis
882 4316 1153 4388 operibus
1197 4332 1330 4389 qum
1356 4324 1524 4374 antea
1552 4323 1911 4387 exaraverat,
1944 4317 2080 4376 nul-

2156 3229 2288 3287 aliis
2309 3247 2442 3288 vero
2469 3232 2788 3287 Chronicum
2820 3236 3205 3303 nuncupatur.
3224 3231 3382 3287 Certe
3412 3229 3663 3286 solebant
3690 3229 3858 3289 illius

2156 3319 2268 3377 mvi
2292 3329 2551 3378 auctores
2580 3322 2843 3378 Chronica
2886 3328 2985 3377 aut
3025 3321 3314 3376 Chronicas
3342 3318 3623 3391 appellare
3652 3316 3854 3377 Histo-

2158 3413 2292 3482 rias,
2322 3411 2496 3469 etiam
2528 3410 2794 3480 fusiores,
2832 3427 2963 3485 qum
3004 3410 3173 3483 juxta
3218 3424 3497 3466 annorum
3526 3408 3726 3464 seriem
3756 3408 3857 3467 de-

2159 3501 2386 3575 scriptae
2413 3509 2575 3560 erant
2601 3522 2612 3559 :
2647 3501 2800 3576 quod
2830 3500 3117 3559 sexcentis
3147 3499 3426 3572 exemplis
3449 3498 3605 3557 facile
3623 3498 3855 3571 probari

2158 3597 2368 3667 posset.
2420 3591 2784 3650 Breviarium
2823 3607 2978 3663 vero,
3010 3608 3112 3650 seu
3151 3590 3458 3649 Historiam
3500 3590 3854 3649 Francorum

2159 3682 2573 3754 abbreviatam,
2614 3682 2769 3757 quod
2800 3700 2833 3741 a
2862 3683 3136 3758 Gregorio
3172 3682 3390 3741 editum
3423 3679 3681 3739 nonnulli
3707 3680 3854 3738 scri-

2161 3774 2328 3845 bunt,
2374 3773 2535 3831 aliud
2581 3789 2700 3830 non
2758 3780 2841 3832 est
2893 3774 2965 3831 ab
3000 3773 3260 3848 Epitome
3316 3769 3652 3845 Fredegarii,
3694 3772 3852 3845 quod

2162 3862 2378 3921 mirum
2409 3879 2525 3921 non
2557 3868 2643 3921 est
2669 3861 2944 3935 Gregorio
2962 3862 3141 3922 fuisse
3162 3863 3459 3931 tributum,
3483 3876 3605 3919 cum
3633 3875 3701 3917 ex
3723 3861 3854 3935 ejus

2159 3952 2353 4011 verbis
2393 3951 2634 4011 omnino
2667 3958 2909 4025 constet,
2951 3954 3192 4027 ejusque
3249 3968 3479 4023 nomen,
3511 3956 3563 4008 et
3588 3950 3852 4009 eamdem

2159 4058 2225 4099 ac
2272 4042 2395 4116 ipsa
2433 4040 2687 4099 Historia
2735 4040 3157 4115 prmfationem,
3215 4048 3269 4100 et
3310 4041 3537 4116 quidem
3565 4038 3666 4097 sub
3692 4039 3851 4112 ejus-

2161 4133 2294 4191 dem
2334 4132 2595 4206 Gregorii
2627 4138 2882 4203 nomine,
2920 4134 3205 4207 prmfcrat.
3239 4132 3447 4189 Eadem
3475 4132 3586 4188 fere
3622 4129 3853 4188 fortuna

2164 4222 2274 4282 fuit
2322 4221 2477 4292 libri,
2525 4221 2626 4297 qui
2681 4211 3214 4280 Gesta‘Francorum
3249 4221 3594 4290 inscribitur,
3626 4217 3691 4276 ab
3716 4235 3852 4278 ano-

2161 4329 2340 4387 nymo
2368 4321 2598 4372 auclore
2626 4314 2869 4372 exarati.
2903 4314 3012 4371 Hic
3052 4314 3265 4388 quippe
3295 4314 3355 4370 in
3386 4310 3643 4370 omnibus
3666 4309 3851 4369 ferme

372 4397 488 4456 lam
531 4399 674 4457 Vitm
707 4401 889 4457 sancti
919 4403 1119 4459 Aredii
1153 4403 1345 4461 fecerit
1376 4404 1748 4475 mentionem,
1773 4406 2082 4478 loquendi-
2163 4402 2458 4460 codicibus
2484 4403 2743 4477 Gregorii
2766 4419 2977 4461 nomen
3006 4404 3254 4478 prmfert.
3278 4401 3429 4477 quod
3457 4415 3524 4457 ex
3552 4396 3851 4471 ipsissimis

374 4505 489 4565 que
515 4489 716 4546 modos
736 4488 997 4561 Gregorii
1023 4491 1218 4562 magni
1251 4507 1363 4549 non
1387 4492 1751 4551 adhibuerit:
1778 4496 1878 4567 qui
1900 4492 2291 4567 RomaDejus
2343 4492 2535 4551 verbis
2571 4501 2634 4551 ut
2683 4494 3004 4568 plurimum
3035 4497 3338 4552 contextus
3365 4490 3452 4547 sit.
3488 4489 3619 4562 Ejus
3659 4492 3849 4545 tamen

369 4590 658 4643 reversus,
701 4575 824 4642 ubi,
879 4576 1026 4634 sicut
1073 4576 1142 4633 de
1177 4575 1278 4634 illo
1315 4594 1511 4636 rerum
1558 4580 2079 4642 ecclesiasticarum

368 4664 766 4725 curiosissimo
811 4664 1145 4739 indagatore
1187 4668 1472 4742 conjicere
1526 4669 1679 4740 licet,
1720 4672 1981 4747 Gregorii
2015 4676 2081 4733 li-

368 4752 502 4811 bros
534 4751 769 4823 viderat,
806 4754 953 4812 sicut
980 4764 1035 4813 et
1084 4756 1235 4813 beati
1276 4756 1569 4816 Benedicti
1609 4760 1909 4833 Regulam,
1947 4779 2079 4837 qum

364 4842 485 4916 jam
520 4849 657 4901 tunc
699 4853 815 4901 erat
844 4844 1103 4914 celebris,
1133 4860 1334 4904 eorum
1376 4848 1652 4922 loquendi
1687 4866 1906 4910 morem
1937 4852 2076 4910 imi-

374 4932 480 4989 tari
512 4932 809 5004 potuisset.
844 4933 995 4992 Sunt
1018 4941 1209 4994 tamen
1238 4937 1353 4995 alia
1386 4938 1600 4997 indicia
1630 4957 1762 5014 qum
1793 4943 2077 5002 suadeant

371 5024 521 5082 hanc
554 5025 730 5083 vitam
768 5025 1041 5099 Gregorio
1078 5028 1443 5088 tribuendam
1483 5048 1599 5089 non
1634 5049 1777 5106 esse,
1816 5036 1912 5094 sed
1946 5052 2071 5095 mo-

374 5116 559 5174 nacho
589 5117 777 5189 potius
802 5118 975 5177 alicui
1001 5119 1300 5190 Atanensi,
1327 5121 1429 5193 qui
1461 5137 1585 5179 eam
1614 5125 1974 5198 potissimum
2000 5148 2075 5191 ex

374 5201 634 5275 Gregorii
673 5206 945 5277 operibus
980 5207 1306 5280 collegerit:
1342 5209 1495 5282 quod
1524 5227 1725 5271 ansam
1764 5217 2077 5289 prmbuerit

372 5292 612 5382 posteris
649 5306 776 5382 eam
815 5292 1087 5367 Gregorio
1121 5296 1464 5355 ascribendi.
1508 5298 1636 5373 Ipse
1669 5304 1824 5361 enim
1858 5305 2076 5382 Grego-

371 5379 493 5437 rius
520 5380 797 5439 Aredium
824 5384 1033 5455 passim
1059 5383 1271 5453 laudat,
1297 5386 1538 5461 ejusque
1566 5390 1699 5449 vitm
1722 5379 2075 5459 breviarium

372 5467 669 5546 descripsit
693 5474 804 5531 sub
832 5473 1008 5532 finem
1036 5474 1169 5533 libri
1208 5488 1252 5534 Χ
1280 5476 1574 5539 Historim.
1604 5480 1671 5539 Et
1695 5485 1933 5558 quidem
1961 5491 2073 5551 mi-

376 5559 570 5655 racula
592 5578 726 5655 qum
756 5563 889 5623 vitm
914 5564 1096 5655 sancti
1124 5566 1324 5627 Aredii
1363 5568 1822 5649 subiunguntur,
1853 5581 2073 5655 stylum

377 5646 637 5722 Gregorii
666 5667 781 5712 non
810 5654 1061 5729 sapiunt.
1110 5655 1196 5716 Ita
1238 5658 1497 5733 loquitur
1533 5670 1732 5723 auctor
1759 5646 1825 5725 ac
1852 5646 2074 5743 si'epi-

2162 4588 2451 4639 auctorem
2488 4580 2557 4638 ad
2593 4580 2931 4641 Theoderici
2960 4581 3219 4639 Calensis
3264 4580 3633 4655 principatum
3668 4576 3847 4647 perti-

2160 4671 2312 4743 gisse
2343 4670 2583 4729 omnino
2614 4681 2836 4731 certum
2863 4680 2948 4731 est
2979 4688 3052 4729 ex
3086 4688 3277 4729 rerum
3306 4669 3447 4727 serie
3477 4682 3611 4741 quas
3635 4672 3843 4724 narrat.

2161 4760 2349 4819 Immo
2371 4769 2425 4819 et
2455 4762 2510 4818 in
2531 4763 2723 4820 codice
2742 4763 2925 4821 sancti
2949 4760 3201 4827 Remigii
3228 4757 3578 4827 Rhemensis,
3605 4758 3839 4826 Anony-

2160 4849 2240 4906 mi
2306 4849 2643 4923 Dionysiani
2692 4851 2840 4909 liber
2888 4852 2959 4909 de
3019 4851 3206 4910 Gestis
3253 4846 3544 4921 Dagoberti
3592 4842 3841 4915 Gregorii

2158 4940 2427 5014 Operihus
2464 4943 2751 5001 acccnseri
2785 4943 3032 5002 videtur.
3076 4942 3165 5000 Ibi
3203 4941 3411 5016 quippe
3461 4938 3619 4997 Gesta
3662 4934 3836 4991 Fran-

2158 5048 2378 5101 corum,
2408 5031 2666 5107 Gregorii
2699 5034 2845 5092 libcr
2889 5050 3115 5109 primus
3146 5052 3159 5104 ;
3197 5034 3537 5106 Anonymus
3568 5040 3687 5083 vero
3714 5023 3841 5082 Dio-

2159 5126 2439 5199 nysianus
2470 5125 2809 5201 simpliciter
2838 5127 2987 5185 liber
3035 5125 3325 5184 secundus
3354 5119 3654 5196 appellatur
3681 5131 3693 5163 :
3726 5130 3840 5188 quo

2158 5217 2301 5276 forte
2352 5218 2589 5276 nomine
2645 5218 2979 5277 Ecchardus
3026 5233 3235 5289 comes,
3294 5216 3391 5292 qui
3454 5206 3843 5269 Patriciacense

2160 5308 2574 5366 monasterium
2602 5309 2876 5378 condidit,
2931 5311 3195 5368 Chronica
3243 5323 3403 5378 quam
3435 5300 3701 5369 Gregorius
3731 5297 3843 5350 Tu-

2160 5402 2405 5456 ronensis
2430 5402 2565 5469 fecit
2594 5402 2761 5459 libros
2804 5405 2939 5461 duos
2986 5402 3049 5460 in
3107 5405 3438 5458 testamento
3470 5408 3569 5452 suo
3601 5402 3842 5448 comme-

2160 5497 2363 5547 morat.

2230 5581 2319 5640 83.
2369 5580 2498 5642 Non
2554 5582 2695 5644 adeo
2756 5584 2923 5644 facile
2967 5590 3054 5644 est
3101 5584 3394 5661 assignare
3444 5583 3671 5650 tempus:
3726 5584 3840 5643 quo
3924 5656 3925 5659 η

2158 5671 2470 5748 Gregorius
2512 5676 2774 5751 singulos
2824 5679 3005 5741 libros
3047 5695 3083 5739 a
3132 5695 3194 5740 se
3223 5678 3403 5739 editos
3442 5662 3837 5740 conscripserit,
3924 5690 3925 5733 ξ
