3972 6340
94 340 156 398 69
1636 343 2051 405 PR/EFATIO.
3526 373 3597 433 70

91 469 180 521 aut
203 468 358 521 certe
386 477 682 537 exponere
720 464 823 535 qui
854 462 1074 538 priores
1125 472 1224 525 aut
1276 469 1616 541 posteriores
1642 469 1715 527 ab
1739 470 1962 528 eoAan
2010 473 2271 547 Gregorii
2325 476 2578 538 Historia
2618 488 2942 554 postremus
2993 488 3118 562 ejus
3176 491 3397 564 ingenii
3448 495 3597 555 fetus

90 553 217 610 editi
256 553 493 611 fuerint.
536 553 608 611 Et
634 553 894 626 quidem,
950 562 1014 613 ut
1066 557 1289 629 opinor,
1325 574 1437 617 non
1466 575 1649 617 unum
1681 566 1805 633 post
1887 564 2108 620 censeri
2153 565 2372 625 debeat.
2432 568 2541 639 Qui
2582 553 2708 631 eam
2761 583 2895 634 ante
2942 577 3355 643 Miraculorum
3396 585 3592 660 libros,

90 642 328 699 alterum
366 642 585 700 librum
642 641 974 701 absolutum
1026 644 1349 704 describere
1401 648 1657 719 curabat,
1702 648 1800 706 sed
1884 651 2084 709 saltem
2118 658 2453 729 recognitos,
2484 662 2753 737 scriptam
2784 667 2962 724 fuisse
2995 671 3219 741 volunt,
3254 674 3370 733 huc
3404 678 3592 748 profe-

89 730 430 804 quandoque
463 730 787 804 interrupta
823 734 1000 790 unius
1032 736 1297 806 opusculi
1351 737 1677 810 scriptione,
1711 737 1799 794 al-

91 826 266 877 terum
316 826 423 876 aut
464 819 787 891 inchoabat,
818 828 919 878 aut
963 823 1084 896 jam
1116 824 1449 883 inchoatum
1490 827 1795 885 continua-

87 907 215 975 bat;
248 906 436 963 immo
476 914 529 963 et
566 908 925 978 absolutum,
976 912 1059 968 uti
1120 913 1339 971 censeri
1398 920 1631 987 poterat,
1669 916 1799 973 data

88 997 530 1069 opportunitate,
589 996 757 1054 novis
828 998 1077 1069 augebat
1146 1001 1571 1060 additamentis.
1634 1003 1796 1061 Certe

88 1103 213 1145 cum
247 1102 495 1145 suorum
529 1087 812 1145 librorum
866 1088 1172 1162 plerosque
1216 1093 1388 1165 juxta
1426 1094 1635 1151 classes
1675 1110 1791 1152 non

93 1184 428 1249 temporum,
446 1176 543 1234 sed
563 1177 935 1235 materiarum
957 1180 1232 1238 distribui
1247 1183 1509 1251 voluerit,
1528 1200 1662 1241 cum
1683 1185 1795 1257 pri-

93 1278 241 1319 mum
273 1262 501 1335 aliquid
530 1270 629 1320 aut
656 1261 717 1319 in
754 1264 933 1321 veteri
975 1268 1251 1339 quopiam
1280 1267 1668 1327 instrumento
1698 1286 1789 1328 re-

90 1353 358 1425 periebat,
409 1360 510 1410 aut
557 1352 629 1409 ab
658 1352 789 1410 aliis
817 1353 1064 1412 relatum
1113 1356 1445 1430 accipiebat,
1499 1366 1600 1416 aut
1637 1366 1788 1419 certe

88 1446 316 1513 ipsemet
345 1440 471 1498 suis
494 1443 871 1513 perspiciebat
900 1444 1104 1510 oculis,
1132 1444 1279 1503 illud
1312 1447 1505 1504 statim
1537 1464 1642 1507 suo
1666 1449 1789 1507 loco

88 1545 190 1586 non
226 1530 529 1586 omittebat
579 1529 903 1589 describere
956 1533 1016 1590 in
1070 1534 1253 1602 libris,
1298 1552 1440 1608 quos
1488 1536 1558 1594 de
1612 1537 1789 1595 simili

85 1628 442 1691 argumento,
472 1628 573 1676 aut
613 1620 735 1692 jam
765 1621 1085 1695 scripserat,
1119 1634 1221 1685 aut
1245 1628 1497 1686 scribere
1529 1630 1782 1702 parabat.

86 1709 214 1767 Haec
268 1710 645 1782 potissimum
686 1713 756 1769 de
810 1713 972 1773 libris
1026 1716 1441 1778 Miraculorum
1475 1729 1628 1779 certa
1666 1738 1790 1780 esse

1882 748 2021 797 runt
2051 742 2241 815 ipsum
2268 746 2540 808 Historia:
2566 758 2810 823 textum,
2835 756 2936 830 qui
2967 760 3200 818 nonnisi
3229 764 3303 820 ad
3342 742 3593 823 1801111-

1883 829 2101 888 deberti
2140 833 2419 907 Junioris,
2461 839 2520 896 id
2561 850 2646 899 est
2678 829 2890 903 Christi
2930 847 3026 905 591
3064 864 3285 909 annum
3328 854 3590 925 perduci-

1881 924 2015 976 tur:
2054 937 2190 979 cum
2230 928 2548 985 econtrario
2580 932 2864 990 nonnulla
2908 936 2967 992 in
3010 938 3139 995 aliis
3180 924 3589 1013 scriptionibus

1881 1018 2211 1083 narrentur,
2272 1031 2403 1088 qua)
2464 1019 2715 1077 triennio
2766 1031 2912 1093 post,
2966 1025 3022 1082 id
3076 1033 3160 1084 est
3209 1028 3272 1087 l9
3326 1032 3586 1102 ejusdem

1876 1094 2229 1157 Ghildeberti
2274 1104 2425 1176 regis
2486 1121 2660 1176 anno,
2725 1108 2907 1169 immo
2957 1121 3011 1171 et
3056 1124 3183 1188 post
3230 1094 3585 1180 Gun'tramni

1876 1186 2120 1255 obitum,
2162 1194 2471 1263 contigere.
2515 1195 2732 1255 Verum
2770 1201 2875 1258 etsi
2915 1186 3175 1276 Gregorii
3224 1208 3476 1269 Historia
3516 1213 3579 1270 in

1873 1293 2026 1335 anno
2059 1279 2410 1341 Ghildeberti
2450 1286 2510 1342 l6
2552 1289 2797 1359 desinat,
2832 1292 2985 1350 haud
3020 1300 3206 1354 tamen
3240 1299 3373 1358 inde
3412 1303 3579 1359 evin-

1872 1364 2022 1423 citur
2048 1384 2174 1426 eam
2215 1370 2321 1428 hoc
2351 1373 2472 1445 ipso
2499 1391 2654 1435 anno
2683 1387 2978 1437 exaratam
3015 1384 3189 1443 fuisse
3222 1407 3234 1444 :
3283 1404 3420 1446 cum
3450 1391 3578 1449 ﬁeri

1872 1458 2143 1528 potuerit,
2186 1467 2249 1517 ut
2280 1463 2417 1520 huic
2451 1467 2608 1538 operi
2636 1484 2792 1527 anno
2822 1472 2958 1529 vita:
3003 1490 3124 1533 sua:
3170 1477 3376 1536 ultimo
3406 1480 3574 1539 insu-

1870 1546 2034 1617 dans,
2094 1564 2430 1621 supremum
2480 1554 2637 1613 diem
2687 1558 2912 1630 obierit,
2967 1564 3305 1639 priusquam
3355 1584 3579 1628 annum

1870 1644 2196 1694 currentem
2223 1640 2519 1713 attigisset.
2546 1644 2706 1703 Certe
2732 1647 2793 1703 in
2822 1648 3093 1710 Historia}
3122 1655 3365 1730 epilogo,
3399 1675 3574 1734 quem

1870 1722 2015 1780 forte
2054 1726 2255 1784 morbo
2286 1738 2603 1791 coarctatus
2650 1734 2899 1809 scripsit,
2939 1722 3377 1804 caetera-omnia
3410 1722 3582 1822 opera

2768 1800 2787 1809 -
2884 1800 2896 1807 .
3194 1800 3376 1804 ~~~-——
3416 1800 3576 1822 νεα--

87 1800 177 1855 vix
203 1801 522 1872 quisquam
560 1800 807 1860 inﬁciari
854 1812 1051 1877 potest,
1083 1824 1425 1882 quanquam
1454 1818 1507 1869 et
1531 1812 1845 1891 aliquem};
1871 1827 1976 1871 sua
2031 1825 2287 1875 recenset
2317 1837 2333 1887 ;
2384 1820 2445 1876 in
2501 1822 2631 1881 aliis
2675 1840 2809 1884 vero
2855 1826 3021 1887 libris
3049 1846 3220 1903 opera
3249 1851 3282 1892 a
3318 1852 3379 1893 se
3424 1838 3576 1897 edita

86 1891 220 1947 inter
273 1892 431 1963 ipsos
484 1890 747 1951 ordinem
805 1896 1021 1952 servari
1076 1913 1237 1970 posse
1290 1917 1405 1959 non
1447 1902 1781 1962 diiIitemur.

86 1974 341 2049 Coliigim
354 1994 419 2035 us
443 1978 655 2053 quippe
686 1982 832 2040 duos
860 1983 1081 2056 priores
1110 1986 1179 2043 de
1205 1989 1387 2045 sancti
1412 1988 1645 2047 Martini
1674 1990 1784 2048 mi-

88 2064 288 2121 raculis
338 2065 537 2134 libros,
582 2077 713 2125 ante
760 2077 995 2128 caeteros
1048 2087 1081 2128 a
1127 2072 1399 2149 Gregorio
1438 2079 1787 2151 conscriptos

90 2153 277 2224 fuisse,
313 2156 472 2228 quod
502 2156 563 2213 in
596 2156 735 2230 ipsis
765 2158 867 2215 alii
910 2159 1324 2222 Miraculorum
1354 2165 1486 2224 libri
1516 2183 1630 2224 non
1657 2168 1785 2226 lau-

88 2246 304 2305 dentur.
347 2246 521 2304 Liber
561 2248 633 2305 de
676 2248 802 2308 Vita
832 2251 1065 2310 Patrum
1101 2264 1292 2326 postea
1336 2256 1408 2313 ab
1438 2273 1504 2315 eo
1542 2260 1786 2316 conscri-

88 2342 223 2406 ptus,
262 2352 370 2393 seu
414 2337 603 2409 potius
648 2337 951 2398 inchoatus
986 2342 1161 2399 fuisse
1193 2344 1439 2415 videtur,
1477 2347 1584 2404 sub
1621 2347 1784 2405 titulo

89 2424 146 2481 de
183 2428 548 2495 quorumdam
577 2430 976 2499 Fcliciosorum,
1011 2447 1133 2503 seu,
1187 2440 1252 2490 ut
1291 2433 1392 2490 alii
1425 2435 1645 2492 codices
1678 2436 1783 2492 lla-

88 2516 224 2585 bent,
283 2520 684 2586 Religt‘osorum
742 2524 891 2579 Vita.
948 2522 1142 2581 Primo
1205 2525 1360 2582 enim
1416 2527 1785 2598 paucioribus

89 2604 372 2661 constabat
404 2605 706 2677 capitibus,
732 2607 829 2664 sed
862 2609 1091 2666 tandem
1123 2626 1307 2686 usque
1343 2612 1413 2669 ad
1443 2612 1649 2685 viginti
1688 2630 1783 2671 ca-

90 2692 189 2763 pita
215 2710 326 2752 seu
371 2693 527 2752 Vitas
556 2698 820 2767 accrevit,
868 2715 1012 2771 quas
1056 2700 1341 2775 hodieque
1367 2703 1780 2775 complectitur.

89 2784 215 2842 Cum
264 2784 488 2843 librum
537 2786 608 2843 de
638 2786 830 2845 Gloria
858 2788 1178 2863 Martyrum
1216 2808 1516 2864 aggressus
1558 2802 1660 2863 est,
1690 2794 1783 2852 cui

1872 1917 2242 1976 enumerans,
2288 1907 2603 1967 Historiam
2649 1928 2765 1971 non
2809 1914 3024 1976 laudat.
3058 1920 3208 1989 Quin
3240 1930 3294 1979 et
3324 1924 3578 1987 Miracu-

1871 1990 2059 2050 lorum
2114 1993 2291 2054 libros
2333 2013 2398 2055 ac
2452 1998 2610 2058 Vitas
2643 2011 2973 2064 sanctorum
2998 2024 3031 2065 a
3060 2025 3119 2067 se
3150 2010 3329 2069 editas
3364 2015 3576 2086 passim

1870 2081 1930 2139 in
1969 2082 2223 2144 Historia
2264 2088 2459 2147 laudat
2488 2110 2499 2148 :
2529 2098 2587 2149 at
2629 2109 2921 2168 nusquam
2957 2098 3230 2159 Historiae
3262 2104 3323 2161 in
3357 2081 3580 2165 caeteris

1868 2170 2033 2229 libris
2066 2175 2399 2235 meminisse
2426 2180 2653 2253 legitur.
2680 2183 2840 2251 Quod
2872 2202 3010 2245 sane
3033 2201 3444 2262 argumentum
3470 2205 3575 2268 est,

1868 2260 1952 2317 uti
2002 2263 2145 2320 mihi
2194 2265 2445 2335 videtur,
2479 2270 2931 2343 validissimum,
2972 2260 3209 2336 cmteros
3240 2281 3417 2340 libros
3444 2294 3577 2345 ante

1869 2347 2181 2406 Historiam
2208 2368 2240 2407 a
2274 2352 2549 2426 Gregorio
2578 2368 2845 2417 exaratos
2889 2361 3087 2420 fuisse.
3126 2364 3241 2423 Nec
3274 2366 3440 2440 juvat
3470 2387 3577 2445 op-

1866 2453 2077 2510 ponere
2127 2448 2298 2514 caput
2351 2444 2418 2501 30
2466 2446 2601 2503 libri
2647 2448 2716 2505 de
2764 2450 2959 2510 Gloria
3002 2454 3429 2530 Confessorum,
3471 2444 3571 2521 ubi

1868 2525 2181 2597 Gregorius
2213 2529 2607 2592 Stremonium
2648 2535 2911 2610 laudans,
2948 2558 3082 2600 eum
3107 2545 3187 2601 ait
3232 2565 3264 2602 a
3312 2552 3572 2607 Romanis

1867 2621 2133 2689 episcopis
2162 2637 2280 2675 cum
2312 2622 2545 2680 Gatiano
2584 2632 2633 2681 et
2676 2631 2905 2699 reliquis
2951 2650 3083 2702 quos
3134 2644 3567 2707 memoravimus,

1866 2709 1926 2759 in
1974 2708 2187 2763 Gallias
2225 2711 2489 2767 directum
2537 2715 2732 2773 fuisse.
2789 2718 3019 2777 Etenim
3064 2723 3234 2794 paulo
3280 2728 3568 2801 superius,

1869 2797 2087 2856 scilicet
2132 2801 2315 2872 capite
2348 2803 2417 2858 ‘27
2470 2804 2541 2861 de
2577 2805 2839 2866 Martiale
2877 2812 3142 2887 episcopo
3192 2797 3569 2878 Lemovicum

89 2875 286 2934 librum
320 2876 395 2933 de
424 2876 749 2936 Virtutibus
778 2882 960 2938 sancti
1014 2881 1258 2953 Juliani,
1302 2899 1475 2957 quem
1515 2883 1787 2942 nonnulli
1870 2890 2002 2963 egit,
2040 2908 2213 2964 quem
2253 2910 2285 2951 a
2324 2899 2585 2953 Romanis
2613 2899 2856 2960 missum
2894 2914 3191 2964 memorat.
3222 2907 3571 2983 Dionysium

89 2968 400 3026 secundum
421 2968 493 3025 de
517 2968 711 3027 Gloria
728 2970 1047 3044 Martyrum
1070 2982 1428 3046 nuncupant,
1455 2974 1782 3047 subjunxit,
1868 2997 2004 3039 vero
2050 2981 2431 3041 Parisiensem
2474 2993 2530 3043 et
2578 2985 2960 3050 Saturninum
2985 2996 3104 3066 jam
3139 2994 3470 3057 laudaverat
3508 3002 3567 3059 in

88 3056 160 3113 uti
187 3073 259 3114 ex
293 3058 422 3130 ejus
451 3060 685 3132 prologo
710 3062 1013 3133 discimus,
1066 3063 1124 3121 in
1180 3079 1296 3137 quo
1324 3064 1539 3123 librum
1570 3080 1784 3138 prtece-
1866 3068 2017 3126 libro
2044 3082 2063 3127 I
2092 3071 2159 3125 de
2189 3072 2377 3128 Gloria
2401 3077 2729 3145 Martyrum.
2772 3078 2947 3138 Porro
2976 3056 3291 3144 Historiam
3323 3105 3435 3146 non
3472 3105 3565 3147 se-

86 3147 303 3205 dentem
344 3148 559 3208 laudat.
592 3150 679 3209 Ibi
722 3168 949 3227 quoque
996 3161 1351 3213 memoratur
1389 3155 1538 3213 liber
1575 3172 1844 3255 secun-Cl
1867 3158 1981 3215 mel
2014 3165 2069 3215 et
2095 3159 2268 3218 simul
2301 3178 2333 3218 a
2362 3162 2637 3237 Gregorio
2662 3167 2875 3225 editam
2901 3170 3078 3229 fuisse
3104 3174 3273 3232 multi
3305 3187 3561 3249 censent,

86 3234 180 3293 dus
206 3238 279 3295 de
312 3242 495 3297 sancti
519 3239 752 3298 Martini
776 3242 1107 3301 virtutibus.
1138 3242 1262 3312 Quo
1285 3252 1538 3317 tempore
1566 3246 1781 3304 librum
1800 3234 1844 3255 υ
1866 3246 2267 3305 existimantes
2295 3250 2547 3321 primum
2575 3254 2646 3311 ab
2672 3270 2738 3312 eo
2768 3256 2945 3314 libros
2972 3274 3074 3316 sex
3104 3262 3340 3334 scriptos
3363 3264 3564 3339 fuisse,

86 3325 143 3382 de
171 3327 365 3386 Gloria
392 3328 800 3388 Confessorum
850 3330 1229 3403 inchoaverit,
1275 3334 1537 3392 divinare
1568 3350 1686 3392 non
1708 3334 1778 3392 li-
1864 3334 2080 3393 scilicet
2135 3337 2204 3394 ad
2254 3346 2497 3397 mortem
2543 3357 2732 3416 usque
2782 3345 3088 3418 Chilperici
3140 3352 3311 3423 regis,
3352 3354 3568 3423 quibus

86 3426 185 3476 cet:
212 3427 443 3478 atanno
462 3421 665 3478 saltem
687 3422 810 3492 588,
835 3423 905 3480 ad
929 3433 1098 3498 caput
1116 3441 1298 3499 usque
1325 3426 1392 3484 95
1423 3433 1777 3499 protractum
1860 3425 2227 3517 postmodum
2253 3428 2397 3487 alios
2424 3437 2673 3505 quatuor
2703 3433 3003 3507 addiderit,
3038 3421 3233 3510 plures
3277 3421 3562 3517 editurus,

89 3508 250 3567 fuisse
276 3510 609 3583 colligimus
659 3530 733 3570 ex
785 3530 851 3572 eo
903 3516 1091 3588 quod-
1117 3517 1198 3573 ibi
1236 3518 1645 3590 Charimerem,
1680 3522 1778 3589 qui
1858 3516 1909 3573 si
1959 3516 2011 3573 ei
2042 3517 2161 3574 vita
2198 3518 2534 3580 diuturnior
2557 3539 2590 3580 a
2616 3522 2731 3581 Deo
2773 3540 3040 3584 concessa
3076 3527 3293 3588 fuisset.
3330 3531 3393 3589 Id
3426 3549 3564 3594 sane

88 3618 229 3667 nunc,
262 3602 483 3675 inquit,
517 3607 847 3663 Ghildeberti
875 3609 1537 3677 habeturreferendarius,
1561 3611 1773 3669 laudet.
1859 3606 2099 3679 ipsemet
2137 3609 2447 3683 Gregorius
2481 3613 2781 3672 insinuare
2816 3616 3044 3675 videtur
3074 3619 3134 3676 in
3168 3620 3302 3679 libri
3333 3623 3561 3696 septimi

84 3696 237 3752 Anno
285 3694 505 3751 etenim
554 3694 903 3753 Ghildeberti
952 3697 1034 3768 13,
1098 3697 1156 3755 id
1218 3706 1322 3770 est,
1374 3700 1586 3757 Christi
1649 3700 1773 3771 588,
1858 3698 2111 3771 prologo,
2145 3701 2245 3759 ubi
2278 3703 2477 3761 innuit
2507 3706 2773 3765 animum
2799 3708 2909 3765 sibi
2937 3725 3061 3767 esse
3088 3694 3567 3773 Historiam'con-

86 3780 431 3839 Charimeres
476 3782 709 3855 Agirico
760 3784 1113 3843 Virdunensi
1160 3788 1442 3861 episcopo,
1478 3790 1601 3862 ipso
1634 3789 1775 3848 Gre-
1860 3788 2148 3859 tinuandi,
2202 3806 2378 3864 quam
2423 3792 2485 3850 in
2525 3792 2816 3866 prioribus
2867 3795 3032 3854 libris
3086 3814 3119 3856 a
3170 3816 3229 3858 se
3280 3802 3448 3860 editis
3494 3804 3566 3861 ad

82 3870 225 3936 gorio
256 3878 567 3929 attestante
598 3873 700 3931 lib.
732 3886 798 3932 IX
832 3874 1125 3947 Historias,
1152 3877 1335 3951 capite
1358 3879 1446 3946 ‘25,
1482 3881 1772 3939 successit.
1859 3876 2169 3951 Chilperici
2199 3881 2501 3941 interitum
2539 3886 2893 3958 perductam,
2928 3888 3233 3963 reliquisse
3261 3892 3566 3954 videbatur

86 3954 281 4015 Eodem
316 3959 556 4017 fortasse
604 3968 852 4034 tempore
881 3963 1163 4021 scribebat
1191 3965 1411 4024 librum
1444 3968 1676 4028 tertium
1707 3969 1777 4026 de
1860 3965 2277 4039 imperfectam.
2302 3954 2626 4045 thuidem
2646 3954 3026 4048 Fredegarius
3052 3954 3167 4036 non
3180 3979 3372 4053 plures
3387 3997 3565 4055 quam

86 4049 249 4105 sancti
276 4049 512 4107 Martini
558 4051 872 4123 Miraculis,
905 4055 964 4112 in
998 4056 1164 4129 cujus
1195 4058 1377 4131 capite
1406 4058 1474 4115 24
1504 4061 1773 4132 Aredius,
1860 4072 1963 4113 sex
1991 4056 2123 4115 illos
2160 4060 2378 4132 priores
2409 4061 2587 4121 libros
2627 4073 2991 4136 cognoverat.
3041 4068 3142 4140 qui
3188 4068 3566 4171 Chronigum.

86 4137 167 4171 nni
218 4154 287 4171 ηι-
334 4142 457 4171 {non
508 4140 783 4171 Πηηηηηίη
834 4142 975 4171 “tum
1023 4157 1061 4171 υ
1122 4144 1384 4171 υςηικηεηι
1462 4149 1637 4171 -,..;ι-
1681 4148 1749 4171 nn
1862 4162 1969 4171 κηΑ
2003 4148 2258 4171 n_-_-_:_-
2292 4152 2502 4171 ττξΑμν-
2754 4156 2788 4171 .-
3055 4166 3062 4171 .
3114 4166 3122 4171 .
3279 4168 3287 4171 .

86 4137 170 4207 qui
218 4154 293 4195 ex
334 4142 458 4211 ipso
508 4140 784 4214 Gregorio
830 4142 976 4201 libro
1023 4157 1065 4202 X
1116 4144 1407 4217 Historim,
1457 4149 1641 4222 capite
1681 4148 1771 4220 29,
1858 4162 1973 4220 quo
2002 4148 2262 4221 Gregorii
2287 4152 2604 4212 Historiam
2637 4156 2977 4214 continuare
3022 4137 3312 4230 statuerat,
3348 4177 3381 4217 a
3409 4160 3570 4219 Chil-

85 4243 222 4286 anno
258 4228 322 4287 16
356 4230 708 4290 Ghildeberti
739 4234 909 4307 regis,
986 4235 1045 4293 id
1098 4244 1182 4295 est
1219 4255 1375 4296 anno
1405 4239 1618 4297 Christi
1646 4239 1770 4311 591,
1856 4238 2034 4310 perici
2067 4248 2249 4298 morte
2279 4242 2592 4301 inchoavit.
2626 4244 2946 4316 Necplures
2968 4246 3169 4305 habuit
3188 4252 3561 4347 Anonymus,

88 4320 209 4347 νιιμίςο
262 4321 455 4347 ...Δις-,ιι
496 4324 697 4347 --:-..._._
752 4326 1020 4347 I---.I..L-__
1092 4327 1299 4347 ΛηΑΑιη
1326 4346 1355 4347 ρ
1424 4330 1437 4347 ι
1496 4330 1536 4347 ,.-
1698 4330 1735 4347 ιο
1870 4328 1957 4347 ..ηε
2048 4328 2233 4347 ,ηξκᾼμ
2270 4329 2341 4347 n,
2385 4337 2398 4347 .
2466 4333 2507 4347 n
2876 4332 2923 4347 νγ
2984 4333 2999 4347 1

88 4320 231 4387 obiit,
261 4321 455 4379 adhuc
496 4324 698 4382 vivens
749 4326 1038 4384 laudatur.
1090 4327 1368 4397 Quartum
1405 4330 1655 4404 denique
1698 4330 1771 4389 li-
1860 4328 1962 4401 qui
2010 4328 2235 4426 scripsit
2268 4329 2437 4388 Gesta
2466 4333 2839 4391 Francorum.
2876 4332 3353 4436 Undequamvis
3397 4354 3564 4399 suam

93 4406 235 4436 Inuum
272 4409 339 4436 Α..
372 4411 624 4436 Abh-HJ...“
679 4415 853 4436 -.......c_'
914 4415 1045 4436 ιῐί-.-
1069 4418 1170 4436 --Δι’
1253 4435 1258 4436 .
1328 4428 1337 4436 .
1676 4422 1767 4436 ι-Λι
1862 4433 1990 4436 μκηη
2037 4425 2144 4436 una
2170 4433 2238 4436 WA,
2317 4434 2330 4436 _
2359 4420 2375 4436 1
2444 4419 2507 4436 ml
2618 4419 2635 4436 1
2712 4421 2721 4431 -
2767 4423 2777 4432 -
2852 4423 2887 4436 1‘
2930 4422 2942 4436 ι

89 4406 237 4465 hrum
269 4409 341 4467 de
369 4411 629 4483 ejusdem
678 4415 857 4471 sancti
912 4415 1205 4476 Miraculis
1242 4428 1376 4477 ante
1425 4436 1645 4479 annum
1674 4422 1777 4480 594
1861 4417 2249 4476 narrationem
2308 4420 2380 4478 ad
2444 4419 2796 4520 Theoderici
2830 4422 3105 4520 .Calensis
3172 4426 3562 4520 principatum

91 4510 183 4520 ηηη
217 4499 388 4520 μη-.-
857 4512 867 4520 .
913 4513 922 4520 .
1128 4508 1138 4519 .
1339 4510 1371 4520 ,Α
1518 4510 1526 4519 .
1588 4519 1592 4520 ν
1656 4505 1665 4518 .
1720 4512 1811 4520 ..Α
1981 4506 1994 4520 .
2160 4505 2191 4520 .,
2436 4515 2444 4520 ,
2519 4514 2528 4520 ,

91 4510 189 4552 non
216 4499 392 4556 fuisse
420 4499 750 4560 absolutum
778 4512 1017 4577 patetex
1047 4508 1213 4582 cujus
1229 4510 1411 4583 capite
1431 4505 1838 4583 quinto,’ubiD
1861 4505 2216 4579 perduxerit,
2257 4515 2485 4565 narrata
2517 4514 2705 4607 tamen
2738 4509 3046 4610 Chilperici
3076 4511 3251 4615 caede,
3280 4528 3393 4587 qua
3424 4530 3560 4615 scit-

91 4596 336 4615 τιηι--ι-ιύ-ιη
384 4591 721 4615 πνιέηιι..-1.-...
825 4596 969 4615 __-_J
1032 4597 1128 4615 LA,
1190 4599 1200 4608 -
1864 4604 1953 4615 μη-
2122 4614 2129 4615 ,
2158 4613 2171 4615 _
2220 4597 2252 4615 33
2306 4598 2363 4615 l'l
2502 4599 2532 4615 [ι
2610 4604 2620 4615 ι

89 4596 336 4645 narratur
384 4591 755 4663 miraculum,
819 4596 975 4667 quod
1027 4597 1135 4655 hoc
1185 4599 1309 4671 ipso
1356 4615 1531 4671 anno,
1572 4617 1779 4675 nempe
1864 4604 1956 4654 tus
1995 4595 2255 4670 Gregorii
2304 4598 2450 4655 liber
2498 4598 2720 4670 finitur,
2778 4600 3010 4657 omissis
3057 4602 3455 4704 caeteris-quae
3484 4606 3564 4704 .in

91 4670 418 4704 Philankﬁn:
453 4680 602 4704 ...μέμ
638 4683 701 4704 ιη
734 4684 878 4704 “nd:
906 4686 964 4704 ,ει
1040 4685 1104 4704 nc
1132 4695 1163 4704 ,.
1219 4688 1229 4704 I
1432 4697 1441 4704 .
1955 4694 1992 4704 ,.
2143 4688 2179 4704 η
2363 4686 2373 4697 ο
2540 4687 2610 4704 n-
2652 4696 2660 4704 .
2741 4689 2750 4699 ι
3083 4698 3091 4704 .
3132 4694 3139 4704 .

91 4670 421 4735 Ghildeberti
453 4680 605 4751 regis
638 4683 701 4740 l9
729 4684 989 4757 contigit.
1040 4685 1170 4744 Post
1212 4670 1319 4746 hos
1349 4697 1541 4747 autem
1576 4670 1777 4749 omnes
1860 4694 2111 4760 quatuor
2140 4686 2508 4761 Gregorianaa
2538 4687 2808 4786 Historiae
2854 4693 3238 4792 sequentibus
3270 4694 3451 4792 ‘libri's
3484 4696 3563 4753 le-

92 4762 249 4792 in...“
288 4773 617 4792 _-.--‘____-:.
654 4772 720 4792 I:|_
766 4790 792 4792 η
929 4776 944 4792 1
1030 4776 1091 4792 n1
1170 4778 1178 4787 -
1258 4780 1291 4792 ιη
1384 4782 1405 4792 ,.
1721 4782 1731 4791 .
1992 4784 2001 4792 .
2138 4776 2148 4792 ι
2214 4778 2245 4792 ιι
2410 4778 2419 4786 -
2476 4784 2485 4792 .
2608 4777 2661 4792 Α.
2715 4776 2766 4792 ιι
2812 4778 2825 4792 ι
2921 4787 2927 4792 .

92 4762 251 4824 hbros
288 4773 621 4839 recognovit
650 4772 861 4832 librum
914 4776 985 4833 de
1027 4776 1219 4836 Gloria
1254 4780 1681 4851 Confessorum,
1716 4782 1779 4839 in
1863 4784 2103 4849 guntur,
2134 4776 2358 4877 bellum
2405 4778 2558 4878 inter
2605 4776 3036 4881 Ghildebertum
3179 4780 3561 4881 Chlotarium,

90 4859 236 4929 cujus
287 4861 521 4933 prologo
559 4873 791 4931 caeteros
836 4866 906 4922 de
953 4868 1247 4927 miraculis
1298 4870 1601 4945 inscriptos
1649 4872 1779 4929 lau-
1864 4869 2284 4943 utrumquesui
2314 4868 3569 4971 nominissecundum,describit,quodpost

92 4944 169 4971 .4...
218 4949 367 4971 una...
403 4969 483 4971 HM
516 4970 525 4971 κ
608 4954 642 4971 ιν
772 4963 781 4971 .
958 4964 967 4971 ,
1527 4963 1535 4971 .
1730 4962 1739 4971 .
1864 4957 1899 4971 η
2003 4965 2010 4971 .
2196 4958 2206 4967 ο
2352 4958 2363 4967 ο
2566 4967 2573 4971 .

90 4944 187 5007 dat.
218 4949 371 5009 Vitas
403 4969 538 5011 vero
570 4954 788 5027 aliquot
816 4964 1144 5017 sanctorum
1181 4977 1325 5033 quas
1362 4944 1602 5019 seorsim
1634 4962 1775 5020 scri-
1861 4957 2210 5017 Guntramni
2248 4958 2397 5031 regis
2432 4967 2695 5027 mortem,
2745 4959 3085 5033 ﬁnitamque
3124 4960 3385 5033 Gregorii
3416 4963 3569 5022 inte-

90 5046 276 5109 isserat,
321 5057 435 5099 non
482 5043 593 5099 nisi
640 5047 917 5103 extremis
958 5048 1091 5105 vitae
1141 5065 1263 5107 sua:
1314 5051 1486 5109 annis
1518 5051 1664 5110 libro
1706 5052 1776 5110 de

96 5117 219 5180 Vitis
247 5124 653 5187 I-‘eliciosorum
699 5130 1035 5204 adjunxissc
1079 5136 1426 5210 colligimus,
1460 5142 1611 5214 quod
1641 5140 1775 5197 istas

92 5212 283 5281 passim
313 5216 422 5273 sub
451 5217 777 5278 libellorum
822 5224 1161 5295 specialium
1209 5228 1390 5285 titulis
1422 5212 1654 5287 laudare
1684 5245 1773 5287 s0-

93 5296 201 5358 leat.
237 5302 343 5362 Seu
376 5308 600 5364 tandem
630 5325 830 5369 omnes
856 5314 967 5371 sub
993 5315 1164 5374 unico
1194 5321 1333 5376 Vitze
1361 5322 1586 5375 Patrum
1613 5319 1773 5377 titulo

89 5397 524 5471 comprehendit,
550 5400 743 5461 addito
778 5406 1028 5479 prologo,
1069 5409 1172 5481 qui
1207 5410 1495 5483 hodieque
1532 5412 1669 5469 huic
1700 5410 1773 5469 li-

92 5482 175 5542 bro
200 5488 479 5558 praeﬁxas
516 5492 744 5567 legitur,
776 5496 837 5554 in
882 5515 1000 5573 quo
1036 5500 1182 5559 liber
1213 5501 1284 5559 de
1313 5482 1507 5562 Gloria
1540 5502 1776 5562 Confes-

90 5588 167 5632 501'
172 5592 266 5637 um
292 5591 674 5643 memoratur.

148 5667 227 5725 84.
262 5671 362 5731 Lis
398 5672 508 5733 fuit
541 5674 688 5733 inter
712 5682 973 5737 auctores
1015 5680 1329 5741 nonnullos
1372 5681 1549 5756 hujus
1575 5684 1774 5744 saeculi

1858 5064 2023 5122 grani
2053 5048 2364 5107 Historiam
2408 5057 2635 5121 gestum
2682 5064 2807 5107 esse
2859 5057 3096 5107 constat.
3135 5051 3291 5109 Hinc
3322 5053 3383 5110 in
3414 5069 3565 5112 non-

1860 5140 2040 5199 nullis
2099 5142 2393 5199 codicibus
2448 5142 2692 5215 scriptis,
2747 5144 2918 5199 etiam
2972 5143 3407 5216 vetustioribus,
3459 5160 3565 5202 sex

1858 5231 2217 5289 solummodo
2280 5232 2568 5290 habentur
2624 5231 2993 5305 Gregoriante
3068 5233 3341 5293 Historias
3408 5234 3561 5291 libri.

1859 5320 2205 5394 Quanquam
2257 5320 2619 5378 Corbeiensis
2674 5329 2730 5378 et
2778 5319 3224 5419 Bellovacensis,
3287 5322 3391 5396 qui
3426 5336 3563 5419 non

1858 5411 2043 5468 multo
2086 5418 2210 5485 post
2254 5408 2514 5484 Gregorii
2553 5410 2777 5469 obitum
2828 5410 3027 5484 scripti
3078 5410 3367 5481 videntur,
3424 5408 3561 5468 libri

1857 5500 2087 5575 septimi
2126 5500 2512 5575 fragmentum
2538 5499 2876 5559 exhibeant.
2981 5593 3015 5601 η
3486 5590 3525 5601 ﬂ

1929 5593 2017 5653 85.
2072 5594 2260 5654 Pauca
2293 5600 2603 5654 occurrunt
2640 5594 2711 5653 de
2756 5593 3019 5668 Gregorii
3056 5590 3343 5651 librorum
3375 5590 3560 5653 titulis

1856 5684 2231 5745 observanda.
2262 5684 2647 5744 Historiarum
2674 5684 2810 5743 libri
2836 5685 2899 5742 in
2934 5682 3323 5744 vetustissimo
3356 5699 3563 5744 mona-
