3972 6340
432 246 495 304 71
1976 244 2390 303 PREFATIO.
3856 248 3907 304 7'2

422 368 584 429 sterii
622 367 948 427 Corbiensis
985 366 1180 425 codice
1214 373 1462 425 Historia
1487 373 1873 427 Ecclesiastica
1898 373 2196 430 Franco-A
2214 370 2354 427 dum
2399 374 2482 428 est
2534 368 2952 443 investigandis
3010 368 3270 442 Gregorii
3326 369 3507 426 nostri
3564 368 3907 439 nominibus,

423 479 546 517 rum
574 459 993 517 inscribuntur.
1028 456 1211 525 Quem
1255 460 1507 529 titulum,
1545 467 1739 533 utpote
1765 475 2129 533 germanum,

422 556 479 607 et
520 547 690 606 rebus
738 548 795 603 in
850 546 968 604 illis
1015 546 1301 604 contentis
1354 549 1611 621 apprime
1669 548 2130 617 convenientem,

422 638 533 696 viri
622 636 834 694 eruditi
921 638 1144 694 cmteris
1224 637 1646 709 praeferendum
1708 644 2053 695 censuerunt
2115 655 2127 693 :

421 742 598 801 quem
629 727 757 783 ideo
794 726 853 782 in
896 726 1000 783 hac
1024 732 1218 783 nostra
1258 728 1509 785 editione
1550 727 1947 786 adhibuimus.
2003 726 2131 784 Ple-

423 819 589 891 rique
628 818 727 874 alii
770 816 992 874 codices
1042 817 1233 890 scripti
1275 833 1412 875 cum
1442 819 1611 876 editis
1649 819 1987 892 simpliciter
2030 823 2132 874 Hi-

424 911 651 964 storiam
697 910 1027 962 Francorum
1078 906 1402 979 appellant;
1432 907 1700 965 nonnulli
1752 909 1889 965 item
1939 908 2134 981 scripti

425 996 586 1053 Gesta
618 999 965 1051 Francorum.
1026 994 1415 1067 Frequentius
1466 1011 1601 1053 vero
1647 996 1800 1068 apud
1851 996 2134 1069 sequioris

422 1084 607 1142 aetatis
636 1092 896 1141 auctores
939 1083 1049 1140 sub
1103 1082 1408 1140 Chronicze
1454 1092 1552 1141 aut
1591 1083 1861 1140 Chronici
1895 1082 2132 1141 nomine

426 1174 754 1239 laudantur,
790 1182 849 1231 ut
871 1174 991 1245 jam
1014 1189 1045 1229 a
1075 1174 1241 1230 nobis
1267 1174 1633 1231 observatum
1665 1180 1769 1232 est.
1817 1173 2132 1249 Sequentes

427 1270 641 1335 septem
678 1261 851 1319 libros
882 1261 1179 1318 communi
1211 1261 1490 1319 vocabulo
1524 1264 1691 1317 libros
1718 1268 1919 1333 septem
1950 1265 2130 1319 Mira-

427 1356 670 1408 culorum
717 1353 965 1426 appellat
1015 1352 1325 1425 Gregorius
1381 1352 1502 1426 ipse
1546 1352 1602 1410 in
1664 1353 1778 1409 line
1840 1352 2129 1422 Historias,

428 1443 643 1517 quibus
666 1451 719 1500 et
750 1443 1020 1501 nonnulli
1048 1442 1207 1500 Vitas
1226 1443 1460 1500 Patrum
1476 1443 1798 1515 adjungunt
1818 1443 1927 1501 sub
1946 1440 2133 1500 octavi

428 1532 843 1591 Miraculorum
875 1531 1009 1589 libri
1034 1532 1289 1589 nomine.
1321 1534 1395 1588 At
1418 1532 1575 1589 hunc
1597 1532 1705 1589 sub
1731 1531 2136 1605 specialiVita:

430 1622 655 1675 Patrum
712 1619 877 1676 titulo
934 1635 967 1676 a
1015 1619 1238 1677 cmteris
1288 1618 1595 1690 distinguit
1641 1617 1950 1687 Gregorius
2013 1616 2135 1674 loco

2213 472 2387 531 quem
2417 474 2449 514 a
2487 463 2644 529 patre
2673 457 3058 518 Florentium.
3098 455 3170 512 ab
3224 470 3331 513 avo
3371 454 3685 528 Georgium
3718 469 3908 526 cogno-

2216 547 2504 604 minatum
2532 547 2710 604 fuisse
2737 552 2976 604 constat.
3007 547 3353 621 Quanquam
3375 562 3447 603 ex
3473 545 3908 603 amanuensium

2215 636 2358 693 vitio
2382 651 2802 707 nonnunquam
2834 636 3004 709 paulo
3025 635 3190 693 aliter
3216 636 3342 693 haec
3365 634 3601 692 nomina
3623 634 3687 690 in
3709 634 3907 691 codici-

2214 728 2323 785 bus
2359 726 2567 799 scripta
2596 726 3002 783 inveniuntur.

2284 817 2389 874 III.
2416 848 2483 857 —
2506 815 2593 874 86.
2625 815 2865 872 Carolus
2903 814 3164 873 Cointins
3194 812 3649 885 congregationis
3676 810 3907 870 Oratorii

2218 905 2499 966 Gallicani
2526 906 2838 979 presbyter,
2876 905 2963 961 vir
2994 904 3200 977 pietate
3219 910 3273 960 et
3304 901 3629 959 eruditione
3657 900 3907 969 celebris,

2217 997 2473 1054 Annales
2504 994 2925 1053 Ecclesiasticas
2948 996 3300 1053 Francorum
3324 995 3445 1067 jam
3473 992 3545 1051 ab
3569 992 3792 1065 aliquot
3816 1007 3911 1048 an-

2218 1087 2308 1146 nis
2337 1086 2651 1159 evulgavit,
2682 1088 2743 1143 in
2782 1101 3028 1158 quorum
3074 1086 3262 1159 primo
3306 1092 3360 1142 et
3400 1084 3578 1141 altero
3626 1081 3915 1140 volumine

2216 1176 2295 1233 ita
2339 1173 2601 1246 Gregorii
2652 1173 2833 1251 nostri
2893 1173 3059 1230 libris
3108 1189 3252 1232 usus
3304 1181 3407 1243 est,
3443 1180 3508 1230 ut
3564 1187 3676 1229 non
3737 1170 3913 1228 solum

2216 1264 2336 1322 loca
2385 1261 2605 1333 aliquot
2658 1261 2731 1317 ad
2780 1260 3183 1319 illustrandam
3240 1261 3430 1335 gentis
3482 1265 3692 1317 nostras
3743 1257 3912 1315 histo-

2218 1353 2384 1423 riam,
2416 1357 2516 1408 aut
2556 1351 2981 1409 conciliandam
3028 1351 3202 1410 rebus
3233 1367 3266 1408 a
3295 1344 3355 1409 se
3385 1349 3633 1408 narratis
3669 1347 3912 1406 auctori-

2219 1448 2389 1499 tatem
2440 1440 2769 1512 adduxerit,
2828 1458 3032 1501 verum
3089 1442 3261 1500 etiam
3320 1442 3541 1513 integra
3579 1441 3703 1513 ipsa
3743 1440 3914 1511 capita

2216 1532 2431 1606 passim
2479 1532 2861 1604 descripserit.
2913 1534 2987 1590 At
3042 1549 3175 1591 cum
3225 1532 3289 1589 in
3340 1530 3654 1590 nonnullos
3701 1529 3917 1585 codices

2221 1622 2477 1695 scriptos,
2508 1628 2563 1679 et
2603 1621 2841 1694 quidem
2884 1623 3342 1698 antiquissimos,
3373 1623 3431 1679 in
3460 1620 3674 1694 quibus
3702 1618 3919 1692 aliquot

430 1709 680 1777 laudato,
706 1708 805 1765 ubi
828 1712 883 1764 et
918 1708 975 1763 in
999 1711 1258 1763 Psalterii
1284 1714 1577 1763 tractatum
1610 1708 1823 1766 librum
1849 1722 2053 1775 unum,
2084 1710 2198 1789 etB
2224 1711 2589 1784 vulgaturum
2612 1711 2932 1769 editionum
2957 1713 3138 1786 cupita
3164 1713 3584 1782 desiderantur,
3607 1708 3918 1774 incidisset,

429 1799 675 1857 alterum
732 1798 801 1855 de
862 1800 1108 1853 cursibus
1152 1801 1530 1854 ecclesiasticis
1565 1815 1598 1855 a
1650 1814 1710 1856 se
1754 1797 1935 1854 editos
1980 1812 2138 1853 com-

430 1898 727 1949 memorat.
764 1889 1042 1947 (lmterum
1079 1889 1229 1947 idem
1260 1890 1571 1962 Gregorius
1604 1888 1851 1962 singulis
1888 1887 2136 1944 Miracu-

429 1982 622 2041 lorum
651 1979 817 2039 libris
848 1996 1025 2039 suum
1069 1996 1359 2053 quemque
1389 1979 1624 2038 titulum
1669 1978 2020 2051 peculiarem
2052 1982 2138 2033 at-

429 2072 636 2131 tribuit
678 2072 740 2129 in
780 2070 1012 2145 prologo
1048 2071 1183 2128 libri
1230 2071 1300 2128 de
1345 2071 1539 2129 Gloria
1577 2068 2005 2138 Confessorum,
2038 2066 2139 2125 ubi

432 2165 657 2239 primus
680 2164 749 2222 de
779 2161 1075 2221 miraculis
1109 2162 1337 2219 Domini
1372 2177 1437 2219 ac
1479 2167 1808 2218 sanctorum
1841 2158 2139 2231 Apostolo-

434 2269 566 2311 rum
604 2268 669 2309 ac
710 2251 1073 2325 reliquorum
1109 2249 1449 2323 Martyrum.
1480 2265 1612 2322 qum
1646 2250 1924 2305 hactenus
1952 2247 2138 2304 latue—

436 2347 584 2410 rant,
625 2339 879 2405 dicitur;
920 2337 1209 2396 secundus
1250 2337 1319 2394 de
1357 2336 1673 2394 virtutibus
1704 2336 1887 2394 sancti
1917 2335 2139 2393 Juliani

435 2428 721 2502 Martyris,
763 2442 937 2501 quem
990 2434 1257 2484 sanctum
1307 2428 1594 2498 specialem
1643 2443 1800 2480 suum
1847 2430 2141 2497 patronum

434 2530 863 2588 nonnunquam
912 2513 1180 2586 appellat,
1210 2513 1365 2586 quod
1406 2513 1462 2569 in
1499 2514 1625 2585 ejus
1662 2511 1899 2569 basilica
1936 2510 2138 2568 Briva-

434 2605 583 2664 tensi
613 2602 902 2661 enutritus
930 2599 1271 2673 aliquandiu
1325 2600 1558 2670 fuisset;
1592 2608 1839 2674 quatuor
1891 2616 2137 2673 sequen-

433 2702 518 2754 tes
546 2695 615 2752 de
646 2692 958 2752 virtutibus
986 2691 1169 2748 sancti
1192 2690 1425 2748 Martini
1452 2690 2140 2763 appellantur;septimus

435 2782 508 2840 de
540 2780 924 2857 quorumdam
954 2781 1337 2835 Feliciosorum
1366 2792 1491 2846 seu,
1520 2786 1583 2834 ut
1613 2776 1825 2833 habent
1872 2776 2143 2834 nonnulli

436 2874 677 2944 codices,
718 2875 1112 2940 Religiosorum
1148 2869 1302 2934 Vita;
1347 2867 1594 2926 ultimus
1639 2868 1890 2942 denique
1920 2868 1991 2924 de
2030 2867 2143 2923 mi-

442 2961 657 3019 raculis
696 2959 1124 3017 Confessorum.
1156 2955 1336 3015 Paulo
1361 2956 1528 3013 aliter
1561 2955 1661 3013 alii
1705 2956 1933 3013 eosdem
1970 2954 2145 3013 libros

437 3051 496 3109 in
544 3049 722 3107 variis
757 3047 1053 3105 codicibus
1102 3046 1446 3104 inscribunt.
1493 3043 1747 3101 Priorem
1786 3044 1943 3100 enim
1997 3058 2142 3100 non-

434 3154 738 3213 nunquam
764 3141 962 3194 librum
989 3141 1048 3193 in
1078 3140 1257 3206 gloria
1283 3153 1383 3193 seu
1412 3137 1477 3191 de
1505 3127 1685 3204 gloria
1712 3139 2021 3205 Martyrum
2043 3150 2153 3211 ap-v

436 3229 669 3303 pellant,
707 3242 879 3302 quem
925 3227 1097 3283 etiam
1142 3225 1325 3299 aliqui
1366 3225 1620 3296 primum
1663 3224 1901 3291 librum,
1949 3232 2003 3282 et
2052 3240 2142 3280 se-

435 3325 708 3392 quentem
741 3316 811 3372 de
851 3314 909 3373 S.
939 3314 1192 3383 Juliano,
1226 3314 1442 3371 librum
1479 3312 1804 3371 secundum
1857 3316 1915 3367 in
1963 3314 2145 3380 gloria

433 3413 741 3478 Martyrum
769 3421 1101 3479 nuncupare
1131 3406 1335 3463 solent.
1373 3405 1466 3462 Sic
1494 3404 1665 3462 etiam
1699 3405 1847 3461 liber
1876 3408 1936 3459 in
1966 3407 2145 3472 gloria

436 3497 839 3555 Confessorum
869 3497 1058 3553 dictus
1086 3493 1355 3564 occurrit,
1398 3494 1500 3566 qui
1538 3493 1599 3549 in
1630 3492 1917 3550 Chronico
1963 3492 2145 3549 sancti

437 3585 687 3659 Benigni
714 3584 977 3641 laudatur
1026 3582 1134 3640 sub
1164 3582 1330 3639 titulo
1363 3584 1493 3636 libri
1530 3583 1596 3636 de
1625 3586 1762 3636 viris
1809 3584 2140 3637 illustribus.

438 3675 721 3735 Nonnulli
742 3684 935 3733 autem
956 3673 1279 3747 posthabita
1296 3671 1557 3743 Gregorii
1584 3671 1886 3739 librorum,
1922 3672 2050 3729 licet
2074 3670 2146 3727 ab

436 3783 504 3825 eo
532 3768 655 3840 ipso
688 3767 847 3834 facta,
876 3765 1183 3833 divisione,
1213 3763 1388 3821 aliam
1420 3764 1775 3821 invexerunt
1806 3780 1941 3823 cum
1979 3763 2146 3821 novis

438 3858 642 3917 titulis.
677 3858 741 3915 Id
775 3859 833 3915 in
866 3857 1059 3915 codice
1084 3855 1437 3914 Floriacensi
1476 3856 1548 3913 ab
1580 3857 1749 3913 annis
1776 3857 2003 3914 circiter
2040 3856 2145 3915 600

433 3958 666 4010 exarato
696 3949 1153 4017 observavimus,
1184 3948 1246 4005 in
1278 3964 1394 4021 quo
1432 3947 1688 4021 primum
1721 3948 2027 4006 exhibetur
2070 3948 2142 4004 li-

435 4042 536 4099 ber
560 4042 632 4098 de
671 4040 864 4099 Gloria
899 4039 1215 4112 Martyrum
1265 4039 1374 4096 sub
1430 4054 1535 4096 suo
1584 4038 1771 4107 titulo,
1826 4043 1951 4096 tum
1997 4038 2144 4097 Vitae

437 4129 671 4187 Patrum
704 4128 813 4186 sub
844 4127 1009 4185 titulo
1038 4126 1169 4183 libri
1197 4125 1435 4184 secundi
1472 4144 1484 4183 :
1537 4133 1663 4199 post
1692 4126 1847 4183 hunc
1899 4126 2142 4184 habetur

434 4218 582 4276 liber
623 4218 692 4276 de
721 4216 914 4276 Gloria
949 4216 1379 4287 Confessorum,
1422 4216 1523 4290 qui
1558 4216 1640 4273 ibi
1674 4216 1885 4275 dicitur
1926 4215 2140 4290 Grego-

436 4308 507 4365 rii
547 4306 906 4365 Turonensis
954 4305 1101 4363 liber
1140 4305 1361 4362 tertius.
1409 4306 1499 4361 An
1554 4307 1748 4377 plures
1792 4306 2141 4376 exstiterint,

2222 1800 2281 1855 in
2326 1799 2590 1855 animum
2633 1798 2868 1856 induxit
2898 1814 2963 1855 ea
2993 1802 3115 1871 ipsa
3154 1800 3225 1857 ab
3276 1799 3475 1870 aliquo
3524 1796 3919 1868 interpolatorc

2221 1889 2587 1961 Gregorianae
2617 1888 2887 1946 Historiae
2935 1888 3126 1946 addita
3176 1888 3388 1959 fuisse;
3420 1887 3661 1959 ideoque
3700 1882 3923 1958 quoties

2219 1980 2414 2053 aliqua
2456 1980 2698 2036 recurrit
2739 1977 2979 2048 occasio,
3011 1994 3077 2035 ea
3118 1978 3315 2050 rejecit
3360 1974 3542 2033 veluti
3571 1974 3785 2048 spuria,
3827 1975 3925 2029 aut

2223 2077 2392 2139 certe,
2426 2068 2473 2125 si
2503 2084 2578 2125 ex
2603 2067 2721 2125 illis
2771 2067 3056 2124 nonnulla
3109 2067 3180 2125 ad
3231 2083 3352 2125 rem
3384 2081 3549 2123 suam
3598 2064 3829 2131 faciant,
3861 2075 3923 2117 ea

2224 2159 2332 2216 sub
2398 2157 2821 2231 interpolatoris
2865 2157 3102 2215 nomine
3150 2156 3384 2230 profert,
3414 2156 3578 2227 cujus
3615 2151 3925 2210 auctorita-

2223 2256 2335 2305 tem
2370 2249 2553 2305 multo
2583 2247 2933 2321 Gregoriana
2978 2247 3262 2304 minorem
3311 2262 3432 2303 esse
3465 2245 3669 2302 debere
3697 2248 3929 2300 conten-

2222 2341 2322 2397 dit.
2362 2339 2517 2397 Gum'
2556 2355 2689 2396 vero
2738 2355 2851 2397 non
2906 2355 3090 2395 unum
3144 2337 3502 2395 solummodo
3549 2340 3647 2393 aut
3678 2334 3927 2391 alterum

2223 2440 2410 2504 caput,
2441 2430 2539 2489 sed
2581 2431 2876 2503 complura
2922 2429 3133 2502 passim
3184 2445 3286 2502 per
3332 2436 3504 2485 totam
3532 2424 3789 2497 Gregorii
3824 2423 3933 2479 Hi-

2224 2520 2456 2577 storiam
2488 2518 2743 2591 dispersa
2773 2534 2839 2575 eo
2886 2517 3056 2574 modo
3103 2516 3439 2589 interpolata
3470 2516 3644 2572 fuisse
3683 2528 3937 2570 censue-

2221 2610 2295 2666 rit
2325 2616 2381 2665 et
2410 2607 2699 2680 scripserit
2729 2607 2818 2664 vir
2847 2606 3139 2675 eruditus;
3175 2620 3289 2662 non
3316 2604 3461 2662 levis
3494 2602 3769 2660 momenti
3805 2617 3936 2658 esse

2223 2695 2415 2752 visum
2448 2700 2529 2751 est
2557 2710 2621 2750 ea
2652 2693 2722 2750 de
2752 2708 2811 2749 re
2842 2693 3028 2750 fusius
3055 2698 3109 2748 et
3158 2691 3481 2749 accuratius
3512 2690 3833 2762 inquirere,
3867 2702 3941 2744 ne

2224 2794 2323 2841 aut
2352 2785 2493 2841 falsa
2525 2799 2625 2856 pro
2656 2782 2899 2840 sinceris
2926 2782 3184 2853 Gregorii
3216 2782 3486 2855 operibus
3519 2779 3939 2849 obtrudantur,

2227 2883 2325 2931 aut
2355 2882 2503 2931 certe
2531 2890 2664 2930 vera
2692 2880 2746 2930 et
2780 2873 3032 2946 genuina
3081 2873 3331 2930 debitam
3354 2873 3591 2945 perdant
3617 2871 3941 2928 auctorita-

2229 2971 2363 3020 tem.
2399 2962 2469 3021 Ut
2495 2978 2629 3019 vero
2684 2962 2742 3018 in
2789 2961 3185 3034 expendendis
3240 2976 3305 3018 ea
3356 2960 3425 3017 de
3477 2976 3538 3017 re
3565 2960 3943 3031 argumentis

2229 3052 2394 3111 nulla
2441 3052 2771 3111 suboriatur
2803 3052 3084 3123 confusio,
3109 3052 3359 3109 rationes
3394 3068 3537 3125 quas
3578 3052 3674 3108 ille
3714 3051 3774 3108 in
3808 3068 3942 3110 sum

2227 3143 2519 3217 opinionis
2570 3143 2951 3215 patrocinium
3005 3143 3258 3212 adducit,
3320 3142 3656 3214 singillatim
3711 3158 3948 3214 expen-

2227 3229 2433 3286 denda:
2469 3237 2622 3286 sunt.
2660 3229 2758 3286 Eas
2800 3236 2935 3286 sunt
2976 3231 3215 3287 omnino
3263 3236 3375 3285 tres
3409 3252 3421 3285 ε
3456 3228 3700 3301 primam
3733 3244 3809 3284 ex
3842 3245 3946 3287 co-

2228 3317 2422 3374 dicum
2454 3315 2970 3388 manuscriptorum
2998 3317 3336 3374 auctoritate
3358 3317 3585 3388 repetit;
3618 3314 3949 3372 secundam

2229 3423 2301 3465 ex
2334 3406 2674 3478 Fredegario
2701 3395 2958 3478 Gregorii
2996 3405 3207 3464 smculo
3240 3406 3480 3478 septimo
3518 3404 3948 3476 epitomatore;

2229 3497 2453 3555 tertiam
2485 3496 2736 3569 denique
2764 3514 2838 3555 ex
2864 3498 2999 3570 styli
3030 3496 3380 3565 diversitate,
3413 3511 3477 3552 ac
3508 3494 3682 3553 variis
3711 3496 3955 3552 eventi-

2228 3585 2355 3652 bus,
2393 3584 2496 3658 qui
2534 3586 2591 3641 in
2623 3587 2910 3658 ejusmodi
2942 3585 3227 3658 capitibus
3253 3586 3602 3653 referuntur,
3633 3597 3779 3656 quos
3813 3590 3879 3638 et
3919 3599 3955 3640 a

2229 3674 2468 3732 veritate
2502 3675 2772 3733 historica
2806 3676 3049 3746 alienos,
3081 3684 3135 3733 et
3185 3674 3355 3749 plane
3402 3674 3639 3731 sinceris
3667 3672 3955 3745 Gregorii

2230 3764 2444 3822 fetibus
2485 3764 2773 3837 oppositos
2825 3774 3018 3822 censet
3047 3788 3059 3821 :
3092 3779 3225 3837 quae
3253 3763 3485 3838 quidem
3512 3769 3868 3835 argumenta
3904 3760 3956 3820 si

2228 3856 2393 3914 nulla
2435 3870 2559 3912 esse
2612 3855 3222 3925 demonstraverimus,
3276 3862 3501 3913 corruet
3548 3852 3661 3911 viri
3720 3853 3956 3912 eruditi

2229 3943 2534 4015 sententia,
2577 3944 2861 4016 stabitque
2907 3944 3250 4003 inconcussa
3279 3940 3536 4016 Gregorii
3564 3956 3805 4015 operum
3852 3942 3956 3999 in-

2228 4034 2478 4107 tegritas.

2297 4122 2389 4180 87.
2447 4120 2681 4179 Codices
2737 4120 3105 4195 Gregorianaa
3168 4123 3440 4182 Historia:
3511 4124 3956 4198 manuscriptos

2225 4212 2465 4272 omnino
2518 4214 2780 4288 quinque
2835 4214 2944 4271 sibi
2996 4215 3148 4273 visos
3196 4216 3377 4273 fuisse
3417 4216 3497 4272 ait
3533 4213 3822 4283 Cointius,
3876 4232 3956 4275 ex

2226 4305 2439 4378 quibus
2470 4304 2671 4362 nullus
2701 4313 2804 4374 est,
2840 4305 2943 4377 qui
2970 4305 3249 4377 integram
3279 4304 3610 4371 Historiam,
3648 4303 3855 4374 qualis
3898 4306 3956 4364 in

435 4398 742 4455 observare
769 4411 884 4452 non
926 4395 1110 4462 licuit,
1144 4395 1367 4451 avulsis
1416 4411 1449 4451 a
1495 4396 1686 4452 codice
1718 4396 1870 4453 foliis
1898 4405 2208 4467 sequen-D
2231 4394 2478 4466 vulgatis
2526 4400 2734 4465 exstat,
2768 4402 3156 4466 repraesentet.
3199 4394 3361 4463 Quod
3397 4393 3769 4450 manifestum
3834 4394 3956 4465 ipsi

437 4487 615 4544 tibus.
646 4486 728 4541 Ita
769 4485 829 4541 in
859 4484 1052 4541 codice
1082 4484 1415 4541 monasterii
1467 4486 1651 4541 sancti
1679 4485 1946 4542 Audoeni
1991 4486 2147 4558 apud

438 4576 862 4646 Rothomagum
896 4574 1155 4647 ejusdem
1185 4572 1391 4639 zetatis,
1427 4581 1612 4631 exstat
1653 4575 1799 4632 liber
1827 4574 2038 4633 unicus
2071 4593 2146 4634 ex

437 4665 706 4739 capitulis
721 4664 940 4739 aliquot
971 4664 1252 4721 librorum
1270 4663 1339 4721 de
1360 4663 1556 4722 Gloria
1573 4663 1892 4738 Martyrum
1920 4671 1973 4721 et
2002 4665 2146 4723 Con-

440 4759 745 4825 fessorum,
802 4755 1137 4829 aliquotque
1200 4754 1348 4811 Vitis
1400 4754 1633 4812 Patrum
1687 4756 2138 4827 consarcinatus,

440 4847 549 4905 sub
608 4848 714 4904 hoc
768 4846 951 4913 titulo,
1015 4847 1234 4913 Georgii
1284 4847 1548 4900 Florentii
1611 4846 1859 4915 Gregorii
1915 4850 2145 4902 Turonis

439 4938 679 5006 episcOpi
728 4935 794 4988 de
854 4936 1142 4989 Miraculis
1194 4938 1502 4987 sanctorum
1558 4935 1711 4988 liber.
1771 4932 1959 4991 Simili
2031 4934 2143 4993 fere

437 5023 608 5080 modo
630 5022 901 5096 permixti
923 5028 1059 5079 sunt
1081 5022 1140 5077 in
1166 5020 1358 5077 codice
1376 5020 1613 5090 Collegii
1643 5021 1982 5080 Parisiensis
2012 5022 2137 5082 Soc.

439 5111 576 5170 Jesu
623 5110 756 5167 libri
805 5126 904 5167 seu
950 5110 1139 5183 potius
1189 5108 1409 5181 aliquot
1453 5110 1702 5182 capitula
1748 5110 2031 5169 librorum
2073 5111 2143 5169 de

443 5199 637 5259 Gloria
668 5199 986 5272 Martyrum
1017 5208 1071 5255 et
1102 5198 1528 5267 Confessorum,
1562 5198 1671 5256 sub
1704 5200 1810 5257 hac
1838 5202 2009 5259 unica
2046 5200 2143 5257 in-

441 5288 749 5361 scriptione
803 5307 815 5344 :
875 5291 1074 5358 Incipit
1150 5289 1284 5342 liber
1339 5290 1667 5343 Miraculum
1725 5290 1943 5358 Georgii
2017 5293 2139 5345 Flo-

436 5380 605 5433 rentii
634 5378 880 5445 Gregorii
925 5380 1163 5447 episcopi
1214 5379 1272 5431 in
1309 5379 1487 5444 gloria
1536 5380 1901 5447 plurimorum
1940 5385 2145 5449 marty-

440 5485 562 5524 rum
583 5483 685 5525 seu
715 5467 1128 5525 confessorum.
1154 5464 1264 5524 Sed
1295 5466 1419 5524 haec
1442 5465 1682 5522 minoris
1708 5472 1845 5523 sunt
1867 5467 2143 5526 momenti

445 5571 621 5629 quam
656 5561 723 5615 ut
746 5554 932 5615 fusius
962 5560 1395 5628 pertractentur.
1427 5553 1541 5611 Nec
1578 5553 1799 5613 diutius
1825 5554 2145 5615 immoran-

2229 4484 2458 4541 videtur
2488 4482 2951 4556 interpolationis
2983 4484 3262 4543 iudiciuin
3298 4508 3310 4541 :
3355 4500 3486 4542 cum
3521 4483 3701 4541 multo
3730 4484 3956 4555 proba-

2230 4575 2407 4634 bilius
2457 4575 2749 4633 existimet
2803 4576 3070 4647 quzedam
3124 4576 3304 4634 fuisse
3358 4576 3431 4632 ab
3484 4574 3956 4646 exscriptoribut

2227 4667 2439 4735 addita,
2475 4682 2647 4740 quam
2690 4666 2914 4736 integro
2943 4675 2997 4724 et
3026 4682 3300 4739 germano
3331 4666 3486 4739 operi
3519 4665 3785 4722 detracta.
3826 4665 3956 4724 Ve‘

2228 4771 2359 4813 rum
2390 4754 2519 4812 licet
2545 4756 2651 4812 hoc
2682 4765 3093 4826 argumentum
3122 4757 3277 4814 baud
3312 4756 3601 4813 immerito
3641 4754 3956 4813 validissi.

2230 4860 2389 4902 mum
2435 4843 2659 4901 Cointio
2708 4844 2899 4902 visum
2942 4846 3031 4913 sit,
3077 4845 3291 4919 quippe
3334 4844 3433 4916 qui
3478 4842 3703 4900 nullum
3755 4843 3956 4903 aliuu

2229 4935 2481 4993 codicem
2516 4936 2771 4992 novisset
2800 4934 3104 5007 integram,
3134 4943 3197 4993 ut
3229 4935 3285 4992 in
3314 4934 3481 4991 editis
3509 4932 3769 5003 habetur,
3804 4934 3955 4992 Gre

2226 5023 2370 5095 gorii
2413 5021 2725 5079 Historiam
2778 5023 3187 5092 continentem,
3255 5022 3397 5079 illud
3456 5030 3646 5079 tamen
3711 5022 3956 5083 nulliut

2226 5112 2501 5170 momenti
2552 5111 2692 5168 viris
2732 5112 2992 5181 eruditis,
3024 5119 3090 5169 ut
3114 5127 3298 5185 spero,
3320 5110 3625 5179 videbitur,
3649 5125 3780 5165 cum
3824 5127 3955 5169 nor

2225 5203 2412 5261 solum
2446 5202 2667 5260 codices
2694 5202 2988 5261 codicibus
3033 5202 3489 5275 opposuerimus,
3525 5216 3729 5258 verum
3757 5201 3956 5261 etiam

2225 5292 2811 5351 demonstraverimus
2856 5294 3077 5351 codices
3122 5308 3239 5361 eos,
3288 5292 3388 5365 qui
3427 5290 3740 5348 Historiam
3780 5288 3851 5347 in
3870 5300 3956 5350 tet

2224 5396 2387 5453 gram
2423 5380 2737 5450 continent,
2768 5381 2951 5440 multo
2987 5382 3218 5455 majoris
3250 5396 3372 5438 esse
3408 5379 3762 5438 auctoritatis
3804 5379 3956 5440 alii:

2226 5484 2371 5542 quos
2409 5484 2484 5527 ex
2520 5469 2643 5541 ipso
2695 5470 2867 5527 etiam
2910 5468 3134 5528 Cointio
3188 5468 3425 5528 mutilos
3476 5474 3530 5523 et
3568 5464 3955 5536 imperfecto:

2228 5574 2350 5616 esse
2381 5557 2776 5631 probabimus,
2814 5566 3009 5632 utpote
3054 5558 3156 5632 qui
3198 5557 3511 5632 genuinam
3535 5553 3799 5628 Gregorii
3838 5556 3955 5617 Hi
