3972 6340
205 355 271 413 73

1664 358 1745 414 ΡΒ
1757 354 2035 414 ᾹΞΡΑΤΙΟ

3420 376 3482 429 τι

193 470 440 531 ﬂor-iam,
468 470 587 539 ipso
611 469 773 523 etiam
808 470 1028 535 fatente,
1049 469 1309 540 integram
1340 485 1449 525 non
1475 462 1785 529 exhilarant.

1897 488 2106 542 videtur
2130 484 2406 552 Cointius;
2440 487 2534 543 sed
2565 498 2769 545 certum
2804 503 2908 560 est,
2940 489 3152 550 etiamst
3185 494 3382 551 fuerint
3403 498 3482 553 in-

194 560 273 615 Διὶ
306 577 421 616 rem
452 566 633 631 itaque
664 563 965 617 veniamus.

262 653 355 709 88.
399 654 466 707 Et
497 654 729 722 primum
758 652 976 724 quidem
1005 652 1266 708 habemus
1294 668 1405 724 pre
1429 654 1679 719 manibus
1696 671 1793 711 co-

193 745 371 799 dicem
403 748 625 815 optimae
668 756 811 800 noue
836 760 907 801 ex
937 745 1262 801 bibliotheca
1303 750 1611 804 monasterii
1660 750 1794 805 Bec-

191 840 371 893 censis
402 840 455 894 in
502 839 851 906 Nummis,
901 840 970 894 ab
1000 841 1155 896 annis
1185 842 1402 895 circiter
1438 844 1792 910 septingentis

138 1004 143 1009 ὁ
188 934 472 1001 eleganter
496 940 552 987 et
572 931 1207 1001 accuratedeseriptum,
1238 933 1297 987 in
1328 946 1437 1002 quo
1472 947 1548 988 ne
1573 934 1790 989 unicum

189 1025 413 1090 quidem
460 1033 623 1093 caput
670 1024 901 1094 vulgata:
931 1024 1474 1094 Gregoriiﬂistorite
1519 1026 1792 1083 desidera-

196 1129 303 1171 tur.
337 1117 632 1172 Habuimus
674 1126 733 1171 et
758 1116 927 1171 alium
978 1130 1044 1173 ex
1077 1117 1408 1173 monasterio
1436 1116 1792 1188 Regiitnontis

193 1208 418 1263 Ordinis
468 1207 845 1263 Cistcreiensis
893 1208 944 1263 in
972 1208 1191 1262 dioecesi
1240 1208 1603 1263 Bellot-acensi
1650 1209 1789 1264 haud

194 1302 376 1355 minus
404 1302 695 1371 integrum,
724 1309 958 1371 excepto
988 1316 1096 1356 uno
1124 1310 1219 1355 aut
1248 1301 1421 1357 altero
1451 1302 1571 1357 libri
1618 1304 1787 1358 ultimi
1862 1320 1865 1321 ν

192 1394 395 1463 capite,
428 1407 549 1463 qua:
576 1395 648 1448 ob
674 1394 915 1448 detracta
962 1393 1132 1449 codici
1164 1393 1371 1464 aliquot
1391 1415 1395 1419 ’
1414 1394 1542 1448 folia
1572 1397 1787 1453 desunt.

194 1486 438 1542 Tertium
471 1488 792 1556 proferimus
826 1502 899 1543 ex
947 1485 1081 1543 sacri
1129 1488 1441 1543 monasterii
1470 1486 1790 1557 jCasinensis

194 1582 247 1635 in
278 1582 432 1637 Italia
467 1583 760 1648 percelebri
800 1583 1151 1645 bibliotheca,
1198 1582 1390 1637 litteris
1422 1580 1786 1652 Langobardi-

195 1675 276 1727 cis
304 1676 374 1726 ab
400 1678 557 1727 ann‘s
583 1674 802 1728 circiter
832 1673 1187 1742 septingentis
1219 1681 1311 1728 aut
1339 1673 1573 1743 amplius
1601 1688 1789 1727 exara-

195 1772 331 1827 tum,
376 1774 516 1819 teste
546 1764 853 1819 Mabillouio
881 1773 1094 1830 nostro,
1134 1764 1289 1833 cujus
1320 1778 1427 1819 non
1477 1765 1651 1819 solum
1698 1776 1789 1818 va-

1892 579 2303 648 terpolationes,
2337 582 2389 634 in
2439 581 2590 639 eodic
2614 583 2713 638 bus
2758 585 2926 642 multo
2963 589 3347 646 vetustioribus
3395 594 3489 647 ha-

1852 675 1859 681 '
1896 669 2033 726 bri.
2068 670 2198 726 Post
2224 670 2367 727 hunc
2397 672 2625 728 Matltias
2660 673 2927 747 lllyricus,
2976 678 3327 748 Marqttardus
3364 682 3491 738 Fre-

1897 760 2081 829 lterus,
2111 763 2310 835 aliique
2338 766 2438 820 viri
2462 766 2604 821 docti
2626 767 2874 823 eamdem
2906 769 3195 826 l|i~toriant
3219 771 3483 844 integram

1895 857 2140 924 edidere,
2164 867 2220 913 et
2248 858 2465 927 quidem
2495 859 2564 914 ad
2617 860 2833 916 codices
2880 865 3271 935 manuscriptos
3299 882 3488 921 emen-

1900 948 2080 1003 datam
2106 961 2159 1004 et
2173 948 2521 1017 illustratam,
2545 960 2605 1005 ut
2626 951 2844 1021 ipsimet
2865 953 3136 1010 affirmant
3152 974 3163 1008 :
3182 972 3282 1013 nec
3310 967 3488 1013 tamen

1891 1052 2121 1109 usquam
2167 1050 2489 1097 monuerunt
2545 1044 2709 1098 multa
2754 1046 2806 1099 in
2862 1046 2974 1100 suis
3018 1046 3294 1103 codicibus
3342 1048 3485 1105 desi-

1893 1133 2092 1200 derari,
2116 1146 2234 1203 quae
2263 1130 2523 1204 Gregorio
2547 1144 2728 1189 assuta
2772 1147 3074 1193 censerent.
3110 1138 3254 1193 Idem
3298 1139 3496 1195 dicen--

1893 1222 2020 1277 dum
2049 1222 2115 1277 de
2146 1222 2379 1278 Andrete
2408 1220 2626 1278 Chesuii
2656 1224 2913 1290 editione,
2942 1243 3098 1294 quam
3128 1241 3187 1282 se
3218 1230 3283 1282 ad
3325 1229 3483 1295 quin-

1893 1332 1997 1385 que
2024 1316 2239 1371 codices
2292 1318 2686 1385 tnanuscriptos
2717 1319 2997 1382 diligenter
3023 1321 3340 1375 emendasse
3364 1338 3489 1389 pro-

1892 1406 2095 1461 fitetur.
2151 1406 2360 1463 Frater
2413 1407 2546 1462 isws
2607 1407 2828 1463 codices
2895 1409 2949 1463 in
3004 1411 3199 1479 quibus
3250 1410 3483 1465 llistorizt

1862 1496 2136 1566 'Gregorii
2184 1496 2393 1568 integra
2451 1498 2721 1568 descripta
2775 1510 2852 1553 est
2884 1543 2900 1568 ,
2951 1497 3211 1555 habemus
3259 1507 3315 1556 et
3352 1501 3487 1555 alios

1891 1591 2216 1659 Complures,
2249 1602 2302 1646 et
2343 1591 2559 1660 quidem
2593 1592 3013 1658 vetustissimos,
3042 1594 3131 1663 qui
3168 1610 3272 1648 non
3304 1596 3485 1649 minus

1891 1694 2066 1736 caus-te
2094 1692 2291 1737 nostrze
2339 1684 2757 1751 pa‘troeinantttr,
2804 1699 2923 1740 cum
2972 1684 3023 1739 in
3055 1682 3160 1740 illis
3200 1694 3487 1740 Occurrunt

1891 1786 1953 1826 ea
2003 1773 2176 1841 capita
2225 1773 2325 1827 sub
2370 1771 2613 1843 Gregorii
2644 1771 2974 1830 Turonensis
3007 1774 3245 1841 nomine,
3293 1790 3412 1846 qua:
3453 1791 3487 1831 a

194 1858 302 1912 fias
333 1855 594 1912 lectione}
635 1858 960 1927 accepimuS,
989 1858 1081 1913 sed
1135 1867 1189 1911 et
1216 1856 1528 1928 singillatim
1550 1858 1786 1910 omnium
1821 1868 1868 1928 Β
1890 1862 2105 1919 Cointio
2137 1865 2455 1934 interpolata
2485 1862 2843 1933 appellantur.
2876 1865 3019 1920 Talis
3048 1874 3131 1920 est
3161 1866 3265 1920 vita
3307 1870 3481 1921 sancti

193 1952 429 2019 capitam
462 1950 681 2015 seriem,
712 1962 742 2003 a
772 1949 889 2004 viro
924 1950 1010 2019 pio
1042 1952 1241 2017 pariter
1266 1950 1555 2005 eterudito
1586 1948 1784 2003 domno

197 2044 425 2099 Immo
456 2058 483 2098 a
508 2043 678 2099 Gaeta
704 2043 865 2114 hujus
893 2043 992 2099 loci
1022 2044 1159 2098 sacri
1183 2042 1588 2098 ltibliotbccario
1613 2052 1665 2098 et
1710 2042 1782 2096 vi-

197 2144 345 2189 cario
370 2134 608 2204 generali
646 2136 717 2189 ad
751 2148 849 2191 nos
880 2134 1251 2190 ttattsntissatn
1282 2151 1297 2188 :
1328 2148 1395 2190 ex
1436 2148 1537 2204 qua
1568 2134 1783 2203 quidem

196 2227 359 2291 serie,
382 2238 434 2281 et
458 2228 620 2281 variis
648 2226 971 2282 lectionibus
999 2224 1475 2296 deprehendimus,
1510 2224 1650 2296 quod
1673 2226 1784 2294 jam

198 2318 332 2371 mihi
364 2318 617 2373 testatum
647 2317 841 2385 fuerat,
876 2332 941 2374 ne
973 2320 1184 2374 unic'u-n
1228 2320 1440 2389 quidem
1482 2332 1582 2389 cap
1625 2329 1665 2387 ι,
1693 2320 1787 2374 illo

201 2408 253 2462 in
282 2407 473 2463 codice
497 2408 814 2465 desiderari.
849 2409 992 2465 Duos
1024 2412 1150 2465 item
1183 2410 1398 2465 codices
1436 2424 1501 2465 ex
1533 2410 1788 2465 Romanis

200 2499 543 2557 bibliothecis
590 2501 831 2569 ejusdem
862 2503 939 2557 rei
973 2501 1136 2557 vades
1167 2502 1463 2579 habemtts,_
1491 2516 1556 2558 ex
1602 2503 1787 2557 Galliis

202 2590 427 2647 Romam
458 2594 665 2648 defatos
696 2611 723 2648 a
754 2593 1024 2649 Cbrislina
1056 2592 1263 2650 Suebiae
1307 2595 1507 2664 rt-gina,
1555 2608 1786 2662 quorum

202 2686 339 2738 alter
380 2685 437 2740 in
484 2684 744 2741 Vaticana
790 2684 1141 2753 bibliotheca,
1190 2686 1328 2743 alter
1358 2701 1488 2743 vero
1521 2685 1574 2741 in
1599 2687 1789 2742 biblio-

200 2775 359 2830 theca
403 2776 812 2832 eminentissimi
843 2778 1131 2833 curdinalis
1173 2778 1424 2834 Ottoboni
1455 2787 1785 2835 asserVatur.

184 2863 315 2920 illos
339 2879 521 2921 autem
553 2866 836 2935 diligenter
858 2866 1097 2938 inspexit
1126 2879 1179 2924 et
1206 2869 1532 2924 examinavit
1558 2870 1790 2927 domnus

190 2955 456 3027 Claudius
483 2958 864 3029 Stephanmtus
893 2970 1094 3017 nostra:
1132 2959 1571 3033 Congregationis
1596 2962 1652 3018 in
1695 2978 1793 3019 cu-

204 3049 281 3101 ria
340 3048 582 3105 Romana
613 3060 927 3123 procurator
960 3055 1245 3125 generalis,
1279 3066 1439 3124 atque
1468 3057 1687 3112 omnino
1715 3057 1792 3111 itt-

190 3147 383 3208 κει-οε
409 3155 534 3199 esse
562 3144 889 3209 observavit.
936 3158 1163 3215 excepto
1205 3146 1395 3205 ultimo
1446 3150 1622 3222 capite
1670 3150 1789 3204 libri

1892 1954 2084 2010 Brit-cii
2138 1954 2189 2009 in
2238 1955 2626 2023 antiquissimis
2655 1956 2982 2009 lettionaris
3026 1955 3285 2027 Gregorio
3314 1956 3486 2010 Turu-

1892 2048 2041 2102 ttensi
2100 2046 2386 2111 attributa,
2447 2047 2620 2101 sancti
2670 2046 2835 2103 Salvii
2888 2047 3189 2117 Albigensis
3246 2048 3484 2118 episcopi

1890 2150 2039 2209 gesta
2090 2138 2142 2192 in
2174 2138 2359 2192 codice
2382 2137 2600 2207 Majoris
2630 2138 2957 2200 Monasterii.
2998 2151 3051 2194 et
3100 2140 3201 2194 alia
3252 2144 3482 2209 passim,

1888 2240 2007 2297 quae
2038 2228 2345 2298 singillatim
2396 2244 2678 2285 recensere
2737 2246 2840 2285 non
2893 2241 3063 2286 vacat.
3118 2234 3186 2287 At
3236 2235 3485 2288 omittere

1890 2332 1996 2373 non
2043 2320 2167 2375 licet
2215 2331 2447 2376 veterem
2496 2336 2760 2376 canonum
2811 2319 3307 2394 pt‘ol‘ess‘ionutnque
3362 2326 3485 2379 lidei

1889 2411 2267 2468 collectionem
2299 2426 2364 2468 ex
2403 2411 2589 2467 codice
2621 2411 2962 2480 Fossatensi,
2998 2429 3139 2469 nunc
3178 2414 3487 2470 Golbertino

1890 2504 2234 2573 descriptam,
2267 2503 2321 2560 in
2350 2520 2450 2575 qua
2483 2505 2725 2575 Gregorii
2759 2508 2924 2561 nostri
2955 2508 3154 2577 aliquot
3184 2505 3483 2577 fragmenta

1893 2598 1965 2651 ita
2000 2597 2302 2662 laudantur,
2336 2607 2392 2651 ut
2420 2613 2485 2652 ex
2538 2595 2745 2669 integra
2797 2598 2931 2669 cjtts,
2965 2601 3175 2670 qualem
3207 2615 3323 2656 eam
3368 2616 3489 2656 esse

1892 2702 2320 2760 propugnamus,
2368 2689 2606 2745 listoria
2654 2705 2716 2746 ea
2763 2691 3042 2761 desumpta
3094 2692 3258 2747 fuisse
3291 2708 3485 2760 negare

1892 2794 2001 2837 non
2034 2782 2209 2837 liceat.
2244 2780 2320 2837 Ibi
2350 2782 2493 2837 enim
2525 2782 2765 2853 Gregorii
2796 2784 2879 2838 dis
2913 2784 3114 2853 eptatio
3142 2783 3210 2839 de
3241 2786 3345 2839 fide
3382 2799 3477 2839 ea.

1890 2874 2087 2930 tholica
2118 2888 2243 2929 cum
2269 2875 2517 2945 Agilane,
2552 2874 2849 2945 Leuvigildi
2881 2877 3023 2945 regis
3057 2877 3255 2945 legato,
3304 2879 3483 2932 lauda-

1894 2974 1983 3021 tur
2011 2964 2111 3020 sub
2142 2966 2297 3019 titulo
2327 2965 2684 3020 Altercatt'onis
2715 2967 2780 3020 de
2803 2967 2839 3035 ﬁ
2861 2972 2906 3021 .‘e
2930 2966 3214 3034 Trinitatis,
3241 2970 3381 3038 quod
3410 2968 3488 3037 [e-

1892 3058 1963 3111 cit
1990 3056 2271 3129 Gregorius
2296 3055 2601 3111 Toronenst's
2621 3057 2908 3128 episwpns,
2931 3058 3069 3127 quod
3091 3068 3163 3113 est
3190 3060 3244 3111 in
3278 3059 3407 3111 libro
3432 3073 3485 3120 v,

1894 3150 2061 3217 capite
2112 3147 2205 3213 43,
2237 3159 2290 3203 et
2323 3149 2480 3217 paulo
2513 3158 2630 3216 post
2676 3149 2841 3201 altera
2874 3163 3030 3216 quam
3073 3164 3191 3202 cum
3232 3147 3491 3215 Opilane,

192 3230 419 3295 decimi.
452 3236 594 3306 quod
646 3238 697 3293 in
743 3239 1103 3295 Ottoboniano
1152 3241 1338 3298 codice
1384 3260 1487 3297 non
1543 3244 1787 3299 habetur.
1820 3245 1868 3308 C
1900 3242 2081 3298 itidem
2114 3238 2410 3307 Leuvigildi
2441 3239 2641 3309 legato,
2694 3239 2877 3293 babuit
2903 3225 3159 3307 excerpta
3187 3238 3382 3291 dicitur
3422 3250 3491 3292 ea:

192 3325 424 3381 'Sestunt
470 3330 714 3385 codicem
746 3333 899 3388 nobis
929 3334 1232 3403 suppeditat
1264 3346 1413 3403 pater
1453 3334 1723 3392 Modestus
1761 3353 1790 3393 a

192 3426 392 3473 sanae
421 3421 651 3475 Antabili
678 3434 742 3477 ex
770 3420 975 3479 Ordine
1014 3424 1416 3484 Carmelitarum
1461 3432 1795 3486 excalceato-

198 3518 348 3573 rtnn,
377 3508 469 3576 qui
498 3511 552 3564 in
600 3510 907 3568 nauarchis.
938 3528 1122 3571 sancta
1149 3519 1390 3574 codicem
1427 3520 1793 3576 Claromonta-

198 3613 336 3653 num
381 3599 603 3667 laudat,
660 3604 711 3658 in
760 3618 867 3673 quo
922 3605 1245 3676 Gregorianrt
1298 3609 1528 3665 Historia
1581 3628 1647 3666 ne
1689 3628 1794 3665 uno

200 3692 422 3761 quidem
442 3695 628 3763 capite
649 3694 809 3751 editis
842 3698 1056 3754 brevior
1087 3708 1187 3755 est.
1218 3702 1494 3768 Eumdetn,
1528 3714 1619 3757 aut
1649 3713 1795 3759 certe

144 3826 149 3833 .
198 3783 445 3840 similent
475 3786 742 3852 codicem,
775 3789 865 3858 qui
896 3790 1161 3861 hodieque
1190 3794 1329 3857 apud
1360 3793 1679 3848 Cartnelitas
1703 3810 1797 3849 ex-

204 3878 477 3933 calceatus
505 3879 835 3937 Glaromonti
865 3892 1129 3949 servatur,
1157 3885 1394 3955 inspexit
1423 3900 1485 3939 ac
1512 3884 1797 3949 diligenter

202 3973 437 4027 contulit
467 3984 650 4029 noster
678 3973 865 4030 Petrus
898 3973 1220 4031 Laurentius
1264 3979 1557 4032 monachus
1601 3976 1797 4032 lliidia-

206 4076 330 4134 nus,
358 4075 521 4134 atque
559 4080 681 4121 eum
726 4067 944 4121 omnino
969 4068 1232 4133 integrum
1260 4080 1383 4125 esse
1414 4068 1793 4134 deprehendit.

205 4155 457 4225 Septimi,
488 4166 544 4211 et
567 4158 779 4226 quidem
794 4159 1017 4223 vetusti,
1063 4160 1265 4215 codicis
1297 4159 1541 4214 notitiam
1569 4159 1798 4215 Guillel-

204 4261 300 4302 tuo
329 4246 548 4303 Hardie
601 4248 880 4312 debemus,
934 4263 1092 4320 quem
1138 4266 1201 4306 ex
1251 4250 1576 4305 bibliotheca
1627 4253 1795 4306 sancti

206 4339 786 4398 ﬂartiui‘l‘uronensis
810 4356 869 4397 se
896 4344 1168 4411 accepisse
1197 4345 1409 4409 fatetur,
1444 4342 1494 4397 itt
1536 4360 1641 4414 quo
1683 4360 1800 4398 om—

204 4434 301 4488 τιὴ
350 4437 575 4489 omnino
600 4437 772 4502 capita
825 4446 1169 4492 controversa
1215 4438 1484 4493 ex~titisse
1519 4438 1795 4505 dicimus,

204 4540 321 4579 non
368 4526 545 4580 solum
577 4542 642 4582 ex
676 4535 856 4581 textus
883 4526 1294 4593 emendatione,
1328 4528 1422 4583 sed
1448 4537 1501 4583 et
1542 4543 1607 4582 ex
1639 4530 1800 4583 variis

1894 3335 2025 3390 libro
2056 3350 2127 3403 vt,
2157 3336 2323 3404 capite
2352 3330 2443 3396 40,
2481 3345 2599 3402 qua:
2628 3329 2842 3403 quidem
2887 3343 3013 3384 vera
3059 3343 3181 3384 esse
3212 3343 3318 3383 non
3363 3342 3490 3397 pos-

1894 3440 2042 3496 sunt,
2074 3431 2117 3484 si
2148 3442 2210 3485 ea
2241 3428 2415 3498 capita
2445 3444 2512 3485 ex
2542 3430 2788 3499 Gregorii
2837 3426 2987 3484 libris
3017 3425 3324 3495 demantur,
3371 3441 3491 3494 qua:

1893 3517 2138 3577 Cointius
2173 3518 2287 3575 vult
2315 3532 2435 3574 esse
2464 3519 2804 3589 interpolata.
2852 3519 2981 3574 Nam
3008 3523 3176 3591 prima
3224 3523 3338 3576 haec
3380 3520 3492 3575 dis-

1897 3614 2101 3684 putatio
2125 3611 2278 3681 juxta
2320 3607 2515 3665 Cointii
2548 3610 2810 3665 calculum
2840 3612 2894 3666 in
2940 3611 3127 3668 codice
3154 3610 3487 3675 Corbciensi,

1896 3714 2055 3773 caput
2084 3704 2144 3760 δι
2174 3701 2295 3757 libri
2324 3716 2377 3770 v,
2409 3702 2580 3759 altera
2610 3718 2736 3759 vero
2761 3712 2923 3772 caput
2944 3702 3015 3758 ‘26
3043 3704 3164 3759 libri
3192 3705 3490 3774 sequentis,

1897 3795 2203 3851 constituit.

1970 3886 2060 3944 89.
2112 3888 2401 3945 Codicibus
2445 3889 2623 3958 itaque
2673 3886 2971 3943 Cointianis
2999 3887 3214 3945 codices
3257 3890 3490 3957 opponi-

1899 3994 2037 4047 ntns,
2068 3988 2124 4034 et
2146 3979 2363 4050 quidem
2387 3980 2589 4034 mutilis
2610 3986 2666 4035 et
2698 3978 3022 4047 imperfectis
3053 3980 3289 4051 integros
3310 3993 3361 4035 et
3389 3980 3490 4036 nti-

1900 4072 2043 4125 nime
2076 4071 2309 4125 vitiatas.
2336 4070 2566 4127 Codices
2595 4071 2737 4125 enim
2770 4088 2797 4122 ει
2826 4071 3035 4126 Cointio
3063 4072 3257 4127 laudati
3293 4075 3373 4128 vel
3412 4088 3481 4127 eo

1902 4162 2117 4216 nomine
2165 4164 2264 4217 hac
2313 4164 2364 4216 in
2396 4174 2544 4231 parte
2587 4164 2787 4217 noSIris
2833 4166 3152 4218 auctoritate
3203 4162 3485 4220 inferiores

1900 4251 2106 4306 censeri
2137 4252 2359 4315 debent,
2390 4252 2531 4320 quad
2572 4252 2623 4306 in
2658 4252 2766 4307 illis
2792 4256 3041 4307 omnibus
3073 4256 3233 4307 multa
3275 4256 3487 4310 deddeo

1902 4353 2108 4404 rentur,
2135 4356 2253 4410 qua:
2281 4341 2365 4394 vel
2398 4345 2512 4408 ipso
2541 4342 2738 4395 fatente
2766 4341 2995 4405 Cointio,
3027 4343 3091 4395 ad
3122 4341 3364 4413 Gregorti
3386 4345 3484 4399 Hi-

1905 4444 2005 4489 stot
2022 4435 2124 4487 iam
2168 4433 2457 4503 pertinent.
2489 4432 2669 4487 Codex
2719 4434 2916 4503 quippe
2958 4434 3355 4491 Bellovacensis
3396 4438 3491 4491 lli-

1904 4523 2085 4579 storia:
2134 4524 2479 4593 Gregoriante
2527 4527 2880 4593 fragmentum
2939 4528 3115 4594 potius
3166 4528 3267 4583 diei
3307 4530 3489 4596 debet,

206 4619 535 4674 lectionibus
586 4619 655 4674 ab
703 4621 804 4673 ista
836 4620 1023 4674 codice
1064 4620 1382 4690 desumptis,
1434 4638 1566 4689 quas
1600 4625 1649 4675 in
1692 4638 1803 4678 sum
1831 4618 1881 4677 Ι)
1908 4632 2064 4684 quant
2097 4614 2207 4683 ipsa
2237 4614 2479 4684 Gregorii
2516 4614 2767 4677 Historia.
2799 4625 2856 4668 ιιι
2882 4628 3005 4683 pote
3033 4620 3119 4686 qui
3153 4618 3326 4686 capite
3362 4620 3397 4672 ὃ
3427 4621 3488 4672 Ii-

207 4709 466 4765 editionis
493 4710 785 4779 appendiee
814 4711 925 4779 ipse
975 4709 1227 4766 Morellus
1275 4713 1477 4781 retulit,
1510 4728 1574 4767 ex
1607 4713 1801 4782 quibus

215 4800 413 4867 passim
448 4800 723 4855 nonnu‘lze
763 4810 1050 4855 occurrunt
1092 4801 1156 4854 ad
1182 4802 1382 4869 capita,
1419 4819 1536 4871 qum
1561 4804 1801 4857 Cointins

211 4893 505 4947 "secanda
540 4902 749 4954 censet,
793 4891 1150 4959 pertinentes.
1184 4886 1443 4947 Octavum
1476 4892 1582 4946 vidi
1632 4895 1683 4946 in
1714 4894 1797 4947 bi-

216 4980 480 5041 ﬂictheca
509 4983 824 5037 monasterii
876 4992 1078 5037 sancta:
1120 4982 1400 5038 Trinitatis
1444 4982 1801 5039 Vinducinen-

217 5074 695 5144 Iis,inqu
748 5085 857 5128 nun
908 5074 1088 5142 plures
1118 5090 1276 5144 quant
1318 5076 1551 5143 quinque
1597 5077 1799 5143 priores

218 5164 467 5220 Historia:
518 5165 684 5219 libros
720 5166 1107 5234 complectitur
1132 5181 1252 5218 cum
1309 5163 1427 5219 libri
1461 5167 1595 5219 sexti
1623 5166 1800 5231 titulo,

216 5257 308 5312 sal
356 5260 542 5311 munia
590 5256 810 5311 omnino
864 5261 1055 5312 borum
1108 5258 1363 5311 librorum
1417 5257 1614 5324 capita,
1662 5258 1799 5325 quod

218 5349 557 5414 potissimum
606 5357 690 5401 est
735 5349 1122 5403 controversiae
1178 5356 1369 5413 caput,
1426 5356 1799 5413 rvprtesentat.

218 5439 311 5496 llis
337 5442 479 5495 adde
512 5442 788 5497 editiones
832 5440 1072 5510 Gregorii
1105 5441 1363 5511 vulgatus,
1400 5454 1533 5508 quas
1579 5456 1708 5495 sane
1735 5442 1799 5492 ad

216 5530 433 5586 codices
498 5532 742 5602 integros
810 5532 977 5586 fuisse
1040 5540 1319 5586 accuratas
1374 5546 1531 5584 nemo
1576 5528 1798 5584 inliciari

220 5634 417 5688 potest.
447 5619 609 5677 Certe
639 5624 729 5690 qui
762 5622 964 5690 primus
995 5621 1237 5690 Gregorii
1278 5622 1561 5674 Historiam
1588 5622 1802 5689 evulga-

220 5716 290 5765 tit
314 5713 889 5778 Guillelmus-Parvus,
919 5712 1039 5773 has.
1065 5715 1137 5766 uti
1163 5722 1316 5766 Vocat
1343 5710 1607 5777 Coitttius,
1640 5712 1805 5765 inter-

219 5806 516 5874 potationes
544 5808 614 5861 de
643 5824 742 5860 suo
772 5823 879 5860 non
911 5806 1113 5859 addidit
1142 5823 1153 5857 :
1188 5805 1327 5876 quod
1363 5812 1539 5858 tamen
1582 5803 1807 5858 innuero

542 5922 811 5983 PATROL.
860 5918 1090 5981 LXXI.

1906 4706 1987 4760 bti
2012 4722 2045 4758 tt
2073 4705 2279 4774 incipit,
2311 4713 2365 4758 et
2394 4706 2589 4759 desinit
2619 4707 2794 4774 capite
2822 4706 2893 4760 95
2921 4706 3042 4762 libri
3068 4724 3117 4761 v.
3143 4708 3491 4764 Corbeiensis

1907 4812 2033 4850 vero
2064 4798 2279 4850 mutilus
2318 4796 2531 4865 quidem
2564 4813 2672 4851 non
2702 4804 2806 4859 est,
2835 4806 2890 4849 at
2914 4814 3017 4851 non
3066 4798 3165 4852 nisi
3196 4814 3288 4852 sex
3330 4799 3494 4855 libros

1907 4892 2113 4956 priores
2161 4888 2399 4952 exhibet,
2448 4886 2665 4941 caeteris
2715 4885 2948 4950 omissis,
2997 4901 3195 4954 prteter
3244 4888 3361 4944 libri
3422 4907 3494 4945 νιι

1905 4978 2285 5048 fragmentum,
2336 4979 2498 5048 quod,
2533 4978 2669 5033 sicut
2699 4987 2751 5031 et
2798 4980 2847 5031 itt
2877 4978 3063 5032 codice
3106 4978 3493 5047 Bellovacensi,

1906 5071 2005 5122 sub
2038 5067 2196 5123 linem
2230 5067 2345 5122 libri
2376 5084 2424 5122 tv
2458 5068 2698 5122 habetur.
2732 5068 2910 5122 Godex
2947 5069 3310 5136 Gnlltertinus,
3332 5088 3490 5140 quem

1906 5158 2219 5215 Thuaneunt
2258 5159 2516 5225 Valesius,
2548 5160 2714 5215 sancti
2746 5159 3017 5214 Michaelis
3042 5160 3285 5217 Gttintius
3308 5166 3492 5232 appelv-

1908 5251 2003 5313 lat,
2051 5258 2192 5303 totus
2242 5258 2425 5302 noster
2473 5257 2574 5313 est,
2621 5250 2665 5303 si
2714 5251 2945 5319 aliquam
3001 5253 3158 5307 fidem
3205 5268 3492 5310 mereatur.

1907 5342 2123 5397 Avulsis
2152 5358 2346 5411 nempe
2375 5341 2445 5395 ab
2478 5357 2544 5396 eo
2573 5343 2940 5411 compluribus
2971 5349 3429 5415 quaternionibus,
3460 5367 3488 5403 ει

1906 5434 2079 5502 capite
2107 5436 2171 5490 17
2200 5435 2318 5490 libri
2339 5437 2485 5492 ‘sexti
2518 5437 2727 5493 initium
2755 5440 2938 5506 sumit,
2972 5456 3071 5496 nec
3100 5441 3293 5495 deinde
3323 5442 3484 5494 ullntn

1909 5527 2127 5582 omnino
2155 5530 2357 5583 omittit
2380 5529 2697 5600 capitulum.
2724 5531 3010 5587 Tltuaneus
3032 5549 3124 5588 seu
3152 5532 3493 5587 Colbertinus

1911 5624 2069 5682 after,
2099 5620 2189 5690 qui
2220 5638 2246 5673 a
2279 5622 2490 5676 Cointio
2518 5625 2686 5676 Sancti
2718 5623 2946 5688 Arnnlﬁ,
2979 5638 3069 5677 seu
3101 5621 3371 5677 Mcttensis
3412 5623 3494 5676 di-

1912 5713 2069 5775 citur,
2123 5713 2272 5768 initit
2322 5731 2386 5768 ex
2438 5717 2636 5770 codicis
2686 5717 2817 5769 vitio
2883 5713 3269 5784 itnperiecttts,
3326 5722 3551 5791 mu‘tav

1916 5802 2111 5859 deinde
2138 5804 2336 5861 omittit
2363 5823 2375 5859 :
2408 5807 2548 5876 quod
2577 5817 2765 5877 sponte
2794 5810 2984 5861 factum
3012 5800 3116 5873 est,
3142 5805 3305 5862 immo
3332 5818 3386 5864 et
3424 5789 3492 5865 tta

2976 5921 3013 5979 3
