3972 6340
528 320 594 360 ⁸7νῖ

562 322 596 377 5
1996 318 2388 375 PIUEFA'TIO.

3753 331 3824 384 7b

521 432 752 500 incaute,
783 445 836 489 ut
867 451 1063 490 nonum
1093 445 1144 491 et
1171 436 1436 490 decimum
1471 437 1721 491 Historia:
1767 435 2113 506 Gregoriana:
2141 437 2188 495 Α
2221 437 2288 488 tis
2317 437 2563 491 Historia:
2594 446 2880 505 ama-tores,
2919 439 3148 494 maxime
3178 442 3229 495 in
3263 444 3551 510 provinciis
3593 445 3661 498 ab
3713 448 3819 499 Ar-

519 522 690 578 libros
719 524 1039 588 confuderit,
1075 536 1130 580 ut
1161 525 1431 581 Chronico
1463 526 1768 594 Fredegarii
1799 527 1940 580 inter
1980 524 2112 580 Gre-

517 614 652 684 gorii
675 630 835 684 opera
867 617 1043 671 locum
1075 618 1230 672 daret
1257 619 1356 672 sub
1389 620 1509 672 libri
1542 635 1571 672 ιι
1618 619 1866 674 Historia:
1901 618 2111 686 Grego-

523 706 691 762 riana:
714 708 884 762 titulo.
920 709 1145 776 Quintus
1176 710 1409 779 denique
1436 711 1748 766 Cointianus
1778 711 1942 764 codex
1967 726 1999 765 e
2023 727 2110 766 re-

513 798 597 865 gia
642 799 964 854 bibliotheca
996 801 1080 855 vix
1111 813 1340 870 quatuor
1364 803 1529 856 libros
1557 802 1962 869 complectitur,
2000 812 2108 856 tam

514 893 842 959 negligenter
865 891 1194 962 descriptos,
1229 902 1286 946 ut
1317 894 1458 947 inter
1487 895 1660 962 capita
1690 910 1810 961 qua:
1851 897 1902 948 in
1935 894 2111 950 indice

516 992 903 1048 memorantur,
924 993 978 1037 et
1008 984 1119 1052 ipsa
1152 985 1382 1053 capitula
1409 986 1460 1038 in
1492 984 1626 1039 libro
1651 986 1943 1056 descripta,
1968 989 2107 1042 nulla

512 1070 582 1125 sit
607 1074 1002 1128 convenientia.
1032 1075 1200 1129 Immo
1227 1077 1363 1130 liber
1391 1087 1611 1144 quartus
1633 1078 1830 1133 desinit
1859 1079 1910 1132 in
1934 1081 2109 1147 capite

515 1165 604 1231 17,
635 1174 690 1218 et
737 1175 913 1220 tamen
945 1167 1102 1235 hujus
1147 1168 1266 1221 libri
1298 1169 1474 1222 omnia
1521 1169 1755 1238 capitula
1789 1171 1840 1224 in
1872 1170 2107 1225 indiculo

510 1256 610 1322 ipsi
644 1256 865 1326 prarlixo
891 1267 1277 1311 memorantur.
1308 1257 1422 1311 Non
1449 1267 1624 1313 tamen
1665 1261 1886 1315 mutilus
1912 1269 1995 1314 est
2017 1276 2108 1315 co-

510 1345 612 1400 de:
643 1361 659 1398 :
691 1346 786 1400 sed
837 1355 958 1413 post
1007 1347 1104 1399 hos
1155 1346 1404 1401 Historia:
1457 1346 1622 1402 libros
1673 1347 1725 1402 in
1767 1363 1834 1403 eo
1863 1350 2106 1419 sequitur

509 1435 717 1491 Adonis
746 1436 1051 1491 Cbrouicou
1083 1437 1270 1492 eodem
1315 1438 1537 1491 omnino
1567 1453 1724 1493 manu
1749 1439 2101 1510 descriptum.

577 1527 668 1583 90.
716 1527 837 1582 Alio
882 1528 1008 1582 item
1048 1541 1362 1598 argumento
1410 1531 1662 1598 probatur
1700 1547 1943 1601 magnam
1996 1549 2102 1587 non

506 1634 626 1674 esse
646 1618 1048 1673 Cointianoruiu
1072 1620 1313 1674 codicum
1337 1623 1707 1676 auctoritatem
1724 1623 1788 1675 ad
1808 1624 2098 1678 resecando

505 1724 570 1762 ex
601 1708 861 1777 Gregorio
910 1711 1190 1779 complura
1241 1710 1491 1764 Historia:
1538 1712 1675 1778 loca,
1727 1713 1864 1782 quod
1911 1730 2101 1784 nempe

2220 529 2394 581 vernis
2417 538 2508 582 aut
2531 528 2835 583 Turonibus
2859 529 3012 598 longe
3033 531 3234 584 dissitis
3249 547 3645 588 commorautes
3669 536 3818 592 haud

2217 617 2439 673 multum
2471 619 2750 673 curabant.
2779 617 2940 674 Certe
2969 621 3017 674 id
3063 621 3234 690 ipsum
3265 624 3391 677 fet-it
3427 624 3817 697 Fredegariw,

2214 708 2304 774 qui
2338 708 2583 763 Historia:
2617 710 2947 765 Francorum
2975 713 3246 782 epitoinen
3280 730 3346 768 ex
3377 715 3618 785 Gregorii
3668 721 3814 771 scri-

2217 799 2319 866 ptis
2350 799 2685 854 coneiunans
2732 803 2989 871 pleraque
3035 805 3299 872 ejusmodi
3330 807 3534 872 omisit,
3567 810 3709 878 quod
3744 809 3814 862 ad

2215 905 2300 944 res
2331 890 2616 947 Francicas
2639 910 2744 948 non
2778 897 3126 963 pertinerent.
3156 896 3298 951 Idem
3322 898 3562 953 fecerunt
3588 905 3815 972 Anony-

2213 996 2330 1035 mus
2353 984 2441 1050 qui
2472 984 2570 1036 sub
2598 985 2935 1040 Theoderico
2962 1002 3086 1056 rege
3116 991 3349 1057 scripsit,
3399 989 3703 1054 Aimoinus,
3755 1006 3812 1046 et

2210 1073 2298 1125 alii
2331 1075 2420 1142 qui
2468 1074 2636 1129 secuti
2661 1085 2785 1129 sunt
2812 1075 3137 1132 Francorum
3187 1079 3440 1134 Historia:
3488 1092 3810 1148 scriptores.

2212 1164 2385 1218 Aliam
2410 1165 2535 1220 item
2569 1168 2825 1222 nonnulla
2854 1169 3135 1223 omittendi
3169 1170 3401 1238 capitula
3432 1171 3693 1227 rationem
3722 1174 3756 1227 li
3779 1193 3811 1226 i-

2210 1255 2337 1310 bere
2380 1267 2664 1325 potuerunt
2721 1259 2964 1313 codicum
3012 1260 3236 1314 istorum
3289 1263 3584 1330 scriptores
3613 1281 3626 1316 :
3659 1267 3803 1331 quod

2208 1360 2399 1414 nempe
2423 1363 2508 1400 res
2538 1349 2588 1401 in
2617 1349 2721 1403 illis
2749 1349 2882 1404 locis
2905 1359 3131 1404 narrata:
3159 1350 3211 1405 in
3243 1352 3626 1419 Miraculoruui
3651 1357 3805 1412 libris

2206 1452 2233 1487 ει
2267 1434 2523 1504 Gregorio
2554 1440 2715 1494 editis
2745 1453 3138 1511 repeterentur.
3173 1443 3314 1499 ldem
3346 1445 3396 1497 in
3428 1448 3592 1501 VJtiiS
3639 1448 3804 1502 Mira-

2205 1531 2449 1581 culorum
2477 1533 2870 1598 exemplaribus
2900 1532 3095 1587 factum
3119 1535 3470 1604 deprehendi.
3495 1536 3628 1592 Cum
3654 1543 3800 1594 enini

2207 1614 2294 1668 isti
2346 1617 2559 1672 codices
2589 1621 2760 1673 sancti
2811 1621 3039 1682 Martini.
3089 1633 3180 1676 aut
3222 1634 3421 1678 sanita:
3463 1626 3803 1696 lladeguudis

2207 1711 2513 1777 transitum,
2545 1722 2636 1764 aut
2665 1713 2798 1767 alias
2838 1715 3104 1782 ejusmodi
3139 1715 3392 1770 historias
3438 1720 3666 1773 seorsim
3698 1725 3802 1775 sub

503 1815 610 1853 non
640 1800 825 1854 eadem
861 1803 911 1854 in
942 1803 1191 1854 omnibus
1224 1802 1340 1856 i~tis
1371 1802 1682 1869 codicibus,
1727 1803 1819 1857 sed
1852 1805 1992 1858 varia
2042 1807 2092 1858 in
2128 1813 2170 1870 Β
2197 1805 2443 1856 sermonis
2470 1803 2729 1875 Gregorii,
2753 1809 3048 1876 autquovis
3075 1809 3200 1874 alio,
3230 1810 3384 1864 titulo
3405 1813 3798 1880 exliibttissent,

504 1893 668 1945 variis
698 1892 925 1962 capitula
959 1890 1356 1948 desiderentur.
1386 1894 1822 1963 Exstantquipire
1841 1897 2096 1950 nonnulla

501 1984 556 2037 in
587 1983 896 2038 Corbeiensi
929 1993 1024 2037 aut
1069 1983 1124 2038 in
1160 1985 1549 2050 Bellovaecnsi,
1582 2001 1704 2055 qua:
1739 1986 1792 2040 in
1825 1987 2094 2057 Mettensi,

497 2071 816 2126 Michaelino
847 2084 940 2126 aut
983 2075 1149 2142 Hegio
1182 2090 1289 2128 non
1316 2089 1640 2140 occurrunt;
1673 2088 1724 2130 et
1757 2079 1871 2132 vice
1909 2094 2086 2145 versa,

495 2164 598 2218 alia
629 2178 755 2218 sunt
788 2167 838 2219 in
873 2166 991 2219 istis
1022 2178 1112 2218 aut
1144 2167 1198 2220 iu
1242 2170 1521 2232 alterutro,
1568 2184 1687 2237 quae
1737 2184 1844 2222 non
1898 2171 2098 2226 habent

499 2253 896 2310 llellovaeensis
923 2255 1094 2310 codex
1123 2265 1216 2310 aut
1243 2255 1583 2311 Coibeiensis
1608 2275 1624 2323 ;
1657 2259 1728 2313 ita
1764 2273 1818 2314 ut
1850 2263 1991 2316 nulla
2020 2281 2088 2318 ex

496 2346 614 2398 istis
644 2345 922 2401 codicibus
949 2358 1092 2401 ci-rta
1120 2351 1289 2417 possit
1323 2350 1726 2421 liiiberiregula.
1751 2352 1804 2407 Si
1830 2356 1971 2408 enim
2004 2372 2095 2411 co-

495 2438 590 2488 ilex
616 2432 956 2491 Corbeiensis
980 2439 1191 2491 caeteris
1209 2436 1544 2507 prmferatur,
1569 2451 1625 2496 ut
1647 2452 1770 2512 pote
1797 2443 1903 2500 illis
1926 2450 2092 2501 multo

493 2525 764 2594 antiquior
794 2534 849 2582 et
890 2527 1170 2596 integrior,
1197 2529 1306 2598 jatn
1342 2530 1612 2587 vacillabit
1652 2544 1968 2591 cretei-orum
1999 2556 2092 2593 au-

493 2623 746 2685 Ctoritas;
798 2635 991 2689 nempe
1038 2622 1128 2690 qui
1175 2624 1340 2678 variis
1389 2634 1546 2678 erunt
1589 2627 1966 2697 interpolation
1993 2635 2088 2689 bus

497 2708 741 2763 admixti.
775 2708 938 2779 quue
967 2711 1250 2765 dicendum
1284 2715 1384 2768 erit
1406 2713 1474 2768 de
1511 2716 1818 2774 Corbeiensi
1852 2718 1967 2788 ipso
1996 2735 2088 2779 aut

491 2797 879 2869 ilellovacensi,
912 2801 956 2855 si
991 2801 1141 2871 Regii
1175 2813 1262 2857 aut
1289 2817 1434 2858 certe
1481 2805 1754 2863 Mettensis
1799 2813 2087 2868 auctoritas

491 2892 703 2944 ea‘teris
728 2895 1103 2961 anteponenda
1131 2905 1436 2950 censeatur.
1469 2895 1635 2952 Immo
1685 2900 1812 2953 velit
1844 2899 1972 2956 nolit
2007 2904 2087 2957 vir

490 2980 749 3047 eruditus,
779 2996 877 3036 nec
904 2982 1265 3048 Corbcieusis,
1304 3002 1401 3039 nec
1432 2987 1648 3056 Regius,
1679 2997 1770 3044 aut
1794 2991 1928 3045 alius
1959 2995 2082 3062 qui-

487 3072 570 3126 vis
601 3087 665 3126 ex
691 3072 985 3127 Cointianis
1008 3075 1285 3128 CUdil'iles
1307 3092 1334 3127 a
1361 3092 1584 3132 ceu‘ura
1615 3084 1809 3148 poterit
1834 3097 1954 3139 esse
1978 3084 2080 3138 iiii-

2209 1890 2324 1944 lia:e
2357 1893 2465 1960 ipsa
2492 1896 2720 1963 capitula
2753 1898 2867 1952 suis
2893 1899 3024 1953 locis
3048 1899 3246 1954 omissa
3277 1913 3404 1954 sunt
3436 1902 3486 1956 in
3520 1906 3672 1970 libris
3703 1908 3794 1961 ιιι-

2203 1984 2532 2050 raculorum,
2583 2002 2703 2056 qua:
2736 1996 2913 2043 tamen
2947 2007 3010 2044 ex
3055 1991 3158 2044 illis
3205 2005 3459 2062 excerpta
3493 2011 3596 2049 non
3630 1995 3682 2050 fu
3697 2003 3793 2056 isse

2201 2089 2362 2128 neruo
2389 2076 2606 2132 dixerit.
2638 2079 2777 2146 Quin
2807 2090 2859 2134 et
2881 2081 3253 2136 Miraiculorum
3287 2085 3452 2140 libros
3471 2102 3503 2140 a
3531 2088 3796 2158 Gregorio

2199 2166 2394 2232 editos,
2423 2168 2665 2222 eamdem
2698 2184 2761 2225 ac
2803 2171 2916 2240 ejus
2948 2172 3236 2227 Historiam
3288 2188 3489 2230 sortem
3540 2177 3795 2235 habuisse

2201 2257 2338 2313 infra
2369 2258 2686 2326 videbimus,
2717 2260 2976 2328 siquidem
2997 2264 3236 2317 nonnulli
3265 2277 3550 2321 occurrunt
3575 2267 3794 2323 codices

2206 2365 2335 2403 tuss.
2373 2351 2421 2403 in
2454 2349 2667 2419 quibus,
2699 2351 2915 2406 Omissis
2946 2355 3141 2422 possit!)
3176 2358 3355 2410 multis
3379 2358 3643 2426 capitulis,
3677 2376 3793 2415 ca:-

2197 2453 2306 2493 ιρι-ιι
2335 2451 2810 2510 repraesentantur,
2853 2459 2918 2498 eo
2950 2445 3107 2499 modo
3133 2461 3196 2500 ac
3225 2449 3269 2500 si
3295 2449 3361 2501 de
3393 2451 3531 2503 iacto
3559 2449 3634 2502 illi
3664 2450 3791 2508 libri

2194 2535 2345 2600 plura
2377 2549 2485 2587 non
2514 2533 3023 2602 complecerentur.

2263 2622 2350 2677 91.
2372 2624 2476 2678 Has
2501 2639 2660 2693 porro
2681 2641 2769 2680 res
2785 2628 3107 2695 singulares,
3129 2639 3183 2684 et
3196 2630 3365 2685 series
3385 2633 3788 2706 episcoporum,

2194 2725 2285 2767 aut
2308 2715 2598 2770 celebrium
2627 2731 2862 2770 vzrorum
2891 2718 3091 2786 exitus,
3116 2736 3236 2788 quae
3258 2724 3436 2776 omnia
3467 2723 3789 2795 interpolaa

2191 2815 2378 2860 ceuset
2407 2806 2649 2860 Cointius
2669 2848 2683 2872 ,
2716 2818 2768 2862 et
2800 2812 3180 2876 epitomatores
3227 2813 3547 2881 omiserunt,
3593 2828 3788 2872 merito

2190 2904 2372 2951 tamen
2405 2897 2456 2951 in
2488 2913 2636 2951 suam
2672 2900 2957 2954 Historiam
2990 2901 3281 2957 admiserat
3323 2902 3631 2975 Gregorius,
3664 2926 3782 2976 qui,

2188 2987 2260 3040 uti
2293 2986 2346 3040 in
2379 2988 2596 3058 prologo
2628 3001 2836 3057 mouet,
2871 3008 2977 3046 non
3008 2993 3180 3047 solum
3211 3010 3396 3064 regum
3429 3007 3523 3050 aut
3571 2999 3780 3066 princi-

2187 3093 2310 3146 pum
2337 3088 2485 3148 gesta
2516 3082 2823 3136 describere
2856 3082 3185 3157 instituerat,
3213 3101 3399 3141 verum
3431 3087 3592 3142 etiam
3623 3106 3786 3144 enar-

486 3161 660 3216 munis
681 3204 696 3228 ,
725 3171 782 3217 nt
812 3174 934 3231 pote
961 3167 1049 3234 qui
1085 3167 1318 3221 universi
1351 3185 1455 3223 non
1503 3172 1632 3226 satis
1672 3183 1923 3230 accurate
1965 3179 2078 3230 siu-
2112 3189 2156 3250 ρ
2195 3186 2319 3226 rare
2351 3171 2615 3239 tidelibus,
2648 3189 2749 3242 qua
2782 3173 2987 3230 ratione
3016 3175 3306 3231 delcnsatze
3337 3179 3567 3235 iuiSScnt
3595 3181 3783 3238 Eccle-

486 3267 608 3306 cera
661 3253 906 3322 Gregorii
954 3270 1117 3324 opera
1168 3271 1655 3331 repra-sentaru..t,
1690 3275 1782 3319 aut
1844 3266 2082 3337 interpo-

483 3343 586 3396 lata
629 3345 982 3411 admittendo,
1017 3356 1108 3400 aut
1155 3348 1381 3404 sincera.
1420 3351 1731 3420 rejicienda.
1777 3355 1895 3425 Ipse
1937 3361 2080 3414 cnim

483 3433 650 3485 codex
701 3434 1044 3490 Corbeiensis
1093 3451 1188 3490 sex
1236 3439 1573 3494 solunnucdo
1619 3442 1864 3511 Gregorii
1915 3447 2080 3502 libros

481 3522 721 3587 exhibet,
744 3524 990 3592 quamvis
1019 3525 1196 3593 plures
1230 3526 1392 3582 fuisse
1421 3545 1519 3584 nec
1541 3531 1656 3598 ipse
1684 3532 1932 3590 COLntius
1964 3537 2080 3592 inli-

483 3613 677 3676 ciatur,
723 3614 813 3681 qui
846 3614 1060 3682 quidem
1094 3616 1212 3670 libri
1234 3618 1343 3686 jam
1375 3634 1440 3672 eo
1468 3628 1714 3691 tempore
1761 3641 1867 3693 quo
1909 3631 2075 3684 codex

481 3701 571 3757 ille
597 3705 831 3773 Scriptus
859 3714 943 3759 est
975 3708 1084 3761 non
1110 3719 1294 3776 erant;
1328 3711 1440 3777 ipse
1471 3713 1635 3778 enim,
1669 3719 1805 3771 sicut
1831 3729 1882 3772 et
1905 3717 2079 3775 Bello-

481 3798 748 3860 vacetisis,
777 3796 936 3870 habet
964 3797 1080 3851 libri
1111 3814 1176 3853 vn
1203 3799 1584 3870 fragmentum.
1608 3804 1812 3863 Deinde
1831 3807 2078 3865 Bellova-

479 3887 658 3942 censis
686 3887 738 3940 in
773 3888 907 3942 libro
934 3905 970 3943 ιι
1002 3891 1191 3945 tiaosit
1219 3907 1247 3946 a
1279 3897 1455 3959 capite
1489 3897 1549 3950 19
1575 3898 1639 3951 ad
1665 3911 1823 3968 caput
1853 3901 1941 3971 52,
1976 3921 2074 3960 nec

480 3987 657 4031 tamen
690 3980 869 4032 omnia
897 3980 1234 4050 interuiedia,
1272 3985 1352 4038 vel
1389 3987 1502 4054 ipso
1535 3987 1732 4043 fatente
1759 3991 1987 4058 Coiuii»,
2022 4007 2075 4050 et

481 4070 697 4138 quidem
727 4073 1080 4142 refragaretur
1107 4077 1274 4129 codex
1303 4075 1461 4130 Corbi
1483 4080 1667 4144 ii-nsis,
1711 4082 1817 4137 dici
1851 4097 2074 4153 possunt

480 4161 821 4228 interpolata.
851 4152 1116 4218 Nonnulla
1151 4167 1327 4234 itaque
1356 4180 1544 4237 sponte
1571 4179 1626 4226 et
1663 4172 1782 4226 data
1813 4152 1975 4245 opera
2005 4192 2068 4231 ex

474 4252 720 4322 Gregrrii
765 4256 1016 4324 opeiibus
1071 4257 1122 4310 in
1157 4258 1268 4311 istis
1318 4260 1593 4315 codicibus
1637 4276 1876 4319 reseeata
1924 4279 2067 4333 sunt,

473 4353 525 4396 ct
555 4344 769 4412 quidem
803 4347 922 4400 libri
972 4349 1180 4415 integri.
1227 4350 1422 4414 Quidni
1468 4363 1522 4407 ct
1566 4355 1765 4421 aliquot
1817 4360 2069 4427 capitula,

461 4417 596 4502 Equa:
638 4437 703 4488 ad
735 4452 846 4490 rem
879 4454 1027 4492 suam
1055 4440 1230 4495 facere
1275 4458 1379 4496 non
1429 4447 1809 4502 existimabant
1858 4451 2068 4508 illorum

462 4509 795 4594 scriptores,
828 4539 918 4582 aut
945 4539 1091 4582 certe
1121 4533 1522 4599 cpitomatores.
1555 4535 1686 4602 Qua:
1707 4539 1850 4594 enim
1902 4546 2068 4609 p0tuit

472 4629 595 4670 esse
633 4619 767 4670 ratio
797 4619 1150 4686 scriptoribus
1178 4619 1284 4674 illis
1327 4622 1493 4678 libros
1527 4628 1853 4692 posteriores
1879 4646 1909 4685 e
1939 4631 2068 4687 Gre-

471 4708 692 4776 goriana
739 4707 972 4763 Historia
1007 4727 1110 4765 non
1158 4711 1532 4780 describendi,
1561 4718 1751 4773 ‘eadetn
1787 4722 1883 4774 luit
1912 4736 2069 4781 ιιιιιιιο

472 4799 618 4852 tendi
643 4814 672 4853 e
701 4800 967 4868 prioribus
998 4802 1272 4872 complura
1296 4806 1545 4872 capitula.
1569 4808 1725 4875 Quod
1747 4811 1793 4866 si
1821 4830 1935 4867 inea
1962 4832 2065 4872 non

470 4904 557 4944 me
587 4890 722 4944 fallit
748 4891 1078 4962 conjectura,
1110 4896 1403 4966 scriptorcs
1433 4900 1508 4953 illi
1540 4900 1826 4958 Historiam
1877 4923 2062 4978 regum

468 4980 800 5038 Francorum
834 4986 1034 5040 habere
1065 4989 1350 5054 volebant,
1382 5005 1410 5042 a
1463 4995 1757 5060 peregrinis
1803 5000 2063 5052 narratio-

470 5071 627 5124 nibus
652 5074 1114 5146 pecoliaribusque
1142 5077 1298 5134 factis
1317 5095 1673 5150 segregatum,
1691 5088 1834 5140 unde
1857 5103 1920 5141 ea
1945 5105 2062 5158 qua:

464 5162 533 5216 de
554 5161 648 5216 illo
677 5179 992 5232 argumento
1015 5169 1304 5240 Gregorius
1325 5173 1638 5243 scripserat,
1671 5185 1876 5231 exarari
1908 5196 2062 5233 cura-

463 5267 612 5324 runt,
643 5259 856 5313 omissis
896 5262 1016 5317 aliis
1047 5265 1228 5331 rebus,
1279 5282 1399 5335 qua:
1446 5268 1517 5322 ad
1551 5283 1705 5324 suum
1761 5273 2058 5329 institutum

465 5363 572 5404 non
603 5351 937 5419 spectabant.
990 5354 1200 5410 Etenim
1251 5357 1424 5427 capita
1473 5359 1560 5414 illa
1604 5377 1721 5430 qua:
1769 5363 1986 5419 codices
2026 5381 2056 5419 a

461 5441 675 5497 Cointio
696 5444 892 5500 laudati
921 5461 1026 5502 non
1062 5448 1281 5516 habent,
1313 5466 1375 5506 ea
1421 5463 1546 5508 sunt
1593 5471 1712 5524 qua:
1756 5457 2057 5527 singulares

460 5535 664 5603 aliquot
705 5550 963 5605 personas
990 5540 1279 5610 attingunt,
1310 5557 1503 5612 quave
1533 5547 1929 5616 episcOporum,
1962 5565 2056 5618 po-

462 5628 730 5680 tissimum
772 5627 1296 5687 Claromontensium
1328 5645 1378 5688 et
1421 5636 1810 5693 Turonensium
1856 5643 2050 5695 seriem

461 5729 868 5790 πεντωεοιιιιιιιι,
898 5736 986 5779 aut
1013 5726 1110 5778 alia
1134 5727 1396 5794 ejusmodi
1421 5771 1434 5796 ,
1461 5748 1578 5800 qua:
1624 5732 1892 5787 Ρωιιρὶεω
1915 5748 2047 5801 geu-

2189 3263 2312 3328 siae;
2345 3271 2605 3331 quantum
2635 3265 2835 3319 Chiisd
2869 3265 3002 3320 ﬁdes
3035 3269 3084 3321 in
3117 3269 3390 3323 nonnullis
3421 3272 3684 3342 languida,
3724 3277 3779 3329 in

2189 3355 2438 3422 plurimis
2483 3358 2754 3423 ferveret;
2787 3374 2973 3426 quaeve
3006 3360 3201 3415 fuerint
3230 3365 3521 3418 certamina
3550 3367 3783 3435 ll.ogitio-

2185 3459 2391 3512 soruin,
2417 3455 2507 3499 aut
2540 3460 2685 3502 recte
2728 3452 3018 3504 v.veutioui
3065 3453 3193 3516 vita,
3236 3461 3292 3508 ct
3331 3455 3434 3508 alia
3482 3457 3780 3527 ejusmodi,

2183 3551 2302 3604 qua:
2345 3537 2396 3589 in
2427 3535 2671 3607 Gregorii
2704 3540 2932 3595 Historia
2966 3544 3184 3600 dit'ticilc
3214 3545 3578 3617 invenientur,
3620 3567 3780 3608 rese-

2181 3635 2315 3686 catis
2338 3632 2402 3686 iis
2423 3649 2524 3703 cup
2548 3636 2669 3690 tulis
2689 3652 2807 3704 qua:
2830 3637 3070 3693 Coiutius
3090 3655 3210 3697 esse
3235 3641 3524 3711 rejicienda
3553 3657 3780 3702 conten-

2179 3727 2275 3779 dit.
2325 3727 2544 3791 Dcinde,
2601 3729 2674 3781 uti
2732 3731 2891 3784 etiam
2941 3733 3154 3800 prchcrt
3208 3736 3373 3789 codex
3406 3737 3775 3807 Corbeiensis,

2181 3813 2468 3869 Historiam
2527 3819 2951 3874 ecclesiasticam
2999 3822 3214 3891 scripsit
3271 3822 3594 3895 Gregorius,
3649 3843 3777 3897 qua:

2179 3909 2401 3976 proinde
2425 3909 2670 3979 exigebat
2692 3919 2746 3966 et
2766 3912 2967 3981 episcoi
2987 3929 3138 3968 orum
3161 3917 3351 3980 series,
3378 3931 3432 3972 et
3455 3935 3774 3990 magnorum

2178 4002 2414 4055 virorum
2449 4004 2717 4072 interitus,
2742 4020 3037 4076 eorumque
3063 4009 3318 4076 praeclare
3339 4022 3610 4079 gestorum
3641 4030 3774 4068 nar-

2177 4094 2464 4148 rationem.
2493 4094 2547 4149 ld
2581 4096 2812 4152 fecerant
2851 4098 3102 4154 Historia:
3130 4103 3506 4158 ecclesiastica:
3534 4109 3774 4177 scripto-

2178 4201 2263 4238 res
2293 4187 2553 4256 Gregorio
2584 4189 2946 4258 antiquiores,
2995 4208 3131 4262 quos
3181 4193 3295 4263 ipse
3337 4197 3440 4250 sibi
3484 4197 3773 4256 imitandos

2174 4288 2556 4346 proposuerat,
2599 4289 2654 4334 et
2697 4281 3034 4350 potissimum
3085 4285 3346 4342 Eusebius
3389 4290 3770 4360 (Imsariensis,

2172 4373 2260 4435 qui
2295 4381 2487 4438 praeter
2514 4374 2750 4428 virorum
2778 4376 3071 4430 celebrium
3103 4388 3273 4447 gesta,
3303 4383 3575 4452 catalogus
3601 4389 3769 4442 etiam

2173 4476 2240 4528 ep
2264 4479 2554 4530 scoporum
2587 4465 2835 4521 Historia:
2863 4483 2974 4521 sua:
3008 4472 3316 4525 iuterseruit
3349 4488 3452 4526 non
3481 4477 3652 4529 solum
3679 4491 3771 4532 se-

2101 4580 2149 4639 υ
2176 4552 2321 4605 dium
2357 4555 2810 4622 patriarclialium,
2837 4559 2930 4614 sed
2956 4569 3011 4615 et
3029 4559 3380 4618 Ca‘sariensis
3405 4563 3656 4622 Ecclesia:
3678 4570 3769 4624 cui

2179 4653 2425 4711 praeerat,
2449 4655 2503 4699 et
2524 4647 3008 4718 Jerosolymizanie,
3040 4669 3158 4723 qua:
3189 4662 3313 4709 tunc
3339 4670 3450 4710 sua:
3478 4662 3766 4727 metr0poli

2171 4748 2283 4790 ciat
2309 4738 2568 4803 subjecta.

2244 4829 2330 4880 9:2.
2366 4828 2470 4883 Sed
2499 4839 2553 4885 et
2596 4831 2838 4900 palmari,
2871 4842 2930 4887 ut
2975 4835 3104 4890 milii
3157 4838 3389 4906 videtur,
3443 4854 3764 4913 aigumento

2171 4919 2342 4973 evinci
2376 4932 2548 4988 potest
2576 4963 2590 4986 ,
2624 4923 2908 4979 Historiam
2941 4927 3182 4998 Gregorii
3216 4933 3266 4985 in
3297 4933 3569 4988 codicibus
3595 4937 3762 4992 Coin-

2171 5009 2330 5062 tiauis
2358 5011 2720 5068 abbreviatam
2752 5015 2947 5083 fuisse,
2975 5027 3136 5087 atque
3165 5036 3230 5076 ex
3262 5025 3528 5092 ampliori,
3584 5028 3659 5081 uti
3705 5031 3760 5084 in

2169 5099 2290 5152 aliis
2318 5100 2418 5153 cod
2442 5102 2594 5156 cibus
2624 5104 2871 5172 habetur,
2901 5108 3252 5177 decurtatam,
3286 5114 3328 5166 si
3361 5116 3761 5175 demonstretur

2166 5194 2446 5260 complura
2485 5198 2657 5265 capita
2691 5200 2885 5263 passim
2919 5201 2969 5254 in
3001 5203 3195 5258 Coiutii
3225 5211 3624 5277 exemplaribus
3666 5215 3762 5266 ha.

2167 5286 2298 5350 beri,
2330 5305 2452 5357 qua:
2496 5294 2852 5346 necessariam
2884 5294 3081 5351 habent
3111 5313 3233 5353 cum
3263 5302 3368 5356 illis
3394 5303 3524 5372 ipsis
3552 5321 3673 5376 qua:
3699 5308 3755 5363 in

2163 5376 2240 5430 eis
2269 5375 2662 5442 desiderantur,
2692 5386 3116 5454 connexioneui;
3147 5405 3310 5445 mimo
3349 5404 3404 5448 et
3433 5375 3758 5470 quandoque

2159 5482 2222 5522 ea
2253 5469 2452 5526 diserte
2502 5473 2702 5528 laudari
2734 5493 2853 5544 quin
2884 5477 3201 5549 interpolata
3233 5499 3386 5542 vocat
3411 5469 3679 5558 Cointius,
3700 5496 3755 5551 in

2163 5563 2439 5618 codicibus
2484 5566 2816 5634 Corbeiensi,
2864 5582 2994 5636 etc.,
3033 5575 3084 5629 iii
3137 5578 3329 5646 quibus
3354 5582 3516 5637 etiam
3563 5599 3757 5644 sensus

2159 5664 2241 5707 est
2268 5670 2645 5727 nonnunquam
2679 5677 2900 5716 mancus
2926 5676 2979 5718 et
3012 5667 3375 5737 impeilecuis,
3407 5676 3504 5728 uisi
3535 5692 3598 5729 cx
3627 5678 3751 5735 aliis

2158 5746 2428 5803 codicibus
2450 5749 2780 5819 suppleatur.
2814 5755 3032 5824 Aliquot
3065 5759 3221 5829 lizijus
3249 5764 3325 5817 tci
3352 5768 3597 5836 exempla
3619 5784 3750 5839 ιιι-οε
