3972 6340
308 408 377 462 77
1790 403 2157 471 iiii-iirmo
3541 422 3609 484 ἥδ

304 521 529 576 [cicada
578 525 723 575 sunt.
753 520 808 574 in
863 521 1044 575 (‘tttiit'c
1076 523 1413 586 ('tirbeiCusi,
1452 527 1536 592 qui
1591 530 1734 582 solus
1785 547 1904 583 cum
1938 538 1985 592 Α

279 613 475 681 .ltegio
508 613 700 669 librum
736 613 964 682 prinutttt
1005 614 1250 678 exhit-et,
1283 616 1475 670 desunt
1503 619 1674 687 capita
1707 622 1903 690 vigesi-

304 719 452 758 mum
496 715 710 760 sextum
749 713 804 758 et
852 705 1165 771 vigesimum
1221 708 1507 771 septimum
1544 727 1555 761 :
1588 727 1695 779 quo
1753 725 1906 781 pacto

301 795 550 864 Gregorii
609 796 845 849 narratio
895 795 964 850 de
1020 796 1434 864 imperatoribus
1492 798 1764 867 Romanis,
1816 807 1902 871 qui

301 887 641 943 Christianos
665 890 850 956 primis
867 888 1120 943 Ecclesia:
1145 891 1364 943 szcculis
1387 906 1469 962 per
1486 895 1653 945 sveuti
1671 895 1774 949 {uel
1790 908 1901 958 unt,

301 979 735 1048 interrumpitur.
760 979 976 1034 Transit
1002 982 1199 1049 quippe
1227 996 1255 1034 a
1289 981 1502 1049 Trajani
1535 987 1905 1052 persecutione

298 1079 366 1131 ad
403 1077 722 1140 Decionam,
753 1075 970 1131 omissis
1022 1077 1259 1140 Adriani,
1311 1079 1566 1132 Anloz-ini
1609 1088 1665 1134 et
1719 1082 1902 1135 Srvcri

299 1171 808 1238 persecutionibus,
857 1184 989 1239 quas
1037 1181 1214 1223 tamen
1266 1170 1581 1239 Gregorius,
1637 1174 1895 1242 Eusebii,

297 1263 473 1316 Orosii
504 1271 560 1315 et
591 1261 774 1316 Severi
806 1261 1056 1314 chronica
1082 1260 1230 1328 sequi
1263 1275 1322 1315 se
1342 1262 1635 1328 professus,
1657 1265 1904 1317 otnisisse

296 1353 403 1406 dici
430 1367 538 1404 non
574 1359 768 1420 p0test.
802 1351 1120 1420 Complures
1146 1351 1305 1404 etiam
1331 1351 1684 1421 imperatores
1713 1356 1764 1407 iu
1810 1368 1905 1409 εο-

298 1462 418 1500 rum
448 1445 590 1498 serie
618 1443 918 1497 exhibenda
949 1444 1379 1512 praatermisisset
1401 1483 1417 1509 ,
1451 1460 1608 1513 quam
1642 1445 1904 1499 nihilomi-

296 1555 398 1591 nus
426 1554 456 1590 a
484 1537 626 1590 .lulio
647 1537 856 1591 (Itcsare
879 1536 944 1588 ad
965 1535 1257 1588 stabilitum
1277 1535 1328 1588 iu
1357 1535 1550 1590 Galliis
1575 1536 1901 1592 Francorum:

296 1645 523 1695 regnum
557 1627 848 1698 perducere
895 1628 1155 1694 integram
1201 1626 1572 1683 constituerat.
1609 1628 1663 1681 In
1713 1630 1902 1683 eodem

292 1723 486 1778 Codice
552 1721 860 1776 Corbeiensi
895 1729 1057 1788 caput
1100 1719 1433 1789 trigesimum
1472 1719 1703 1789 primum
1754 1723 1902 1776 deest

291 1830 419 1867 cum
453 1821 684 1882 quatuor
712 1809 1084 1877 sequentibus.
1123 1810 1174 1861 In
1205 1823 1272 1863 eo
1305 1821 1482 1863 tamen
1509 1821 1665 1876 caput
1696 1810 1901 1879 trigesi-

2092 533 2182 588 95.
2214 535 2380 603 (Laput
2411 533 2469 586 ‘2!
2509 532 2626 588 libri
2663 552 2709 597 v,
2742 537 2791 590 iu
2818 551 2922 604 quo
2955 537 3094 592 varia
3127 538 3389 608 Sagittarii
3421 553 3473 597 et
3515 547 3613 602 Sa-

2015 623 2137 675 lonii
2169 623 2542 692 episcoporum
2575 626 2608 677 ll
2629 625 2769 693 igitia
2799 626 3086 694 Grt'gorius
3116 629 3420 698 descripsit,
3448 635 3517 687 de
3548 646 3612 686 ~st

2012 712 2061 764 in
2089 714 2362 766 codicibus
2404 714 2739 780 Corbeieusi,
2791 714 3158 772 Bel'ovacettsi
3192 728 3245 773 et
3286 719 3597 778 Colbcrtitto

2007 818 2101 856 seu
2135 805 2303 858 sancti
2337 806 2542 859 Arnulti
2577 823 2589 856 :
2622 815 2676 859 et
2707 815 2884 860 tamen
2929 808 3087 861 iidem
3134 811 3348 864 Codices
3399 813 3601 866 habent

2007 895 2264 963 c.tput28
2305 897 2545 964 ejusdem
2601 898 2718 951 libri
2767 899 2906 966 quod
2956 901 3238 956 manifeste
3285 904 3595 971 vigesimum

2009 989 2239 1054 primum
2279 990 2552 1056 supponit.
2603 990 2692 1045 Sic
2734 994 2875 1044 enim
2931 994 3085 1048 habet
3135 994 3423 1063 Gregorius
3463 999 3598 1052 hanc

2007 1094 2220 1136 causam
2254 1095 2550 1137 retractans
2578 1101 2591 1138 ε
2625 1084 2817 1138 Contra
2859 1086 3006 1154 Sagit
3033 1089 3197 1141 arium
3227 1101 3273 1142 et
3323 1089 3598 1144 Salonium

2005 1176 2266 1246 episwpos
2313 1178 2527 1230 iteratur
2555 1178 2647 1230 illa
2690 1179 2903 1241 antiqita
2941 1181 3228 1234 calamitas.
3277 1183 3601 1245 ()bjiciuntur

2003 1268 2075 1320 eis
2100 1269 2336 1333 crimina,
2367 1279 2470 1322 etc.
2503 1269 2689 1337 Capite
2729 1281 2907 1323 autem
2938 1270 3124 1323 ultimo
3169 1271 3409 1340 ejusdem
3456 1275 3466 1324 l
3495 1273 3598 1340 bri,

2006 1361 2145 1428 quod
2177 1363 2353 1416 nullus
2379 1364 2545 1416 codex
2578 1379 2681 1417 non
2710 1364 2888 1428 babe',
2923 1366 3036 1418 luce
3087 1367 3245 1419 verba
3305 1369 3550 1434 leguntur
3581 1385 3595 1422 :

2005 1450 2178 1522 Igitur
2199 1469 2312 1507 cum
2340 1456 2451 1507 vale
2482 1466 2591 1522 pos!
2620 1459 2873 1524 synodum
2907 1467 3239 1510 memoratam
3278 1462 3392 1528 jam
3438 1459 3596 1522 dicto,

2005 1553 2136 1609 etin,
2169 1561 2286 1614 quae
2317 1547 2382 1600 de
2434 1547 2642 1614 synodo
2675 1542 3037 1602 Brenuaccusi
3068 1547 3208 1602 dicta
3260 1559 3402 1609 sunt,
3448 1549 3603 1615 cujus

2006 1645 2121 1688 acta
2153 1644 2206 1690 et
2235 1638 2568 1690 occasionem
2600 1638 2833 1691 narravit
2853 1633 3140 1708 Gregorius
3170 1641 3219 1691 iu
3245 1655 3344 1708 cap
3369 1649 3418 1692 te
3448 1641 3514 1693 48
3543 1645 3598 1693 et

2006 1727 2354 1794 sequentibus
2384 1727 2652 1781 editorum
2675 1738 2728 1782 et
2752 1733 3053 1783 nostrorum
3081 1730 3561 1796 manuscriptnrum
3586 1749 3596 1782 :

2007 1819 2100 1872 sed
2133 1821 2247 1872 lucc
2276 1823 2447 1887 capita
2473 1823 2692 1875 omnino
2719 1838 2823 1876 non
2850 1822 3048 1876 habent
3072 1822 3338 1878 Colutiani
3363 1825 3599 1879 codices.

293 1921 442 1958 nmm
488 1911 726 1965 sextum,
756 1901 896 1971 quod
929 1901 1260 1968 trigesimum
1293 1909 1587 1970 nuncupat,
1620 1903 1686 1954 ita
1709 1940 1723 1964 ,
1759 1903 1896 1954 sicut
1931 1893 1972 1952 Β
1999 1910 2137 1975 Quin
2171 1920 2224 1963 et
2247 1909 2360 1964 hzec
2393 1911 2502 1974 ipsi
2531 1911 2705 1979 capita
2752 1911 2837 1965 hic
2881 1914 3080 1966 omissa
3132 1913 3416 1968 manifeste
3465 1928 3604 1982 prr-

292 2011 349 2051 ttt
378 1995 611 2057 caeteris,
646 1995 854 2061 incipit,
882 1991 1024 2046 Tunc
1043 1995 1158 2064 jam
1184 2003 1231 2045 et
1254 1993 1424 2045 lumen
1455 2001 1687 2045 nostrum
1727 1993 1897 2044 exori-

294 2096 449 2139 tur...
484 2084 738 2138 Martinus
763 2098 781 2138 :
805 2085 1234 2138 meudosissime.
1263 2083 1394 2137 Nam
1418 2097 1484 2138 eo
1507 2092 1663 2150 pacto
1685 2081 1894 2136 Martini

293 2181 546 2233 nativitas
576 2177 842 2233 Valeriani
873 2185 928 2232 et
975 2175 1204 2230 Gallieni
1237 2176 1566 2244 temporibus
1611 2189 1892 2242 consigna-

291 2278 470 2334 retur,
530 2269 630 2323 nisi
675 2285 740 2323 ex
789 2267 907 2322 aliis
949 2267 1222 2321 codicibus
1267 2268 1618 2335 suppleantur
1665 2267 1899 2332 quinque

292 2361 498 2429 capita,
531 2359 724 2430 quibus
754 2357 1046 2427 Gregorius
1070 2357 1453 2425 impeaatorum
1487 2357 1682 2410 seriem
1714 2371 1742 2408 a
1773 2353 1896 2409 Gal-

290 2453 444 2507 lieno
472 2452 538 2504 ad
569 2450 940 2504 Constantium
972 2451 1040 2502 de
1063 2446 1208 2512 lucit,
1241 2465 1346 2517 quo
1376 2448 1550 2516 reipsa
1579 2447 1897 2503 Coostanti-i

292 2544 605 2612 imperante
635 2540 920 2596 Martinum
953 2549 1136 2594 natutn
1164 2539 1326 2594 fuisse
1352 2546 1555 2606 narrat,
1581 2539 1738 2608 idqtte
1761 2540 1899 2592 reii-

292 2638 392 2688 tati
425 2634 648 2687 omnino
672 2641 1090 2688 consentaneum
1121 2641 1224 2686 est.
1288 2667 1302 2681 .

368 2725 461 2780 93.
491 2726 780 2793 Gregorius
808 2725 944 2778 libro
971 2738 1031 2790 lt,
1066 2723 1182 2791 capi
1211 2739 1240 2777 e
1267 2723 1320 2788 5,
1355 2721 1604 2776 describit
1641 2736 1896 2791 persecu-

292 2820 500 2874 tionem
531 2833 561 2871 a
589 2816 863 2872 Wandalis
885 2817 936 2870 in
970 2815 1146 2869 Africa
1175 2815 1485 2881 excitatam,
1519 2824 1678 2884 atque
1704 2829 1767 2868 ea
1801 2829 1896 2867 oc-

294 2909 517 2966 tasioue
568 2908 849 2978 epistolam
905 2905 1126 2976 Eugenii
1171 2904 1611 2974 Carthaginiensis
1659 2906 1894 2974 episeopi

295 3007 569 3073 inti-grain
598 3003 839 3068 exhibet,
870 3013 927 3056 ut
959 3002 1181 3058 habetur
1215 3003 1265 3056 in
1315 3001 1474 3056 editis
1501 3012 1556 3056 et
1604 3005 1654 3056 in
1702 3005 1898 3057 nostris

293 3097 602 3153 codicbus.
629 3097 697 3150 At
727 3093 1093 3162 Corbeieusis,
1125 3093 1292 3149 relata
1321 3096 1705 3164 persecutionis
1733 3098 1898 3151 histo-

297 3192 402 3252 tia,
426 3190 708 3257 epistolam
731 3189 952 3253 omittit,
976 3190 1045 3242 ita
1070 3198 1246 3243 tamen
1271 3199 1328 3241 ut
1348 3189 1623 3243 evidenter
1647 3198 1900 3259 appareat

2000 2001 2256 2068 supponit
2285 2013 2442 2070 caput
2474 2003 2544 2055 32
2586 2004 2703 2056 libri
2734 2006 3030 2074 sequentis,
3072 2007 3212 2076 quod
3247 2007 3299 2060 lu
3351 2010 3602 2063 omnibus

1999 2103 2214 2158 quoque
2241 2091 2466 2143 habetur
2487 2091 2646 2144 editis
2677 2101 2729 2145 et
2759 2094 2992 2158 scriptis.
3019 2096 3178 2146 etiam
3204 2095 3523 2151 (Zointianis.

2071 2182 2160 2235 95.
2194 2181 2310 2235 Jam
2345 2197 2490 2245 vero,
2525 2184 2786 2250 siquidem
2821 2186 3010 2238 librum
3046 2198 3252 2239 svxtum
3301 2191 3596 2258 attigimus,

2010 2272 2330 2342 proferenda
2381 2283 2504 2325 sunt
2546 2274 2704 2328 etiam
2732 2289 2793 2328 ex
2827 2291 2892 2328 eo
2943 2279 3142 2344 aliquot
3182 2279 3449 2346 exempla,
3487 2288 3604 2346 quas

2004 2363 2206 2418 nullum
2261 2365 2562 2432 re'iuqm-nt
2593 2365 2892 2420 Cointianis
2924 2368 3217 2420 fautoribus
3248 2371 3328 2423 vel
3383 2371 3603 2424 lcvi~sl'-

2001 2467 2146 2510 tnum
2180 2457 2591 2525 subterfugium,
2623 2458 2666 2511 si
2697 2458 2939 2512 codicum
2966 2459 3084 2530 ejus
3113 2463 3418 2518 auctoritati
3451 2473 3604 2518 stati-

2001 2546 2126 2599 tlum
2157 2548 2502 2610 contendant,
2534 2549 2597 2602 ad
2623 2549 2972 2606 discernenda
3002 2552 3207 2605 sincera
3237 2554 3306 2606 ab
3353 2554 3601 2625 interpu-

2007 2639 2127 2694 iatis
2157 2639 2506 2706 Gregorium:
2540 2641 2788 2696 Historiae
2833 2645 3028 2713 capita.
3073 2646 3361 2716 Gregorius
3413 2659 3604 2716 nempe

2001 2743 2156 2798 caput
2187 2729 2254 2784 t2
2281 2729 2349 2784 ab
2382 2733 2462 2783 bis
2494 2732 2671 2786 verbis
2702 2733 2891 2801 incipit
2920 2750 2933 2786 :
2972 2733 3148 2802 Igitur
3171 2736 3489 2804 Cliitpericus
3510 2749 3604 2792 rex

2001 2838 2214 2875 crrncus
2242 2825 2332 2875 Itas
2363 2823 2646 2876 discordias
2674 2824 2806 2877 inter
2848 2825 3060 2893 fratrem
3084 2834 3132 2878 et
3177 2835 3436 2897 nepotem,
3484 2834 3605 2895 qua:

2004 2913 2212 2967 scilicet
2243 2912 2528 2967 discordia:
2557 2915 2676 2968 alia:
2704 2930 2808 2968 non
2839 2924 2962 2968 sunt
2986 2917 3054 2971 ab
3086 2918 3187 2971 illis
3228 2934 3363 2987 quas
3393 2918 3571 2989 Grcgo

2003 3008 2118 3060 rius
2144 3007 2463 3074 praecedenti
2501 3009 2674 3076 capite
2700 3019 3028 3073 narraxcrat,
3071 3013 3184 3077 ipso
3207 3011 3406 3065 fatente
3433 3011 3598 3066 Coitt-

2003 3097 2079 3151 tio
2108 3113 2120 3150 :
2155 3099 2293 3167 quod
2322 3109 2497 3153 tamen
2526 3109 2683 3166 caput
2713 3100 2764 3152 lt
2801 3098 3054 3154 omittunt
3080 3102 3294 3157 codices
3316 3105 3422 3155 tiam
3444 3104 3517 3158 Co
3543 3122 3602 3157 n-

2006 3185 2154 3250 tiani,
2188 3188 2528 3242 Corbeiensis
2557 3190 2763 3243 Scilicet
2793 3203 2846 3243 ct
2874 3192 3165 3252 .“t'llt'tlsis,
3201 3195 3322 3247 lieot
3370 3196 3598 3249 habeant

299 3298 420 3338 eam
453 3283 519 3335 de
549 3281 806 3337 industria
836 3280 1258 3349 przrtcrmissam
1289 3278 1485 3343 fuisse,
1519 3282 1596 3333 sic
1629 3281 1770 3334 enim
1807 3282 1896 3333 ba-
1925 3273 1970 3332 C
2003 3278 2400 3333 duodecimum.
2431 3278 2599 3332 Immo
2623 3289 2675 3333 et
2709 3281 2866 3332 iidem
2892 3283 2989 3349 ipsi
3018 3283 3124 3334 dno
3152 3284 3366 3338 codices
3402 3287 3601 3339 habent

302 3377 397 3430 bet
429 3383 482 3425 ut
513 3381 611 3426 etet
647 3373 690 3426 ri
719 3372 936 3426 codices
969 3389 981 3422 :
1015 3370 1072 3424 Ei
1096 3372 1282 3439 genius
1307 3386 1422 3424 vero
1459 3387 1574 3422 cum
1623 3387 1675 3424 re
1718 3373 1902 3425 rideret

303 3469 514 3532 obduci,
537 3465 801 3535 epistolam
819 3466 1010 3518 civibus
1107 3466 1202 3518 hoc
1215 3467 1362 3518 modo
1384 3466 1661 3518 transmisit
1680 3480 1697 3529 ;
1717 3476 1770 3519 et
1789 3468 1901 3535 ipsa

303 3561 534 3630 epis'ola
563 3560 937 3630 ‘praztermissa
984 3557 1271 3612 Historiam
1328 3560 1687 3627 prosequitur.
1739 3558 1904 3612 Paulo

304 3656 534 3711 inferius
555 3654 720 3709 codex
747 3652 1144 3707 Bellovacensis
1165 3650 1449 3704 duodecim
1469 3651 1594 3705 atrii:
1610 3652 1672 3704 tit
1691 3665 1900 3714 versus,

305 3746 399 3813 qui
416 3761 630 3799 sensum
645 3744 865 3798 omnino
881 3743 1226 3809 abrumpunt,
1251 3750 1308 3796 ut
1335 3741 1518 3796 videre
1537 3751 1620 3796 est
1640 3757 1736 3794 suo
1761 3742 1900 3797 loco.

304 3838 398 3892 Sic
428 3847 481 3890 et
507 3835 676 3890 codex
718 3834 914 3904 Regius
944 3835 1187 3897 quintum
1217 3840 1271 3886 et
1319 3843 1528 3885 sextum
1559 3833 1731 3899 capita
1761 3832 1904 3900 ejus-

305 3934 435 3982 dem
473 3927 589 3980 libri
637 3925 1019 3995 prtetcrmittit,
1051 3923 1104 3977 in
1136 3925 1328 3992 quibus
1373 3925 1598 3991 irruptio
1639 3924 1818 3977 Attila:
1851 3923 1901 3976 iu

305 4021 513 4076 Gall~as
543 4026 827 4077 narratur:
860 4017 981 4070 licet
1031 4016 1222 4070 habeat
1272 4015 1579 4083 septimum,
1626 4015 1767 4083 quod
1823 4024 1904 4070 est

305 4111 550 4179 ejusdem
582 4109 892 4179 irruptionis
918 4111 1224 4163 continuata
1256 4119 1513 4162 narratio.

380 4203 471 4257 9i.
490 4201 651 4256 Liber
671 4201 858 4255 tertius
880 4201 1018 4254 idem
1037 4210 1117 4254 est
1133 4200 1354 4255 omnino
1378 4200 1429 4252 in
1449 4200 1697 4253 omnibus
1717 4199 1904 4253 codici-

307 4293 439 4358 bus;
469 4290 797 4360 proindeque
845 4306 950 4344 non
979 4300 1061 4345 e~t
1093 4290 1194 4344 ulla
1223 4291 1290 4345 de
1317 4307 1383 4346 eo
1411 4292 1799 4344 controversia.
1835 4293 1897 4344 At

305 4385 446 4438 libro
465 4391 679 4452 quarto,
712 4382 885 4453 capite
913 4381 998 4444 l5,
1033 4383 1084 4434 in
1116 4382 1301 4438 codice
1327 4381 1659 4443 Corbeiensi,
1689 4383 1827 4436 sicut
1849 4394 1901 4435 et

306 4477 360 4530 in
384 4475 585 4529 nostris
615 4483 666 4528 et
699 4473 750 4527 in
778 4472 960 4537 editis,
1005 4472 1295 4541 Gregorius
1346 4471 1568 4541 loquens
1606 4472 1675 4525 de
1720 4471 1900 4525 litania

304 4585 400 4624 seu
429 4567 828 4637 supplicatione
857 4567 922 4620 ad
962 4577 1204 4620 sanctum
1237 4565 1502 4620 Julianum
1537 4565 1900 4619 Brivatensem

2008 3379 2166 3439 eaput
2193 3369 2263 3422 24
2294 3371 2534 3438 ejusdem
2565 3371 2706 3431 libri,
2740 3371 2880 3438 qttod
2926 3371 3004 3425 sic
3049 3373 3230 3440 incipit
3267 3391 3280 3428 :
3321 3373 3464 3427 Nam
3510 3378 3603 3428 ite-

2006 3479 2122 3516 rum
2151 3472 2328 3516 contra
2381 3462 2703 3516 Theodorum
2750 3463 2882 3516 beila
2930 3476 3269 3534 consurgunt,
3309 3474 3451 3529 etc.;
3481 3477 3603 3537 quin

2005 3557 2164 3612 verba
2193 3554 2474 3611 manifeste
2503 3565 2555 3610 el
2579 3555 2904 3619 necessario,
2928 3559 3001 3609 uti
3024 3557 3138 3622 ipse
3168 3558 3412 3611 Cointius
3441 3558 3598 3613 fateri

2006 3651 2235 3720 cogitur,
2268 3657 2436 3703 totum
2462 3659 2620 3716 caput
2650 3648 3009 3709 undecimum,
3040 3647 3180 3716 quod
3208 3653 3276 3701 ab
3302 3646 3422 3717 ejus
3449 3649 3603 3702 endis

2005 3741 2157 3794 cibus
2181 3740 2372 3794 abesse
2389 3738 2497 3806 jam
2521 3740 2590 3792 ob
2621 3740 2940 3802 ervavimus,
2972 3749 3410 3808 prmsupponunt.
3436 3739 3604 3794 Nobis

2005 3833 2163 3886 etiam
2195 3832 2334 3884 lavet
2361 3829 2736 3899 Fredegarius,
2769 3831 2856 3895 qui
2887 3840 3173 3898 utrumque
3219 3841 3400 3895 caput,
3431 3833 3604 3886 unde!»

2005 3925 2200 3977 cimmn
2228 3924 2434 3978 scilicet
2461 3930 2515 3977 et
2543 3923 2954 3989 duodecimum,
2985 3923 3036 3976 in
3081 3939 3174 3976 sui
3209 3924 3443 3992 epitome‘
3469 3925 3600 3976 atii:

2005 4018 2098 4085 git.
2127 4021 2305 4083 Quare
2327 4019 2441 4071 haec
2463 4017 2570 4070 duo
2602 4019 2712 4070 loca
2740 4025 2912 4070 tantas
2943 4016 2994 4071 in
3018 4019 3292 4086 angustias
3315 4017 3598 4085 cenjcc‘ere

2007 4112 2274 4164 tioiiitium
2307 4112 2371 4162 ad
2402 4125 2600 4163 annum
2632 4109 2757 4172 581,
2791 4126 3014 4164 numero
3045 4111 3100 4176 9,
3134 4117 3190 4164 ut
3217 4125 3281 4165 ex
3313 4119 3416 4166 una
3449 4115 3602 4179 parte

2005 4204 2348 4257 undecimum
2380 4213 2561 4271 caput,
2589 4203 2726 4271 quod
2757 4218 2785 4254 a
2819 4205 2928 4256 suis
2957 4203 3230 4257 codicibus
3249 4203 3481 4264 abesset,
3505 4205 3603 4253 alla

2007 4292 2221 4345 mittere
2252 4292 2536 4359 refugiens.
2561 4307 2622 4344 ex
2638 4291 2803 4344 altera
2829 4307 2956 4345 vero
2979 4301 3193 4359 propter
3227 4297 3332 4344 tam
3365 4301 3590 4352 arctam,

2007 4383 2170 4436 immo
2195 4392 2247 4438 et
2280 4383 2659 4447 necessariam,
2693 4388 2751 4433 ut
2775 4381 2889 4451 ipse
2922 4382 3134 4445 fatetur,
3181 4382 3324 4435 illiUS
3352 4397 3472 4436 eum
3504 4395 3595 4436 ca-

2006 4475 2202 4545 pitibus
2226 4474 2541 4529 duodecimo
2570 4485 2623 4527 et
2651 4475 2908 4541 vigesimo
2937 4481 3130 4544 quarto
3175 4475 3595 4540 connexionem,

2008 4573 2178 4640 ipsum
2213 4572 2366 4640 plane
2393 4584 2648 4637 respuere
2671 4586 2774 4621 non
2801 4583 2982 4632 ausus,
3017 4584 3128 4623 rem
3153 4569 3205 4623 in
3235 4569 3412 4623 medio
3442 4568 3600 4624 relin-

305 4675 400 4729 per
431 4659 642 4713 Gallum
668 4659 978 4727 episcopum
1011 4657 1272 4722 instituta,
1296 4657 1369 4711 ait
1395 4674 1407 4710 :
1438 4656 1598 4710 Juxta
1621 4658 1900 4710 institutia-
1932 4643 1983 4702 D
2007 4679 2172 4728 qucre
2198 4662 2403 4728 maluit,
2435 4663 2565 4714 satis
2594 4673 2714 4716 esse
2743 4671 2888 4714 ratus
2929 4661 3127 4724 d'cere,
3159 4669 3319 4728 caput
3350 4662 3451 4715 hoc
3491 4677 3594 4714 un-

304 4770 420 4805 nem
449 4754 613 4806 sancti
645 4750 803 4814 Galli,
828 4751 958 4804 sicut
987 4765 1142 4817 supra
1168 4751 1484 4817 scripsimus.
1523 4749 1694 4802 Locus
1720 4759 1898 4802 autem

306 4847 396 4899 ille
424 4860 584 4914 quem
615 4845 809 4900 laudat.
838 4843 1061 4898 habetur
1087 4858 1246 4904 supra
1282 4841 1456 4910 capite
1500 4844 1711 4911 qttinto,
1757 4844 1897 4912 quod

305 4947 484 4990 tamen
516 4946 678 5004 caput
726 4952 776 4988 ut
806 4935 920 5003 ipso
950 4935 1135 4988 codice
1177 4933 1510 4999 Corbeieusi,
1561 4934 1699 4987 sicut
1746 4943 1797 4986 et
1849 4933 1898 4986 iu

303 5016 422 5083 aiiis
457 5027 757 5082 tinintianis
783 5027 1138 5081 desideratur.
1169 5026 1358 5093 Capite
1393 5025 1456 5079 tt
1483 5025 1723 5093 ejusdem
1759 5024 1896 5090 libri,

303 5125 442 5190 quod
473 5138 664 5175 omnes
696 5121 875 5188 scripti
907 5120 1135 5182 habent,
1169 5120 1401 5174 Saxones
1446 5120 1624 5172 iterata
1669 5119 1890 5180 insania,

301 5218 562 5271 adversus
615 5214 948 5269 Chlotarium
1001 5228 1180 5283 regem
1239 5212 1534 5267 rebellasse
1578 5212 1828 5264 dicuntur
1879 5229 1889 5262 :

303 5310 473 5373 prima
503 5315 681 5360 tamen
709 5320 892 5362 eorum
924 5304 1148 5360 rebellio
1175 5304 1441 5370 descripta
1472 5302 1698 5355 habetur
1723 5301 1895 5365 Capite

302 5401 391 5458 10.
425 5399 568 5468 quod
602 5397 818 5451 codices
841 5397 1035 5465 Regius
1062 5404 1118 5450 et
1144 5395 1314 5449 sauc‘ti
1348 5392 1553 5446 Arnulii
1575 5392 1890 5446 omiserunt.

295 5490 388 5542 Sic
415 5499 471 5542 et
503 5489 663 5542 iidem
693 5487 851 5540 autbo
876 5488 1113 5550 codices,
1148 5495 1204 5538 ut
1231 5484 1410 5538 czeteri
1443 5497 1651 5546 orunes,
1699 5483 1896 5535 habent

297 5582 367 5634 de
391 5581 690 5644 Chramno,
737 5579 912 5647 capite
943 5579 1026 5642 l6,
1075 5579 1270 5630 dirersa
1297 5585 1350 5629 ut
1380 5575 1610 5627 diximus
1639 5577 1897 5627 exorrebdt

295 5675 458 5723 Itala.
497 5670 718 5724 Dixerat
747 5679 922 5723 autem
955 5669 1245 5737 Gregorius
1293 5668 1457 5721 fusius
1503 5666 1570 5720 de
1621 5666 1702 5719 bis
1744 5667 1898 5717 malis

295 5767 474 5832 capite
506 5763 572 5817 13
603 5763 842 5834 ejusdem
868 5763 984 5818 libri
1005 5777 1074 5830 iv,
1107 5761 1322 5833 quodin
1349 5761 1462 5816 istis
1488 5759 1762 5815 codicibus
1788 5775 1891 5813 nou

294 5853 589 5910 invenitur.

2009 4755 2273 4808 decimum
2306 4753 2585 4820 majorem,
2627 4759 2783 4822 quam
2813 4764 3006 4806 cetera
3035 4769 3152 4819 qua:
3182 4755 3230 4805 iu
3281 4753 3598 4810 Corbeicnsi

2007 4846 2218 4907 desunt,
2255 4842 2412 4895 [idem
2453 4843 2770 4910 promereri,
2804 4851 2919 4894 cum
2959 4843 3145 4903 desint,
3182 4842 3382 4910 inquit,
3433 4859 3595 4913 argu-

2007 4944 2174 4988 menta
2202 4933 2384 5002 quibus
2409 4933 2665 4999 probetur,
2707 4943 2793 4986 aut
2821 4933 3149 4999 improbetur.
3187 4939 3253 4987 At
3278 4937 3318 4986 si
3356 4936 3469 4989 haec
3498 4936 3594 4988 viri

2009 5027 2200 5081 ειύάλιὶ
2237 5027 2395 5080 verba
2419 5025 2788 5090 admittantur,
2832 5041 3083 5079 corruere
3113 5039 3338 5080 necesse
3369 5037 3450 5081 est
3481 5028 3593 5093 illa,

2004 5132 2122 5186 quze
2149 5117 2281 5171 alias
2311 5118 2518 5170 censuit
2547 5116 2873 5171 validissima
2919 5131 3231 5184 argumenta
3261 5119 3324 5172 ad
3355 5121 3591 5188 proban-

2001 5209 2123 5262 dam
2153 5210 2440 5262 multorum
2468 5210 2700 5275 capitum
2729 5209 2778 5262 in
2807 5207 3047 5276 Gregorii
3080 5210 3308 5265 Historia
3355 5213 3593 5280 interpo-

2003 5302 2275 5365 lationem,
2300 5300 2543 5360 codicum
2576 5301 2781 5354 scilicet
2818 5300 3299 5371 manuscriptorum
3329 5303 3506 5357 tidem.
3532 5301 3590 5355 Si

2002 5392 2217 5460 Quidem
2245 5393 2400 5446 allata
2449 5391 2573 5447 licet
2613 5393 2953 5448 Garbeiensis
2996 5404 3046 5448 et
3099 5396 3319 5448 alterius
3367 5393 3590 5457 codicis,

2005 5486 2170 5538 immo
2199 5493 2254 5538 et
2283 5486 2448 5554 ipsius
2476 5485 2781 5555 Fredegarii
2810 5487 3150 5552 auctoritate,
3204 5488 3391 5540 deesse
3435 5496 3594 5544 arau-

2004 5584 2178 5628 mcnta
2210 5574 2522 5641 reSpondct,
2548 5576 2742 5644 quibus
2771 5587 2858 5630 aut
2890 5579 3144 5645 probetur
3186 5583 3277 5627 aut
3324 5575 3596 5640 improbo-

2003 5677 2089 5718 tur
2133 5665 2274 5719 illius
2305 5666 2403 5720 loci
2435 5667 2745 5720 auctoritas.
2797 5667 2948 5720 Haud
2999 5668 3170 5719 ﬂlillllS
3213 5665 3311 5718 sibi
3365 5663 3590 5719 iIIViI'CHI

2000 5757 2272 5813 eolucrcnt
2301 5761 2470 5828 capita
2504 5760 2832 5829 trigesimum
2865 5768 3111 5825 quartum
3157 5767 3210 5812 et
3255 5759 3592 5830 trigc~immn

2000 5856 2241 5917 quintum
2272 5854 2513 5924 cjusdcm
2550 5853 2690 5917 libri,
2723 5852 2774 5904 in
2805 5867 3034 5922 quorum
3060 5853 3220 5923 priori
3250 5869 3391 5909 tuors
3423 5856 3596 5909 unum
