3972 6340
400 391 469 447 7a
1861 386 2242 445 rituum.
3444 371 3447 375 ’
3614 394 3683 457 εο

390 508 684 578 Chilperici
704 505 843 575 regis
870 500 1320 557 filiidescrihitur.
1345 499 1485 570 quod
1512 509 1595 556 est
1623 500 1846 555 alterius
1869 505 1985 555 ιἰιιι-
2011 508 2060 566 Α
2092 506 2385 573 Michaelis,
2416 505 2583 561 multo
2632 507 2985 572 antiquiorem
3036 521 3090 564 et
3138 511 3377 567 melioris
3421 525 3582 578 uotae,
3630 516 3684 571 in

391 605 722 665 damentum,
756 607 812 651 ιιι
859 606 982 664 pote
1022 598 1099 649 sic
1146 594 1448 662 incipiens:
1480 593 1619 646 Dum
1659 604 1830 646 autem
1872 595 1982 648 Irwc

369 701 679 763 agerentur,
706 686 976 741 nuntiatur
1000 684 1189 755 regina:
1225 699 1439 755 puerum
1467 683 1554 751 qui
1592 692 1822 737 mortuus
1866 684 1978 753 fue-

390 791 494 847 rat,
526 791 632 836 etc.
681 780 748 833 Et
798 787 973 832 tamrn
1022 778 1251 846 primum
1300 789 1329 828 a
1371 774 1668 829 Cointianis
1710 775 1985 830 codicibus

390 876 563 939 abest,
591 874 679 942 qui
713 874 909 927 habent
953 870 1200 925 alterum.
1236 869 1467 937 Majores
1495 867 1669 924 adhuc
1706 868 1759 923 in
1786 883 1985 937 angus-

393 970 492 1023 tias
518 967 787 1023 Cointium
832 967 1035 1035 redegit
1078 971 1239 1032 caput
1268 961 1335 1017 l5
1363 962 1608 1032 ejusdem
1656 962 1781 1017 libri
1827 964 1983 1026 sexti,

390 1060 532 1129 quod
565 1075 684 1115 cum
710 1058 887 1128 capite
916 1056 1162 1125 sequenti
1190 1056 1262 1109 ita
1292 1054 1640 1123 conjuuetum
1666 1069 1786 1110 esse
1807 1055 1901 1119 ait,
1930 1063 1987 1108 ut

390 1168 453 1208 ea
485 1154 701 1207 vinculo
725 1151 1069 1205 indissolubiti
1093 1163 1213 1222 esse
1241 1163 1480 1203 connexa
1514 1147 1776 1213 fateatur;
1819 1158 1874 1201 et
1903 1158 1987 1202 ta-

392 1258 516 1298 men
545 1243 707 1305 priori
740 1240 941 1295 omisso
967 1239 1192 1292 alterum
1229 1236 1425 1291 habent
1454 1236 1718 1307 Cointiani
1749 1237 1986 1290 codices.

376 1316 571 1402 'Quare
596 1333 685 1387 ille
710 1331 963 1385 audacior
988 1328 1244 1383 adversus
1272 1328 1487 1382 codices
1532 1342 1660 1381 suos
1706 1329 1876 1383 factas
1919 1327 1987 1381 ad

392 1441 591 1481 annum
616 1423 746 1490 δεῖ,
776 1437 999 1477 numero
1027 1422 1084 1489 4,
1106 1430 1299 1476 eorum
1332 1420 1706 1494 auctoritatem
1750 1421 1817 1476 ad
1858 1422 1987 1489 reji-

376 1505 578 1572 cienda
609 1515 811 1587 aliquot
841 1512 1074 1583 capitula
1120 1513 1405 1566 maximam
1437 1526 1559 1567 esse
1606 1513 1869 1575 admittit,
1923 1512 1989 1566 ad

392 1589 669 1663 retinenda
695 1620 820 1660 vero
851 1619 954 1658 non
974 1617 1095 1659 esse
1117 1603 1247 1657 tanti
1270 1602 1541 1672 ponderis.
1562 1603 1793 1657 Alterum
1809 1613 1983 1672 caput,

392 1699 584 1769 inquit,
617 1698 821 1753 scilicet
852 1698 916 1752 l6
935 1736 950 1761 ,
981 1697 1212 1768 quamvis
1242 1697 1294 1750 in
1338 1696 1597 1752 codicibus
1628 1695 1913 1751 Carbeiensi
1942 1706 1990 1751 et

393 1791 635 1846 Mettensi
660 1790 925 1853 habeatur,
952 1790 1149 1842 videtur
1169 1804 1277 1843 esse
1305 1788 1598 1852 insititium,
1623 1789 1744 1859 quia
1772 1804 1883 1840 cum
1900 1805 1987 1841 su-

2086 614 2192 667 quo
2222 599 2400 653 omnia
2430 599 2652 654 omnino
2675 600 2871 668 capi'a,
2910 611 2969 655 ut
2995 602 3193 656 habent
3218 605 3370 669 editi,
3397 607 3683 661 continen-

2089 697 2194 743 tur.
2229 692 2292 744 At
2320 689 2437 755 hic,‘
2459 690 2632 760 inquit
2651 691 2910 757 Cointius,
2934 693 3127 760 codex,
3160 693 3227 748 de
3256 695 3577 751 Micltaelino
3604 698 3679 750 Ιυ-

2085 797 2277 850 quens,
2307 783 2525 836 easdem
2556 798 2772 851 prorsus
2804 799 2890 838 res
2918 794 3100 838 narrat
3138 800 3198 839 ac
3248 786 3397 849 editi,
3435 787 3682 855 proinde-

2086 891 2191 942 que
2222 890 2327 928 non
2349 875 2651 930 conducere
2675 884 2849 944 potest
2866 876 2932 929 ad
2959 877 3396 945 interpuiutioncs
3424 878 3681 946 detegen-

2086 965 2203 1020 das.
2228 966 2335 1020 Sed
2365 968 2616 1035 supponit
2638 968 2722 1021 his
2745 968 2923 1022 Verbis
2951 983 3031 1022 vir
3052 971 3294 1023 eruditos
3316 970 3456 1040 quod
3479 971 3531 1026 ei
3559 986 3684 1040 pro-

2089 1058 2331 1125 bandum
2350 1060 2714 1115 incumbebat.
2748 1061 2822 1114 Ita
2851 1063 2992 1115 enim
3024 1063 3261 1131 loquitur
3289 1065 3440 1131 quasi
3469 1075 3679 1120 certum

2090 1149 2277 1206 fuisset
2307 1154 2473 1205 multa
2503 1168 2622 1207 esse
2652 1153 2704 1206 in
2738 1153 2937 1206 ultimis
2965 1151 3205 1224 Gregorii
3238 1154 3395 1209 libris
3442 1155 3683 1224 interpo-

2088 1242 2240 1295 lata:
2274 1242 2457 1297 ethoc
2504 1245 2674 1309 ipsum
2704 1244 2883 1297 estde
2925 1258 3032 1314 quo
3079 1244 3417 1312 inquirimus,
3468 1255 3521 1301 et
3566 1246 3683 1316 ipse

2090 1332 2303 1387 Volebat
2327 1333 2615 1400 inquirere.
2638 1332 2755 1387 Jam
2784 1348 2912 1387 vero
2940 1334 2983 1386 si
3008 1336 3129 1403 quis
3158 1335 3301 1389 scire
3346 1338 3494 1404 cupit
3534 1353 3683 1407 qute-

2092 1439 2213 1480 nam
2244 1426 2454 1480 censeri
2487 1426 2681 1479 debeat
2706 1426 2981 1494 utriusque
3025 1426 3226 1481 codicis
3252 1428 3562 1493 auctoritas,
3599 1430 3681 1483 vel

2088 1516 2209 1586 quis
2238 1530 2269 1570 e
2297 1515 2504 1569 dNObU‘
2533 1516 2603 1569 sit
2631 1516 2785 1569 alteri
2820 1515 3203 1585 prmiorendus,
3233 1517 3282 1572 id
3310 1532 3374 1573 es
3406 1517 3670 1587 ipsorum-

2091 1620 2201 1667 met
2224 1610 2468 1665 codicum
2496 1610 2802 1664 conditione
2828 1610 3175 1678 iudicandum
3203 1620 3305 1666 est.
3337 1610 3518 1666 Codex
3549 1613 3680 1666 Me:-

2092 1702 2283 1766 teusis,
2314 1710 2372 1756 ut
2399 1716 2506 1769 iam
2557 1701 2979 1765 observavimus,
3026 1716 3090 1755 ex
3144 1702 3426 1771 scriptoris
3479 1702 3681 1758 incuria

2092 1808 2312 1854 mancus
2340 1803 2394 1848 et
2443 1793 2810 1860 imperfectus,
2840 1792 3026 1846 decem
3074 1792 3241 1848 libros
3286 1794 3679 1862 complectitur,

390 1885 607 1955 periere,
630 1882 768 1953 quod
788 1881 988 1934 admitti
999 1896 1102 1933 non
1129 1888 1314 1947 potest,
1331 1878 1614 1932 arctiuime
1630 1880 1981 1949 conjungitur.
2016 1869 2064 1932 Β
2091 1899 2225 1952 quos
2253 1884 2514 1954 Gregorio
2542 1884 2786 1939 attribuit
2813 1901 2827 1937 :
2860 1885 2953 1939 sed
2985 1884 3188 1955 aliquot
3216 1885 3414 1940 sinceri
3436 1885 3678 1955 Gregorii

372 1978 566 2050 .Quare
593 1984 769 2029 autem
792 1974 1037 2042 superius
1064 1971 1272 2024 admitti
1301 1985 1404 2024 non
1441 1970 1626 2040 possit,
1659 1987 1766 2027 uno
1812 1972 1977 2027 verbo

389 2068 627 2135 exponit,
657 2064 800 2137 quod
831 2079 1023 2131 nempe
1052 2062 1282 2117 Felicem
1313 2062 1650 2132 episcupum,
1699 2063 1853 2132 falso,
1903 2065 1978 2119 uti

391 2159 661 2230 conjicere
702 2168 806 2223 est,
858 2156 1142 2225 vituperet.
1176 2155 1379 2220 Quibus
1416 2155 1591 2210 verbis
1621 2170 1837 2211 omnem
1869 2157 1980 2212 suis

372 2234 665 2321 codicibus
692 2250 1063 2304 auctoritatem
1091 2247 1301 2312 adimit,
1331 2247 1491 2302 etiam
1524 2246 1855 2309 Corbeiensi,
1885 2248 1977 2318 qui

390 2344 529 2399 sicut
559 2351 612 2397 et
640 2341 842 2407 caeteri,
877 2340 992 2408 ipso
1021 2338 1322 2392 afﬁrmante
1350 2337 1584 2403 Cointio,
1631 2338 1833 2393 fabulas
1879 2340 1977 2393 ad-

390 2433 555 2499 misit,
583 2442 635 2488 et
664 2432 959 2487 calumnias
989 2429 1246 2483 adversus
1276 2429 1608 2496 episcopum,
1634 2444 1753 2498 «tua:
1782 2428 1894 2483 sola
1925 2428 1977 2484 ei

389 2525 656 2596 superfuit
704 2521 1017 2590 detegendae
1070 2519 1494 2587 interpolationis
1538 2518 1768 2574 occasio.
1826 2519 1978 2575 Uade

389 2621 582 2676 mirum
613 2634 718 2672 non
750 2626 831 2671 est
860 2617 902 2669 si
937 2615 1076 2669 idem
1104 2612 1343 2668 Cointius
1372 2613 1477 2666 alio
1509 2613 1559 2667 in
1593 2614 1709 2666 loco
1728 2611 1797 2666 de
1818 2611 1979 2665 chro-

390 2712 649 2784 nologicis
689 2705 1202 2778 computationibus,
1254 2718 1376 2773 qua:
1419 2703 1475 2757 in
1521 2705 1624 2757 line
1654 2702 1776 2756 libri
1800 2702 1979 2772 quarti

389 2801 729 2872 Gregoriante
765 2798 1012 2853 lli~torite
1039 2795 1322 2856 habentur.
1353 2809 1536 2864 agens,
1568 2809 1662 2849 eis
1690 2794 1851 2863 plane
1893 2806 1978 2847 re.

386 2894 552 2967 jieiat,
594 2891 756 2948 veluti
796 2888 1055 2962 Gregorio
1105 2886 1372 2941 immerito
1414 2886 1697 2952 ascriptas,
1753 2885 1875 2939 licet
1923 2885 1975 2938 in

296 3040 299 3045 .
385 2986 632 3040 omnibus
657 2984 874 3038 omnino
901 2980 1194 3039 codicibus,
1224 2993 1345 3033 cum
1377 2976 1535 3032 editis
1577 2987 1686 3031 tum
1737 2976 1972 3044 scriptis,

386 3078 547 3133 etiam
576 3073 887 3131 Corbeiensi
911 3083 962 3127 et
985 3070 1371 3131 Bellovaceusi,
1398 3067 1487 3135 qui
1521 3068 1677 3135 paulo
1701 3080 1815 3136 post
1841 3065 1976 3121 Gre-

384 3166 516 3237 gorii
550 3164 721 3221 nostri
749 3173 958 3219 aetatem
991 3159 1192 3215 exarati
1218 3169 1371 3222 sunt,
1406 3159 1721 3213 habeantur.
1751 3157 1970 3213 Frustra

2083 1977 2258 2043 capita
2287 1993 2350 2029 ex
2382 1976 2534 2030 libris
2564 1991 2707 2030 nouo
2735 1989 2784 2030 et
2817 1975 3030 2030 decimo
3061 1977 3111 2029 in
3144 1991 3309 2031 unum
3338 1980 3675 2035 consarcinat

2083 2065 2302 2129 Lbrnm,
2328 2082 2484 2134 quem
2510 2080 2707 2118 nonnum
2727 2064 2979 2134 appellat,
3005 2064 3346 2121 utChrouico
3365 2065 3672 2133 Fredegar-

2082 2156 2175 2211 det
2205 2156 2379 2210 locum
2416 2155 2556 2209 inter
2588 2156 2832 2224 Gregorii
2859 2168 3044 2223 opera,
3071 2156 3213 2224 quod
3242 2155 3343 2210 sub
3371 2156 3564 2211 decimi
3611 2157 3677 2211 li~

2082 2247 2162 2302 bri
2198 2247 2352 2300 titulo
2401 2246 2597 2314 posuit.
2632 2246 2912 2301 Librorum
2954 2245 3117 2300 initiis
3162 2246 3214 2301 in
3262 2247 3451 2302 eodem
3493 2248 3681 2304 codice

2082 2353 2467 2407 nonnunquam
2498 2337 2853 2406 capitulorum
2884 2338 3088 2393 iudices
3136 2339 3676 2406 pracmittuntur,sed

2080 2427 2151 2481 ita
2184 2426 2385 2493 vitiosi,
2419 2435 2476 2480 ut
2504 2426 2771 2495 capitibus
2820 2425 2950 2494 ipsis
2997 2425 3052 2480 in
3098 2425 3237 2482 libro
3289 2427 3571 2496 descriptis
3621 2437 3674 2483 ιιι

2080 2516 2370 2586 plurimum
2396 2531 2501 2571 non
2520 2525 2817 2586 congruant
2835 2534 2850 2580 ;
2869 2533 2935 2570 ex
2956 2516 3037 2571 his
3059 2518 3310 2572 nonnulla
3336 2519 3587 2574 omittunt
3628 2537 3678 2586 r,

2078 2607 2249 2677 aliain
2275 2606 2423 2676 plura
2445 2606 2772 2676 dividuntur,
2798 2622 3179 2677 nonnunquam
3206 2608 3437 2679 denique
3458 2622 3643 2665 contra
3660 2636 3678 2655 -

2082 2698 2285 2754 buntur
2310 2698 2417 2753 duo
2445 2698 2499 2753 in
2532 2713 2717 2752 unum.
2751 2698 2895 2753 Idem
2923 2698 3090 2753 codex
3126 2700 3287 2753 habet
3314 2710 3475 2769 caput
3504 2702 3675 2769 septi-

2081 2807 2226 2847 tuum
2257 2791 2380 2846 libri
2407 2808 2460 2857 x,
2492 2790 2633 2860 quod
2664 2799 2720 2846 ut
2744 2790 2798 2846 in
2826 2791 2985 2847 editis
3015 2791 3095 2846 sic
3126 2792 3344 2847 inchoat.
3370 2810 3386 2848 :
3422 2793 3488 2847 ιη
3518 2810 3677 2865 supra

2081 2886 2220 2941 dicta
2246 2886 2467 2953 civitate,
2496 2885 2701 2941 scilicet
2747 2892 3004 2950 Arverna,
3053 2885 3120 2940 de
3169 2900 3270 2956 qua
3320 2896 3498 2942 tamen
3544 2887 3677 2943 urbe

2080 2978 2211 3035 nihil
2243 2978 2423 3039 habet.
2449 2979 2664 3032 omissis
2694 2977 2956 3046 capitibus
2985 2978 3193 3045 duobus
3224 2979 3676 3047 praeedeutibus,

2079 3085 2199 3140 qua:
2229 3069 2455 3138 proinde
2486 3086 2547 3123 es
2582 3067 2699 3123 aliis
2749 3068 3149 3137 exemplaribus
3193 3070 3490 3139 supplenda
3528 3082 3675 3126 sunt.

2078 3159 2259 3216 Codex
2294 3171 2474 3216 autem
2502 3162 2671 3215 sancti
2720 3159 2996 3216 Michmlis
3043 3160 3196 3217 initio
3236 3162 3451 3231 quidem
3502 3173 3673 3229 caret,

387 3260 568 3329 itaque
590 3252 1119 3311 contenditCoiutius
1140 3249 1354 3305 codices
1378 3250 1495 3305 illos
1511 3249 1612 3303 sibi
1632 3248 1971 3318 patrocinari,
2001 3243 2050 3309 C
2081 3254 2173 3308 sed
2199 3261 2500 3321 tempormn
2530 3251 2747 3322 injuria.
2772 3252 2843 3307 Ex
2870 3251 3059 3306 Ii'teris
3084 3251 3284 3321 quippe
3312 3254 3675 3310 umneralihus

384 3363 519 3419 quos
548 3348 601 3403 in
632 3362 728 3402 sua
771 3345 1039 3402 sententia
1088 3343 1432 3411 interpolatos
1477 3354 1619 3406 esse,
1668 3349 1722 3395 et
1773 3340 1976 3395 incerta

384 3445 674 3513 obtrudere
704 3458 796 3514 pri
825 3440 989 3494 certis
1038 3437 1154 3506 ipse
1204 3437 1354 3489 fateri
1397 3435 1625 3504 cogitur.
1677 3434 1783 3489 Eos
1832 3433 1978 3501 ipsos

385 3534 689 3590 (contrario
715 3540 912 3585 nostrae
933 3525 1214 3583 sententiae
1237 3524 1405 3579 tuulto
1428 3524 1832 3578 favorabiliores
1856 3536 1977 3578 esse

385 3642 548 3694 nemo
580 3640 685 3680 non
709 3623 852 3678 videt
879 3638 892 3676 :
919 3619 1181 3688 siquidem
1205 3616 1441 3671 adnuisse
1462 3614 1627 3669 semel
1651 3620 1733 3682 (ut
1760 3613 1975 3683 quidem

385 3722 502 3775 loca
529 3732 559 3771 a
609 3716 765 3771 nobis
795 3713 1009 3768 laudata
1043 3712 1236 3764 factum
1286 3708 1450 3763 luisse
1494 3708 1690 3761 invicte
1726 3704 1976 3774 probant)

387 3809 526 3881 quod
558 3825 621 3863 ex
666 3808 873 3875 integra
915 3802 1147 3859 llistoria
1176 3799 1431 3869 descripti
1464 3799 1665 3854 fuerint
1703 3797 1772 3852 ab
1798 3797 1978 3867 aliquo

389 3905 477 3972 qui
509 3898 848 3956 solummodo
873 3905 1023 3967 gesta
1074 3893 1342 3965 prmcipua
1372 3893 1628 3961 colligere
1675 3889 1933 3945 voluisset
1959 3907 1974 3956 ;

389 3992 740 4062 Gregoriana.
770 3986 1017 4044 Historia:
1046 3982 1342 4053 integritati
1364 3999 1522 4052 quam
1552 3996 1972 4050 propugnamus,

387 4101 494 4141 non
526 4085 745 4146 obsunt,
796 4090 851 4137 et
897 4093 1112 4135 omnem
1158 4092 1309 4132 suam
1359 4077 1730 4129 auctoritatem
1774 4084 1972 4127 sartam

387 4183 584 4232 tectam
614 4172 889 4227 habebunt
921 4185 1115 4240 :quam
1140 4182 1272 4222 sane
1310 4166 1387 4222 eis
1424 4166 1710 4221 conciliare
1754 4166 1973 4230 debent,

385 4279 438 4324 et
466 4264 821 4323 conformitas
850 4277 973 4318 cum
1017 4260 1249 4324 cat-teris,
1280 4270 1332 4314 et
1360 4260 1669 4325 antiquitas.
1702 4258 1974 4323 Quosdam

383 4362 524 4417 enim
554 4376 618 4415 ex
654 4358 741 4425 iis,
768 4356 956 4425 quales
980 4365 1105 4409 sunt
1128 4351 1519 4408 Bellovacensis
1539 4359 1594 4407 et
1609 4349 1971 4415 Corbeiensis,

363 4432 491 4519 1,non
519 4451 690 4505 multo
713 4458 834 4517 post
861 4445 1103 4511 Gregorii
1129 4451 1339 4497 atatem
1363 4444 1588 4511 scriptos
1606 4441 1791 4506 fuisse,
1815 4455 1973 4495 nemo

366 4523 471 4617 5qui
500 4559 594 4601 eos
625 4539 923 4606 inspexerit
951 4537 1175 4591 inliciari
1208 4546 1402 4606 potesu

456 4637 548 4691 97.
577 4635 691 4689 Huc
721 4647 889 4699 usque
917 4631 984 4685 de
1011 4644 1104 4684 sex
1150 4628 1413 4695 prioribus
1461 4624 1803 4696 Gregorium}:
1852 4624 1972 4679 llis-
2005 4612 2053 4674 D

383 4731 537 4781 toria:
567 4722 716 4778 libris
736 4721 973 4790 egimus;
1008 4721 1072 4773 de
1094 4715 1441 4788 sequentibus
1463 4729 1592 4769 vero
1616 4717 1865 4784 pauciora
1883 4729 1973 4770 oc-

388 4831 611 4880 currunt
658 4819 883 4876 dicenda
936 4832 999 4870 ex
1057 4812 1432 4883 manuscriptis
1478 4810 1791 4875 calicibus,
1851 4825 1971 4864 cum

386 4917 640 4984 deinceps
670 4911 869 4966 nullum
901 4907 1149 4962 habuerit
1177 4904 1417 4959 Cointius
1436 4904 1565 4959 satis
1585 4903 1972 4967 authenticum,

385 5022 493 5079 quo
522 5002 754 5074 potuerit
778 4998 1243 5069 interpolationes,
1277 5006 1330 5050 ut
1362 4996 1477 5064 ipse
1508 4995 1757 5063 loquitur,
1789 5009 1819 5046 a
1848 5008 1969 5059 ger-

389 5112 551 5152 mano
578 5093 824 5164 Gregorii
856 5102 999 5146 textu
1048 5089 1376 5145 discernere.
1418 5088 1587 5140 'l‘an'a
1628 5096 1804 5139 tami-n
1852 5084 1969 5154 ejus

386 5189 485 5244 fuit
517 5188 569 5241 in
601 5180 1267 5250 resecandisGregoriana:
1290 5178 1536 5233 llistmia:
1567 5176 1714 5230 libris
1742 5190 1969 5245 propen-

385 5280 487 5343 sio,
520 5287 575 5333 ut
602 5292 722 5332 cum
752 5289 871 5330 sese
893 5273 1106 5329 occasio
1129 5272 1304 5341 aliqua
1326 5270 1518 5326 obtulit
1548 5285 1619 5324 ex
1642 5284 1705 5325 ea
1722 5268 1967 5322 laudauJi

386 5373 560 5441 capita
590 5382 709 5439 quin
736 5368 791 5421 in
816 5364 1001 5421 codice
1031 5361 1278 5419 Mettensi
1302 5359 1692 5424 desiderantur,
1720 5359 1833 5425 ipsa
1862 5368 1969 5410 sta-

387 5462 481 5516 tim
507 5460 578 5515 ob
608 5459 715 5514 hoc
739 5456 913 5512 solum
947 5454 1088 5525 quod
1118 5454 1171 5506 iu
1212 5465 1279 5507 eo
1308 5450 1493 5506 codice
1521 5450 1717 5513 desint,
1761 5458 1854 5501 aut
1890 5452 1966 5500 in-

391 5552 649 5621 terpolata
679 5564 800 5606 esse
825 5593 840 5618 ,
872 5558 967 5602 aut
993 5547 1181 5600 saltem
1208 5544 1366 5597 dubia
1398 5538 1819 5610 prouuntiaverit
1846 5554 1860 5592 :
1895 5549 1973 5592 ta-

393 5645 546 5695 metsi
579 5643 814 5695 codicem
842 5638 981 5691 hunc
1011 5646 1063 5690 et
1094 5635 1461 5703 imperfectum
1495 5647 1614 5687 esse
1639 5639 1694 5686 et
1724 5631 1969 5685 vitiosum

390 5736 505 5801 ipse
530 5732 830 5801 agnoverit,
876 5738 930 5783 et
956 5726 1143 5790 alium,
1176 5733 1237 5779 ut
1266 5723 1397 5778 nihil
1438 5726 1505 5777 de
1534 5723 1744 5778 caeteris
1772 5722 1967 5787 dicam,

392 5840 496 5888 pm
532 5823 777 5878 manibus
807 5818 1071 5885 habuerit,
1101 5832 1165 5872 ex
1214 5815 1540 5872 monasterio
1569 5815 1770 5869 scilicet
1800 5814 1971 5868 sancti

2081 3343 2132 3400 in
2164 3343 2400 3399 inferiori
2432 3342 2636 3398 codicis
2677 3359 2771 3396 ora
2817 3344 3075 3412 appositis
3118 3343 3569 3412 deprehenditur,
3602 3360 3670 3401 ex

2077 3434 2149 3489 20
2175 3434 2615 3504 quaternionibus
2637 3434 2824 3490 decem
2853 3435 3147 3490 desiderari
3170 3436 3223 3491 in
3252 3452 3319 3493 eo
3347 3437 3552 3504 codice,
3578 3440 3671 3505 qui

2081 3528 2313 3594 priorem
2339 3525 2590 3580 Historias
2615 3536 2844 3595 partem,
2877 3526 2929 3580 id
2954 3534 3036 3581 est
3054 3527 3291 3595 quinque
3324 3527 3508 3591 libros,
3532 3544 3669 3582 cnti-

2081 3616 2343 3671 tinebant.
2375 3616 2584 3671 Initium
2615 3632 2806 3684 nenipe
2831 3616 2980 3672 ducit
3004 3632 3033 3671 a
3062 3617 3244 3687 capite
3266 3619 3295 3671 7
3322 3619 3443 3673 libri
3469 3634 3541 3685 γι,
3576 3635 3674 3677 nec

2080 3708 2339 3778 deinceps
2371 3712 2424 3765 in
2455 3708 2547 3763 illo
2566 3710 2753 3763 codice
2783 3709 3073 3779 quidquam
3105 3708 3281 3764 deest.
3311 3711 3555 3779 Scriptus
3585 3719 3669 3766 est

2084 3802 2244 3867 plano
2272 3809 2328 3855 ct
2355 3800 2549 3868 aequali
2580 3801 2916 3865 charactere,
2945 3802 3033 3869 qui
3061 3796 3324 3855 annosad
3348 3800 3525 3855 minus
3545 3816 3672 3868 sep-

2080 3890 2346 3959 tingentos
2377 3888 2632 3958 praeferre
2685 3890 2913 3956 videtur,
2966 3905 3032 3945 eo
3078 3905 3330 3945 exara.us
3374 3891 3533 3961 stylo,
3580 3906 3613 3961 q
3640 3890 3671 3948 .i

2077 3984 2297 4041 oum'mo
2327 3985 2702 4053 antiquitatem
2726 3986 2887 4054 sapit,
2911 3986 3126 4054 qualem
3152 3985 3204 4040 in
3234 3986 3495 4055 Gregorio
3522 3986 3671 4043 άθςὶο

2078 4079 2268 4133 rlerare
2296 4093 2356 4132 se
2385 4078 2573 4133 scribit
2600 4078 2797 4147 passim
2836 4079 3077 4133 Cointius
3103 4096 3117 4145 ;
3148 4079 3199 4133 id
3244 4089 3327 4133 est
3372 4096 3421 4133 lat
3469 4095 3535 4135 eo
3577 4096 3671 4141 ca-

2077 4184 2232 4225 suum
2263 4169 2585 4224 mutationes
2614 4171 2921 4240 frequenter
2948 4180 3267 4235 occurrunt,
3299 4172 3492 4229 littera:
3546 4173 3665 4228 alite

2077 4278 2176 4332 pro
2203 4262 2326 4316 aliis
2353 4262 2627 4327 adln'bitat,
2659 4264 2873 4316 nomina
2920 4263 3155 4316 virorum
3199 4264 3416 4334 propria
3444 4263 3672 4321 barbare

2077 4354 2380 4418 cliormata,
2409 4363 2463 4409 et
2491 4365 2687 4409 rtctera
2714 4338 2892 4409 omnia
2941 4352 3432 4421 deprehenduntur.
3463 4371 3583 4424 quae
3611 4357 3666 4410 in

2078 4447 2347 4518 prioribus
2374 4447 2717 4515 Gregorium:
2746 4444 2995 4499 Historia:
3021 4445 3171 4500 libris
3208 4460 3273 4499 ex
3301 4446 3492 4501 aulica
3535 4446 3671 4501 Cor-

2077 4540 2279 4595 beicnsi
2310 4538 2549 4593 Cointius
2575 4536 2792 4592 laudare
2821 4537 2979 4592 solet.
3000 4537 3267 4593 Caeterum
3302 4537 3355 4592 hi
3380 4546 3487 4593 duo
3514 4539 3673 4593 cml‘t.

2079 4643 2169 4685 ces
2200 4631 2251 4684 in
2280 4628 2603 4684 bibliotheca
2633 4626 2938 4683 Colbertina
2996 4626 3259 4697 hodieque
3304 4638 3668 4694 asses-rantur,

2079 4736 2213 4790 quos
2238 4720 2309 4775 ibi
2337 4719 2623 4789 unicuique
2649 4718 2933 4773 consulere
2964 4718 3119 4773 facile
3160 4718 3285 4772 erit.
3330 4718 3398 4771 At
3435 4719 3483 4773 si
3525 4728 3671 4774 tanta

2077 4811 2150 4866 sit
2176 4811 2378 4867 codicis
2408 4812 2577 4865 sancti
2610 4809 2885 4865 Michaelis
2931 4825 3041 4877 pra:
3089 4809 3335 4867 Mettensi
3357 4811 3668 4876 auctoritas,

2078 4920 2235 4960 nemo
2262 4922 2365 4958 non
2402 4904 2546 4959 videt
2574 4903 2843 4958 immerito
2868 4918 2896 4956 a
2926 4901 3141 4958 Cointio
3161 4902 3336 4966 capita
3371 4903 3460 4958 illa
3508 4905 3670 4958 intec-

2077 4998 2255 5067 polata
2284 4996 2515 5062 censeri,
2538 5005 2630 5051 aut
2655 5008 2804 5051 certe
2832 4995 3070 5050 revocari
3104 4995 3245 5049 inter
3265 4994 3422 5050 dubii
3454 5010 3521 5051 eo
3547 4997 3666 5065 ipso

2076 5089 2271 5153 solum,
2304 5086 2521 5155 quodin
2576 5086 2765 5141 codice
2812 5086 3059 5141 Mettensi
3104 5087 3303 5141 omissa
3348 5089 3476 5147 sint,
3522 5098 3573 5140 et
3615 5088 3667 5141 in

2076 5179 2261 5232 cod’ce
2287 5178 2453 5232 sancti
2486 5177 2757 5233 Michaelis
2783 5176 3097 5232 habeantur.
3124 5178 3228 5234 Sed
3254 5178 3373 5233 tunc
3399 5180 3669 5236 suiliciant

2076 5271 2144 5325 de
2171 5270 2444 5325 codicibus
2473 5270 2884 5337 manuscriptis;
2936 5270 3042 5337 iam
3073 5271 3139 5324 ad
3185 5283 3559 5341 argumentum
3600 5287 3662 5327 ex

2078 5359 2399 5428 Fredegario
2428 5360 2649 5428 petitum
2685 5360 3005 5414 veniendum
3038 5371 3144 5416 est.

2147 5452 2236 5506 98.
2280 5449 2584 5519 Fredegarii
2612 5449 2982 5506 auctoritatem
3014 5460 3214 5505 tantam
3249 5452 3345 5507 hac
3378 5453 3429 5506 in
3453 5462 3669 5508 contro-

2076 5541 2247 5595 veisia
2274 5556 2397 5595 esse
2422 5539 2615 5607 passim
2642 5540 2932 5608 proclamat
2955 5541 3217 5606 CoTntius,
3243 5550 3301 5595 ut
3329 5542 3476 5597 litera
3502 5552 3666 5596 totam

2073 5651 2136 5689 ca
2162 5636 2276 5689 sola
2316 5634 2493 5689 dirimi
2542 5649 2700 5703 posse
2749 5633 3131 5705 nonnunquam
3161 5641 3574 5702 asseveraverit,
3609 5646 3666 5692 ut

2076 5736 2197 5795 pote
2218 5743 2335 5795 qua!
2358 5733 2666 5795 argumenta
2689 5729 2758 5787 ad
2776 5730 3164 5797 confutandam,
3190 5738 3245 5782 ut
3271 5731 3385 5799 ipse
3409 5730 3661 5798 loquitur,

2073 5816 2452 5882 interpolatoris
2480 5819 2755 5872 audaciam
2787 5818 3113 5873 validissima
3142 5818 3529 5881 subminisret.
3568 5815 3665 5869 Ve-
