3972 6340
313 449 376 500 δι
1765 446 2158 503 ῐῚὶΑέιῗᾹΊἸΟ.
3534 456 3602 512 82

317 560 760 630 rutnFredcgarii
788 568 1157 615 auctorttatem
1187 558 1342 613 nobis
1366 561 1535 613 inulto
1561 562 1729 627 magis
1753 577 1911 627 quain
1944 566 1991 621 Α
2023 564 2323 632 lloricoms,
2362 566 2676 628 Adliemari,
2721 566 3050 636 aliorumque
3088 569 3603 636 qttatnplurintorunt

316 655 413 709 Coi
460 654 536 707 tio
581 651 759 706 lavere
790 651 871 704 vel
902 666 966 705 ex
1001 650 1103 703 hoc
1133 650 1251 704 solo
1280 650 1595 719 probamus,
1626 651 1765 720 quod
1798 652 1914 719 ipso

321 747 526 800 latente
545 744 758 799 Cointio
783 743 946 796 multa
968 758 1032 797 ex
1060 743 1164 796 illis
1187 742 1453 810 capitibus
1478 743 1755 797 admiserit
1781 743 1913 797 Fie-

318 840 590 908 degarius,
624 854 744 906 quae
776 839 829 892 in
860 837 1134 892 codicibus
1177 836 1344 906 Regio
1369 846 1423 891 et
1452 836 1720 905 Mettensi,
1753 838 1916 890 immo

320 934 485 986 etiam
540 943 593 987 et
644 930 697 987 in
742 929 1105 984 Bellovacensi
1147 926 1551 994 desiderantur;
1603 927 1749 994 plura
1787 944 1917 981 vero

317 1022 521 1075 omittit
570 1038 636 1077 ex
687 1020 914 1075 sinceris
956 1020 1199 1089 Gregorii
1246 1021 1520 1088 Operibus,
1568 1036 1686 1091 qua:
1731 1034 1916 1073 omnes

317 1114 565 1180 omnino,
591 1114 751 1167 etiam
778 1112 1043 1166 Cointiaui
1076 1112 1290 1166 codices
1322 1112 1535 1166 habent.
1571 1113 1777 1167 Etenim
1812 1114 1915 1178 pri-

320 1220 466 1257 mum
500 1215 556 1259 et
585 1212 815 1273 quatuor
858 1204 1075 1259 ultimos
1102 1203 1445 1273 Gregoriauze
1480 1205 1725 1259 Historia:
1753 1206 1917 1260 libros

320 1296 587 1365 integros,
619 1298 860 1365 exceptis
890 1297 1099 1351 duobus
1121 1306 1212 1350 ant
1238 1298 1405 1351 tribus
1434 1297 1553 1351 libri
1584 1298 1797 1365 Septimi
1829 1314 1916 1351 ca-

322 1390 528 1458 pitulis,
577 1391 801 1445 omnino
850 1390 1225 1458 praetermisit;
1272 1406 1334 1445 ex
1367 1392 1578 1445 cuateris
1620 1394 1833 1447 tertium
1866 1402 1920 1448 et

317 1492 571 1550 quartum
595 1481 713 1535 libri
737 1480 953 1536 secundi
979 1483 1149 1551 capita
1178 1499 1280 1535 non
1310 1483 1478 1547 attigit
1502 1501 1516 1548 ;
1548 1486 1693 1551 plura
1718 1502 1781 1539 ex
1812 1495 1920 1539 ter-

318 1580 395 1630 tio
420 1576 581 1641 libro,
607 1578 698 1647 qui
732 1579 937 1647 integer
965 1578 1158 1646 ubique
1188 1578 1429 1647 habetur,
1456 1579 1663 1643 omisit;
1697 1580 1831 1634 sicut
1865 1590 1920 1636 et

318 1685 391 1722 ex
425 1678 617 1738 quarto
651 1669 787 1723 libro
813 1670 985 1737 capita
1011 1671 1065 1733 4,
1098 1669 1181 1734 12,
1213 1672 1300 1733 Si,
1328 1670 1396 1722 34
1425 1682 1479 1725 et
1500 1670 1560 1724 41
1592 1687 1623 1725 ιι
1650 1688 1696 1725 -ιι
1730 1672 1916 1738 habet;

315 1778 385 1814 ex
412 1763 549 1814 libro
572 1763 757 1830 quinto
785 1761 956 1831 cupita
990 1761 1075 1824 ll,
1104 1762 1189 1824 Η,
1211 1763 1299 1827 21,
1328 1762 1417 1826 22,
1441 1761 1529 1829 50,
1555 1762 1654 1826 32;
1676 1780 1741 1819 ex
1764 1774 1918 1820 sexto

317 1854 494 1922 capita
539 1855 593 1918 5,
624 1855 711 1919 i7,
742 1854 833 1920 9.8,
865 1852 957 1915 29,
989 1853 1078 1914 50.
1112 1856 1204 1921 32,
1233 1854 1323 1919 55,
1367 1873 1487 1927 quae
1520 1867 1693 1913 tamen
1738 1860 1917 1914 omnia

2018 668 2298 711 auctorum
2315 671 2475 725 Opera
2496 659 2572 711 vel
2592 657 2842 711 chronica
2863 660 3200 712 revolveriwt.
3221 657 3327 713 Nec
3346 660 3603 715 minorem

2017 732 2247 802 luiss‘e‘in
2262 749 2628 817 discerpendis
2646 749 3019 804 miraculorum
3038 751 3124 803 liln
3141 750 3184 805 is
3201 752 3466 807 licentiam
3484 770 3607 821 pro-

2020 841 2143 896 bant
2162 843 2356 910 passim
2375 842 2586 896 codices
2610 844 2973 909 manuscripti,
2994 859 3217 913 quorum
3234 845 3320 898 alii
3340 860 3500 901 unum
3517 855 3607 901 aut

2018 932 2265 999 alterum,
2291 933 2380 987 alii
2402 933 2833 1001 pluresGregorii
2862 920 3338 1011 libros'exhibeut;
3367 939 3604 992 nonnulli

2020 1038 2144 1075 tero
2166 1023 2275 1076 so'a
2291 1038 2473 1077 eorum
2492 1023 2805 1093 fragmenta,
2823 1038 2941 1077 cum
2957 1025 3041 1095 adj
3055 1026 3243 1089 inn-tis,
3260 1036 3313 1079 ut
3332 1027 3609 1097 scriptori-

2023 1119 2119 1171 bus
2136 1116 2352 1184 placuit,
2372 1117 2559 1171 titulis.
2579 1117 2652 1171 De
2674 1117 2865 1186 quibus
2888 1119 3133 1172 omnibus
3158 1118 3325 1172 fUaillS
3341 1121 3607 1173 disserere

2020 1224 2125 1261 nou
2147 1216 2316 1271 vacat,
2344 1222 2410 1262 ne
2435 1206 2546 1276 jam
2566 1208 2705 1261 dicta
2738 1207 3004 1263 incassum
3039 1220 3279 1277 repetere
3307 1210 3607 1264 videantur.

2096 1300 2215 1353 itit).
2252 1299 2470 1363 Venno,
2495 1301 2743 1365 ex'iensis
2775 1292 3251 1367 illisaraumentis,
3276 1316 3395 1372 qua:
3423 1301 3609 1357 adver-

2020 1406 2111 1446 sus
2141 1393 2420 1461 complura
2444 1392 2786 1459 Gregoti'tnm
2814 1393 3057 1447 "istttritl:
3086 1395 3255 1460 capita
3279 1394 3518 1448 Cointius
3544 1410 3610 1449 ex

2022 1497 2152 1534 tnss.
2185 1484 2385 1548 aliquot
2415 1465 2657 1536 codicum
2691 1486 3027 1549 auctoritate,
3077 1494 3169 1537 aut
3202 1500 3269 1539 ex
3304 1485 3607 1554 Fredegarii

2020 1572 2235 1627 silentio
2251 1572 2425 1626 dedux
2456 1582 2493 1639 t,
2513 1575 2862 1628 examinanda
2885 1586 3175 1642 supersunt
3197 1578 3476 1643 nonnulla,
3492 1594 3612 1646 qua:

2021 1666 2103 1718 vel
2136 1681 2200 1719 ex
2230 1666 2392 1735 stylo,
2427 1670 2505 1719 vel
2537 1682 2602 1720 ex
2637 1668 2798 1722 rebus
2830 1668 2880 1721 in
2912 1669 3019 1722 illis
3050 1652 3311 1738 capitibus
3344 1672 3613 1725 contentis

2022 1758 2234 1825 objicit,
2270 1770 2518 1823 tanquam
2566 1778 2592 1814 a
2618 1761 2862 1827 Gregorii
2894 1762 3055 1815 modo
3094 1764 3365 1818 scribendi
3410 1763 3611 1828 aliena,

2021 1858 2113 1902 aut
2140 1858 2285 1903 certe
2313 1865 2433 1918 quae
2460 1850 2581 1904 aliis
2613 1852 2779 1917 ipsius
2806 1852 3046 1921 ejusdem
3079 1854 3354 1922 operibus,
3384 1864 3477 1909 aut
3504 1872 3612 1907 cae-

318 1950 494 2013 capim
522 1949 573 2003 in
596 1946 904 2002 Corbeiertsi
934 1948 1118 2001 codice
1143 1948 1426 2013 habentur.
1452 1962 1504 2004 ει
1527 1959 1776 2021 umquam
1806 1952 1915 2007 veri
1950 1938 1993 1995 Β
2026 1939 2154 1993 teris
2176 1940 2491 2009 Gregoriani
2521 1944 2617 1996 aevi
2645 1943 2881 2011 probatis
2909 1945 3214 2006 auctoribus
3241 1947 3507 2000 contraria
3532 1948 3610 1999 Vi-

319 2049 372 2093 et
403 2037 600 2093 sinceri
624 2037 869 2107 Gregorii
893 2039 1031 2095 fetus
1062 2056 1089 2092 a
1117 2040 1331 2095 Cointio
1359 2042 1737 2096 admittuntur.
1769 2044 1920 2098 Unde

319 2139 473 2198 patet
503 2145 608 2183 non
642 2131 929 2186 admodum
965 2133 1151 2188 utilem
1184 2150 1307 2188 esse
1336 2134 1451 2187 viro
1483 2135 1695 2189 erudito
1716 2135 1918 2190 Frede-

316 2234 354 2287 g
391 2219 454 2273 rii
501 2222 876 2275 austeritatem
941 2223 1007 2277 ad
1058 2222 1387 2289 probandum
1435 2239 1498 2276 ex
1545 2222 1661 2292 ejus
1705 2225 1921 2279 silentio

320 2312 495 2364 multa
551 2313 796 2382 Grrgorii
859 2313 1107 2367 Historia:
1166 2312 1332 2368 fuisse
1379 2315 1919 2382 superadditazcum

317 2414 535 2458 constet
581 2409 650 2455 ab
700 2420 767 2458 eo
811 2415 1031 2458 ant-ture
1091 2406 1253 2459 multa
1300 2421 1365 2460 ex
1417 2407 1629 2461 sincero
1678 2405 1918 2477 Gregorii

322 2505 474 2549 textu
502 2505 695 2563 sponte
724 2505 779 2550 et
807 2512 871 2550 ex
905 2497 1164 2550 industria
1196 2495 1393 2551 omissa
1427 2495 1612 2551 fuisse.

395 2587 488 2642 99.
532 2588 622 2651 At,
678 2589 906 2659 inquies,
956 2590 1308 2659 Fredegaiius
1355 2591 1624 2646 Fruttcicze
1676 2593 1922 2649 llistorirc

316 2682 594 2751 cpitomen
619 2684 1037 2737 concinnaturus
1070 2698 1097 2735 a
1125 2684 1400 2753 proposito
1421 2700 1520 2737 suo
1542 2686 1775 2739 alienum
1800 2701 1921 2740 esse

316 2778 533 2830 censuit
559 2790 648 2833 res
676 2788 989 2840 extraneas,
1017 2777 1117 2831 etsi
1152 2778 1325 2845 reipsa
1358 2793 1388 2831 a
1412 2779 1671 2840 Gregorio
1701 2781 1916 2845 relatas,

315 2869 473 2935 operi
497 2883 596 2923 suo
618 2869 886 2933 inserere;
915 2868 984 2921 ita
1009 2879 1064 2921 ut
1088 2870 1285 2923 nemini
1312 2872 1502 2924 mirum
1522 2871 1684 2926 videri
1702 2872 1915 2940 debeat,

316 2959 365 3011 si
410 2959 663 3013 noiinul'a
702 2960 863 3014 etiam
921 2975 987 3014 ex
1032 2961 1253 3014 sinceris
1292 2960 1631 3033 Gregorianae
1672 2965 1920 3019 Historia:

316 3049 589 3117 capitibus
621 3050 883 3106 omiserit.
944 3049 1013 3103 At
1040 3051 1183 3103 nulla
1216 3068 1434 3116 prorsus
1474 3054 1706 3110 laudavit
1737 3072 1804 3112 ex
1857 3058 1921 3110 iis

318 3159 444 3211 qua:
486 3143 540 3195 in
569 3143 754 3198 cottiee
780 3144 1095 3201 Corbeiensi
1129 3134 1535 3211 desiderantur;
1589 3147 1739 3216 proin
1760 3148 1920 3218 leqne

321 3233 604 3301 probabile
644 3243 747 3301 est,
783 3249 845 3288 ea
887 3245 1012 3290 tunc
1055 3238 1310 3302 temporis
1350 3252 1456 3290 non
1493 3238 1793 3303 exstitisse,
1822 3240 1916 3293 St'd

2022 2030 2216 2083 dentur
2242 2048 2254 2083 :
2284 2046 2403 2098 qua:
2430 2032 2551 2086 licet
2576 2033 2687 2085 suis
2717 2033 2769 2086 in
2804 2034 2956 2100 locis,
2981 2046 3238 2103 quantum
3272 2038 3410 2091 ferre
3440 2038 3613 2106 potuit

2025 2132 2273 2175 notarum
2317 2122 2574 2190 brevitas,
2627 2127 3063 2193 exposuerimus,
3104 2126 3190 2180 hic
3231 2136 3405 2182 tamen
3457 2131 3613 2196 paulo

2024 2212 2191 2267 fusius
2216 2214 2544 2268 d'scntienda
2576 2227 2718 2269 sunt.
2753 2216 2815 2270 Et
2846 2218 3075 2285 primum
3100 2220 3342 2286 quidem,
3376 2220 3515 2285 quod
3546 2221 3612 2275 ad

2022 2305 2145 2375 styli
2172 2304 2420 2359 duritiem
2446 2306 2672 2374 pertinet
2692 2316 2778 2360 aut
2802 2309 3065 2380 sermonis
3090 2309 3464 2375 rusticitatem,
3483 2327 3614 2380 quas

2024 2399 2077 2451 in
2109 2398 2220 2451 suis
2264 2398 2517 2467 operibus
2568 2399 2793 2454 inveniri
2844 2376 3037 2453 l'ate‘r
3068 2400 3265 2468 passim
3298 2401 3611 2470 Gregorius,

2024 2501 2187 2545 testes
2207 2492 2417 2561 appello
2444 2500 2705 2560 quotquot
2727 2490 2969 2561 Gregorii
2994 2507 3157 2560 Opera
3185 2490 3430 2562 legerint,
3455 2504 3614 2562 atque

2023 2585 2221 2654 capita,
2256 2601 2373 2653 qua:
2400 2584 2644 2640 Coitttitts
2676 2587 2991 2655 interpolata
3024 2588 3276 2657 appellat,
3306 2588 3466 2644 simul
3491 2604 3612 2644 cum

2024 2677 2143 2729 a'iis
2169 2675 2417 2731 conferre
2444 2677 2729 2741 voluerint,
2762 2693 2830 2731 an
2851 2694 3015 2732 ovum
3049 2694 3153 2734 ovo
3179 2681 3411 2733 similius
3444 2682 3612 2736 videri

2028 2768 2213 2835 possit.
2248 2765 2524 2823 llahentur
2545 2767 2740 2839 quippe
2781 2768 2834 2822 in
2876 2770 3001 2835 illis,
3030 2770 3170 2824 sicut
3193 2782 3243 2826 et
3272 2772 3323 2825 in
3352 2772 3488 2837 istis,
3520 2788 3615 2826 ca-

2022 2875 2178 2916 suum
2208 2861 2548 2926 mutationes,
2575 2863 2622 2916 id
2649 2870 2734 2918 cst
2760 2864 3043 2917 accusandi
3065 2879 3239 2929 casus,
3266 2874 3323 2919 ut
3347 2880 3613 2935 gramma-

2024 2953 2112 3007 tici
2144 2961 2355 3017 vocant,
2391 2968 2485 3020 pro
2516 2953 2796 3018 ablativis;
2853 2954 3113 3009 habentur
3143 2966 3198 3009 ct
3230 2956 3481 3011 feminina
3515 2974 3613 3010 ltu-

2025 3046 2167 3098 ntina
2198 3060 2293 3113 pro
2324 3045 2664 3109 :nasculinis,
2708 3054 2764 3099 et
2790 3047 3085 3126 tnasculina
3122 3064 3152 3101 ιι
3177 3048 3335 3101 ιηιίιιςι
3375 3064 3493 3102 cum
3523 3052 3615 3101 aul-

2020 3139 2232 3210 jcctivis
2274 3141 2325 3193 in
2355 3138 2614 3193 feminino
2642 3154 2839 3209 genere
2876 3140 3184 3207 conjuncta.
3225 3143 3522 3197 Occurrunt
3561 3154 3619 3197 et

2026 3218 2186 3286 voces
2224 3233 2473 3295 exoticw,
2510 3231 2866 3299 loquendique
2910 3231 3050 3284 modi
3084 3233 3240 3300 plmo
3283 3233 3513 3299 barbari,
3548 3236 3615 3288 de

321 3326 667 3395 postmodum
695 3328 939 3397 Gregorii
972 3330 1227 3397 operibus
1253 3332 1322 3382 ah
1351 3330 1533 3398 aliquo
1564 3330 1728 3387 fuisse
1753 3332 1909 3386 inter-
1947 3304 1991 3365 C
2022 3326 2214 3393 quibus
2253 3325 2414 3377 rebus
2441 3322 2688 3389 exempla
2718 3324 2770 3376 in
2803 3322 3034 3377 medium
3084 3322 3324 3390 proferre
3355 3342 3460 3377 nott
3488 3327 3623 3380 sinit

321 3419 568 3487 polatorc
589 3427 791 3473 assuta.
836 3421 906 3474 At
927 3430 1142 3474 corruet
1174 3429 1343 3475 totum
1376 3421 1503 3475 illttd
1538 3422 1732 3476 Cointii
1761 3439 1918 3491 argu-

320 3521 588 3575 mentum,
638 3512 802 3565 immo
833 3512 989 3567 nobis
1036 3512 1261 3567 omnino
1308 3511 1529 3579 favebit,
1560 3516 1604 3569 si
1637 3531 1818 3570 verum
1847 3520 1919 3571 sit

308 3593 707 3671 ‘Fi-edegariunt
731 3604 973 3659 eamdem
999 3604 1251 3661 habuisse
1274 3605 1533 3661 rationem
1555 3622 1617 3662 ea
1640 3611 1919 3665 ontittendi

318 3709 444 3764 qua:
474 3695 526 3748 in
555 3695 866 3752 Corbeiensi
895 3698 1084 3752 codice
1130 3714 1237 3753 non
1272 3699 1557 3766 habentur,
1592 3717 1654 3755 ac
1684 3704 1770 3757 illa
1801 3719 1919 3773 qua:

319 3798 390 3837 ex
439 3784 650 3838 sincera
684 3786 925 3855 Gregorii
959 3786 1190 3841 Ilistoria
1246 3802 1351 3841 non
1404 3789 1608 3844 retulit.
1664 3792 1919 3847 Eamdem

319 3892 457 3930 vrro
482 3877 647 3932 fuisse
666 3877 777 3946 jam
804 3893 967 3946 supra
991 3880 1419 3948 observavimus,
1446 3892 1501 3937 ct
1523 3885 1607 3940 itet
1626 3901 1712 3940 um
1735 3897 1921 3940 osten-

320 3968 524 4021 dimus.
566 3968 780 4023 Etenim
814 3971 1159 4039 praetermisit
1192 3971 1549 4042 Fredegarius
1579 3973 1923 4046 Gregoriante

328 4060 581 4113 Historias
616 4062 822 4131 capita,
864 4062 1023 4115 etiam
1065 4056 1302 4129 sincera,
1344 4080 1464 4133 quae
1502 4065 1566 4118 ad
1616 4067 1920 4132 generalem

328 4151 661 4206 Francorum
684 4154 857 4215 gentis
880 4153 1164 4207 Historiam
1194 4155 1416 4211 minime
1435 4155 1753 4211 attinebant.
1783 4158 1922 4211 Idem

324 4258 542 4312 quoque
560 4243 686 4297 iecit
703 4244 1049 4299 Corbeiensis
1075 4244 1276 4300 codicis
1297 4248 1559 4315 scriptor;
1585 4247 1722 4300 idem
1747 4248 1925 4303 fecere

324 4344 382 4388 et
406 4335 497 4403 qui
529 4333 669 4389 alios
698 4334 912 4390 codices
941 4350 970 4388 a
994 4335 1207 4390 Cointio
1243 4338 1485 4391 laudatos
1515 4348 1826 4393 exararuut.
1860 4340 1927 4394 Et

321 4427 545 4496 quidem
568 4425 759 4480 eodem
783 4441 846 4480 ac
865 4426 1218 4496 Fredegarins
1238 4428 1489 4482 consitio.
1510 4427 1586 4483 Illi
1607 4430 1773 4495 enim,
1789 4430 1928 4486 sicut

320 4532 373 4574 et
413 4518 806 4588 Fredegarius,
856 4521 1165 4589 generalem
1213 4521 1552 4576 solummodo
1600 4521 1924 4578 Francorum

325 4612 623 4664 Historiam
684 4610 885 4664 habere
935 4611 1234 4679 cupientes,
1293 4612 1591 4680 singulares
1649 4612 1924 4667 hominum

2024 3418 2132 3485 ipsa
2160 3418 2235 3470 rei
2266 3414 2554 3469 evidentia.
2588 3413 2780 3468 Fateor
2811 3414 3058 3481 equidem
3092 3414 3142 3466 in
3175 3415 3446 3471 codicibus
3477 3418 3613 3469 Cor-

2025 3508 2224 3563 beiensi
2251 3522 2314 3562 ac
2339 3505 2720 3568 Bellovacensi,
2742 3520 2876 3574 quos
2902 3509 2950 3558 ιιι
2975 3506 3216 3576 Gregorii
3245 3516 3392 3563 textu
3413 3509 3615 3565 deseri.

2026 3600 2201 3654 bendo
2223 3599 2465 3653 Cointius
2497 3599 2685 3652 merito
2717 3598 2909 3651 imitari
2937 3599 3150 3668 gaudet,
3177 3600 3376 3670 aliquot
3398 3603 3630 3656 nomina

2027 3692 2213 3760 magis,
2243 3702 2299 3744 ut
2330 3692 2398 3744 ita
2432 3692 2630 3751 dicam,
2663 3691 2885 3743 barbare
2920 3692 3102 3755 scribi,
3134 3707 3291 3757 quam
3321 3695 3371 3748 in
3398 3698 3627 3753 cieterist

2024 3782 2299 3838 codicibus
2325 3781 2499 3835 minus
2528 3780 2777 3849 antiquis,
2802 3782 3295 3850 frequentiorcsque
3319 3785 3375 3839 in
3400 3785 3508 3841 illis
3534 3787 3614 3840 in-

2028 3876 2196 3931 veniri
2242 3890 2486 3939 casuum,
2514 3875 2811 3928 litterarum
2843 3884 2934 3928 aut
2974 3892 3226 3944 generum
3267 3880 3608 3934 mutationes.

2026 3966 2132 4021 Sed
2160 3968 2261 4021 hoc
2281 3981 2347 4021 ex
2372 3966 2585 4020 diverso
2605 3965 2938 4021 diversorum
2968 3976 3263 4036 temporum
3289 3983 3353 4025 ac
3380 3974 3615 4025 notario—

2027 4073 2145 4112 rum
2167 4058 2324 4128 genio
2345 4066 2402 4113 et
2420 4057 2639 4111 arbitrio
2663 4058 2893 4114 accidit:
2918 4075 3037 4128 que
3064 4060 3346 4116 diversitas
3367 4064 3627 4119 codicum

2026 4150 2391 4217 antiquitatem
2416 4148 2646 4215 probare
2664 4149 2877 4216 quidem
2901 4158 3092 4217 potest,
3115 4166 3218 4205 non
3242 4168 3370 4206 vero
3392 4170 3612 4221 operum

2029 4241 2362 4294 varietatem.
2402 4238 2565 4293 Iidem
2606 4239 2749 4292 enim
2782 4250 2907 4293 sunt
2934 4242 3022 4310 qui
3070 4243 3121 4295 in
3150 4245 3331 4297 saeculi
3363 4247 3496 4299 sexti
3525 4258 3617 4303 aut

2028 4333 2241 4402 septimi
2266 4332 2450 4387 codice
2478 4331 2785 4387 scribuntur
2807 4331 3223 4401 Cblotovecbns,
3255 4335 3616 4393 Clitothacha-

2030 4424 2159 4491 tius,
2190 4422 2662 4489 Chrochtichildis,
2702 4438 2767 4478 ac
2793 4425 2884 4495 qui
2914 4426 2965 4480 in
3000 4427 3311 4492 posterioris
3347 4430 3450 4485 aevi
3481 4432 3618 4495 scrie

2032 4516 2132 4584 ptis
2156 4514 2405 4570 dicuntur
2428 4515 2752 4584 lllodoveus,
2779 4516 3069 4581 lllotarins,
3093 4529 3187 4575 aut
3210 4520 3486 4588 llletildis;
3519 4539 3629 4581 scu-

2030 4604 2389 4673 Chlodoveus,
2413 4611 2737 4677 Chlotarius,
2762 4611 3067 4677 Cltlotildis,
3091 4622 3195 4673 etc.
3228 4614 3368 4672 Idem
3392 4618 3629 4687 contigit-

322 4704 680 4770 privatorum,
706 4710 797 4753 aut
826 4701 1062 4754 locorum
1093 4701 1342 4755 historias
1363 4702 1779 4771 prteterinisere,
1814 4711 1931 4757 tan-
1961 4688 2007 4744 υ
2040 4703 2091 4755 in
2118 4702 2321 4771 aliquat
2354 4702 2474 4756 aliis
2504 4702 2744 4766 vocibus,
2787 4718 2923 4772 quas
2950 4719 3304 4761 amanuenses
3337 4723 3432 4777 pro
3466 4710 3631 4766 libitu-

321 4810 484 4864 quam
511 4794 613 4847 sibi
639 4794 875 4847 inuti’es.
903 4792 955 4846 ld
981 4792 1154 4861 ipsum
1178 4792 1353 4847 innuit
1381 4793 1432 4846 in
1460 4792 1622 4849 variis
1645 4793 1926 4848 codicibus

322 4888 679 4940 omissionum
716 4885 969 4939 varietas.
1022 4884 1090 4939 Ea
1129 4885 1271 4939 enim
1328 4884 1446 4946 fuit,
1481 4874 1667 4955 utjam
1699 4900 1802 4939 non
1835 4899 1919 4939 se-

322 4980 428 5034 mel
472 4980 900 5043 observavimus,
931 4977 1173 5047 Gregorii
1228 4978 1393 5031 nostri
1443 4978 1679 5043 fortuna,
1712 4986 1769 5031 ut
1796 4978 1917 5045 quia

322 5071 529 5140 primus
560 5078 616 5124 et
647 5071 837 5123 unicus
867 5078 1106 5122 veterum
1139 5082 1321 5123 rerum
1350 5068 1523 5136 gentis
1556 5077 1755 5120 nostra:
1785 5083 1922 5137 pra:-

322 5162 470 5216 clare
496 5170 770 5231 gestarum
803 5160 1033 5229 scriptor
1060 5158 1287 5225 exstitit,
1315 5173 1382 5214 ex
1413 5158 1529 5227 ejus
1552 5159 1807 5227 oneribus
1827 5160 1917 5226 qui

324 5264 508 5323 postea
538 5254 707 5307 secuti
736 5261 861 5308 sunt
890 5252 1201 5319 scriptores,
1234 5266 1329 5321 pro
1360 5266 1458 5305 suo
1488 5250 1639 5304 libitu
1669 5267 1788 5320 qua:
1818 5252 1925 5306 sibi

323 5348 436 5400 visa
472 5356 622 5412 sunt,
654 5344 740 5397 alii
770 5344 944 5412 plura,
967 5342 1054 5395 alii
1088 5348 1336 5411 pauciora
1359 5342 1761 5411 descripserint.
1786 5342 1921 5396 llinc

320 5437 574 5493 nonnulli
622 5435 835 5490 Codices
879 5444 1110 5504 quatuor
1149 5434 1397 5488 llistorite
1438 5434 1601 5488 libros
1639 5433 1918 5500 exhibent,

218 5584 229 5591 ,
256 5522 259 5523 ⁷
319 5530 413 5584 alii
436 5530 699 5599 quinque.
722 5526 808 5579 alii
831 5542 871 5579 so
895 5542 946 5588 x,
965 5525 1050 5579 alii
1078 5540 1203 5579 vero
1230 5541 1417 5580 novem
1437 5534 1527 5577 aut
1549 5524 1757 5579 decem.
1782 5524 1921 5591 Quin

320 5632 377 5676 et
408 5637 474 5675 ex
505 5619 612 5674 illis
642 5619 793 5673 libris
822 5616 913 5670 aii
942 5618 1091 5685 plura
1124 5628 1210 5668 aut
1240 5616 1489 5684 pauciora
1521 5631 1616 5685 pro
1645 5631 1742 5668 suo
1772 5614 1919 5670 libittt

319 5714 501 5781 Capita
530 5710 905 5779 exscripsere;
941 5708 1184 5763 nonnulti
1217 5716 1390 5762 autem
1425 5708 1537 5761 hinc
1566 5708 1618 5761 in
1649 5711 1919 5775 epitmneu

329 5804 617 5860 reduxere.
650 5802 781 5868 Qua;
810 5802 987 5855 omnia
1016 5801 1191 5872 quivis
1224 5809 1420 5854 norunt
1448 5800 1499 5854 in
1526 5801 1700 5870 gentis
1727 5813 1924 5855 ltOSll‘tB

328 5894 566 5953 Historia
590 5900 669 5956 vel
692 5896 951 5955 tantillum
976 5897 1190 5966 versati,
1213 5896 1303 5965 qui
1321 5884 1645 5967 Fredvgazii,
1662 5896 1917 5962 Aimoini,

2025 4803 2386 4857 muta-verunt,
2421 4801 2478 4846 ut
2505 4807 2625 4847 cum
2655 4794 2869 4864 equites,
2892 4809 3051 4864 quam
3084 4809 3268 4850 vocent
3303 4808 3509 4853 veteres
3544 4801 3613 4854 ad

2022 4901 2215 4953 equum
2238 4874 2620 4953 designandum
2647 4884 2992 4951 usurpabant,
3017 4884 3068 4938 in
3091 4900 3243 4955 equos
3267 4888 3621 4952 transtulere,

2024 4976 2370 5031 intentionem
2404 4975 2455 5029 in
2482 4978 2886 5040 contentionem;
2928 4978 3017 5045 qtti
3060 4987 3113 5031 et
3135 4978 3219 5031 ubi
3243 4977 3621 5047 indignateaut

2022 5084 2295 5136 exsequere
2309 5068 2569 5136 scriptum
2592 5069 2928 5129 invenerunt,
2948 5083 3235 5137 reposcere
3250 5070 3619 5142 indignemini,

2023 5169 2075 5211 et
2104 5159 2344 5225 exsequi;
2374 5166 2429 5212 et
2453 5158 2531 5213 sic
2566 5158 2667 5212 a‘ia
2710 5159 3009 5221 innumera,
3063 5175 3181 5225 quae
3226 5160 3405 5214 multis
3452 5164 3628 5217 variis.

2025 5248 2338 5303 lectionibus
2368 5248 2629 5317 originem
2657 5249 2873 5317 quidem
2918 5250 3209 5316 dederunt,
3250 5262 3304 5307 at
3335 5269 3604 5324 nunquam

2024 5340 2163 5409 apud
2192 5341 2337 5396 viros
2366 5340 2603 5395 eruditos
2634 5339 2684 5394 iit
2717 5340 2935 5396 dubium
2970 5342 3227 5398 revocare
3253 5342 3490 5397 iecerunt
3520 5357 3614 5397 ve-

2026 5442 2136 5487 ti-ra
2172 5439 2535 5497 monumenta,
2562 5448 2788 5503 quorum
2818 5450 2885 5488 ne
2913 5436 3126 5489 unicum
3157 5435 3384 5488 fortasse
3412 5433 3478 5487 ad
3512 5449 3622 5489 nos

2026 5524 2398 5579 intemeratum
2431 5525 2751 5592 pervenisse
2776 5527 2907 5580 alias
2929 5526 3220 5581 dicendum
3249 5534 3411 5580 esset.
3458 5525 3611 5583 Unde

2028 5632 2130 5669 ltun
2163 5615 2337 5669 minus
2372 5615 2668 5670 indubitata
2696 5615 2935 5685 Gregorii
2954 5632 3161 5685 Vopera,
3192 5631 3353 5684 quam
3381 5633 3463 5681 ea,
3490 5636 3614 5688 quae

2027 5707 2341 5776 interpolata
2379 5724 2406 5760 a
2436 5706 2649 5763 Cointio
2675 5709 2945 5778 dicuntur,
2978 5708 3239 5777 ejusmodi
3283 5714 3613 5769 mutationes

2025 5800 2092 5853 ab
2113 5799 2526 5853 amanuensibus
2553 5801 2833 5868 pertulere.
2861 5800 2966 5854 Sed
2995 5799 3038 5851 si
3070 5812 3279 5855 veteres
3308 5798 3422 5857 illas
3455 5819 3563 5855 Voct
3585 5817 3615 5858 ε

2027 5909 2085 5948 ac
2123 5892 2418 5949 locutiones
2458 5890 2733 5960 barbaras,
2767 5899 2858 5948 aut
2887 5906 3107 5949 casuum
3159 5895 3481 5952 mutationes
3520 5906 3617 5949 ue-
