3972 6340
377 431 450 492 ss
1817 421 2201 479 Pl:.i’."ATI().
3590 413 3660 470 st

373 565 508 604 ‘N'SS:

376 638 636 708 inpiiibus
659 637 782 700 illis,
805 650 922 704 qua:
950 631 1268 700 interpolata
1291 637 1476 685 censet
1501 628 1759 693 Coiutius,
1782 639 1965 682 aucto-

376 732 610 790 nitatem,
625 741 686 783 ac
707 728 772 779 ad
797 723 1177 780 restituendam
1194 719 1436 793 Gregorii
1459 719 1710 788 Operibus
1734 729 1961 774 nativam

375 821 621 881 formam,
652 834 757 872 non
782 817 973 870 desunt
1002 814 1214 869 codices
1246 814 1448 883 antiqui
1475 816 1563 882 qui
1598 812 1714 865 illas
1742 813 1963 865 omnino

373 914 648 978 exhibent,
677 921 833 980 prout
862 925 953 965 eas
983 909 1158 977 reipsa
1191 911 1390 977 passim
1437 907 1489 962 in
1522 915 1700 960 nostra
1731 905 1964 962 editione

373 1007 727 1070 restituimus.
748 1015 839 1059 aut
861 1004 1266 1059 observavimus
1296 1005 1346 1061 in
1374 1004 1534 1065 notis,
1553 1018 1672 1058 cum
1697 1001 1960 1071 ejusmodi

373 1099 602 1161 insolita:
632 1098 970 1168 exprimendi
1006 1098 1248 1151 formula:
1278 1096 1500 1153 nimium
1534 1095 1858 1150 facesserent
1889 1095 1964 1147 Ie-

372 1195 620 1266 genlibus
653 1195 942 1265 negotium.
985 1192 1285 1247 Occurrunt
1315 1199 1368 1246 et
1401 1192 1452 1244 in
1487 1190 1670 1245 iisdem
1699 1189 1964 1258 capitibus

370 1306 532 1345 voces
576 1291 816 1360 quaedam
865 1291 1193 1358 singulares,
1224 1303 1344 1358 qua:
1385 1288 1624 1356 Gregorii
1665 1287 1859 1359 stylum
1909 1297 1963 1341 et

370 1384 586 1451 genium
612 1384 846 1452 sapiunt,
877 1381 1176 1450 cujusmodi
1209 1381 1316 1435 fere
1345 1387 1468 1434 sunt
1489 1382 1702 1434 intentio
1731 1380 1795 1434 ad
1826 1396 1961 1435 con-

368 1476 663 1542 tentionem
713 1473 1136 1540 exprimendam,
1185 1473 1374 1541 equites
1417 1488 1514 1539 pro
1553 1473 1721 1540 equis,
1771 1474 1961 1539 species

370 1583 469 1630 iro
500 1566 861 1624 mercimoniis
905 1576 994 1618 aut
1043 1563 1204 1618 rebus
1234 1562 1528 1629 venalibas,
1561 1579 1832 1616 consensus
1864 1579 1961 1630 pro

368 1659 725 1716 instrumento
775 1655 1074 1717 electionis,
1128 1654 1409 1708 cicindelus
1457 1668 1552 1723 pro
1597 1654 1820 1708 candela
1871 1664 1960 1708 aut

364 1763 545 1813 cereo,
575 1745 819 1801 satellites
846 1761 942 1814 pro
966 1739 1162 1808 sociis;
1193 1744 1403 1797 manicis
1435 1744 1805 1812 apprehensus,
1830 1742 1961 1797 Bar.

363 1844 542 1902 barus,
575 1857 670 1909 pro
699 1838 955 1900 Francus,
982 1847 1034 1890 et
1056 1838 1156 1890 alia
1182 1835 1444 1904 ejusmodi
1468 1836 1602 1889 bene
1629 1835 1812 1901 multa,
1841 1851 1957 1905 qua:

445 560 638 601 ssarias
657 542 871 598 omnino
892 555 1011 596 esse
1032 536 1151 609 quis
1173 538 1461 599 contendat
1482 537 1545 590 ad
1569 537 1830 592 Cullt‘iii.‘rll
1855 540 1956 589 lain
1991 544 2037 596 Α
2068 550 2230 588 ειιιη
2257 548 2418 587 inonu
2442 542 2599 588 neuta
2625 547 2729 587 non
2752 546 2964 602 semper
2984 528 3084 586 sibi
3105 537 3354 584 constant
3377 548 3389 584 :
3415 538 3467 585 et
3491 547 3653 587 mium

2071 628 2321 694 idemque
2345 626 2559 680 ‘factum
2587 640 2618 679 a
2642 624 2870 680 diversis
2917 623 3224 678 auctoribus
3254 624 3413 676 etiam
3447 621 3655 690 peritis,

2068 719 2157 786 qui
2190 719 2264 772 rei
2292 726 2455 786 gestae
2499 714 2863 780 interfuerint,
2892 714 3040 767 varie
3083 710 3323 767 enarrari
3349 711 3658 782 quotidiana

2068 814 2401 882 experientia
2434 821 2666 868 constat.
2697 811 2816 867 Jam
2858 809 2925 864 ad
2967 808 3262 878 singulares
3290 805 3484 863 Cointii
3513 805 3658 859 diffi-

2065 908 2290 961 cultates
2322 905 2680 960 euucleandas
2709 902 3046 957 accedamus.

2141 1000 2262 1053 102.
2305 998 2441 1052 Nihil
2470 998 2689 1052 omnino
2719 997 2770 1050 in
2800 1005 2910 1049 toto
2937 996 3108 1064 primo
3131 993 3379 1048 Historiae
3410 991 3546 1046 libro
3573 1004 3660 1044 re-

2067 1092 2343 1160 prehendit
2374 1090 2638 1155 Cointios,
2670 1105 2851 1157 quem,
2884 1102 3004 1141 cum
3038 1101 3122 1140 res
3152 1087 3202 1138 in
3235 1099 3299 1138 eo
3332 1093 3560 1138 narrata:
3589 1082 3654 1134 ad

2068 1182 2233 1250 ipsius
2271 1200 2374 1236 non
2406 1191 2643 1251 Spectent
2679 1180 3002 1242 institutum,
3026 1177 3336 1232 examinare
3366 1193 3472 1231 non
3503 1190 3658 1229 cura-

2066 1277 2159 1330 vit.
2209 1276 2346 1330 Nihil
2380 1276 2540 1330 etiam
2573 1274 2733 1328 habet
2763 1272 2829 1326 de
2871 1270 2975 1326 illis
3012 1270 3262 1324 omnibus
3300 1268 3567 1337 capitulis.
3603 1267 3654 1319 iu

2065 1370 2256 1438 quibus
2295 1383 2354 1422 ea
2398 1376 2732 1435 repetuntur,
2764 1380 2882 1434 quae
2914 1362 3200 1432 Gregorius
3247 1362 3300 1416 in
3343 1361 3462 1416 aliis
3506 1359 3655 1412 librs

2066 1470 2410 1516 tractaverat.
2471 1458 2734 1526 Pleraque
2777 1456 2939 1510 etiam
2987 1455 3090 1509 alia
3145 1453 3372 1523 capitula
3422 1451 3656 1507 admittit

2062 1553 2300 1622 quidem,
2339 1560 2398 1605 ut
2438 1558 2564 1619 pote
2601 1564 2722 1619 qua:
2749 1562 2875 1602 vera
2916 1555 2970 1601 ει
3007 1557 3149 1599 certa
3192 1552 3432 1610 narrant,
3463 1542 3556 1597 sed
3587 1556 3652 1595 ea

2063 1645 2380 1715 interpolata
2411 1643 2481 1698 ob
2510 1643 2562 1696 id
2590 1643 2763 1696 solum
2795 1648 2998 1701 censet,
3029 1637 3170 1708 quod
3202 1637 3254 1692 in
3285 1637 3489 1706 aliquot
3517 1635 3654 1688 scri-

2063 1736 2167 1806 ptis
2190 1735 2464 1790 codicibus
2491 1733 2686 1789 desint.
2734 1732 2837 1787 Sed
2862 1732 2929 1785 de
2961 1731 3042 1784 bis
3075 1730 3233 1783 modo
3260 1737 3437 1782 actum
3466 1735 3568 1790 est,
3597 1736 3653 1779 et

2063 1827 2211 1894 plura
2245 1826 2429 1880 dicere
2454 1825 2638 1880 inutile
2661 1823 2816 1878 foret.
2857 1821 3066 1876 Gtt-tera
3096 1831 3273 1874 autem
3303 1820 3502 1888 capita,
3531 1834 3651 1887 quae

364 1935 546 1992 nullus
587 1949 691 1985 non
734 1931 1022 1984 observare
1062 1936 1264 1996 pelest.
1295 1928 1470 1994 qualia
1522 1927 1573 1981 in
1621 1931 1950 1984 onomastiui

2061 1918 2129 1972 ob
2156 1917 2482 1985 peculiarem
2523 1915 2756 1981 aliquam
2800 1914 3068 1967 rationem
3117 1911 3310 1977 reiicit,
3365 1911 3450 1965 hic
3494 1910 3650 1963 nobis

363 2023 539 2077 indice
568 2021 634 2074 ad
666 2021 866 2075 calcem
901 2019 1058 2087 hujus
1089 2017 1374 2072 voluminis
1401 2017 1738 2083 co?legimus.

438 2114 558 2166 101.
584 2112 700 2166 Νοιι
723 2111 939 2178 majoris
961 2121 1042 2166 est
1066 2109 1325 2169 momenti
1344 2108 1538 2162 Cointii
1561 2119 1955 2180 argumentum,

362 2220 469 2268 quo
520 2202 683 2263 multa
731 2201 784 2256 in
832 2201 1097 2268 capitibus
1145 2200 1478 2268 interpolatis
1529 2200 1724 2267 paSsim
1771 2200 1955 2256 haberi

362 2295 661 2358 contendit,
711 2292 933 2346 sinceri~
960 2290 1203 2360 Gregorii
1252 2291 1502 2358 operibus
1551 2307 1656 2351 non
1690 2292 1825 2346 bene
1865 2308 1959 2349 co-

364 2384 644 2444 haerentia.
691 2382 855 2440 immo
901 2390 955 2435 et
1003 2380 1133 2448 ipsis
1175 2381 1463 2436 comraria.
1524 2378 1726 2436 Deinde
1757 2381 1956 2450 prafeat

363 2476 567 2542 aliquot
596 2475 732 2536 loca,
759 2472 811 2527 in
837 2469 1032 2542 quibus
1069 2471 1157 2528 ille
1187 2480 1394 2535 auctor,
1419 2485 1535 2536 seu,
1569 2481 1625 2525 ut
1666 2472 1758 2533 ait,
1791 2472 1954 2525 inter-

367 2571 600 2638 polator,
635 2582 738 2620 non
782 2565 908 2619 satis
940 2564 1144 2634 aliquot
1176 2572 1482 2619 sanctorum
1515 2564 1747 2618 virorum
1798 2563 1954 2623 fama:

361 2656 703 2716 consuluisse
754 2655 1010 2718 videtur;
1092 2654 1449 2721 nonnullaque
1521 2651 1624 2708 alia
1676 2663 1953 2711 auctorum

362 2750 715 2814 coazqualium
761 2746 1083 2802 testimoniis
1114 2747 1357 2815 opposita
1389 2745 1656 2810 retulisse,
1689 2744 1759 2801 ita
1800 2756 1874 2810 ut,
1909 2749 1955 2802 si

360 2842 731 2910 admittantur,
781 2849 866 2895 aut
913 2837 1076 2906 ipsos,
1125 2847 1215 2896 aut
1249 2848 1392 2895 certe
1415 2837 1727 2906 Gregorium
1768 2855 1795 2891 a
1827 2854 1954 2893 vero

360 2935 642 2988 aberrasse
693 2930 969 2994 fatendum
1019 2931 1090 2984 sit
1134 2949 1148 2984 :
1193 2946 1311 2998 quae
1360 2930 1584 2998 proinde
1629 2932 1808 2985 omnia
1859 2948 1952 3000 pro

355 3029 506 3086 veris
534 3026 778 3092 Gregorii
812 3024 1006 3079 fetibus
1036 3023 1219 3078 haberi
1253 3040 1356 3077 non
1384 3024 1600 3078 debent.
1631 3021 1726 3077 liis
1757 3025 1954 3093 quippe

356 3118 610 3181 omnibus
640 3133 748 3172 uno
777 3116 941 3171 verbo
969 3116 1154 3183 reponi
1178 3125 1377 3185 posset,
1405 3116 1543 3183 quod
1568 3117 1666 3169 etsi
1697 3115 1951 3169 nonnulla

355 3206 620 3275 ejusmodi
666 3208 717 3259 in
759 3205 1024 3274 capitibus
1064 3205 1428 3258 controversis
1464 3205 1808 3268 haberentur,
1845 3221 1950 3260 non

355 3302 536 3365 statim
583 3312 769 3362 eorum
826 3296 1220 3354 convelleretur
1249 3293 1562 3356 auctoritas,
1606 3294 1869 3363 siquidem
1897 3278 2027 3349 etc

357 3390 521 3442 multa
564 3387 616 3440 in
661 3387 888 3442 sinceris
915 3387 1156 3454 Gregorii
1205 3385 1344 3452 capit
1369 3384 1468 3446 bus
1519 3385 1798 3448 habentur,
1830 3402 1948 3455 qua:

358 3495 480 3542 cum
509 3478 627 3547 ip-o
675 3478 933 3546 Gregorio
956 3489 1040 3530 aut
1072 3477 1190 3538 aliis
1222 3477 1583 3538 monumentis
1614 3493 1716 3532 non
1744 3495 1947 3533 conve-

356 3568 526 3634 niunt.
570 3567 685 3622 lloc
731 3567 908 3635 ipsum
938 3565 1181 3626 Coiutius
1214 3581 1318 3623 non
1359 3567 1525 3622 semel
1557 3569 1706 3621 fateri
1742 3574 1951 3638 cogtur

357 3660 409 3725 in
440 3659 767 3722 Annalibus;
816 3659 979 3730 idque
1030 3659 1211 3711 multis
1260 3660 1519 3730 exemplis
1559 3660 1951 3715 demonstravit

356 3752 604 3811 Valesius
635 3752 685 3804 in
710 3749 1024 3818 prtclatione
1051 3749 1114 3802 ad
1149 3759 1347 3805 tomum
1374 3750 1415 3809 ll
1442 3751 1634 3805 Rerum
1665 3750 1949 3806 Francica-

355 3861 500 3903 rum.
531 3843 617 3898 Sic
664 3842 799 3896 libro
829 3859 884 3907 ιι,
919 3843 1096 3909 rapite
1129 3842 1338 3908 ultimo,
1369 3841 1739 3900 Cblodoveum
1765 3859 1944 3913 regem

355 3948 499 3988 anno
540 3933 602 3987 11
649 3933 839 3998 Licinii
889 3933 1124 4002 episcopi
1175 3933 1506 3998 Turonensis
1553 3934 1659 3990 fato
1708 3934 1948 3998 functum

356 4025 524 4090 fuisse
574 4023 799 4078 scribit:
829 4032 883 4079 et
912 4033 1089 4089 tamen
1132 4037 1338 4085 certum
1382 4036 1462 4079 est
1496 4025 1727 4086 Leonem
1761 4027 1946 4081 Licinii

356 4117 693 4182 ilcccssorcin
751 4116 1122 4186 quinquennio
1197 4124 1323 4170 ante
1373 4116 1665 4172 Cblodovei
1721 4135 1837 4173 mor
1862 4135 1946 4174 cm

355 4223 451 4276 per
499 4208 718 4262 missum
778 4194 931 4262 suum
981 4209 1210 4266 concilio
1253 4209 1546 4279 Agathensi
1620 4211 1944 4276 interfuisse,

356 4298 747 4362 Guntramnutn
801 4301 940 4354 inter
987 4309 1041 4354 et
1067 4301 1392 4371 Sigibertum
1442 4303 1637 4361 bellum
1683 4307 1949 4364 exarsisse

353 4389 425 4450 nit
456 4391 592 4443 libro
617 4405 691 4455 tv,
721 4391 895 4456 capite
927 4389 1018 4454 1-2,
1068 4393 1232 4460 quod,
1261 4393 1376 4461 ipso
1407 4406 1684 4450 asserente
1715 4395 1946 4460 Cointio,

354 4493 544 4539 verum
576 4492 683 4532 non
722 4488 822 4531 εει.
871 4478 1205 4547 Chilpericus
1237 4483 1522 4537 Suessione
1570 4484 1780 4549 exstitis
1809 4499 1839 4538 e
1870 4486 1949 4538 ili-

355 4573 492 4626 citur
522 4572 658 4627 libro
688 4587 744 4639 v,
775 4572 1041 4641 capitibus
1061 4572 1096 4624 2
1117 4582 1171 4628 et
1190 4572 1245 4640 5,
1277 4584 1331 4629 et
1361 4586 1534 4631 tamen
1563 4576 1688 4632 inde
1711 4577 1947 4631 abfuisse

2060 2009 2409 2064 examinanda
2453 2014 2677 2062 restant.
2721 2005 2863 2060 Libri
2890 2021 2927 2058 ιι
2986 2012 3144 2072 caput
3167 2001 3236 2055 56
3266 2000 3650 2069 abinterpol'a-

2061 2112 2179 2158 tore
2199 2102 2436 2156 additum
2464 2117 2581 2156 es~e
2604 2109 2755 2171 putat
2777 2099 2858 2153 vir
2884 2099 3143 2161 eruditus,
3170 2096 3310 2166 quod
3336 2110 3422 2150 res
3450 2111 3515 2150 eo
3544 2095 3647 2153 lori

2058 2193 2126 2248 de
2169 2204 2356 2247 sancto
2387 2193 2673 2261 Quintiano
2724 2200 3034 2246 memoratae
3081 2201 3412 2259 pra-postero
3460 2188 3649 2241 ordine

2058 2287 2391 2352 referantur;
2443 2286 2514 2340 ibi
2548 2287 2741 2355 quippe
2782 2285 2950 2339 sancti
2982 2284 3078 2338 viri
3117 2297 3147 2337 e
3176 2282 3303 2336 sede
3331 2280 3574 2351 expulsio
3616 2297 3646 2335 a

2060 2379 2271 2437 Gotthis
2312 2380 2448 2435 facta
2489 2391 2761 2448 narratur,
2805 2395 2922 2449 quae
2953 2379 3122 2434 multo
3163 2390 3286 2431 ante
3327 2378 3645 2448 contigerat.

2059 2480 2233 2544 Atque
2264 2475 2314 2529 id
2361 2475 2574 2544 quidem
2607 2475 2745 2528 haud
2777 2474 3041 2539 diffitear;
3074 2472 3165 2527 sed
3207 2471 3338 2524 nihil
3369 2470 3490 2527 inde
3518 2485 3648 2526 con-

2060 2567 2255 2628 ficitur.
2289 2567 2400 2621 Non
2427 2568 2568 2626 enim
2595 2567 2679 2622 hic
2701 2566 2994 2635 Gregorius
3021 2563 3178 2619 refert
3204 2563 3552 2631 Quintianum
3583 2578 3649 2617 eo

2060 2659 2176 2726 ipso
2204 2673 2346 2712 anno
2375 2658 2582 2728 pulsum
2631 2656 2814 2723 fuisse,
2848 2656 2991 2726 quod
3033 2671 3164 2710 sane
3205 2656 3391 2709 falsum
3436 2654 3646 2720 fuisset,

2057 2751 2152 2807 sed
2180 2752 2400 2822 loquens
2429 2751 2496 2806 de
2525 2750 2757 2803 maxima
2789 2749 3062 2803 Gallorum
3093 2763 3218 2810 erga
3253 2747 3486 2801 Francos
3518 2761 3648 2810 pro-

2060 2845 2336 2913 pensione,
2368 2857 2435 2898 ex
2465 2857 2524 2895 ea
2557 2856 2586 2895 c
2625 2841 2877 2894 n-itatam
2908 2840 2980 2892 ait
3009 2839 3328 2893 Gottborum
3358 2837 3645 2903 iovid‘am,

2056 2934 2144 3004 qui
2175 2935 2375 2990 idcirco
2400 2937 2707 3002 complures
2743 2934 3026 3002 episcopos
3064 2947 3094 2986 e
3132 2931 3260 2986 sede
3302 2944 3396 2984 sua
3432 2929 3648 2999 dejece-

2059 3037 2178 3082 rant
2203 3046 2214 3081 :
2241 3043 2341 3098 qua
2374 3028 2660 3082 ocCasione
2686 3025 2982 3097 Gregorius
3013 3026 3216 3079 illustre
3245 3023 3447 3094 profert
3475 3022 3644 3076 sancti

2057 3124 2325 3190 Quintiani
2359 3123 2662 3192 exemplum
2692 3123 2939 3176 :tarnetsi
2973 3120 3141 3176 multo
3171 3129 3295 3174 ante
3325 3118 3377 3173 id
3412 3129 3648 3186 tempus,

2058 3216 2237 3272 relicta
2264 3217 2413 3279 sedc,
2444 3231 2511 3271 ex
2538 3217 2668 3270 urbe
2704 3221 3038 3269 excesserat.

2129 3307 2253 3363 105.
2273 3306 2327 3360 ιιι
2360 3308 2514 3360 tertio
2539 3307 2676 3361 libro
2700 3305 2840 3359 nulla
2868 3312 2952 3359 est
2977 3303 3364 3358 controversia:
3396 3302 3643 3366 materia,

2054 3415 2176 3458 cum
2203 3401 2344 3458 hunc
2371 3401 2562 3457 librum
2591 3416 2778 3460 omnes
2801 3398 3019 3452 omnino
3042 3397 3274 3454 codices.
3299 3394 3424 3450 editi
3448 3395 3646 3464 pariter

2053 3501 2108 3548 et
2129 3491 2336 3560 scripti,
2368 3492 2629 3558 integrum
2663 3498 3071 3554 reprimi-olent.
3102 3487 3242 3541 Libri
3269 3485 3440 3556 quarti
3467 3485 3645 3552 capita

2055 3585 2108 3651 5,
2134 3581 2188 3653 6,
2214 3585 2270 3649 7,
2304 3583 2360 3635 1.
2400 3593 2454 3638 ει
2484 3582 2570 3648 12,
2601 3582 2652 3636 iu
2686 3581 3004 3651 ﬂllihlledﬂm
3033 3579 3305 3634 codicibus
3334 3576 3646 3631 desideran-

2055 3689 2163 3744 tur,
2193 3675 2356 3747 quod,
2382 3685 2438 3730 ut
2465 3676 2620 3730 nobis
2646 3689 2955 3742 persuasum
2980 3684 3082 3739 est,
3110 3673 3236 3726 nihil
3267 3671 3329 3724 ad
3356 3670 3644 3724 Historiam

2057 3768 2384 3823 Francorum
2459 3765 2764 3836 generalem
2840 3765 3188 3833 pertinerent.
3242 3763 3307 3815 At
3353 3760 3643 3815 subornata

2055 3876 2202 3925 esse,
2251 3861 2558 3926 nullamque
2604 3855 2797 3916 mereri
2849 3855 3004 3908 fidem
3057 3853 3331 3908 contendit
3373 3853 3640 3915 Cointius,

2053 3952 2195 4023 quod
2228 3954 2291 4006 iis
2332 3951 2582 4006 admissis
2609 3947 2910 4019 Aquitania:
2957 3947 3142 4015 primae
3172 3946 3468 4015 pontifices,
3504 3946 3643 3998 inter

2054 4057 2188 4110 quos
2240 4040 2480 4094 nonnulli
2531 4040 2796 4109 hodieque
2860 4038 3028 4095 sancti
3091 4037 3242 4097 titulo
3291 4034 3641 4098 decorantur,

2052 4130 2237 4194 quales
2277 4130 2426 4194 fuere
2459 4129 2754 4183 Probianus
2784 4127 3079 4196 Biturigum
3122 4135 3173 4179 et
3210 4123 3501 4183 Dalmatius
3534 4123 3642 4174 ltu-

2055 4219 2340 4272 tbenorum
2379 4233 2424 4282 e_
2451 4218 2641 4285 iscopi,
2676 4216 2897 4271 maximi
2929 4215 3166 4270 criminis
3209 4214 3284 4268 rei
3315 4213 3524 4270 dicendi
3557 4213 3642 4265 fo-

2052 4320 2193 4377 rent,
2223 4311 2315 4381 qui
2347 4311 2656 4380 episeopum
2691 4310 2993 4364 ineonsulto
3016 4323 3140 4378 rege
3164 4307 3413 4362 ordinare
3435 4307 3641 4361 delibe-

2053 4409 2321 4467 raverant,
2352 4412 2403 4456 et
2425 4401 2640 4471 quidem
2677 4401 2765 4455 tali
2794 4401 3052 4470 dignitate
3083 4413 3301 4467 prorsus
3345 4398 3638 4467 indignum,

2051 4491 2309 4548 Catonem
2339 4494 2563 4560 scilicet,
2596 4495 2687 4563 qni
2717 4493 2965 4561 superbia
2997 4494 3132 4547 adeo
3157 4493 3392 4551 tumidus
3417 4502 3548 4557 erat,
3586 4502 3640 4546 ut

2057 4584 2324 4638 neminem
2352 4599 2410 4640 se
2440 4585 2735 4654 digniorem
2763 4586 3077 4656 episcopatu
3107 4583 3477 4645 arbitraretur.
3502 4583 3653 4644 Can-,

353 4665 438 4718 his
478 4662 607 4733 ipsis
646 4663 776 4719 locis
825 4667 1271 4734 pimsupponitur.
1318 4668 1435 4722 Alia
1475 4669 1630 4724 mitto
1676 4673 1939 4741 exempla,
1973 4655 2024 4714 Ι)
2051 4675 2192 4728 tinus
2224 4677 2418 4741 etiam,
2456 4679 2542 4744 qui
2586 4677 2650 4730 ad
2698 4678 3064 4746 cpiscOpatum
3109 4682 3384 4742 promotus
3423 4682 3526 4737 est,
3560 4660 3670 4750 his:

353 4771 475 4824 qua:
513 4760 591 4810 vel
639 4773 702 4811 ex
747 4759 876 4824 ipsis
903 4758 1094 4812 Cointii
1137 4762 1390 4827 operibus
1436 4763 1589 4818 facile
1633 4766 1944 4830 suppedita-

351 4847 577 4912 lmntur,
601 4849 898 4918 cujusmodi
925 4853 1065 4906 nulla
1093 4854 1142 4905 in
1172 4855 1455 4923 capitibus,
1481 4875 1599 4924 quae
1625 4856 1941 4926 interpolata

351 4948 539 5002 censet
558 4939 822 5008 Cointius,
860 4944 1083 5007 inveniri
1113 4961 1355 5014 possunt.
1385 4947 1519 5000 Loca
1552 4957 1727 5007 autem
1761 4951 1942 5016 singu-

353 5031 487 5086 laria
517 5049 634 5101 qum
668 5036 802 5088 hanc
843 5037 892 5087 in
924 5052 1035 5090 rem
1067 5038 1250 5102 objicit
1279 5041 1354 5091 vir
1383 5040 1647 5104 eruditus,
1669 5041 1781 5095 suis
1810 5040 1941 5100 locis

353 5124 802 5180 examinabimus.
847 5127 1002 5194 Quod
1045 5129 1089 5181 si
1137 5127 1292 5190 fama:
1344 5142 1650 5188 sanctorum
1704 5131 1941 5193 \irorcm

351 5213 674 5284 (piandoque
720 5217 893 5271 minus
933 5220 1263 5275 consuluisse
1306 5220 1513 5280 videtur
1549 5220 1856 5294 Gregorius,
1889 5225 1939 5277 id

349 5305 468 5373 ejus
493 5305 714 5361 candori
744 5321 807 5362 ac
837 5307 1049 5364 sincero
1079 5310 1258 5365 animo
1290 5311 1652 5378 tribuendum,
1686 5317 1773 5381 qui
1802 5315 1935 5367 facta

353 5396 652 5462 hominum,
705 5410 860 5468 prout
904 5416 967 5456 ea
1027 5415 1267 5468 noverat,
1325 5407 1555 5472 genuine
1605 5407 1938 5470 exponebat,

350 5491 499 5546 nullo
543 5502 794 5563 respectu
845 5509 1214 5562 personarum.
1267 5496 1452 5564 Neque
1498 5512 1625 5551 vero
1650 5496 1933 5566 quisquam

348 5582 557 5652 credat,
601 5585 886 5640 laudabilia
929 5585 1094 5640 fuisse
1137 5590 1370 5650 virorum
1405 5589 1565 5642 etiam
1609 5589 1932 5642 sanctiorum

354 5673 533 5728 (ιιιιιιίιι
554 5689 736 5743 opera.
783 5677 852 5730 Et
890 5676 1105 5746 quidem
1136 5677 1204 5731 ab
1225 5677 1457 5745 antiquis
1486 5690 1644 5747 atque
1670 5678 1829 5731 etiam
1870 5679 1936 5732 ab

351 5767 471 5819 aliis
501 5769 584 5821 sui
615 5771 711 5822 τενί
760 5770 1073 5824 auctoribus
1121 5785 1501 5838 nonnunquam
1533 5770 1779 5825 disscntit
1805 5771 1937 5826 Gre-

348 5861 532 5933 gorius
562 5876 570 5910 :
599 5861 741 5928 quod
772 5861 960 5913 initum
993 5877 1095 5916 non
1128 5872 1228 5927 est,
1262 5863 1523 5931 siquidem
1551 5873 1600 5918 et
1638 5865 1744 5942 ipsa
1779 5873 1929 5923 vetu-

2048 4767 2318 4825 coloribus
2365 4768 2416 4821 in
2467 4768 2581 4826 istis
2625 4769 2891 4837 capitibus
2932 4768 3255 4839 depingitur,
3297 4774 3353 4819 ut
3399 4779 3639 4820 estrcmo
3686 4821 3721 4848 ν,

2047 4858 2309 4927 supplicio
2359 4859 2535 4928 potius
2582 4859 2882 4926 puniendus
2927 4859 3133 4922 fuisset,
3163 4873 3322 4929 quam
3352 4850 3715 4926 episcopalis'-
3783 4878 3788 4884 ·

2046 4950 2175 5006 sede
2201 4951 2504 5006 donandus.
2540 4953 2662 5006 llarc
2691 4951 2932 5006 Cointius
2959 4965 2973 5003 :
3014 4951 3107 5004 sed
3134 4965 3252 5020 qua:
3296 4948 3554 5002 factorum
3583 4949 3658 5002 in“

2047 5045 2132 5098 his
2158 5043 2422 5112 capitibus
2454 5045 2742 5101 relatorum
2772 5043 3144 5100 auctoritatem
3171 5042 3389 5095 minime
3418 5038 3638 5092 co~vel~

2051 5135 2183 5188 Iunt.
2238 5134 2588 5204 Improbanda
2636 5135 2832 5203 quippe
2875 5141 2958 5185 est
2999 5130 3306 5200 pontificum
3339 5126 3640 5195 Aquitania:

2048 5227 2288 5294 audacia,
2327 5225 2417 5296 qui
2449 5242 2574 5299 rege
2625 5227 2928 5285 inconsulto
2963 5226 3297 5292 episcopum,
3341 5219 3582 5291 quamvis
3607 5236 3638 5276 a

2045 5322 2191 5370 clero
2220 5329 2271 5368 et
2298 5316 2492 5383 populo
2523 5315 2775 5378 eleetum,
2826 5315 3077 5375 ordinare
3105 5312 3500 5380 disposuerant.
3530 5312 3637 5366 Sed
3663 5307 3672 5314 “

2049 5407 2123 5460 rei
2159 5404 2441 5460 insolentia
2475 5404 2596 5460 facti
2629 5405 2907 5458 veritatem
2957 5419 3061 5466 non
3088 5405 3284 5470 elevat,
3324 5419 3443 5472 quae
3473 5403 3639 5459 etiam

2045 5499 2163 5553 aliis
2193 5499 2462 5566 exemplis
2505 5496 2807 5558 confirmari
2842 5506 3040 5565 posset.
3083 5497 3245 5550 Certe
3275 5497 3441 5548 multo
3473 5493 3640 5548 auda-

2043 5592 2158 5644 cior
2211 5588 2308 5642 fuit
2358 5589 2407 5642 al
2435 5591 2577 5642 crius
2627 5587 2958 5657 Aquitania,
3005 5588 3058 5641 id
3108 5598 3192 5641 est
3244 5586 3639 5654 Burdigileusis

2046 5678 2369 5747 provinciae,
2424 5680 2795 5747 episcoporum
2845 5690 3106 5742 conatus,
3188 5679 3276 5747 qui
3326 5679 3638 5732 Eumerium

2045 5771 2434 5825 Santouenscni
2481 5773 2788 5838 episcopum
2837 5787 2868 5825 e
2907 5771 3035 5824 sede
3064 5770 3503 5836 delurbaverant,
3532 5769 3638 5824 He-

2047 5864 2207 5918 iaclio
2230 5863 2334 5934 jam
2366 5865 2416 5923 in
2448 5864 2561 5940 eius
2587 5863 2760 5923 locum
2788 5863 3094 5930 substituto,
3124 5861 3262 5939 quod
3288 5862 3640 5934 prmcipieute
