3972 6340
196 406 274 460 δῦ
1633 413 1716 468 PR
1731 413 2023 470 .-EFATi0.
2093 409 2095 412 ’
3417 420 3485 475 86

197 539 332 595 rege
369 528 576 595 absque
633 528 1027 597 IItC'I'Opoii‘ialli
1085 544 1292 597 praesen
1323 529 1368 582 ii
1427 528 1611 589 [uisset
1656 530 1797 581 οτιιὶο
1831 531 1879 588 Λ
1910 525 2146 594 Gregorii
2189 527 2562 597 Lingoncnsis,
2611 531 2799 587 Nicetii
2837 531 3206 603 Lugdunensis
3258 542 3313 589 et
3354 534 3489 589 Galli

198 627 382 668 natus.
418 616 524 671 Res
550 630 726 673 tamen
744 620 1018 674 habuisset
1041 621 1116 675 eff
1143 631 1310 683 ctum,
1335 622 1437 676 nisi
1465 621 1802 674 obstitissent

195 710 376 762 Chari'
403 713 504 764 erti
540 712 680 782 regis
710 713 868 766 mina:
905 715 995 782 qui
1025 714 1097 766 ob
1130 717 1293 782 patris
1322 713 1404 767 sui
1444 716 1801 767 reverentiam

198 802 386 856 irritos
410 803 642 857 reddidit
667 804 1044 873 episcoporum
1071 817 1316 860 conatus.
1351 806 1414 859 Et
1431 805 1562 859 Cato
1585 804 1800 873 quidem

197 895 458 961 superbia
503 895 740 949 tumidus
768 906 884 950 erat
915 915 928 948 :
963 899 1057 952 sed
1102 897 1173 950 ob
1217 897 1352 952 alias
1380 897 1556 959 dotes,
1589 896 1804 965 potissi-

201 1003 357 1040 nium
391 987 464 1041 ob
494 988 919 1042 misericordiam
950 989 1001 1041 iti
1036 1004 1301 1059 pauperes
1332 989 1401 1042 ita
1437 987 1577 1054 plebi
1609 1003 1799 1056 accep-

199 1091 351 1147 pttts,
383 1089 442 1134 ut
489 1081 666 1135 nullus
713 1097 818 1134 noti
860 1096 982 1135 eunt
1031 1081 1232 1134 habere
1275 1080 1433 1134 vellet
1460 1081 1798 1146 epi~copttm.

201 1174 506 1244 Utrumque
545 1190 608 1229 ex
655 1176 772 1242 ipso
822 1175 1082 1246 Gregorio
1131 1185 1336 1229 certum
1378 1185 1478 1237 est,
1513 1190 1575 1228 ex
1629 1173 1805 1242 capite

198 1268 412 1322 scilicet
432 1267 522 1331 5|,
550 1267 693 1336 quod
719 1267 1098 1330 indubitatum,
1129 1269 1290 1321 etiam
1316 1268 1544 1330 Coﬁttio,
1577 1267 1806 1319 habetur

201 1361 292 1414 ubi
325 1361 393 1414 de
419 1359 662 1429 ejusdem
687 1361 904 1413 Catonis
942 1367 1136 1423 morte,
1166 1375 1322 1429 quam
1363 1360 1415 1414 itt
1453 1360 1806 1413 sollicitandis

201 1452 528 1520 p-tttperibus
549 1463 788 1520 tempore
821 1453 984 1520 pestis
1016 1453 1257 1515 incurrit,
1285 1467 1470 1522 agens,
1503 1452 1603 1504 ait:
1625 1450 1807 1502 Multa:

199 1545 542 1604 humanitatis
567 1544 664 1612 fuit
686 1553 732 1596 et
747 1545 869 1597 satis
888 1560 1167 1613 pauperum
1185 1545 1431 1606 dilector;
1458 1555 1503 1596 et
1530 1545 1805 1597 credulum:

199 1650 369 1686 causa
405 1636 452 1686 ei
485 1635 530 1687 si
565 1634 688 1704 quid
724 1633 975 1702 superbire
1007 1635 1202 1698 habuit,
1241 1636 1665 1687 medicamentum
1686 1635 1801 1703 fuit.

200 1726 497 1781 [Litttiuum
540 1743 669 1783 vero
730 1731 1110 1791 saevissimum,
1178 1745 1242 1785 ac
1295 1729 1588 1799 episcopali
1637 1729 1804 1799 gradu

200 1825 372 1885 p'aue
397 1819 676 1887 indignum
706 1820 756 1872 itt
789 1819 905 1873 istis
933 1821 1050 1886 capi
1079 1820 1194 1874 ibus
1223 1820 1466 1875 exhiberi
1503 1820 1642 1873 ultro
1672 1822 1801 1874 fate-

198 1925 333 1962 tuur
368 1925 382 1962 :
413 1909 506 1963 sed
536 1909 636 1962 nisi
668 1924 790 1965 eum
825 1911 982 1964 talem
1017 1925 1122 1964 non
1155 1909 1322 1966 fuisse
1350 1916 1541 1978 probet
1565 1909 1806 1963 Cointitts

197 2014 268 2052 ex
315 2001 498 2067 probis
543 2001 880 2066 auctoribus,
923 2002 1050 2056 nihil
1093 2003 1312 2055 omnino
1361 2003 1615 2056 adversm
1652 2003 1807 2070 lmjtts

199 2092 467 2145 lltstorite
514 2094 787 2147 veritatem
833 2092 1064 2148 evincet.
1141 2093 1250 2147 Nec
1296 2092 1421 2144 illttd
1467 2094 1617 2159 juvat
1664 2093 1804 2162 quod

197 2182 476 2236 Catilinas
505 2196 536 2236 e
565 2183 694 2238 sede
716 2197 810 2236 sua
844 2199 1114 2252 nunquam
1146 2183 1456 2236 exturbatus
1480 2182 1658 2247 fuerit,
1686 2199 1806 2234 tlllll

198 2287 381 2325 neruo
405 2273 608 2327 nesciat
637 2270 882 2341 Gregorii
914 2281 1073 2326 tritae
1105 2275 1286 2341 p'ures
1315 2272 1614 2341 episcopos,
1645 2273 1810 2326 variis

198 2363 238 2416 it
256 2363 456 2416 retilos
481 2363 815 2428 criminibus,
841 2363 905 2416 ad
935 2372 1160 2417 mortem
1191 2379 1355 2432 usque
1381 2366 1430 2417 in
1459 2364 1570 2418 suis
1595 2364 1811 2419 sedibus

198 2469 622 2524 perseverasse,
656 2455 795 2524 quod
827 2457 1030 2508 utinam
1062 2465 1138 2509 tot
1167 2457 1430 2522 exemplis
1461 2456 1672 2524 probari
1706 2473 1812 2512 non

197 2555 422 2617 posset.
443 2546 686 2603 Sullit-iat
703 2547 939 2602 Mclautii
965 2548 1017 2602 itt
1037 2548 1345 2602 Prmtextati
1366 2548 1814 2620 Rothomagensis

198 2639 396 2692 locum
465 2639 653 2691 intrttsi
722 2639 1026 2706 exettiplttnt
1069 2640 1328 2707 proferre.
1375 2639 1624 2708 Ejusdem
1693 2641 1812 2695 libri

200 2729 399 2798 quarti
437 2739 593 2796 caput
617 2730 681 2784 l9
712 2729 883 2800 rejicit
915 2732 1054 2798 quod
1103 2731 1154 2784 itt
1183 2730 1280 2784 cod
1305 2731 1458 2786 cibus
1487 2732 1694 2785 duobus
1721 2735 1814 2787 dc-

201 2821 510 2883 sideretur,
559 2835 656 2874 nec
697 2823 832 2874 satis
871 2829 1122 2874 accurate
1165 2823 1334 2875 sancti
1371 2823 1605 2877 Medardi
1637 2824 1814 2877 obitus

199 2926 420 2965 atinttut
469 2913 718 2979 aesiguet.
776 2911 967 2964 Verum
1000 2927 1121 2966 cum
1173 2912 1242 2966 ibi
1275 2910 1564 2981 Gregorius
1611 2913 1811 2967 nttlittm

203 3011 430 3056 certum
453 3017 646 3055 anitum
676 3002 812 3056 beati
835 3002 1066 3056 Metlardi
1101 3004 1287 3057 mortis
1315 3004 1599 3073 designare
1630 3006 1813 3060 volue-

202 3096 309 3157 rit,
364 3094 486 3148 nihil
535 3094 598 3146 ad
635 3095 949 3148 elevandum
984 3094 1140 3162 hujus
1188 3096 1383 3164 capitis
1439 3098 1811 3151 auctoritatem

204 3189 441 3260 prodi-st
487 3188 585 3242 ista
616 3189 868 3258 objectio.
900 3188 1051 3256 Quod
1096 3190 1236 3243 enim
1269 3190 1339 3242 ait
1368 3188 1657 3256 Gregorius
1684 3200 1811 3243 tent-

205 3297 347 3352 pore
376 3278 621 3333 ϐυρσιαήί
649 3290 892 3334 sanctum
939 3279 1244 3334 Medardum
1288 3281 1510 3347 obiisse,
1543 3298 1699 3334 nemo
1727 3298 1812 3334 ru-
1840 3291 1888 3352 ο

203 3378 389 3425 Vocat
419 3370 469 3423 itt
495 3370 732 3425 dubium.

293 3460 422 3514 10L
465 3461 519 3514 In
548 3461 684 3518 libro
724 3478 755 3514 v
787 3471 946 3528 eaput
997 3462 1239 3531 quintum
1289 3465 1600 3518 Convellere
1630 3464 1820 3517 nititur

212 3553 315 3606 vir
350 3550 618 3616 eruditus,
644 3552 783 3619 quod
811 3554 910 3606 etsi
945 3566 1030 3606 res
1063 3569 1217 3607 veras
1246 3563 1301 3606 tit
1331 3553 1618 3622 plurimum
1679 3557 1815 3609 refe-

205 3653 327 3708 rat,
363 3643 552 3696 habeat
594 3653 770 3697 tamen
802 3644 1057 3697 nonnulla
1081 3685 1095 3704 ,
1125 3660 1245 3714 qua:
1288 3645 1696 3714 reprehensioni
1734 3648 1814 3698 vi-

205 3738 426 3793 dentur
451 3735 697 3789 obnoxia.
716 3734 948 3790 Primum
978 3737 1118 3806 quod
1148 3737 1310 3790 multa
1342 3739 1394 3790 itt
1413 3755 1479 3792 eo
1501 3741 1813 3794 continean-

207 3839 307 3881 tur
348 3836 534 3880 contra
569 3826 801 3881 Felicem
833 3827 1255 3883 Natttnetensetn
1284 3832 1635 3897 episcopum,
1657 3849 1814 3900 quem

208 3917 472 3974 Ecclesia
499 3919 572 3973 uti
613 3930 856 3974 Sanctum
909 3921 1081 3973 virum
1126 3921 1387 3976 celebrat.
1425 3922 1625 3977 Dt‘illtie
1669 3925 1812 3993 qttod

208 4013 429 4067 ibidem
463 4010 750 4083 Gregorius
784 4013 1052 4083 vulgatus,
1087 4028 1203 4081 seti,
1234 4029 1282 4068 ut
1315 4013 1558 4069 Cointitts
1597 4017 1701 4083 ait,
1728 4019 1806 4071 iu-

209 4103 528 4173 terpolator
556 4107 655 4160 sub
697 4106 838 4160 illius
881 4107 1120 4174 nomine,
1156 4107 1472 4174 Gregorium
1508 4110 1817 4166 Littaouen-

208 4213 348 4251 eam
381 4196 680 4264 episcopum
714 4214 956 4268 proavum
987 4214 1142 4252 suum
1173 4200 1448 4267 appellet,
1471 4209 1524 4254 et
1553 4201 1814 4254 Nicetium

212 4289 642 4360 Lugdunensem
671 4292 858 4346 matris
886 4306 1000 4346 sua:
1020 4291 1338 4346 avunculum
1362 4335 1374 4353 ,
1401 4303 1588 4346 contra
1617 4292 1815 4346 sinceri

210 4387 480 4454 Gregorii
521 4402 758 4452 morem,
803 4386 894 4456 qui
924 4386 1057 4440 alias
1108 4386 1176 4440 de
1206 4386 1395 4440 iisdem
1441 4387 1643 4439 sanctis
1683 4387 1815 4439 viris

210 4492 445 4548 agens,
491 4493 745 4546 nusquam
801 4476 1040 4529 meminit
1089 4475 1209 4529 talis
1258 4475 1622 4546 cognationis,
1655 4489 1812 4542 quam

211 4573 402 4628 etiam
429 4570 624 4625 siluere
671 4569 857 4625 clerici
899 4569 1246 4623 Turonenses
1277 4567 1328 4620 itt
1375 4567 1542 4634 ipsius
1573 4565 1814 4633 Gregorii

211 4666 566 4720 Turonensis
600 4661 737 4714 Vita.
782 4659 978 4714 Verum
1011 4674 1076 4712 ex
1112 4659 1194 4712 his
1237 4657 1444 4712 duabus
1490 4655 1813 4724 objectionis

213 4758 387 4812 illius
426 4752 659 4822 partibus
687 4768 845 4806 unam
878 4752 1038 4805 solvit
1075 4753 1190 4820 ipse
1231 4749 1496 4804 Cointitts.
1528 4747 1818 4816 Gognatio.

213 4864 358 4905 nem
380 4846 570 4915 quippe
592 4845 736 4899 illam
767 4845 905 4898 inter
927 4843 1243 4913 Gregorium
1273 4851 1514 4894 nostrum
1534 4851 1587 4893 et
1605 4849 1821 4893 sanctos

214 4942 359 4994 illos
402 4939 541 4990 vitos
588 4936 825 4991 admittit
870 4947 921 4989 ct
977 4939 1300 5004 propugnat.
1351 4931 1516 4984 Immo
1569 4929 1819 4997 exemplo

215 5028 516 5085 conﬁrmat
544 5034 914 5098 argumentum
941 5025 1080 5080 i~tttd
1113 5023 1466 5088 abtttttivum,
1497 5021 1631 5074 alias
1680 5015 1819 5075 forte

215 5121 620 5178 validissimum
643 5163 658 5188 ,
693 5121 746 5176 in
780 5120 878 5174 hac
926 5129 1104 5174 tamen
1141 5128 1290 5189 parte
1323 5131 1542 5188 prorsus
1571 5115 1820 5185 rt-jicien-

213 5217 363 5271 dum
395 5215 699 5277 esse.Nam,
723 5215 916 5282 inquit,
943 5213 1126 5267 Gallus
1150 5217 1512 5266 Arvernorum
1535 5212 1820 5278 episcoiius

214 5319 391 5367 certo
417 5312 613 5362 certius
644 5315 870 5376 patruus
919 5307 1019 5360 luit
1067 5307 1232 5360 nostri
1278 5304 1561 5372 Gregorii,
1591 5315 1646 5354 tit
1679 5304 1822 5368 ipse-

214 5412 340 5457 met.
377 5408 599 5452 testatur
627 5399 678 5452 in
708 5399 846 5453 libro
866 5397 933 5452 de
955 5397 1255 5452 Virtutibus
1284 5395 1457 5450 sancti
1489 5392 1707 5454 Juliatti,
1727 5405 1820 5442 ca-

214 5493 337 5559 pite
369 5489 462 5552 25,
492 5498 545 5542 et
575 5497 752 5542 tamen
801 5488 1091 5555 Gregorius
1143 5500 1316 5554 teque
1363 5487 1413 5537 in
1468 5484 1635 5551 ipsius
1682 5480 1819 5533 Galli

212 5585 358 5642 vita,
395 5594 492 5633 nec
521 5594 745 5647 usquam
774 5579 932 5646 alias,
958 5591 1260 5647 quanquam
1287 5575 1583 5641 smpiasitlte
1606 5571 1745 5626 Galli
1766 5580 1820 5622 ct

213 5677 343 5744 ejus
386 5681 664 5738 parentum
694 5669 1018 5734 meminerit,
1051 5680 1295 5723 sanctum
1328 5665 1538 5718 Gallutu
1572 5673 1818 5731 patruum

213 5779 392 5820 struit!
423 5763 738 5831 appellavit.
771 5763 932 5816 Addit
957 5762 1097 5815 idem
1138 5758 1404 5822 Coitttius,
1434 5755 1574 5823 quod
1613 5755 1656 5806 si
1703 5753 1827 5817 quis

216 5864 487 5913 accurate
519 5854 658 5910 inter
690 5869 807 5907 sese
854 5867 1168 5922 comparare
1211 5849 1435 5902 voiucrit
1463 5886 1482 5909 ι
1514 5855 1823 5898 sanctarum

1907 617 2265 673 Arrernctisis
2296 622 2454 686 vitas,
2483 622 2578 675 bos
2601 633 2816 678 sanctos
2848 625 2992 677 viros
3019 626 3334 696 cognatione
3362 641 3486 680 con-

1899 708 2120 776 juuctos
2149 711 2314 767 fuisse
2337 712 2494 768 facile
2520 715 2905 784 deprehendet,
2940 719 3183 785 quamvis
3229 718 3276 771 id
3309 730 3491 786 aperte

1907 816 2013 854 non
2043 803 2321 871 scripserit
2347 806 2654 874 Gregorius.
2684 807 2835 874 Quod
2881 808 3075 862 Felicis
3117 809 3492 864 Natunetettsis

1908 893 2253 950 sanctitatem
2282 908 2490 965 spectat
2517 940 2532 963 ,
2565 897 2726 968 idque
2771 910 2851 954 est
2897 902 3125 956 alterum
3176 901 3492 972 objectiottis

1905 982 2208 1039 Goiutiana:
2231 997 2425 1052 caput,
2458 989 2506 1042 ei
2550 991 2764 1059 quidem
2816 990 3106 1047 detrahere
3146 995 3354 1047 animus
3388 1011 3491 1048 ttott

1907 1086 2006 1127 est.
2043 1077 2147 1130 Sed
2178 1085 2396 1132 sanctos
2440 1080 2582 1133 viros
2614 1097 2792 1134 tia-vos
2837 1098 2961 1136 suos
2996 1083 3249 1139 habuisse
3277 1083 3490 1139 dil‘literi

1909 1181 2015 1218 nou
2052 1181 2359 1236 possumus,
2385 1185 2519 1238 quos
2563 1168 2704 1225 forte
2753 1171 2987 1241 majores
3032 1189 3190 1242 quam
3223 1174 3396 1241 rt-ipsa
3441 1176 3492 1226 itt

1909 1259 2088 1315 Felice
2117 1273 2301 1317 essent
2327 1308 2341 1329 ,
2372 1265 2661 1319 arbitratus
2705 1275 2788 1320 est
2839 1266 2974 1319 bona
3009 1268 3110 1320 lide
3157 1267 3446 1324 Gtemrius
3479 1285 3491 1320 :

1909 1350 2000 1402 sed
2036 1350 2136 1404 hoc
2167 1351 2411 1405 humanas
2444 1354 2588 1408 imbe
2611 1355 2800 1408 illitati
2833 1355 3273 1409 eondouandtttn.
3305 1355 3486 1415 Certe,

1909 1442 2026 1510 ip~o
2054 1423 2492 1499 fatente'iloiutio
2515 1447 2581 1500 ad
2621 1462 2819 1501 annum
2853 1447 2976 1510 ἴδε,
3014 1464 3160 1500 nutu.
3199 1447 3252 1508 4,
3297 1446 3498 1514 Grego.

1910 1538 2025 1590 rius
2049 1537 2186 1591 libro
2217 1554 2289 1602 vr,
2323 1540 2498 1608 capite
2534 1540 2621 1604 16,
2646 1541 2898 1595 eumdem
2944 1539 3175 1592 Felicem
3205 1539 3495 1592 iracundia:

1910 1643 1974 1680 ac
1998 1628 2108 1682 doli
2142 1629 2316 1698 palam
2347 1630 2654 1697 insimulat,
2688 1643 2739 1686 et
2765 1641 2940 1684 tamen
2967 1630 3071 1683 hoc
3100 1641 3258 1698 caput
3293 1631 3342 1682 itt
3374 1647 3495 1684 om-

1911 1718 2069 1773 nibus
2107 1719 2321 1788 scriptis
2347 1761 2363 1787 ,
2392 1721 2554 1776 etiam
2591 1722 2904 1777 Corbeiensi
2952 1723 3217 1785 habetur;
3261 1722 3386 1786 quin
3437 1731 3493 1774 et

1910 1826 2031 1864 eum
2061 1812 2329 1879 superiori
2370 1814 2546 1878 capite
2595 1813 2959 1883 eonjungitur,
2989 1814 3132 1882 quod
3181 1812 3346 1868 Felici
3391 1829 3497 1866 non

1843 1918 1884 1975 Β
1916 1899 2081 1952 multo
2103 1897 2446 1953 favorabilius
2467 1909 2568 1954 est.

1987 1992 2106 2046 105.
2155 1990 2344 2044 Ftt'iiis
2373 2003 2454 2045 est
2482 1993 2741 2046 adversus
2785 2003 2943 2060 caput
2971 1993 3002 2045 9
3038 1993 3158 2048 libti
3205 1993 3374 2062 quinti
3402 1995 3500 2045 oh-

1912 2081 2105 2150 jeclio,
2135 2082 2428 2153 Caluppanl
2460 2098 2651 2152 nempe
2679 2085 2780 2136 hoc
2810 2086 2860 2136 in
2893 2085 3008 2136 loco
3037 2082 3498 2152 apptillari,queut

1917 2174 2282 2245 Calttppauetu
2331 2177 2579 2231 sincerus
2635 2174 2925 2246 Gregorius
2981 2176 3031 2229 in
3097 2177 3228 2230 Vitis
3283 2177 3498 2231 Patrum

1914 2269 2128 2322 dixerit.
2154 2269 2284 2336 Quis
2311 2270 2456 2322 enim
2491 2271 2690 2323 neseiat
2720 2269 2983 2338 ejusmodi
3019 2270 3233 2322 nomina
3271 2285 3375 2322 utin
3415 2285 3501 2320 so-

1919 2363 2030 2416 lum
2084 2364 2136 2416 itt
2171 2365 2333 2418 variis
2377 2365 2476 2417 cod
2503 2365 2675 2429 cibus,
2721 2365 2813 2419 sed
2865 2375 2915 2420 et
2951 2369 3002 2418 in
3052 2382 3158 2416 uno
3205 2366 3501 2435 eodemque

1916 2453 2214 2520 exemplari
2244 2455 2440 2522 sa-pius
2471 2456 2616 2508 varie
2649 2456 2915 2525 descrip'a
2945 2457 3215 2510 inveniri?
3249 2458 3402 2525 hujus
3427 2459 3500 2510 rei

1914 2548 2156 2615 ext-mp‘a
2183 2545 2423 2616 proferre
2445 2563 2664 2616 prorsus
2689 2550 2918 2603 otiosum
2951 2548 3135 2604 fuerit.
3161 2549 3329 2604 ltnmo
3352 2551 3511 2604 nulla.

1915 2646 2000 2690 est
2055 2639 2105 2691 in
2153 2638 2255 2692 hoc
2286 2641 2502 2693 nomine
2551 2641 2692 2709 apud
2744 2643 3060 2709 Gregorium
3101 2643 3331 2697 varietas
3364 2660 3380 2697 :
3411 2646 3501 2711 qui

1917 2730 2059 2782 enim
2089 2728 2324 2800 Caluppa
2355 2733 2405 2784 iit
2442 2743 2587 2785 recto
2618 2747 2745 2785 casu
2775 2733 2976 2787 dicitur
3021 2735 3072 2787 in
3125 2734 3356 2787 llistoria
3385 2773 3400 2796 ,
3455 2735 3502 2785 is

1917 2817 2033 2885 ipse
2065 2829 2147 2874 cst
2175 2822 2262 2889 qui
2304 2822 2354 2873 in
2382 2836 2508 2874 casu
2540 2832 2692 2875 sexto
2721 2821 3019 2894 Calttpptmc
3049 2824 3279 2890 scriptus
3308 2838 3492 2876 occur-

1914 2912 1986 2965 rit
2032 2911 2084 2965 itt
2118 2912 2250 2966 Vitis
2281 2913 2526 2976 Patrum,
2574 2915 2752 2982 capite
2780 2916 2832 2968 Η
2861 2957 2874 2977 ,
2922 2931 3044 2968 cum
3095 2931 3252 2969 nemo
3301 2915 3502 2970 neSciat

1915 3001 2182 3065 ejusmodi
2215 3003 2357 3055 ttotni
2402 3017 2428 3054 a
2458 3004 2556 3054 hoc
2589 3003 2746 3057 niotlo
2792 3004 3094 3059 desinentia
3134 3005 3210 3060 sic
3241 3005 3388 3059 varie
3418 3004 3505 3058 cf-

1920 3095 2068 3158 fcrri,
2089 3104 2144 3148 ttt
2176 3095 2369 3164 passim
2402 3111 2465 3148 ex
2503 3097 2662 3148 Attila
2688 3097 2981 3162 Attilanem,
3016 3106 3068 3152 et
3098 3114 3162 3151 ex
3197 3099 3344 3166 Agila
3376 3099 3498 3168 Agis

1918 3189 2085 3241 Iouem
2108 3189 2387 3241 eﬂ'ormata
2415 3189 2630 3241 nomina
2661 3189 2908 3256 legimus.

1993 3277 2114 3331 106.
2150 3278 2438 3343 Validiora,
2477 3285 2707 3344 inputat
2739 3280 2818 3330 vir
2858 3277 3128 3341 eruditus,
3177 3287 3302 3332 sunt
3347 3291 3505 3344 argit-

1924 3387 2009 3424 tiie
2032 3381 2100 3423 ita
2129 3386 2248 3438 qua:
2279 3371 2482 3438 profert
2512 3371 2773 3424 adversus
2809 3381 2967 3438 caput
2997 3371 3057 3423 2i
3097 3370 3341 3438 ejusdem
3377 3370 3517 3424 libri.

1921 3462 2110 3528 quinti.
2147 3462 2212 3515 Et
2243 3462 2365 3531 quid
2391 3479 2454 3514 -ttt
2499 3477 2559 3516 ea
2593 3463 2766 3530 magni
2800 3465 2906 3515 sTnt
2957 3477 3058 3529 pou
3083 3462 3208 3514 leris
3260 3477 3505 3517 necesse-

1919 3565 2024 3616 est,
2057 3565 2116 3608 tit
2144 3565 2266 3624 pote
2298 3571 2418 3623 qua:
2447 3571 2688 3610 omnium
2717 3557 3203 3624 manuscriptorum
3228 3558 3499 3617 codicum,

1919 3647 2081 3700 etiam
2105 3645 2466 3711 Corbeiensis,
2503 3648 2594 3716 qui
2619 3662 2725 3702 non
2753 3649 2923 3702 multo
2958 3660 3075 3716 post
3107 3649 3351 3718 Gregorii
3377 3657 3506 3702 teta-

1923 3749 2030 3794 teut
2082 3741 2316 3806 scriptus
2371 3739 2646 3806 creditur,
2703 3742 3080 3796 auctoritatem
3142 3741 3356 3796 elevare
3412 3743 3508 3794 tte-

1921 3832 2105 3886 beant.
2136 3831 2248 3886 lloc
2278 3831 2478 3902 quippe
2507 3841 2669 3900 caput
2691 3833 2754 3886 21
2792 3833 3106 3896 manifeste,
3140 3844 3194 3885 tit
3237 3833 3349 3901 ipse
3381 3833 3510 3887 fate-

1921 3935 2006 3976 tur
2030 3923 2304 3987 Gointius,
2351 3924 2400 3977 in
2432 3925 2607 3992 capite
2644 3923 2715 3976 28
2763 3923 3004 3994 ejusdem
3062 3924 3184 3978 libri
3227 3925 3499 3992 laudatur,

1920 4013 2063 4081 quod
2095 4022 2256 4080 caput
2283 4010 2354 4065 28
2383 4027 2573 4069 omnes
2616 4013 2860 4080 codices,
2887 4022 2939 4067 et
2990 4014 3208 4080 quidem
3243 4016 3532 4082 integrum.

1922 4105 2140 4158 habent.
2173 4105 2556 4173 lttterpolatum
2601 4116 2778 4159 tamen
2817 4106 3110 4161 arbitratur
3133 4107 3402 4167 Cointius.
3429 4106 3509 4158 id.

1923 4211 2028 4262 qtte
2055 4196 2241 4259 multa,
2274 4206 2331 4248 ut
2363 4195 2475 4262 ipse
2519 4196 2824 4257 existimat,
2859 4207 3107 4264 arguunt.
3145 4198 3322 4249 Primo
3366 4197 3516 4265 quod

1921 4286 1990 4338 ibi
2025 4283 2233 4336 Nieetio
2265 4283 2701 4352 Lugdunensium
2734 4285 2990 4350 episeopo
3026 4283 3346 4338 Ptttriarchre
3381 4288 3510 4337 titu-

1921 4376 2007 4429 lus
2039 4375 2272 4430 donetur
2318 4384 2504 4428 contra
2551 4374 2766 4428 illorum
2817 4383 3116 4442 temporum
3161 4387 3212 4430 et
3261 4377 3508 4446 Gregorii

1922 4470 2089 4535 ipsius
2145 4484 2371 4523 morem.
2406 4467 2609 4522 Deinde
2664 4469 2804 4538 quod
2864 4471 3073 4525 concilii
3135 4472 3528 4542 Lugdunensis.

1923 4573 2094 4632 patres
2112 4563 2453 4631 Sagittariutn
2480 4574 2532 4617 et
2557 4563 2827 4617 Salonium
2846 4566 3129 4632 episcopos
3149 4565 3219 4618 ob
3245 4566 3422 4619 cedes
3446 4577 3527 4620 θιι

1921 4655 2185 4707 adulteria
2238 4654 2456 4707 sedibus
2485 4655 2598 4707 suis
2651 4653 2930 4722 pellendos
2989 4656 3267 4710 censuisse
3309 4656 3534 4711 ibidem.

1927 4749 2191 4809 dicantur,
2223 4762 2342 4801 cum
2376 4755 2552 4799 tamen
2583 4746 2822 4812 episcopi
2872 4746 3012 4814 apud
3043 4746 3414 4809 Cabillonum,
3451 4758 3506 4800 u'

1927 4840 1980 4906 ip
2011 4849 2152 4892 eruet
2195 4840 2329 4892 infra
2353 4879 2368 4903 ,
2413 4839 2588 4908 capite
2618 4839 2687 4892 ‘28
2722 4839 2883 4892 habet
2914 4838 3237 4908 Gregorius,
3282 4853 3512 4908 congre-

1927 4929 2056 4996 gati,
2088 4929 2208 4984 illos
2231 4930 2512 4998 episcopos
2545 4930 2614 4982 ob
2646 4930 2788 4995 ipsas
2814 4928 3028 4981 easdem
3061 4929 3281 4985 munitio
3318 4944 3533 4984 causas.

1930 5020 2140 5074 nonnisi
2172 5021 2464 5088 pwm’tentia
2491 5022 2788 5091 purgandos
2816 5019 3179 5074 decreverint.
3210 5019 3394 5074 Tertio
3413 5021 3516 5073 oh-

1923 5113 2042 5183 jic't
2088 5115 2300 5169 concilii
2356 5113 2730 5183 Lugdunensis
2759 5112 2858 5166 hac
2899 5111 2971 5166 de
3013 5127 3071 5165 re
3100 5111 3403 5174 silentium,
3440 5112 3516 5166 si-

1927 5205 2143 5273 quidem
2173 5219 2432 5270 nusquam
2487 5203 2539 5256 in
2571 5205 2720 5256 istius
2752 5201 2942 5274 synodi
2988 5201 3391 5272 cauouihusqtti
3423 5218 3533 5256 sue

1929 5311 2050 5363 pcrs
2092 5296 2388 5362 nt,legatttr
2410 5295 2680 5364 Sr-gittarii
2708 5305 2762 5350 et
2784 5295 2985 5349 Salonii
3005 5310 3220 5350 causam
3253 5296 3324 5350 ibi
3347 5296 3513 5350 fuisse

1926 5389 2200 5454 agitatam.
2237 5388 2475 5453 Denique
2506 5402 2532 5439 a
2563 5387 3028 5440 verisimilitudine
3055 5387 3279 5440 multum
3319 5388 3520 5440 abesse

1928 5488 2105 5545 putat,
2138 5477 2277 5545 quod
2327 5479 2416 5531 ille
2462 5477 2820 5544 interpolator
2869 5477 2939 5530 de
2975 5477 3262 5545 Sagittario
3305 5474 3516 5538 refert,

1928 5583 2050 5620 emit
2083 5583 2271 5636 nempe
2301 5568 2585 5636 aliquando
2605 5568 2828 5632 dixisse,
2866 5565 3181 5623 Guntramni
3208 5565 3346 5617 filios
3372 5578 3517 5632 quos

1929 5673 1994 5710 ex
2030 5658 2356 5726 Austrigilde
2387 5669 2695 5727 susceperat
2717 5697 2733 5723 ,
2766 5658 2837 5711 ob
2868 5658 3021 5711 istius
3054 5655 3306 5708 nata'itttn
3332 5654 3516 5710 humi-

1934 5749 2136 5802 litatem
2190 5766 2463 5816 nunquam
2505 5752 2640 5820 patri
2674 5751 2724 5803 itt
2783 5763 2949 5817 regno
2993 5761 3334 5801 successores
3373 5751 3532 5806 fore“

1938 5841 2061 5896 lla'c
2093 5841 2180 5896 ille
2208 5859 2219 5894 :
2255 5843 2449 5911 quibus
2480 5843 2785 5912 singillatim
2817 5839 3117 5894 facicttdttm
3155 5847 3237 5892 cst
3263 5841 3413 5895 satis.
3447 5840 3525 5897 Ει
