3994 6332
171 421 234 480 93
1638 419 2011 477 PlhEFATIO.

3388 431 3462 490 Μ

169 538 270 610 {am
303 536 730 591 observavimus.
761 535 920 590 Plura
945 535 1047 589 alia
1080 534 1314 605 adjicere
1335 531 1474 587 haud
1500 543 1640 588 esset
1662 533 1753 587 dir-
1793 544 1837 598 Α
1870 534 2012 587 viunt
2044 547 2184 586 anno
2214 529 2349 598 584,
2394 542 2447 589 et
2475 533 2688 604 quidem
2731 551 2914 592 mense
2942 535 3241 606 Septembri
3268 555 3460 596 exces-

168 629 326 696 ﬁcile,
375 631 418 683 si
451 645 537 683 res
567 631 828 697 exigeret.

239 722 365 776 H7.
410 722 535 776 Haec
562 730 689 775 sunt
729 721 995 790 prmeipua
1023 720 1220 774 Cointii
1249 729 1583 789 argumenta,
1611 715 1761 789 queis

164 826 288 864 usus
319 820 408 865 est
433 811 500 864 ad
540 812 856 868 elevandum
887 826 951 866 ex
990 826 1081 865 sex
1125 811 1391 880 prioribus
1433 811 1582 864 libris
1627 809 1759 864 Gre-

161 902 401 970 goriattae
436 903 683 956 Historia:
735 902 1022 956 multorum
1065 902 1298 970 capitum
1325 943 1338 966 ,
1379 918 1498 969 quae
1543 904 1594 955 iit
1633 902 1756 972 qui-

163 995 388 1046 husdam
417 994 693 1047 codicibus
741 1009 877 1048 mss.
907 993 1314 1057 desiderantur,
1357 993 1752 1046 auctoritatem.

163 1085 234 1138 De
254 1086 612 1154 Seque-ritibus
639 1101 768 1139 vero
799 1085 948 1139 libris
973 1101 1136 1154 pauca
1167 1085 1346 1149 habet,
1372 1088 1442 1137 oh
1463 1085 1751 1149 deiectum,

161 1180 367 1247 inquit,
419 1179 688 1234 codicum.
734 1180 1051 1249 Quanquam
1084 1183 1325 1248 neglecto
1369 1181 1553 1232 codice
1583 1180 1753 1232 sancti

163 1271 438 1326 Michaelis
466 1272 684 1340 optima:
716 1282 886 1336 notae,
939 1273 1133 1340 passim
1175 1272 1338 1325 multa
1370 1270 1632 1340 Gtegorio
1659 1272 1753 1323 ah-

159 1364 382 1433 jndicet,
413 1365 484 1418 ob
516 1365 567 1418 id
611 1365 816 1432 solum,
853 1378 906 1418 ut
945 1365 1054 1434 jam
1085 1365 1353 1428 diximus,
1395 1365 1537 1435 quod
1573 1367 1624 1418 in
1663 1381 1752 1418 co-

159 1455 274 1508 dice
327 1456 576 1510 Mettensi
621 1436 1032 1521 desiderentur,
1073 1467 1165 1510 ant
1195 1469 1343 1513 certe
1388 1458 1562 1513 desint
1609 1460 1748 1527 apud

157 1547 492 1600 Aitnoinnm.
521 1547 738 1600 Certum
770 1556 855 1601 est
887 1558 1099 1612 tamen,
1134 1557 1189 1600 ut
1220 1563 1379 1618 supra
1408 1548 1748 1603 demonstra-

156 1645 263 1688 tum
295 1647 416 1699 est,
467 1647 522 1691 et
564 1638 793 1706 ipsemet
835 1623 1091 1692 Cointius'
1123 1638 1346 1692 inliciari
1394 1654 1496 1693 non
1542 1654 1610 1693 au
1635 1649 1746 1705 fet,

151 1729 318 1782 multa
364 1729 417 1782 in
451 1745 516 1783 eo
545 1730 732 1784 codice
768 1746 836 1784 ex
877 1731 1140 1785 industria
1191 1733 1386 1786 omissa
1430 1731 1611 1789 fuisstt.
1661 1734 1749 1787 Ai-

149 1821 318 1875 moini
353 1835 483 1875 vero
511 1824 886 1877 auctoritatem
921 1824 1020 1876 hac
1051 1826 1102 1878 in
1133 1839 1190 1878 re
1231 1826 1427 1879 nullius
1459 1840 1578 1881 esse
1610 1841 1743 1896 pon-

1865 634 2002 689 sisse
2041 649 2072 689 e
2102 634 2257 700 vivis,
2290 649 2767 705 successoremque
2807 638 3051 706 sequenti
3079 652 3244 702 anno,
3292 639 3344 693 id
3373 653 3456 694 est

1867 733 1986 792 post
2032 725 2239 795 aliquot
2289 741 2545 794 menses,
2595 727 2847 782 habuisse
2889 730 3255 784 Desideratum
3291 749 3304 784 :
3334 747 3454 802 quze

1862 831 1929 867 an
1953 830 2136 870 secum
2171 828 2423 886 pugnent,
2454 817 2618 886 :equis
2643 819 2933 872 lectoribus
2955 819 3303 888 judicandum
3334 839 3455 890 per-

1861 907 2036 960 mitto.
2068 906 2228 961 Certe
2265 908 2365 961 etsi
2401 910 2557 975 paulo
2587 908 2813 975 amplius
2846 909 3030 964 fuisset
3064 909 3203 964 inter
3246 921 3449 965 utrum-

1859 1013 1962 1066 qtte
1987 999 2244 1068 temporis
2268 999 2626 1064 intervallum,
2655 1016 2761 1054 non
2793 1011 2968 1055 tamen
2993 1002 3340 1070 improbanda
3375 1005 3455 1055 lo-

1859 1099 1940 1141 ret
1972 1087 2212 1155 Gregorii
2250 1092 2504 1156 narratio,
2537 1107 2657 1145 cum
2691 1093 2982 1148 verisimile
3028 1095 3095 1147 sit
3129 1105 3246 1163 post
3275 1093 3447 1149 Salv'i

1857 1181 2060 1233 obitum
2087 1181 2292 1250 aliquas
2323 1183 2501 1236 turbas
2528 1182 2595 1237 de
2625 1185 2999 1238 substituendo
3027 1187 3096 1238 illi
3133 1201 3450 1241 sttccessme

1855 1286 2073 1327 exortas
2107 1273 2270 1328 fuisse
2299 1292 2310 1328 :
2344 1291 2447 1346 qua
2479 1277 2767 1333 occasione
2798 1278 3042 1332 nonnulli
3085 1280 3267 1334 sedem
3305 1279 3452 1334 Albi-

1855 1381 2073 1432 gensem
2105 1381 2133 1419 a
2167 1365 2485 1421 Theotl‘rido
2534 1369 2718 1422 nescio
2762 1383 2868 1437 quo
2919 1378 3232 1438 occupatam
3287 1369 3450 1423 fuisse

1853 1459 2118 1515 scribunt.
2170 1460 2321 1514 Nulla
2368 1461 2546 1530 itaque
2575 1469 2660 1515 est
2705 1461 2843 1530 apud
2885 1460 3200 1531 Gregorium
3227 1502 3242 1528 ,
3286 1462 3447 1514 etiam

1853 1547 2090 1602 admisso
2123 1549 2259 1604 inter
2289 1549 2408 1620 ejus
2456 1565 2620 1617 opera
2673 1552 2881 1605 sincera
2915 1553 3089 1619 capite
3121 1554 3142 1606 ι
3187 1551 3306 1606 libri
3339 1567 3446 1616 vn,

1853 1639 2230 1696 contradictio.
2288 1644 2356 1695 At
2383 1681 2397 1704 ,
2447 1641 2620 1711 inquit
2665 1643 2745 1695 vir
2772 1641 2964 1696 doctus
2987 1682 3002 1708 ,
3053 1641 3406 1711 interpolator
3429 1683 3448 1706 ,

1852 1732 2097 1801 quisquis
2123 1733 2212 1787 ille
2244 1733 2422 1801 fuerit,
2449 1735 2610 1788 tnulta
2639 1750 2701 1789 ex
2730 1736 2896 1804 gestis
2926 1735 3096 1791 sancti
3128 1735 3289 1790 Salvii
3319 1739 3445 1792 Am-

1852 1822 2127 1877 bianensis
2175 1824 2446 1892 episcopi,
2490 1824 2752 1894 Gregorio
2799 1827 3014 1893 quidem
3061 1826 3226 1880 multo
3267 1839 3446 1894 poste-

146 1914 329 1980 deris,
378 1915 460 1969 vel
492 1931 556 1969 ex
611 1916 712 1971 hoc
760 1917 918 1971 unico
962 1928 1282 1988 argumento
1307 1919 1482 1974 ev'nci
1528 1931 1737 1987 potest,
1776 1921 1819 1980 Β
1849 1915 2028 1980 rioris,
2062 1913 2112 1969 in
2145 1913 2262 1983 ejus
2308 1916 2553 1970 Historia:
2586 1926 2788 1970 textum
2822 1916 3056 1971 itttrusit.
3105 1918 3302 1972 Verum
3337 1929 3447 1972 tota

145 2005 290 2073 quod
319 2007 438 2074 ipso
462 2015 752 2061 attestante
777 2005 1011 2074 Cointio,
1046 2022 1098 2064 et
1129 2011 1444 2074 interpolata
1467 2011 1738 2066 admiserit

144 2106 196 2150 et
227 2099 476 2150 omiserit
519 2097 752 2151 sincera.
802 2099 905 2153 Sed
952 2110 1005 2154 et
1036 2099 1266 2168 ipsemet
1309 2103 1621 2167 Aimoinus,
1655 2116 1743 2156 ca-

148 2188 261 2252 pite
296 2187 363 2239 18
404 2186 522 2241 libri
555 2188 746 2255 primi,
784 2189 980 2244 fatetur
1016 2206 1076 2246 se
1105 2193 1161 2245 in
1183 2193 1422 2246 codicem
1455 2195 1744 2249 incurrisse

141 2277 468 2346 scriptarum
517 2278 646 2333 vitio
694 2280 914 2334 omnino
962 2280 1331 2350 depravatum.
1387 2281 1583 2337 Verum
1639 2283 1738 2337 hac

143 2369 402 2435 opinione
445 2369 683 2424 imbutus
711 2371 986 2438 (Zointius,
1023 2373 1162 2442 quod
1197 2372 1362 2426 multa
1396 2375 1448 2429 itt
1498 2373 1740 2443 Gregorii

142 2460 296 2513 libris
325 2460 395 2513 ab
425 2462 813 2528 interpolatore
843 2473 1021 2516 essent
1053 2464 1393 2532 snperaddita
1413 2503 1427 2527 ,
1472 2477 1568 2518 eos
1598 2465 1741 2531 ipsos

141 2561 396 2606 auctores
425 2565 514 2606 aut
536 2554 637 2607 cod
662 2569 774 2619 ces,
805 2569 940 2623 quos
967 2555 1036 2608 ob
1061 2557 1257 2609 omissa
1282 2556 1484 2624 aliquot
1507 2556 1740 2621 capitula

139 2644 382 2698 maxime
415 2645 619 2711 laudat,
653 2646 871 2698 eosdem
915 2645 1113 2713 rttjicIt,
1147 2646 1190 2700 si
1225 2648 1359 2700 forte
1388 2645 1640 2700 nonnulla
1673 2647 1742 2700 ab

139 2735 262 2789 aliis
293 2736 659 2804 praetermissa
692 2738 999 2792 exhibeant.
1049 2736 1123 2790 De
1155 2752 1287 2790 mss.
1320 2737 1596 2791 codicibus
1643 2753 1738 2792 suo

138 2831 323 2894 purius
371 2827 501 2881 satis
533 2827 734 2881 dctum
765 2845 777 2878 :
810 2844 946 2881 nunc
990 2829 1175 2897 paucis
1214 2831 1477 2898 agendum
1517 2831 1586 2886 de
1630 2847 1739 2886 uno

136 2931 226 2972 aut
257 2921 433 2974 altero
462 2920 705 2988 Gregorii
737 2921 884 2984 loco,
930 2936 1063 2990 quos
1092 2919 1336 2974 Cointius
1367 2921 1418 2974 in
1466 2920 1614 2975 ltbr.s
1645 2936 1677 2989 p
1713 2950 1739 2962 -

133 3016 459 3088 stt-rioribus
486 3033 549 3070 ex
591 3017 718 3085 ipsis
773 3019 931 3072 rebus
961 3033 1077 3087 qua:
1133 3027 1450 3086 narrantur,
1499 3018 1735 3087 interpt-

132 3110 270 3163 latos
299 3125 426 3164 esse
466 3110 765 3164 contundit.

207 3201 334 3256 118.
386 3200 627 3266 Ptimus,
675 3213 729 3257 et
761 3203 974 3272 quidem
1007 3200 1232 3258 celi-bris
1262 3203 1427 3268 satfs,
1474 3202 1622 3257 locus
1651 3211 1734 3258 est

1847 2018 1965 2063 ruet
2017 2007 2102 2061 illa
2163 2008 2368 2062 Cointii.
2420 2007 2692 2078 objectio,
2750 2011 2793 2074 si
2843 2011 3010 2064 Salvii
3062 2010 3446 2066 Ambianensis

1845 2107 1994 2169 gesta
2035 2113 2100 2151 ex
2152 2097 2395 2165 Gregorii
2429 2107 2575 2152 textu
2629 2110 2683 2152 ut
2731 2099 3020 2168 plurimum
3067 2102 3444 2155 consarcinata

1846 2206 1999 2254 €538,
2033 2206 2139 2244 non
2185 2205 2310 2243 vero
2347 2205 2414 2244 ex
2449 2191 2563 2244 istis
2589 2193 2755 2258 gestis
2798 2191 3059 2259 Gregorio
3102 2191 3302 2257 aliqttid
3347 2207 3441 2244 su-

1847 2279 2180 2348 pttrzttidiltllll
2227 2279 2393 2334 fuisse
2428 2281 2897 2334 demonstremus:
2930 2281 3072 2350 quod
3099 2289 3246 2335 certe
3292 2281 3432 2334 haud

1843 2386 2130 2437 Operosutn
2182 2371 2372 2436 luerit,
2427 2372 2563 2425 facta
2625 2372 2765 2426 inter
2813 2382 3100 2441 utrumque
3152 2387 3439 2440 compara-

1846 2464 2010 2518 tione.
2055 2461 2295 2532 Gregorii
2330 2463 2566 2516 nariatio
2597 2463 2797 2516 nullam
2846 2476 3067 2530 prorsus
3101 2461 3154 2515 in
3183 2477 3242 2515 se
3271 2462 3443 2515 invol-

1846 2557 1927 2608 vit
1953 2556 2457 2619 contradictionem,
2491 2553 2618 2608 nihil
2646 2553 2805 2608 habet
2834 2553 2974 2623 quod
3001 2567 3031 2605 a
3061 2562 3198 2606 teste
3227 2555 3443 2606 oculato

1841 2656 1895 2701 et
1939 2648 2206 2717 scriptore
2250 2647 2444 2716 aequali
2472 2648 2574 2702 dici
2627 2663 2734 2701 non
2777 2648 3028 2715 potuerit.
3079 2645 3244 2700 Multa
3275 2661 3439 2701 econ-

1843 2737 2008 2790 trario
2046 2736 2456 2806 complectitur,
2502 2751 2658 2806 quas,
2704 2737 2820 2805 ipso
2849 2735 3046 2789 latente
3075 2734 3318 2802 Cointio,
3366 2735 3439 2790 ita

1842 2829 2021 2884 Salvio
2049 2826 2326 2897 Albigensi
2355 2827 2565 2897 propria
2599 2837 2726 2882 sunt
2759 2835 2815 2880 ut
2837 2825 2990 2880 alteri
3014 2825 3216 2890 Salvio,
3239 2826 3441 2894 absque

1839 2935 2026 2975 errore
2057 2920 2216 2974 tribui
2249 2935 2352 2972 non
2407 2920 2634 2986 p0ssint.
2679 2918 2882 2973 Auctor
2913 2918 3004 2973 ille
3036 2917 3202 2972 Deum
3247 2928 3440 2973 testem

1839 3012 2069 3074 invocat,
2101 3027 2162 3066 se
2190 3027 2313 3064 vera
2340 3011 2610 3078 scribere,
2638 3025 2760 3080 qua:
2788 3024 2981 3080 nempe
3010 3025 3040 3064 a
3069 3026 3130 3066 se
3162 3011 3274 3065 visa
3316 3011 3441 3065 fue-

1838 3115 1978 3170 rant,
2011 3112 2106 3157 aut
2129 3104 2196 3158 ab
2229 3105 2346 3173 ipso
2374 3104 2554 3158 Salvio
2584 3113 2804 3169 accepta
2829 3141 2847 3168 ,
2897 3103 3229 3172 proindeque
3261 3102 3441 3173 perjn-

1838 3211 1930 3252 rus
1952 3206 2005 3251 ct
2032 3195 2333 3266 gravissimi
2363 3198 2606 3250 criminis
2633 3211 2759 3250 reas
2788 3196 2998 3250 censeri
3026 3197 3205 3263 debet,
3231 3197 3278 3250 si
3305 3196 3439 3250 falra

129 3294 195 3347 de
229 3304 427 3348 sancto
478 3294 659 3350 Salvio
689 3297 1052 3366 Albigensium
1085 3298 1372 3366 episcopo,
1421 3296 1574 3364 cujus
1605 3298 1731 3349 vitae
1760 3288 1805 3349 C
1838 3289 2056 3355 dixerit,
2083 3291 2224 3359 quod
2256 3303 2386 3344 sane
2417 3290 2620 3358 absque
2653 3288 2882 3341 maxima
2927 3297 2978 3341 et
3007 3287 3242 3342 evidenti
3270 3304 3430 3343 causa

129 3386 550 3455 compendium,
598 3387 971 3443 admirabilem
1015 3390 1274 3443 visionem
1308 3398 1364 3443 et
1401 3390 1606 3443 obitum
1638 3389 1734 3444 de-

129 3478 325 3530 scribit
383 3487 567 3533 noster
619 3478 912 3550 Gregorius
965 3480 1116 3534 initio
1165 3479 1284 3534 libri
1335 3481 1569 3549 septimi.
1624 3479 1730 3538 Sed

131 3567 274 3623 hunc
322 3569 498 3622 locum
543 3570 610 3624 ab
641 3570 1025 3640 interpulalore
1070 3571 1308 3623 additum
1348 3582 1534 3624 censet
1564 3570 1730 3624 Coin-

130 3660 257 3720 tius,
293 3673 404 3710 non
431 3659 602 3711 solum
626 3658 766 3726 quod
802 3659 854 3711 in
885 3659 1070 3712 codice
1103 3659 1346 3712 Mettensi
1369 3658 1726 3720 desideretur,

129 3759 320 3798 verum
354 3747 513 3799 etiam
545 3747 686 3814 quod
731 3761 796 3800 eo
827 3746 1096 3809 admisso,
1141 3749 1441 3800 contrarius
1480 3746 1580 3800 sibi
1629 3746 1729 3814 ipsi

130 3838 400 3892 dicendus
429 3847 573 3893 esset
601 3839 910 3908 Gregorius,
944 3839 1139 3908 quippe
1167 3839 1253 3910 qui
1290 3837 1452 3893 8.ιΙνίἰ
1502 3846 1642 3892 mort
1679 3855 1727 3891 m

127 3947 268 3985 anno
302 3929 413 3983 584
446 3931 529 3984 hic
551 3930 898 4001 consignarit,
941 3948 1097 4002 quam
1124 3932 1263 3986 libro
1294 3947 1404 4000 vttt,
1434 3932 1612 4000 capite
1637 3930 1728 3994 22,

127 4038 274 4074 anno
308 4022 554 4089 sequenti
584 4021 876 4090 contigisse
905 4023 1232 4091 scripsissm.
1264 4021 1406 4077 ldent
1439 4031 1626 4076 auctor
1663 4023 1729 4076 ad

126 4131 338 4168 annum
377 4114 498 4182 6855,
527 4115 612 4168 ubi
639 4117 708 4169 de
739 4116 920 4170 Salvio
943 4116 1289 4170 Ambianensi
1317 4116 1577 4184 episcopo
1601 4117 1728 4184 agit,

129 4203 521 4270 Impudentiam
555 4205 945 4275 interpolatori,
989 4207 1062 4260 uti
1095 4216 1272 4269 vocat,
1299 4206 1632 4275 Gregoriano
1655 4209 1736 4259 ar-

129 4299 340 4366 liugt-re
377 4312 478 4348 non
509 4306 742 4364 vetetur,
788 4314 908 4352 eum
945 4312 1192 4352 asserens
1232 4299 1525 4352 mendacem
1548 4308 1594 4351 et
1617 4315 1734 4367 per-

126 4396 331 4458 iurum,
378 4391 465 4460 qui
501 4393 816 4460 interposito
846 4403 1186 4450 SaCramento
1212 4395 1492 4463 iuraverit,
1526 4409 1588 4448 ea
1610 4410 1730 4462 qua!

126 4485 225 4537 sub
257 4484 506 4553 Gregorii
541 4489 756 4540 nomine
788 4485 1062 4540 intrudere
1089 4487 1273 4554 audet,
1301 4486 1371 4540 ab
1402 4486 1518 4554 ipso
1544 4485 1728 4540 Salvio

128 4577 412 4643 Alloigensi
443 4591 502 4630 se
528 4577 814 4641 didicisse,
860 4579 1104 4648 quamvis
1148 4579 1262 4632 hinc
1300 4577 1415 4647 ipsa
1461 4593 1524 4632 ex
1565 4577 1730 4647 gestis

1840 3381 1908 3436 de
1955 3395 2220 3450 quoquam
2269 3380 2553 3449 oequidem
2604 3379 2842 3447 cogitare
2895 3379 3044 3433 licet.
3098 3377 3267 3432 Immo
3320 3394 3438 3434 nzec

1837 3473 2016 3527 omnia
2046 3472 2408 3526 narrationem
2432 3481 2659 3541 argnttnt
2687 3486 2865 3524 veram
2888 3481 2942 3525 et
2968 3471 3258 3524 sinceram.
3285 3470 3439 3525 Adde

1841 3566 1980 3632 quod
2009 3565 2080 3619 ibi
2112 3565 2355 3635 Gregorii
2399 3566 2587 3636 genius
2613 3572 2668 3618 et
2697 3564 2896 3634 stylus,
2929 3563 3152 3633 ejusque
3180 3564 3432 3633 loquendi

1837 3655 1982 3708 modi
2021 3655 2238 3723 genuini
2267 3663 2570 3709 occurrant.
2607 3652 2928 3708 Econtrario
2959 3669 3086 3708 vero
3126 3654 3284 3709 Gesta
3317 3671 3437 3725 quae

1837 3747 1999 3804 Salvii
2050 3747 2426 3802 Ambiauensis
2476 3763 2670 3801 nomen
2731 3747 3055 3816 prml'urunt,
3100 3748 3169 3803 ab
3218 3758 3438 3804 ant-ture

1836 3839 2207 3893 coiisarcinata
2255 3847 2383 3894 sunt
2421 3855 2599 3893 rerum
2643 3839 2866 3908 ignaro,
2920 3841 3012 3908 qui
3056 3841 3436 3910 episcOporum

1837 3931 2276 3985 Ambianensium
2309 3933 2505 3986 seriem
2537 3931 2835 4002 ignoravit,
2880 3941 3120 4000 tempora
3157 3934 3437 4002 perturba-

1837 4023 1942 4088 vit,
1988 4021 2118 4074 falsa
2147 4023 2364 4086 retulit,
2410 4037 2604 4090 resque
2632 4037 2660 4074 a
2691 4029 2879 4075 nostro
2921 4021 3103 4077 Salvio
3151 4023 3434 4091 Alhigensi

1835 4111 2138 4168 certissime
2164 4125 2368 4182 gestas,
2404 4115 2518 4180 ipso
2549 4113 2818 4168 indicante
2843 4113 3078 4178 Cointio,
3125 4129 3226 4168 suo
3252 4114 3436 4169 Salvio

1839 4215 2045 4259 temere
2074 4205 2380 4273 adscripsit.
2413 4204 2528 4272 Ipse
2551 4206 2693 4259 enim
2736 4205 2974 4259 Salvium
3009 4206 3281 4258 llonurato
3307 4220 3432 4258 suc-

1836 4298 2067 4353 cessisse
2106 4298 2360 4366 scripsit:
2390 4297 2528 4352 inter
2574 4307 2860 4366 utrumque
2905 4306 3082 4351 tamen
3115 4299 3228 4366 ipse
3255 4298 3422 4351 Guitt-

1836 4388 1940 4443 tius
1982 4400 2212 4459 quatuor
2256 4389 2536 4459 episcopos
2578 4391 2951 4446 intercessisse
2997 4391 3209 4446 fatetur.
3246 4392 3430 4447 llonoo

1835 4495 2009 4535 ratum
2063 4479 2403 4536 Theodorico
2474 4483 2776 4538 mon-trem:
2835 4483 3200 4554 synchronum
3261 4485 3429 4549 facit,

1835 4582 2020 4626 contra
2051 4573 2248 4627 Gointii
2280 4574 2444 4642 ipsius
2475 4575 2772 4639 calculum,
2824 4579 2913 4645 qui
2952 4592 3150 4630 annum
3182 4575 3286 4632 580
3317 4577 3426 4630 llo-

125 4670 354 4721 alterius
371 4667 534 4720 Salvii
557 4669 909 4738 excerpserit,
926 4672 1014 4740 qui
1042 4671 1482 4724 Ambianensium
1505 4670 1730 4724 antistes

1842 4664 2008 4717 norati
2039 4673 2338 4719 extremum
2391 4664 2556 4721 fuisse
2592 4666 2900 4731 contendit,
2947 4679 3000 4722 et
3028 4668 3430 4723 Theodoricum

127 4758 220 4808 fuit
254 4761 461 4813 smculo
509 4762 777 4828 sequenti.
812 4761 936 4816 llaec
970 4761 1060 4815 ille
1088 4777 1103 4814 :
1127 4761 1219 4815 sed
1267 4761 1382 4816 haec
1411 4770 1724 4830 argumenti

126 4851 333 4901 nullius
366 4864 482 4904 esse
513 4851 719 4905 roboris
751 4852 956 4921 absque
1001 4854 1219 4921 negotio
1247 4854 1602 4906 denmnstrari
1635 4868 1728 4920 pn-

123 4949 252 4993 test.
300 4940 432 4995 Nam
480 4943 652 5012 primo
698 4945 941 4998 codicum
972 4946 1264 5000 auctoritas
1312 4945 1466 5000 nobis
1505 4947 1727 4998 omnino

125 5028 303 5092 favet,
341 5039 398 5084 nt
430 5030 542 5100 jam
573 5047 718 5102 sarpe
743 5034 1011 5104 dximus,
1043 5050 1163 5088 cum
1214 5040 1413 5090 multos
1456 5037 1723 5106 integros,

111 5109 355 5191 optione
383 5137 538 5191 nota,
569 5137 622 5182 et
645 5127 867 5197 majoris
888 5129 1240 5196 antiquitatis,
1261 5134 1418 5184 unico
1439 5128 1726 5184 Cointiano

123 5219 404 5282 tuutilato,
435 5221 711 5288 scriptoris
742 5220 947 5274 incuria
979 5221 1166 5276 vitiato
1186 5263 1198 5284 ,
1231 5233 1283 5275 et
1314 5223 1578 5292 sequioris
1606 5221 1728 5287 aevi,

119 5326 489 5376 opponantus.
530 5311 732 5366 Deinde
764 5313 906 5366 nulla
938 5325 1017 5366 est
1047 5314 1187 5382 apud
1232 5314 1554 5383 Gregorium
1588 5313 1729 5367 inter

118 5412 277 5467 caput
314 5401 338 5452 l
377 5400 496 5455 libri
527 5417 602 5455 vn
650 5412 705 5456 et
732 5413 893 5471 caput
922 5402 994 5456 22
1034 5403 1152 5458 libri
1197 5407 1472 5473 sequentis
1513 5405 1727 5473 opposi-

119 5493 210 5545 tio.
248 5493 408 5547 Licet
435 5492 578 5546 enim
612 5495 784 5562 primo
807 5498 926 5550 loco
950 5498 1148 5552 dixerit
1171 5497 1408 5552 Salvium
1440 5497 1534 5551 hoc
1563 5513 1722 5560 anno,

117 5583 164 5634 id
193 5594 281 5637 est
314 5583 455 5647 58-l,
494 5585 722 5650 obiisse,
770 5598 823 5640 et
852 5590 1024 5642 altero
1052 5600 1165 5658 post
1205 5589 1398 5642 obitum
1440 5589 1603 5644 Salvii
1632 5590 1725 5641 hoc

115 5690 287 5740 anno,
324 5674 378 5727 id
421 5686 506 5729 est
536 5674 661 5743 3.81:,
701 5677 871 5731 DCSld-
896 5687 1067 5733 ratum
1101 5680 1481 5750 Albigensihus
1511 5681 1723 5746 episco-

117 5781 242 5831 pum
300 5767 471 5821 fuisse
501 5769 712 5831 datttm,
748 5770 878 5823 nihil
911 5786 1041 5824 sane
1085 5772 1228 5825 aliud
1261 5787 1325 5825 ex
1368 5770 1482 5826 istis
1513 5771 1721 5825 duobus

113 5860 390 5926 capitibus
437 5860 580 5917 inter
620 5877 678 5919 se
709 5863 920 5920 collatis
950 5863 1129 5931 colligi
1161 5873 1368 5932 potest.
1415 5878 1575 5928 quam
1608 5864 1721 5919 Salo

1836 4771 1942 4810 non
1969 4756 2068 4809 nisi
2110 4768 2228 4826 post
2258 4772 2428 4812 annos
2451 4769 2666 4813 centum
2700 4759 3064 4813 nionarchiam
3096 4758 3430 4816 Francorum

1832 4851 2128 4906 obtinuisse
2172 4851 2386 4916 scribit,
2427 4851 2581 4920 cujus
2625 4852 2839 4907 decimo
2879 4853 3037 4906 tertio
3087 4854 3234 4921 regni
3278 4867 3424 4908 anno

1835 4943 2049 4997 Salvius
2119 4944 2172 4998 in
2251 4944 2501 4999 thronum
2565 4944 3010 4999 Ambianensium
3086 4946 3422 4999 conscendit.

1835 5034 2035 5090 Deinde
2077 5035 2216 5091 idem
2259 5047 2445 5090 auctor
2489 5046 2672 5091 narrat
2700 5036 3049 5091 Mummolutn
3093 5037 3426 5103 Patricium,

1831 5140 1983 5196 capta
2031 5128 2250 5183 civitate
2277 5137 2332 5181 et
2356 5129 2548 5181 dirutis
2581 5143 2750 5182 muris
2775 5169 2790 5192 ,
2841 5129 3037 5182 multos
3073 5129 3314 5196 captivos
3368 5130 3423 5184 in

1836 5219 2147 5289 Hispaniam
2194 5219 2586 5282 transmisisse,
2619 5219 2709 5287 qui
2765 5218 2984 5284 Salvio,
3024 5218 3246 5287 jubente
3275 5235 3422 5289 rege,

1833 5309 2023 5364 redditi
2055 5309 2294 5364 luerunt.
2328 5312 2396 5362 At
2443 5308 2557 5362 lucc
2585 5318 2641 5362 ut
2670 5309 2738 5362 de
2769 5309 3157 5364 Ambianorum
3179 5311 3421 5376 civitate,

1830 5412 1922 5456 aut
1953 5403 2019 5456 de
2041 5402 2222 5458 Salvio
2251 5401 2368 5469 ejus
2393 5403 2650 5471 episcopo
2675 5400 2780 5456 dici
2815 5402 3042 5469 possint,
3076 5412 3259 5456 vetant
3287 5412 3422 5455 tem-

1831 5508 2043 5562 porum,
2078 5508 2425 5562 personarum
2468 5501 2524 5546 et
2555 5494 2792 5547 locorum
2818 5494 3258 5548 circumstantize.
3293 5495 3422 5558 Qua:

1829 5586 2011 5638 omnia
2061 5586 2264 5653 optime
2311 5595 2618 5654 congruunt
2675 5586 2719 5638 si
2769 5584 2837 5640 de
2885 5584 3100 5639 civitate
3146 5583 3418 5648 Albigensi

1832 5678 2234 5746 intelligantur,
2275 5694 2436 5748 quam
2487 5684 2693 5732 certum
2724 5687 2840 5743 est,
2890 5686 3076 5732 sancto
3123 5675 3302 5729 Salvio
3344 5676 3424 5729 vi-

1832 5781 1989 5825 vente
2015 5785 2044 5823 a
2083 5769 2368 5822 Mummolo
2396 5777 2714 5837 occupatam
2759 5767 2951 5830 fuisse,
2983 5773 3040 5818 ut
3071 5774 3190 5834 post
3221 5762 3426 5834 Grego-

1831 5862 1967 5918 rium
2012 5871 2255 5918 nostrum
2283 5859 2494 5928 scripsit
2522 5857 2636 5928 ipse
2663 5856 2923 5914 Cointius.
2963 5854 3112 5912 Unde
3141 5853 3298 5914 fateri
3327 5872 3397 5915 eo
