3994 6332
561 412 635 470 95
2026 402 2415 460 PlUEFA'l'iU.
2656 420 2662 429 '
3782 402 3858 459 95

558 529 726 596 gitur,
745 538 903 580 sm
930 525 1075 580 illum
1103 534 1377 580 aucttu'em
1414 521 1669 591 nuntmilzt
1698 536 1762 578 es
1793 522 1959 593 gestia
1989 518 2154 577 Salvii
2184 522 2227 578 Α
2261 518 2360 574 bus
2383 560 2397 581 ,
2428 532 2565 587 quos
2592 528 2768 573 tamen
2800 519 2869 574 ob
2911 520 2962 574 id
3006 534 3104 576 nec
3148 519 3312 576 falsus
3354 535 3453 575 nec
3499 519 3855 589 interpolato;

559 617 864 685 Alltigeusis
908 617 961 671 in
993 614 1370 671 Ambianeosis
1416 624 1532 670 acta
1566 613 1922 669 transtulisse.
1952 612 2009 669 Si
2051 613 2151 668 ita-

556 722 663 774 quo
688 705 852 765 Salvii
893 706 1266 763 Ambianensis
1306 704 1441 761 Viue
1471 707 1735 773 Scriptor,
1767 706 1964 762 fatente
1991 704 2151 760 Cuiu-

562 801 675 864 tio,
718 800 974 855 nonnulla
1006 814 1070 857 ex
1098 801 1265 871 gestis
1295 799 1460 855 Salvli
1501 800 1806 870 Albigensis
1843 816 1942 854 suo
1968 799 2151 855 Salvio

560 890 817 946 m’buis-‘e
840 891 1204 956 convincitur,
1227 900 1317 944 aut
1346 892 1502 945 malae
1528 893 1649 947 iidei
1683 908 1831 954 reus,
1857 903 1950 947 aut
1974 901 2147 957 certe,

557 982 713 1047 quod
743 981 1016 1037 lubentius
1044 982 1393 1045 crediderim,
1426 985 1587 1037 horno
1621 985 1838 1053 ignarus
1868 985 2025 1040 fuerit
2056 1000 2150 1040 ue-

555 1083 863 1139 et'sse’est;
912 1084 970 1127 ut
992 1075 1081 1141 qui
1130 1090 1317 1146 regum
1343 1077 1825 1144 episcottornmque
1867 1077 2038 1132 series
2085 1092 2149 1132 ac

556 1170 804 1233 tempora
833 1166 1220 1232 pt-rtttrbavert
1242 1206 1271 1231 ,ι
1307 1167 1551 1221 civitates
1589 1182 1652 1221 ea
1698 1183 1798 1221 una
1833 1169 1883 1222 in
1928 1171 2151 1222 atteram

558 1254 885 1321 provinciam
941 1256 1311 1318 transtulerit,
1362 1256 1596 1325 denique
1645 1258 1824 1313 omnia
1881 1258 2151 1326 sttsdeque

560 1347 817 1412 verterit,
865 1356 924 1401 ut
966 1353 1123 1401 vitam
1159 1350 1243 1403 soi
1281 1350 1443 1404 Saluvii
1476 1350 1782 1407 labriearet.
1822 1350 1939 1407 1am
1981 1360 2151 1409 testes

559 1436 774 1505 appe'lo
814 1441 1251 1507 quotquot'ltunc
1282 1440 1454 1494 locum
1502 1442 1752 1511 legerint,
1792 1456 1858 1495 an
1891 1442 2013 1498 talis
2054 1457 2153 1496 au-

556 1536 675 1581 ctor
706 1528 949 1595 praeferri
978 1529 1175 1584 debeat
1199 1532 1448 1601 scriptori
1492 1534 1684 1595 castra
1712 1533 1734 1586 1
1768 1535 1887 1588 libri
1919 1550 1987 1588 vn
2018 1534 2150 1589 Gre-

556 1620 795 1688 goriauzn
845 1621 1125 1685 liistorim,
1166 1625 1255 1693 qui
1304 1625 1469 1679 Salvii
1507 1627 1811 1694 Albigensis
1839 1643 1925 1682 res
1971 1628 2154 1694 gestas

556 1708 717 1763 modo
738 1710 1223 1778 irreprcltensibilt,
1254 1723 1478 1769 servatis
1505 1716 1743 1771 lnstoriu:
1772 1716 1999 1785 legibus,
2027 1732 2153 1771 eon-

555 1798 793 1866 srripsit.
823 1800 895 1856 De
925 1803 1129 1857 visione
1151 1804 1331 1859 Salvio
1351 1816 1587 1870 osten-a,
1616 1824 1733 1875 quin
1762 1807 1989 1864 fortasse
2015 1824 2150 1861 non-

2260 612 2399 665 nllus
2441 611 2699 667 hactenus
2744 612 2973 668 habuit:
3014 614 3153 683 quod
3201 616 3472 670 sexcentis
3517 618 3790 687 exemplis
3819 632 3851 673 a

2256 702 2467 759 Cointio
2497 702 2614 773 ipso
2641 704 2814 759 allatis
2844 704 3000 761 facile
3022 720 3168 763 esset
3189 707 3582 764 demonstrare.

2332 798 2453 851 1‘20.
2494 797 2613 854 Jam
2666 808 2876 866 tempus
2919 807 3008 857 est
3044 809 3102 853 ut
3145 800 3309 855 ﬁnem
3350 801 3688 870 imponamus
3721 802 3849 859 lanio

2258 886 2582 945 discussioni
2601 929 2617 954 ,
2642 904 2800 957 quam
2825 891 3064 945 nonnulli
3096 892 3321 947 fortasse
3348 893 3692 962 prolixiorem
3726 909 3854 952 esse

2256 989 2680 1046 conquerentur.
2707 979 2775 1035 At
2804 980 3168 1035 necessarium
3201 981 3295 1035 iuit
3329 981 3467 1036 hanc
3497 983 3654 1051 paulo
3683 999 3853 1037 accu-

2257 1069 2424 1126 ratius
2451 1073 2736 1143 prosequi,
2760 1075 2830 1131 ciu
2870 1090 2972 1142 qua
3015 1075 3270 1144 agebatur
3306 1076 3375 1130 de
3412 1076 3704 1146 rejicienda
3751 1087 3851 1133 aut

2256 1163 2561 1232 recipienda
2607 1167 2777 1221 unica:
2822 1178 3023 1221 nostra!
3065 1169 3242 1238 gentis
3284 1170 3532 1224 llistrize
3563 1188 3668 1224 non
3707 1187 3847 1225 con-

2257 1257 2543 1312 temnenda
2584 1267 2764 1325 parte,
2796 1274 2961 1329 quam
3005 1258 3267 1329 Gregorio
3302 1261 3714 1329 abjndicandam
3762 1263 3849 1316 vir

2255 1350 2396 1405 inter
2424 1351 2663 1407 eruditos
2695 1352 3036 1409 clarissimus
3063 1354 3351 1421 censebat,
3380 1371 3479 1411 nos
3506 1370 3632 1411 vero
3658 1357 3849 1413 since-

2256 1458 2372 1496 rum
2396 1443 2577 1511 ipsius
2604 1459 2726 1500 esse
2755 1445 2922 1503 fetum
2953 1436 3344 1516 propugnantes
3363 1464 3384 1501 ί
3406 1448 3545 1514 quod
3566 1464 3595 1501 a
3622 1464 3709 1505 nte
3733 1466 3845 1503 non

2254 1531 2583 1601 disceptandi
2599 1534 2779 1589 animo
2790 1544 3097 1604 susceptura
3113 1552 3235 1592 esse
3252 1541 3496 1593 omnibus
3521 1555 3845 1608 persuasum

2255 1642 2376 1685 esse
2400 1630 2593 1695 velim,
2625 1645 2730 1683 non
2758 1632 2898 1700 quod
2916 1620 3059 1685 mihi
3088 1632 3285 1701 aliquid
3308 1634 3539 1699 superbe
3561 1649 3841 1703 arrogem,

2255 1719 2342 1786 qui
2387 1735 2506 1772 runt
2546 1729 2694 1774 tanto
2722 1720 2837 1774 viro
2867 1721 3141 1789 disputare
3170 1722 3460 1786 voluerint,
3505 1726 3601 1777 sed
3637 1724 3693 1778 id
3723 1725 3842 1779 fac-

2258 1817 2373 1861 tum
2397 1810 2568 1865 snlius
2596 1812 2838 1866 veritatis
2865 1813 3047 1869 sttniio
3070 1823 3122 1867 et
3147 1829 3366 1879 amore,
3384 1814 3457 1869 ad
3481 1819 3836 1870 asserendam

554 1890 715 1942 nullis
744 1892 1086 1960 displicebit,
1136 1894 1265 1949 nihil
1312 1894 1579 1959 diximus,
1608 1901 1753 1965 quod
1789 1913 1911 1952 eam
1937 1909 2145 1954 'revera
2184 1903 2227 1963 Β
2254 1914 2307 1957 et
2335 1905 2775 1974 prepugnandam
2799 1906 2923 1974 ejus
2944 1907 3179 1962 auctoris
3201 1922 3424 1977 cperim
3450 1906 3842 1973 integritatem,

554 1983 877 2052 contigisse,
911 1983 1094 2041 Saivio
1138 1987 1488 2043 Atnbianonsi
1516 2006 1585 2045 an
1628 1992 1924 2061 Albigensi,
1958 2008 2157 2061 parum

554 2072 755 2139 refert,
803 2073 1051 2131 Cointins
1080 2078 1379 2135 admiserit.
1417 2081 1577 2137 Tales
1604 2093 1819 2149 autem,
1864 2100 1996 2152 quas
2045 2085 2144 2140 lto-

554 2162 731 2217 minus
772 2165 944 2218 sancti
991 2167 1109 2220 sive
1136 2166 1275 2223 intra
1317 2183 1546 2238 corpus,
1600 2174 1715 2228 sive
1758 2185 1911 2229 extra
1951 2190 2149 2245 corpus

556 2252 854 2319 constituti,
883 2265 944 2309 ut
970 2256 1206 2326 IOquitur
1236 2257 1306 2314 de
1343 2274 1402 2317 se
1448 2264 1738 2330 Apostofus
1758 2305 1777 2330 ,
1808 2264 2145 2335 habuerunt,

556 2346 759 2411 passim
791 2348 902 2403 suis
934 2353 1267 2420 temporibus
1312 2356 1602 2425 contigisse
1634 2364 1938 2416 memorant
1980 2372 2158 2421 testes-

558 2438 702 2491 omai
742 2445 1063 2509 exceptione
1109 2445 1342 2513 majores
1375 2465 1388 2500 :
1425 2451 1753 2517 Augustinus
1800 2455 1852 2508 in
1899 2457 2039 2511 libro
2079 2460 2155 2516 de

566 2527 708 2584 Cura
742 2546 838 2599 pro
867 2543 1115 2601 mortus,
1143 2538 1431 2610 Gregorius
1460 2542 1711 2613 Magnus,
1745 2547 1992 2619 Scriptor
2030 2568 2149 2621 pasa

558 2622 726 2678 sienis
766 2626 867 2680 SS.
920 2626 1221 2697 Perpetnte
1247 2640 1305 2688 et
1334 2633 1667 2704 Felicitatis,
1714 2650 1767 2695 et
1811 2642 1900 2696 alii
1949 2648 2147 2714 passim

555 2717 732 2781 magni
767 2719 997 2772 nominis
1025 2731 1297 2780 auctores.

636 2808 762 2862 H9.
802 2809 1069 2878 Superest
1106 2825 1164 2867 ιιι
1192 2816 1401 2886 aliquid
1429 2818 1495 2874 de
1522 2820 1868 2891 Gregoriante
1899 2826 2147 2886 Historiae

554 2897 771 2968 epilogo
799 2901 1071 2971 dicamus,
1102 2921 1261 2972 quem
1292 2910 1483 2977 partim
1516 2911 1696 2982 rej’cit
1724 2917 1997 2986 Cointias,
2026 2935 2152 2990 par-

556 2995 657 3049 tim
688 3012 786 3067 pro
817 2999 974 3055 libito
1001 3005 1256 3060 admittit.
1292 3008 1439 3063 Illum
1488 3026 1681 3082 nempe
1728 3022 1835 3068 tres
1879 3012 1929 3067 in
1972 3026 2150 3083 partes

566 3091 755 3144 secat:
784 3092 1011 3162 primam
1038 3095 1122 3149 bis
1146 3098 1322 3154 verbis
1341 3100 1553 3156 inlibata
1576 3114 1909 3174 permaneant
1932 3107 2153 3161 conclu-

557 3178 671 3243 dit,
691 3196 850 3251 quatn
871 3224 887 3249 ,
910 3186 1048 3253 quod
1083 3188 1133 3242 in
1160 3190 1344 3246 codice
1374 3194 1544 3248 sancti
1569 3195 1840 3251 Michaelis
1864 3197 2144 3264 habeatur,

2249 2009 2408 2062 quem
2432 1995 2820 2048 restituendum
2843 2006 2897 2049 et
2920 1994 3301 2050 illustrandum
3317 2010 3685 2062 susceperant.
3704 1996 3843 2063 Qum

2253 2099 2339 2139 res
2366 2087 2529 2138 etiam
2554 2083 2655 2152 ipsi
2678 2083 2922 2149 Cointio,
2950 2084 3109 2153 cujus
3131 2098 3451 2137 meritoriam
3475 2084 3719 2150 impense
3746 2099 3846 2139 ve-

2251 2191 2431 2237 neror,
2479 2186 2536 2230 ut
2579 2185 2701 2243 pote
2740 2178 2953 2229 sincero
2995 2175 3233 2230 veritatis
3270 2174 3527 2238 amatori,
3569 2174 3707 2227 haud
3749 2174 3840 2228 in-

2248 2277 2394 2335 grata
2428 2266 2616 2320 fuisset
2684 2281 2806 2322 cum
2842 2268 2897 2323 in
2945 2267 3104 2323 istam
3140 2267 3447 2337 opinionem
3477 2267 3549 2323 ob
3582 2267 3839 2322 codicum

2250 2357 2761 2426 manuscriptorum,
2783 2374 2919 2427 quos
2937 2360 3149 2415 nonnisi
3171 2374 3390 2413 mancos
3410 2368 3465 2415 et
3487 2358 3844 2429 imperfectos

2252 2450 2471 2515 habuit,
2513 2452 2884 2505 auctoritatem
2929 2450 3151 2515 abierit,
3206 2449 3363 2505 lacilo
3405 2450 3456 2503 in
3500 2450 3841 2504 contrariam

2250 2556 2612 2598 concessurus
2642 2542 2962 2596 sententiam
2987 2582 3000 2606 ,
3031 2543 3079 2594 si
3106 2540 3337 2594 aliorum
3359 2539 3622 2606 codicum,
3655 2550 3709 2594 et
3738 2557 3844 2593 nu-

2250 2650 2423 2699 mero,
2442 2646 2497 2689 et
2517 2634 2840 2705 integritate,
2859 2643 2913 2690 et
2932 2637 3250 2690 auctoritate
3272 2635 3441 2705 magis
3464 2636 3841 2705 pratstantiutn

2252 2726 2308 2780 in
2330 2726 2758 2795 rccvgnosceuda
2777 2727 3107 2795 Gregoriana
3131 2727 3348 2781 historia
3377 2727 3591 2796 adjutus
3620 2726 3843 2785 fuisset.

2322 2817 2409 2873 Ν.
2432 2846 2503 2861 --
2537 2818 2652 2872 121.
2682 2819 2797 2872 .Iant
2830 2821 3009 2889 itaque
3036 2820 3365 2888 ptmlationi~
3396 2831 3597 2874 nostra:
3622 2823 3843 2877 tertiam

2253 2926 2460 2980 par-em
2488 2910 2794 2981 attigimus,
2830 2912 2881 2966 in
2910 2926 3013 2981 qua
3044 2913 3180 2966 ratio
3211 2912 3485 2968 reddenda
3507 2926 3585 2968 eSI
3613 2929 3802 2966 eorum
3822 2956 3843 2977 ,

2250 3017 2371 3070 qua:
2400 3001 2459 3056 in
2488 3003 2585 3056 bac
2615 3017 2752 3057 nova
2776 3000 3227 3072 Gregorianorum
3271 3018 3493 3073 operum
3532 3004 3770 3058 editione
3800 3020 3839 3059 ιι

2252 3094 2406 3150 nobis
2435 3096 2672 3164 pratstita
2701 3105 2844 3148 sunt.
2882 3094 3128 3165 Gregorii
3167 3111 3332 3164 opera
3377 3112 3470 3166 per
3501 3082 3677 3165 partes
3723 3097 3869 3151 dis»

2253 3186 2391 3240 cissa
2417 3227 2438 3251 ,
2477 3196 2531 3241 et
2571 3201 2694 3242 cum
2740 3186 2904 3241 variis
2947 3188 3214 3241 variorum
3260 3199 3538 3242 aucturum
3569 3188 3835 3257 operibus

557 3273 827 3341 admittit,
857 3278 998 3332 sicut
1026 3290 1078 3333 et
1109 3284 1433 3351 secundam,
1471 3285 1591 3342 licet
1623 3289 1678 3341 in
1706 3289 2026 3344 Michaelino
2048 3306 2144 3346 co-

2257 3278 2505 3348 permista
2536 3279 2587 3332 in
2619 3296 2779 3334 unum
2813 3280 3061 3335 volumen
3090 3280 3425 3349 collegimus.
3478 3279 3554 3336 Ea
3599 3294 3729 3336 vero
3765 3296 3843 3336 ex

556 3363 679 3419 dice
709 3366 1071 3437 desideretur,
1106 3375 1280 3444 quod,
1312 3377 1521 3447 inquit,
1556 3381 1845 3451 Gregorius
1876 3384 1931 3437 in
1962 3385 2144 3439 Histo-

560 3460 661 3512 ria:
690 3463 914 3531 prologo
943 3479 1108 3533 opera
1131 3483 1226 3521 sua
1252 3484 1409 3524 versu
1435 3471 1666 3527 desrribi
1698 3477 2032 3545 permiserit,
2066 3475 2146 3529 ni-

558 3547 745 3620 hilque
767 3555 911 3608 aliud
941 3557 1199 3612 habeatur
1222 3560 1271 3611 in
1301 3561 1396 3614 ista
1426 3563 1617 3633 epilogi
1651 3575 1820 3631 parte,
1846 3581 2002 3632 quam
2027 3583 2147 3637 quae

558 3657 629 3696 ex
657 3646 890 3714 prologo
932 3649 1045 3703 lleri
1092 3662 1401 3719 pomernnt.
1448 3655 1516 3707 At
1558 3659 1772 3711 tertiam
1811 3670 2017 3723 partem
2060 3660 2146 3715 ubi

559 3737 726 3791 variat
756 3738 1025 3795 habentur
1050 3745 1479 3811 computationes
1499 3787 1513 3812 ,
1546 3748 1706 3817 plane
1734 3750 1936 3819 respuit
1960 3793 1974 3817 ,
2006 3753 2149 3821 quod

560 3842 675 3882 non
702 3830 868 3897 satis,
900 3841 957 3886 ut
988 3833 1063 3889 illi
1098 3836 1333 3902 videtur,
1376 3850 1631 3909 computo
1662 3841 1993 3914 Gregorium
2020 3858 2152 3900 con-

560 3922 770 3977 sordet.
802 3925 914 3991 Qua
941 3925 994 3979 in
1020 3943 1078 3980 re
1103 3942 1202 3982 nec
1225 3931 1466 3985 codicum
1497 3947 1625 3987 mss.
1655 3934 2029 3989 auctoritatem
2056 3950 2151 3989 cu-

564 4025 681 4078 rat,
716 4017 769 4070 in
800 4020 995 4086 quibus
1021 4021 1226 4075 eisdem
1260 4023 1391 4091 ipsae
1425 4026 1855 4095 computationes
1887 4026 2152 4083 habentur

567 4107 635 4160 ad
670 4110 870 4163 calcem
902 4111 1018 4167 libri
1053 4128 1128 4177 tv,
1157 4114 1316 4168 etiam
1351 4114 1404 4169 in
1435 4116 1619 4172 codice
1648 4116 1961 4173 Corbeiensi
1992 4134 2007 4171 :
2052 4133 2157 4173 nec

558 4200 858 4258 audiendos
884 4219 1005 4260 esse
1030 4217 1213 4262 censet
1242 4222 1336 4262 eos
1355 4248 1369 4273 ,
1397 4209 1487 4278 qui
1521 4210 1686 4263 nostri
1715 4209 1956 4279 Gregorii
1985 4210 2152 4264 vitam

558 4308 630 4347 es
659 4293 776 4362 ejus
801 4297 1014 4367 scriptis
1041 4298 1403 4366 collegerunt,
1435 4300 1658 4370 quibus,
1685 4300 1883 4356 fatente
1910 4301 2150 4368 Cointio,

560 4384 729 4442 .etiam
772 4386 887 4441 haec
930 4390 1087 4442 tertia
1135 4389 1329 4458 epilogi
1376 4404 1496 4456 pars
1539 4401 1664 4444 nota
1704 4392 1819 4444 fuit.
1853 4390 2057 4458 Nempe
2097 4400 2154 4445 ut

565 4472 688 4529 hac
738 4476 916 4529 omnia
969 4476 1213 4543 refellat,
1267 4481 1482 4532 unicum
1522 4478 1572 4531 ei
1620 4480 1820 4535 snflicit
1866 4495 2155 4549 argumen-

567 4570 682 4613 tum
698 4600 715 4625 ,
739 4563 1200 4631 computationum
1226 4581 1418 4635 nempe
1441 4568 1660 4622 istarum
1684 4569 1984 4635 discordia;
2009 4571 2151 4641 quod

2250 3375 2469 3430 inﬁnitis
2501 3374 2884 3444 propemodum
2925 3373 3167 3440 mendis,
3206 3389 3325 3443 quae
3364 3372 3450 3427 vel
3488 3388 3551 3428 ex
3581 3374 3867 3428 codicuur

2250 3475 2347 3523 aut
2380 3467 2673 3524 editionum
2705 3467 2869 3534 vitio,
2900 3467 2983 3522 vel
3017 3481 3084 3521 ex
3121 3466 3357 3534 qualibet
3383 3466 3488 3521 alia
3517 3480 3677 3519 causa
3710 3480 3843 3533 pas-

2250 3561 2351 3615 sim
2383 3560 2436 3614 in
2468 3569 2668 3613 textum
2701 3560 3054 3627 irrepserunt,
3094 3573 3396 3627 expurgare
3427 3557 3675 3614 codicum
3720 3571 3843 3611 ma—

2252 3650 2648 3717 nuscriptorum
2678 3663 2783 3718 ope
2822 3652 3001 3701 conati
3043 3641 3261 3712 sumus,
3298 3658 3353 3702 et
3390 3648 3597 3716 reip~a,
3634 3645 3708 3700 uti
3753 3646 3843 3700 le-

2251 3741 2501 3811 gentibus
2546 3740 2781 3809 patebit,
2824 3740 3111 3819 plurimum
3152 3740 3586 3807 expurgavimus.
3623 3738 3863 3793 Deinde

2252 3834 2507 3888 nonnulla
2531 3833 2600 3887 de
2625 3848 2764 3887 novo
2792 3831 3119 3897 addidimus,
3141 3841 3196 3887 et
3224 3832 3432 3901 aliquot
3454 3831 3682 3900 capitula
3712 3846 3843 3900 qua:

2253 3928 2305 3980 in
2346 3924 2614 3994 prioribus
2649 3923 2808 3979 editis
2842 3923 3213 3978 indicabantur
3247 3923 3496 3995 quidem,
3525 3925 3618 3979 Sed
3655 3932 3842 3977 utinen

2253 4016 2484 4069 inveniri
2540 4016 2777 4069 nondum
2833 4023 3160 4084 potuerant,
3209 4029 3277 4069 ex
3326 4013 3431 4068 fide
3482 4014 3843 4082 quorumdam

2253 4108 2645 4174 exemplarium
2677 4104 3063 4174 suppievimus.
3090 4105 3171 4161 Ad
3203 4105 3318 4159 inec
3341 4105 3685 4173 Gregorianat
3708 4102 3844 4159 llis-

2256 4202 2409 4257 toria:
2450 4204 2846 4272 integritatem,
2887 4216 3003 4269 qua
3052 4217 3187 4270 pene
3223 4201 3295 4254 ob
3331 4200 3557 4271 aliquot.
3585 4201 3837 4255 codicum

2252 4294 2498 4349 deft-ctus
2540 4295 2681 4363 apud
2725 4294 3012 4349 nonnullos
3059 4293 3299 4348 eruditos
3335 4292 3484 4346 viros
3524 4292 3844 4359 exciderat,
3904 4322 3921 4335 ο

2253 4386 2497 4442 codicum
2551 4388 2785 4441 melioris
2844 4396 3029 4454 uota},
3084 4396 3142 4442 et
3192 4386 3412 4440 minime
3464 4394 3844 4452 suspecti-runt

2256 4480 2611 4544 auctoritate,
2653 4480 2880 4547 aliisque
2918 4480 3249 4548 argumentis
3295 4479 3644 4533 asseruimus.
3691 4478 3845 4531 Prte-

2260 4581 2404 4624 terea
2437 4578 2591 4625 notas
2622 4569 2941 4638 marginales
2982 4569 3312 4633 addidimus,
3352 4582 3471 4634 quae
3515 4567 3689 4621 varias
3730 4568 3848 4622 iec-

558 4662 739 4713 tanten
772 4656 946 4710 solum
972 4655 1248 4712 sufﬁciens
1279 4673 1399 4713 esse
1429 4674 1586 4713 nemo
1616 4660 1813 4716 dixerit
1836 4662 1903 4713 ad
1932 4663 2151 4716 elevan-
2177 4630 2229 4690 θ
2259 4661 2432 4715 tiones
2481 4662 2965 4730 manuscriptorurn
3023 4659 3298 4722 codicum,
3345 4669 3438 4713 aut
3490 4670 3728 4716 veterum
3786 4670 3848 4714 et.

557 4748 684 4801 dam
714 4749 940 4818 alicujus
966 4752 1149 4820 aperis
1174 4754 1580 4820 auctoritatem,
1626 4756 1806 4811 multis
1846 4757 2062 4812 aliunde
2093 4766 2148 4812 et

501 4860 503 4862 ·
560 4846 954 4911 propemodum
1002 4846 1167 4902 certis
1210 4847 1509 4904 rationibus
1552 4848 1781 4905 suffnlti.
1831 4849 1958 4916 Quis
2001 4848 2145 4905 enim

563 4938 771 4993 nesciat
797 4939 851 4993 in
882 4940 1144 5008 ejusmodi
1174 4942 1664 5012 computationibus
1690 4958 1796 4997 non
1828 4943 2004 4997 solum
2037 4942 2147 5010 ple-

560 5042 763 5097 rosque
805 5030 973 5085 medii
1017 5032 1117 5086 aevi
1156 5042 1406 5088 auctores
1448 5049 1479 5087 a
1524 5048 1653 5087 vero
1688 5036 2005 5100 aberrasse,
2049 5033 2147 5088 sed

559 5121 723 5173 etiam
758 5121 971 5176 illorum
1002 5124 1282 5180 erroribus
1305 5126 1440 5179 alios
1470 5138 1687 5180 errores
1709 5126 1778 5179 ab
1802 5124 2154 5179 amanuensi-

562 5210 663 5270 bus
706 5211 871 5269 fuisse
908 5224 967 5269 ut
1009 5216 1294 5285 plurimum
1342 5218 1757 5288 superadditos,
1804 5220 1887 5273 vel
1939 5219 2153 5289 propria

562 5316 752 5357 eorum
786 5304 1026 5368 incuria.
1061 5308 1143 5362 vel
1173 5310 1318 5379 quod
1351 5310 1575 5364 nimium
1604 5311 1707 5366 sibi
1749 5310 1880 5381 ipsis
1927 5310 2154 5366 ﬁdentes

564 5403 808 5450 veterum
846 5410 1095 5466 computa
1138 5401 1429 5456 emendare
1466 5401 1781 5457 voluerint?
1814 5401 1948 5457 Hinc
1974 5404 2025 5455 in
2054 5417 2155 5457 ex-

568 5483 821 5541 hibendis
863 5490 1132 5558 ejusmodi
1182 5494 1421 5547 numeris
1472 5501 1551 5547 tot
1591 5503 1718 5547 sunt
1756 5492 1867 5548 fere
1898 5492 2155 5548 lectiones

568 5580 765 5646 variae,
796 5592 925 5651 quot
954 5594 1081 5638 sunt
1109 5586 1354 5650 codices,
1386 5586 1544 5652 idque
1576 5601 1679 5638 non
1712 5585 1765 5638 in
1801 5583 2047 5653 Gregorii
2072 5598 2158 5637 so-

566 5670 674 5726 luttt
705 5676 989 5743 operibtis,
1016 5680 1111 5733 sed
1139 5688 1194 5733 et
1221 5678 1275 5732 in
1318 5678 1439 5733 aliis
1478 5679 1694 5747 Optimae
1736 5688 1876 5731 nota:
1915 5677 2154 5731 auctori-

2256 4768 2514 4808 novarutn
2544 4748 2837 4806 editionum
2877 4750 3166 4814 exhibent,
3208 4759 3450 4818 tempora
3490 4764 3669 4803 rerum
3710 4764 3847 4816 ges-

2256 4855 2431 4901 tarum
2464 4846 2703 4901 indicant
2727 4886 2742 4911 ,
2773 4861 2860 4899 res
2900 4845 3045 4911 ipsas
3087 4844 3386 4905 illustrant,
3425 4843 3662 4895 lucorum
3704 4842 3848 4896 Silus

2253 4941 2604 5006 describunt,
2660 4952 3113 5007 tersonarnmque
3160 4936 3403 4990 uetitis-ta
3450 4934 3846 5004 suppeditant,

2256 5030 2482 5086 laudatis
2507 5029 2666 5083 etiam
2688 5069 2703 5095 ,
2732 5038 2822 5080 aut
2847 5026 3092 5081 adductis
3111 5069 3127 5092 ,
3149 5041 3269 5081 cunt
3300 5039 3437 5093 opus
3463 5033 3577 5088 est,
3606 5023 3847 5077 aliorum

2256 5132 2534 5177 auctorum
2568 5122 2717 5174 locis.
2749 5120 2891 5187 Quin
2927 5129 2981 5172 et
3019 5133 3088 5174 ne
3124 5129 3369 5173 notarum
3411 5116 3679 5185 ejusmodi
3718 5092 3893 5183 ρτσ⁴

2260 5215 2465 5270 lixitate
2508 5224 2598 5267 aut
2640 5213 2982 5268 multitudine
3018 5214 3338 5279 quandoque
3370 5211 3626 5269 obrutus.
3675 5217 3733 5261 ut
3770 5209 3861 5261 ita

2263 5308 2473 5375 loquar,
2532 5316 2707 5361 textus
2761 5305 3027 5370 videatur,
3072 5318 3226 5359 uetas
3265 5303 3467 5371 aliquot
3505 5302 3731 5357 idsiores
3773 5299 3849 5356 ad

2259 5383 2459 5455 calcem
2492 5399 2782 5477 voluminis
2808 5398 2837 5431 "
2867 5395 3206 5461 addidimus,
3237 5395 3301 5449 ad
3332 5410 3465 5465 quas
3504 5409 3569 5448 ea
3608 5398 3725 5461 qua:
3756 5392 3849 5447 tu-

2262 5493 2465 5548 siorem
2506 5492 2794 5561 exigebant
2832 5489 3360 5547 animadversionem
3407 5486 3754 5541 remisimus:
3792 5485 3851 5543 in

2262 5586 2458 5655 quibus
2485 5583 2646 5637 etiam
2678 5580 2819 5635 nmis
2852 5580 3176 5635 inseruimus
3219 5578 3473 5635 nonnulla
3513 5576 3855 5646 antiquitatis

2263 5681 2607 5729 monumenta
2635 5712 2653 5742 ,
2698 5672 2910 5743 aliaque
2949 5672 3231 5729 retulimus
3269 5688 3390 5741 qua:
3430 5669 3591 5726 nobis
3630 5667 3863 5727 excide-

637 5852 669 5886 ⁸
697 5851 805 5919 Nos
831 5852 1059 5909 fusiores
1088 5853 1247 5911 etiam
1284 5861 1439 5911 notas
1470 5853 1638 5911 textui
1666 5851 1936 5915 subjicere
1965 5851 2271 5909 maluimus.
2303 5848 2451 5907 Eutr.
