3994 6332
543 394 612 452 θεν
2006 377 2395 434 ιιιιίιέιπτιιιυ.

3724 373 3826 426 Ittfl

544 521 755 578 gesrmo
783 516 975 558 octavo
1004 497 1310 568 respondet.
1341 497 1508 553 Iudex
1542 494 1668 553 libri
1697 510 1730 550 Il
1764 503 2008 548 recenset
2040 509 2131 546 ca-
2161 499 2210 555 Α
2239 496 2328 564 qui
2361 491 2773 548 eminentissimi
2806 489 3092 546 cardinalis
3126 491 3176 544 in
3211 503 3321 543 rem
3357 485 3670 542 litterariam
3711 499 3833 538 stu-

549 603 656 670 pita
684 599 788 651 δὶς
821 599 871 649 in
905 596 1041 648 libro
1073 606 1200 646 vero
1229 592 1348 658 ipso
1387 600 1738 644 numerantur
1781 588 1884 652 56,
1935 597 2128 650 pra-ter

545 692 650 743 alia
685 687 880 757 quibus
921 685 1098 739 nrrllus
1142 683 1435 753 przellgitur
1474 681 1678 736 titrrlrrs.
1723 681 1904 734 Index‘
1927 679 2044 733 libri
2078 693 2129 731 tv

547 783 710 834 trabet
731 778 905 845 capita
948 776 1053 842 55,
1100 790 1222 829 cum
1264 789 1451 827 eorum
1491 772 1828 835 sunrnrariis,
1863 781 1916 825 et
1953 780 2132 825 tamen

547 871 662 940 ipse
695 870 830 924 liber
856 868 1059 921 desinit
1089 866 1144 919 in
1171 864 1349 919 media
1397 874 1549 930 parte
1588 862 1782 931 capitis
1823 861 1883 914 II
1910 900 1926 926 ,
1963 860 2135 915 edito-

550 975 666 1014 rum
698 960 785 1016 16.
818 958 925 1012 Nrc
950 957 1127 1011 codex
1155 967 1238 1012 est
1271 955 1490 1009 mutilus
1519 963 1610 1008 aut
1636 952 2015 1023 imperfectus,
2039 951 2135 1006 sed

555 1071 564 1118 ι
590 1053 802 1104 roxime
833 1061 949 1118 post
979 1049 1299 1117 Gregorium
1330 1046 1578 1115 sequitur
1604 1044 1932 1099 Ghronicum
1976 1043 2137 1113 Regi-

554 1143 711 1196 nonis
735 1140 923 1196 eadem
955 1156 1114 1193 manu
1145 1148 1447 1194 exaratum.
1498 1137 1560 1191 lIi
1601 1146 1782 1190 autent
1822 1145 1945 1190 sunt
1979 1139 2139 1205 quiu-

551 1250 658 1298 que
696 1232 920 1287 codices
965 1244 1101 1299 quos
1131 1229 1405 1284 consuluit
1449 1226 1732 1280 Lointirrs:
1775 1226 1917 1288 unde
1949 1226 2140 1279 merito

553 1325 906 1394 rorrqueritur
953 1325 1036 1376 vir
1067 1322 1346 1385 eruditus,
1394 1335 1499 1374 non
1545 1321 1644 1372 rrisl
1686 1317 1900 1372 codices
1942 1316 2142 1386 imper-

555 1420 726 1471 fectos
756 1417 1103 1486 Gregorianre
1137 1415 1382 1468 Historiae
1411 1428 1440 1466 a
1471 1427 1530 1468 se
1561 1414 1704 1467 visos
1733 1413 1916 1466 fuisse.

627 1511 750 1563 1'23.
782 1509 980 1563 Sextus
1016 1508 1199 1576 itaque
1229 1506 1396 1559 codex
1427 1505 1492 1558 ad
1523 1520 1681 1574 quem
1707 1503 1953 1570 Gregorii
1977 1517 2141 1570 Opera

552 1601 882 1654 contulimus
902 1642 916 1662 ,
950 1610 1033 1655 est
1064 1599 1379 1652 monasterii
1409 1597 1692 1651 Beccensis
1715 1596 1766 1650 in
1793 1595 2139 1655 Normanrria.

556 1692 626 1743 ab
652 1690 809 1744 annis
839 1691 949 1744 fere
976 1689 1082 1743 700
1122 1700 1393 1743 exaratus.
1444 1688 1584 1742 Nihil
1621 1692 1671 1741 in
1705 1702 1770 1740 eo
1799 1689 2011 1756 penitus
2049 1686 2145 1741 de-

551 1784 822 1836 sideratur
876 1791 1069 1850 praeter
1138 1785 1363 1849 primatu
1425 1777 1665 1848 Gregorii
1727 1778 2142 1846 praefationem;

2236 587 2326 639 dio
2355 586 2497 639 ultro
2523 584 2918 648 obsecundans,
2970 582 3166 637 nullam
3214 580 3496 633 occasione
3522 597 3551 628 ιι
3599 588 3832 645 praeter-

2237 677 2397 732 mittit
2428 676 2647 743 nostris,
2682 687 3094 743 nostrorumque
3125 671 3315 725 studiis
3364 670 3640 739 suppetias
3690 669 3833 723 affe-

2239 767 2413 821 rendi.
2477 766 2733 820 Ultimum
2789 765 3019 834 deniqrre
3068 779 3132 817 cx
3189 760 3508 815 bibliotheca
3570 759 3830 812 Vaticana

2242 860 2480 914 Palatina
2501 859 2864 914 commodavit
2897 855 3290 911 illustrissimus
3316 853 3377 906 D.
3404 850 3725 906 Laurentius
3754 851 3830 905 de

2241 951 2538 1020 Zaccagnis
2580 950 2788 1020 primus
2823 950 3088 1003 Vaticana:
3127 946 3464 1002 bibliotheca:
3496 945 3780 1013 praefectus
3811 984 3829 1010 ,

2245 1042 2320 1097 ob
2347 1042 2488 1096 edita
2518 1056 2681 1111 opera
2712 1041 2844 1094 viris
2873 1039 3124 1094 omnibus
3153 1037 3403 1093 litteratis
3450 1047 3607 1090 notus
3626 1076 3641 1100 ,
3673 1038 3836 1091 nobis

2241 1147 2374 1188 vero
2399 1142 2656 1200 praeterea
2685 1131 2754 1186 ob
2783 1131 3060 1186 liberalem
3094 1130 3146 1184 in
3176 1128 3351 1182 studia
3376 1135 3558 1180 nostra
3585 1127 3830 1182 animum

2244 1222 2526 1291 plurimum
2569 1221 3045 1276 commendandus.
3099 1220 3156 1274 In
3209 1219 3311 1274 hoc
3360 1227 3537 1271 autern
3590 1219 3784 1272 codice
3815 1261 3831 1282 ,

2243 1312 2372 1365 olim
2402 1313 2712 1368 monasterii
2743 1314 2911 1367 sancti
2963 1310 3172 1365 Nazarii
3207 1308 3708 1371 Lauresharncusis,
3740 1310 3834 1378 qui

2249 1402 2315 1456 ab
2344 1405 2502 1457 annis
2530 1402 2746 1458 circiter
2776 1403 2883 1457 8110
2909 1404 3140 1472 scriptus
3166 1401 3377 1456 videtur
3396 1439 3411 1462 ,
3445 1402 3606 1452 multa
3639 1401 3839 1456 desunt

2247 1498 2447 1564 passim
2479 1497 2735 1567 capitula,
2769 1497 2819 1551 id
2850 1507 2929 1552 est
2958 1497 3268 1552 eaomnino
3295 1501 3503 1566 eadem,
3534 1517 3650 1569 quae
3670 1517 3837 1570 stupra

2249 1589 2300 1642 io
2325 1588 2585 1644 'I‘huaneo
2615 1604 2710 1644 seu
2739 1587 3049 1643 Colbertino
3075 1589 3371 1645 desiderari
3401 1594 3832 1649 observavimus.

2248 1682 2323 1736 Ibi
2355 1690 2411 1736 et
2440 1682 2575 1736 liber
2604 1695 2777 1736 nonus
2803 1697 2924 1735 cum
2958 1683 3171 1737 decimo
3201 1684 3567 1751 confunditur,
3616 1697 3668 1740 et
3703 1687 3838 1742 Fre-

2248 1770 2450 1840 degarii
2481 1770 2809 1824 Chronicum
2858 1771 2958 1824 sub
3007 1772 3159 1826 titulo
3192 1773 3309 1828 libri
3343 1775 3538 1830 decimi
3592 1777 3844 1832 Historias

562 1876 830 1942 scriptura
864 1873 1018 1941 plana
1047 1882 1132 1926 est
1173 1878 1228 1924 et
1261 1871 1481 1938 aequalis
1523 1878 1682 1933 atque
1717 1869 1935 1935 «ηιίιιιω
1977 1879 2137 1920 noue.
2175 1872 2217 1930 Β
2251 1862 2589 1931 Gregorium
2621 1871 3059 1928 represetltatur.
3111 1862 3250 1918 Nihil
3293 1879 3420 1920 vero
3449 1881 3510 1920 ea
3560 1867 3628 1921 de
3681 1882 3742 1922 re
3786 1870 3840 1921 in

551 1968 852 2037 Septimum
885 1967 1173 2019 habuimus
1205 1979 1269 2018 ex
1303 1967 1635 2028 monasterio
1665 1961 1814 2031 Regii
1855 1963 2051 2015 montis
2093 1963 2142 2014 in

551 2061 770 2116 dioecesi
805 2056 1172 2113 Bellovacensi
1203 2054 1424 2110 Ordinis
1457 2053 1865 2116 Cisterciensis,
1899 2053 1988 2119 qui
2018 2067 2137 2104 orn-

556 2167 654 2205 nes
699 2151 920 2203 orrnrino
961 2145 1206 2216 Gregorii
1250 2142 1498 2199 Historiae
1541 2144 1709 2198 lrhros
1745 2143 2144 2211 complectitur,

556 2250 751 2311 pra-ter
795 2239 1000 2308 aliquot
1049 2237 1223 2291 ultimi
1270 2235 1390 2290 libri
1436 2245 1683 2288 extrerrra
1732 2235 1944 2303 capita,
1987 2249 2104 2302 qua:
2131 2270 2145 2296 ,

557 2335 761 2389 avulsis
812 2332 1019 2398 aliquot
1072 2344 1104 2383 e
1157 2327 1346 2383 codice
1406 2326 1581 2393 foliis,
1637 2327 1851 2382 desunt.
1908 2325 2148 2380 Vidimus

559 2439 806 2481 octavum
856 2421 1098 2477 codicem
1131 2421 1181 2474 in
1213 2417 1538 2474 bibliotheca
1575 2416 1954 2472 Vindocinensi
1993 2416 2149 2470 char-

561 2531 803 2580 racerrm,
833 2524 886 2568 et
925 2513 1141 2568 caeteris
1167 2511 1568 2574 recentiorem,
1603 2518 1660 2564 ut
1707 2518 1830 2580 pote
1858 2509 1948 2580 qui
1979 2522 2150 2562 annos

559 2610 666 2665 200
722 2622 983 2679 srrperare
1038 2621 1144 2661 non
1205 2605 1463 2661 videtur:
1516 2606 1758 2660 continet
1809 2602 2152 2659 solummodo

561 2706 798 2772 quinque
838 2698 1048 2768 priores
1092 2696 1292 2762 libros,
1335 2696 1429 2752 sed
1475 2697 1699 2750 omnino
1747 2695 2018 2765 integros,
2059 2709 2149 2749 ex-

564 2804 719 2863 cepta
769 2793 1016 2862 Gregorii
1064 2791 1231 2859 prima
1278 2792 1612 2860 praefatione.
1657 2789 1817 2844 Libro
1860 2803 1891 2842 v
1932 2786 2154 2858 subjun-

563 2893 761 2952 guutur
787 2886 1017 2951 capitula
1049 2882 1167 2936 libri
1220 2896 1293 2934 vt.
1336 2881 1402 2935 At
1431 2881 1628 2935 librum
1660 2880 1832 2946 ipsum
1864 2893 1924 2933 se
1952 2879 2154 2934 habere

578 2988 684 3026 non
719 2973 956 3038 potuisse
989 2971 1338 3040 crnqueritur
1369 2971 1620 3038 scriptor,
1658 2979 1992 3039 testaturque
2026 2985 2155 3041 Opus

566 3079 687 3118 esse
715 3064 1106 3135 dignissimum,
1137 3080 1231 3134 pro
1261 3064 1527 3118 scribentis
1555 3063 1712 3118 simul
1742 3073 1787 3118 et
1819 3064 2044 3117 materiw
2069 3063 2153 3117 di—

567 3157 780 3228 gnilale.

2249 1966 2486 2020 prrorum
2530 1951 2786 2004 librorum
2834 1952 2976 2007 notis
3023 1955 3404 2025 rnargiualibus
3462 1957 3526 2010 ad
3589 1957 3838 2027 Gregorii

2250 2052 2451 2096 textum
2501 2043 2921 2111 observavimus,
2955 2045 3095 2113 quod
3152 2045 3315 2116 hujus
3346 2048 3544 2103 codicis
3596 2053 3840 2106 notitiam

2253 2137 2488 2189 nondum
2523 2147 2647 2190 tunc
2696 2136 2862 2189 Homa
2895 2152 3290 2206 acceperamus.
3328 2139 3533 2196 Similis
3566 2141 3689 2196 huic
3717 2158 3834 2198 csse

2254 2229 2469 2283 videtur
2499 2229 2668 2283 codex
2704 2230 3014 2284 monasterii
3045 2231 3213 2284 sancti
3245 2232 3514 2286 Trudonis
3547 2235 3598 2286 in
3636 2234 3807 2287 Ilasba

2253 2324 2359 2387 nia,
2395 2323 2448 2375 in
2481 2337 2607 2390 quo,
2638 2324 2710 2375 uti
2742 2321 2992 2375 observat
3021 2321 3344 2378 Godefridus
3376 2324 3750 2380 Ilcnscbenius
3778 2326 3836 2380 in

2255 2409 2545 2482 prmmissis
2571 2410 2637 2464 ad
2673 2411 2844 2465 Vitam
2876 2411 3045 2466 sancti
3083 2411 3357 2480 Sigiberti,
3392 2412 3552 2467 multa
3606 2416 3840 2483 capitula

2253 2506 2468 2560 desunt.
2501 2503 2769 2558 Ca'terttm
2833 2502 3008 2572 plures
3060 2505 3196 2558 alios
3244 2503 3454 2558 codices
3485 2505 3714 2558 vidimrrs
3737 2546 3755 2570 ,
3787 2515 3847 2558 et

2253 2595 2466 2666 quidem
2498 2595 2923 2664 antiquissimos,
2955 2594 3043 2662 qui
3107 2595 3358 2648 nonnulla
3391 2596 3632 2664 Gregorii
3666 2597 3846 2650 llisto-

2258 2687 2349 2740 rite
2381 2683 2677 2752 fragmenta
2707 2684 2806 2738 sub
2839 2681 3002 2737 variis
3039 2683 3202 2736 titulis
3243 2687 3679 2752 complectuntur
3708 2703 3720 2737 :
3745 2686 3846 2740 sed

2257 2792 2352 2831 eos
2380 2791 2478 2830 suo
2510 2776 2648 2839 loco,
2683 2777 2727 2830 si
2763 2775 2896 2829 forte
2917 2775 3117 2843 aliquid
3142 2774 3519 2830 observatione
3542 2777 3760 2846 dignum
3787 2795 3844 2830 ιιι

2257 2867 2335 2920 εἰς
2365 2865 2685 2930 occurrerit,
2716 2876 2807 2918 aut
2839 2868 2889 2921 in
2947 2867 3121 2920 indice
3156 2882 3285 2924 mss.
3329 2867 3575 2922 codicum
3623 2869 3850 2923 inferius

2261 2957 2480 3012 laudare
2510 2957 2757 3012 sufficiat.

2334 3048 2459 3103 I25.
2526 3047 2602 3102 Ea
2670 3064 2831 3118 porro
2902 3049 3195 3119 fragmenta
3261 3065 3381 3105 esse
3453 3055 3848 3107 contemnenda

2265 3157 2424 3196 nemo
2449 3141 2667 3207 dixerit,
2713 3156 2832 3194 curn
2880 3142 3185 3196 uoutrario
3241 3148 3463 3196 rurrtturrr
3515 3146 3727 3199 valeant
3778 3147 3850 3198 ad

643 3248 768 3304 124.
810 3247 917 3303 Nec
948 3247 1075 3302 satis
1124 3245 1229 3302 fuit
1256 3247 1564 3303 Gallicanos
1607 3246 1822 3303 codices
1864 3247 2150 3311 evolvere;
2181 3243 2226 3305 ο
2261 3234 2684 3290 confirmandum
2736 3249 3043 3303 germanum
3101 3233 3342 3304 Gregorii
3414 3248 3637 3294 tevtum.
3702 3236 3842 3292 Cum

570 3343 746 3394 visum
769 3349 854 3395 est
881 3341 1040 3393 ctiam
1069 3341 1354 3396 consulere
1389 3339 1620 3393 Italicos.
1648 3339 1763 3406 Qua
1795 3341 1845 3393 in
1879 3353 1936 3392 re
1962 3353 2156 3406 suppe¢

570 3434 676 3488 tias
706 3431 861 3486 nobis
891 3431 1071 3484 attulit
1114 3430 1180 3486 ll.
1215 3431 1274 3485 P.
1330 3431 1393 3486 ι).
1424 3430 1680 3485 Claudius
1727 3430 2106 3498 Stephanotins
2134 3465 2149 3490 ,

574 3524 1014 3594 Corrgrcgationis
1059 3535 1253 3578 nostra:
1303 3525 1356 3576 itr
1398 3526 1544 3578 curia
1581 3523 1816 3576 Romana
1848 3533 2158 3590 procurator

572 3617 861 3685 generalis,
897 3616 991 3684 qui
1039 3618 1208 3669 varias
1243 3616 1519 3677 lectiones,
1549 3614 1760 3680 aliaque
1805 3611 1873 3665 ad
1916 3627 2029 3667 rem
2064 3627 2157 3665 no-

571 3718 738 3762 stram
770 3707 1148 3773 conducentia,
1178 3722 1274 3775 pro
1302 3721 1402 3760 suo
1430 3722 1580 3761 more
1612 3705 1906 3759 liberaliter
1932 3721 1996 3758 ex
2030 3706 2159 3758 urbe

578 3801 751 3855 Itonia
781 3800 1102 3854 transmisit.
1138 3799 1345 3854 Primus
1372 3815 1438 3854 ex
1469 3799 1742 3854 codicibus
1775 3797 1987 3862 Italicis,
2008 3799 2160 3862 cujus

574 3895 818 3950 notitiam
851 3902 905 3948 ct
958 3893 1218 3947 lectiones
1249 3894 1423 3947 varias
1455 3893 1759 3961 accepimus
1784 3932 1799 3955 ,
1831 3891 1876 3944 is
1932 3890 2045 3958 ipse
2076 3903 2159 3943 est

573 3987 910 4051 Casinensis,
942 4001 1100 4055 quem
1135 3985 1187 4038 in
1219 3984 1384 4039 Sacro
1433 3983 1610 4037 Monte
1639 3998 1668 4036 a
1699 3998 1757 4036 se
1804 3991 1859 4034 ct
1887 3996 1984 4034 suo
2014 3982 2161 4034 sor-io

580 4078 843 4136 Micbar-Ie
872 4093 1002 4148 gern
1026 4093 1128 4131 ano
1180 4077 1349 4129 visum
1385 4075 1563 4129 laudat
1613 4085 1795 4129 noster
1826 4073 2164 4128 Mabillonius

577 4172 795 4227 Itineris
830 4169 995 4224 Ita'ici
1029 4184 1144 4239 pag.
1185 4168 1285 4221 I25
1311 4211 1324 4234 ,
1361 4165 1597 4238 Gregorii
1645 4166 1957 4221 Turonensis
1992 4166 2163 4219 llrstu-

577 4265 736 4327 rium,
767 4279 880 4332 qua:
910 4263 960 4313 in
994 4262 1254 4314 nonnullis
1282 4263 1344 4312 ab
1373 4260 1522 4313 editis
1551 4256 1741 4325 diﬂ'erl.
1775 4259 1878 4312 llas
1906 4258 2165 4322 differen-

581 4359 685 4410 tias
714 4370 836 4409 cum
885 4361 1114 4424 quatuor
1151 4353 1425 4422 capitibus
1447 4393 1461 4415 ,
1494 4366 1613 4420 qua:
1657 4363 1812 4405 antea
1861 4353 1977 4404 solo
2012 4352 2166 4405 titulo

577 4457 703 4500 nota
731 4453 907 4509 erant,
940 4446 1052 4498 suis
1082 4445 1213 4497 locis
1242 4445 1454 4497 darrrus.
1490 4443 1626 4496 IIuic
1669 4443 1898 4497 adderrdi
1942 4444 2048 4497 duo
2078 4461 2142 4498 co

578 4540 725 4593 dices
754 4551 820 4590 ex
855 4536 1027 4592 Gallia
1060 4538 1110 4588 in
1147 4535 1352 4588 ltaliarn
1386 4551 1414 4588 a
1437 4534 1711 4589 Ctuistina
1751 4535 1959 4590 Sueciae
1987 4551 2164 4603 regina

2262 3328 2408 3381 enim
2438 3336 2687 3394 excerpta
2719 3327 2823 3379 sint
2858 3336 2914 3379 nt
2952 3326 3007 3381 in
3037 3328 3225 3381 officiis
3261 3328 3484 3396 publicis
3512 3330 3844 3397 legerentur,

2263 3429 2339 3473 tot
2366 3429 2491 3472 srrnt
2522 3433 2696 3472 rerum
2727 3419 2966 3472 veritatis
2995 3435 3112 3487 qua:
3143 3419 3194 3472 in
3229 3421 3306 3473 eis
3337 3430 3622 3475 narrantur
3655 3431 3850 3487 testes,

2261 3519 2392 3577 qrrot
2424 3507 2638 3561 fuerrrnt
2669 3507 2923 3562 Ecclesia:
2977 3524 3094 3578 quae
3123 3523 3183 3562 ea
3235 3508 3285 3562 in
3319 3509 3634 3564 lectionibus
3681 3512 3855 3566 officii

2261 3599 2427 3655 divini
2458 3600 2804 3668 adoptarunt.
2841 3599 2973 3652 IIinc.
3004 3615 3125 3652 cum
3181 3615 3232 3653 tn
3264 3601 3534 3669 plerisque
3581 3599 3854 3671 ejusmodi

2263 3691 2574 3763 fragmentis
2596 3690 2778 3747 Sermo
2797 3691 2860 3745 de
2882 3693 3100 3745 transitu
3121 3694 3285 3744 sancti
3312 3691 3525 3746 Martini
3551 3697 3858 3747 inveniatur

2264 3787 2572 3857 inscriptus,
2607 3787 2657 3839 in
2708 3787 2880 3854 iisque
2935 3787 3185 3839 omnibus
3216 3795 3433 3841 sanctus
3463 3786 3706 3851 antistes,
3754 3788 3853 3840 At-

2263 3880 2363 3931 tico
2392 3887 2438 3931 et
2471 3877 2697 3931 Cwsario
2723 3875 3020 3930 consulibus
3046 3919 3061 3941 ,
3102 3878 3166 3930 ad
3217 3893 3439 3946 superos
3480 3878 3676 3932 abiisse
3724 3895 3860 3934 cou-

2263 3978 2470 4026 starrter
2517 3970 2742 4032 dicatur,
2799 3971 2940 4023 sicut
2987 3968 3187 4022 habent
3227 3983 3416 4021 Omnes
3469 3969 3690 4022 omnino
3742 3976 3857 4023 trrn

2265 4063 2434 4128 editi,
2466 4077 2626 4131 quam
2671 4061 2853 4127 scripti
2894 4060 3110 4116 codices
3163 4061 3413 4117 llis-toria:
3465 4060 3810 4131 Grcgoriana:
3843 4105 3857 4126 ,

2266 4154 2387 4222 quis
2418 4151 2743 4207 inficiabitur
2782 4153 2917 4206 hanc
2956 4166 3075 4205 esse
3103 4168 3284 4206 veram
3319 4163 3373 4207 et
3421 4151 3688 4210 sinceram
3717 4153 3856 4207 Grec

2268 4243 2406 4314 gorii
2437 4243 2722 4298 lectionem
2744 4284 2758 4309 ,
2790 4258 2948 4311 quam
2978 4245 3045 4296 ab
3072 4244 3228 4297 annis
3261 4245 3536 4312 plusquam
3567 4246 3672 4300 903
3695 4244 3864 4298 varia:

2269 4337 2520 4391 Ecclesia:
2549 4335 2952 4390 adhibuerunt?
2991 4335 3215 4390 Codices
3243 4338 3385 4390 enim
3418 4347 3612 4407 praeter
3630 4345 3868 4393 ea-teros

2273 4432 2504 4485 vidimus
2525 4431 2660 4485 duos
2681 4430 2797 4499 ejus
2818 4429 3173 4499 antiquitatis,
3201 4446 3230 4482 ιι
3258 4446 3360 4483 .urn
3393 4431 3600 4484 scilicet
3623 4447 3688 4485 ex
3719 4434 3865 4484 Cor-

2274 4523 2475 4578 heiensi
2491 4523 2832 4588 bibliotheca,
2850 4527 3076 4576 alterum
3103 4524 3154 4576 in
3176 4524 3656 4578 arclriviset~c'e~ian
3679 4528 3868 4578 cathe-

580 4632 968 4700 trausportati,
1026 4647 1250 4700 quorum
1303 4642 1486 4685 noster
1526 4629 1908 4699 Stephauotius
1955 4633 2152 4700 copiam

2270 4614 2435 4668 dralis
2466 4613 2889 4684 Andegavensis,
2917 4615 3319 4669 characteribus
3353 4615 3467 4670 fere
3491 4617 3868 4687 Merovingicis

583 4729 786 4783 habuit.
823 4729 975 4782 Prior
1003 4768 1019 4793 ,
1048 4729 1137 4798 qui
1187 4730 1388 4783 sarculo
1417 4728 1627 4781 decimo
1668 4729 1901 4796 scriptus
1948 4728 2042 4781 fuit
2070 4768 2084 4792 ,
2112 4736 2168 4780 et

580 4823 818 4891 Qttirlctlt,
851 4823 923 4874 rtti
956 4821 1188 4885 videtur,
1223 4821 1271 4873 in
1294 4820 1622 4873 monasterio
1647 4822 1814 4874 sancti
1843 4821 2164 4874 Launomari

586 4916 880 4981 Illesens's,
918 4913 1076 4968 hodie
1122 4922 1368 4967 servatur
1398 4913 1450 4966 in
1498 4911 1750 4966 Vaticana
1799 4911 2167 4974 bibliotheca,

582 5023 647 5061 ex
688 5008 829 5061 dono
859 5004 1150 5061 Alexandri
1199 5005 1337 5070 VIII,
1383 5015 1655 5072 totamque
1706 5002 1988 5058 Historiam
2024 5019 2166 5056 corrr-

587 5101 862 5168 plvctitur,
889 5100 1128 5168 exceptis
1161 5096 1472 5167 praefatione
1503 5108 1552 5151 r-t
1586 5099 1773 5151 ttltirno
1805 5099 1924 5151 libri
1961 5115 1989 5151 χ
2020 5100 2166 5166 capi-

583 5203 660 5243 te.
698 5193 898 5245 Desunt
927 5193 1086 5245 etiam
1113 5191 1358 5260 quasdam
1399 5191 1452 5244 in
1484 5201 1678 5260 quarto
1713 5191 1869 5255 libro,
1915 5207 1979 5244 es
2013 5206 2166 5244 aura-

587 5285 806 5338 nuensis
836 5284 1112 5338 oscitantia
1141 5324 1156 5348 ,
1188 5285 1276 5354 qui
1307 5285 1508 5352 aliquot
1554 5281 1769 5352 paginas
1799 5298 1993 5337 vacuas
2041 5285 2166 5336 reli-

585 5366 743 5435 quit;
766 5373 821 5419 et
845 5364 950 5416 alia
981 5377 1175 5433 pauca,
1204 5377 1326 5432 quae
1348 5363 1540 5416 avulso
1568 5377 1676 5416 uno
1709 5370 1802 5415 aut
1838 5363 2009 5416 altero
2034 5362 2166 5416 folio

585 5457 992 5512 desiderantur.
1015 5455 1167 5509 Alter
1193 5455 1386 5517 codex,
1406 5455 1497 5524 qui
1523 5453 1652 5506 olim
1682 5453 1747 5506 ad
1772 5452 2162 5507 monasterium

586 5550 944 5603 Floriacense
977 5545 1261 5616 pertintrit,
1301 5546 1534 5600 habetur
1566 5545 1619 5597 in
1669 5542 1992 5597 bibliotheca
2028 5545 2164 5598 emi-

588 5645 898 5700 peritissimi
918 5643 1214 5698 cardinalis
1230 5641 1489 5696 Ottoboni
1514 5658 1527 5706 ;
1557 5639 1714 5706 cujus
1734 5637 1996 5692 beneflcio
2019 5638 2164 5692 hunc

588 5740 828 5793 codicem
859 5747 911 5793 et
940 5739 1066 5800 alia,
1109 5750 1451 5806 qttmcuttqttc
1497 5732 1656 5786 nobis
1691 5733 1998 5784 necessaria
2046 5731 2161 5785 fuc-

591 5839 740 5896 I'unt,
775 5830 1146 5900 suppeditavit
1197 5827 1258 5881 γ.
1305 5827 1386 5880 CI.
1446 5823 1774 5877 Frartr-iscns
1813 5822 2158 5890 Blancbinus,

2273 4705 2470 4759 surculo
2497 4715 2686 4759 octavo
2706 4704 2916 4759 labente
2944 4713 3208 4759 exaratos.
3238 4705 3388 4760 Unde
3411 4705 3533 4759 licet
3557 4708 3608 4760 in
3640 4708 3781 4760 uotis
3795 4714 3867 4762 ait

2273 4799 2433 4852 istum
2459 4795 2702 4866 Gregorii
2731 4796 2903 4850 locum
2928 4796 3058 4850 satis
3085 4796 3237 4850 nobis
3266 4797 3436 4850 visum
3463 4797 3622 4852 fuerit
3654 4810 3862 4853 textum

2272 4899 2457 4942 auctor
2480 4896 2588 4942 tate
2618 4904 2750 4942 rrrss.
2779 4887 3016 4940 omnium
3047 4890 3384 4953 continuare,
3416 4903 3636 4958 remque
3665 4890 3734 4944 de
3762 4908 3874 4942 (δη--

2277 4990 2394 5033 tero
2421 4980 2563 5032 circa
2606 4990 2908 5033 extremum
2955 4979 3126 5032 sancti
3174 4979 3384 5032 Martini
3433 4996 3630 5033 annum
3656 5023 3670 5043 ,
3703 4997 3870 5049 quem

2278 5070 2367 5123 alii
2397 5068 2518 5123 aliis
2547 5069 2702 5122 armis
2730 5070 3038 5138 assignant,
3073 5071 3122 5123 in
3178 5071 3355 5124 u-edio
3402 5071 3474 5124 rel
3500 5087 3604 5140 nqu
3643 5087 3742 5136 re;
3773 5088 3872 5124 ex-

2279 5161 2458 5230 pensis
2489 5169 2666 5216 tamen
2701 5171 2886 5230 postea
2933 5161 3240 5230 diligentius
3273 5161 3514 5229 Grchrii
3569 5160 3722 5223 locis,
3760 5160 3869 5214 hoc

2293 5265 2498 5312 certum
2525 5272 2648 5311 esse
2677 5257 3136 5320 existimavimus,
3159 5254 3449 5309 Martinum
3481 5254 3637 5324 juxta
3663 5254 3879 5323 Grego-

2289 5348 2356 5401 rii
2384 5358 2643 5408 mentem,
2669 5348 2842 5399 Attico
2868 5356 2917 5400 et
2947 5345 3184 5401 Crvsrrrio
3209 5347 3536 5407 consulibus,
3564 5347 3881 5400 excessisse

2287 5453 2318 5493 e
2337 5438 2470 5499 vita,
2501 5437 2842 5507 proindequc
2867 5453 3012 5491 anno
3035 5439 3278 5508 vulgaris
3307 5454 3427 5491 tera:
3448 5437 3573 5501 397,
3604 5451 3713 5505 quo
3745 5451 3882 5490 con-

2290 5537 2398 5583 stat
2420 5529 2670 5582 Atticum
2687 5540 2740 5582 et
2755 5530 3056 5584 Caesarium
3077 5532 3336 5585 consules
3382 5529 3570 5583 frrisse.
3595 5529 3648 5582 Id
3671 5528 3882 5598 quippe

2295 5620 2488 5688 repetit
2521 5618 2815 5690 Gregorius
2850 5621 2900 5674 in
2935 5619 3076 5675 libro
3102 5623 3170 5676 de
3210 5621 3485 5675 Miraculis
3518 5621 3692 5674 sancti
3724 5619 3880 5672 Mar-

2293 5709 2415 5774 tini,
2457 5711 2708 5780 hancque
2730 5713 2992 5781 epocham
3031 5713 3156 5767 aliis
3185 5711 3596 5768 characteribus
3631 5711 3880 5764 chrono-

2296 5801 2490 5870 logicis
2525 5802 2837 5871 confirmat,
2877 5820 3001 5860 cunt
3035 5813 3286 5860 sanctum
3338 5803 3632 5858 Martinum
3670 5803 3882 5858 obiisse
