3994 6332
225 321 331 404 tor

1703 310 2088 368 PIUEFATIO.

3418 310 3520 371 103

232 434 411 493 scribit
443 433 668 487 secundo
702 431 923 485 Honorii
953 431 1278 499 imperatoris
1322 447 1458 484 anno
1483 475 1496 493 ,
1531 429 1620 498 qui
1667 430 1826 482 etiam
1856 427 1902 483 A
1935 435 2100 494 petua?
2125 428 2493 481 miiltdirt'onis
2517 430 2839 484 anathemate
2859 441 3130 486 aumnafus
3168 433 3374 491 existat.
3408 435 3517 490 Vo-

232 545 375 584 anuo
406 525 512 580 397
544 525 867 593 respondet;
901 535 1100 578 etcum
1145 525 1462 592 l’erpetnum
1485 524 1823 590 sexagesimo

230 627 426 688 quarto
460 627 582 687 post
617 617 826 672 Martini
857 618 1066 672 obitum
1115 633 1258 672 anno
1290 619 1340 672 in
1375 618 1624 673 thronum
1655 619 1824 670 'l‘uro-

230 725 453 764 nensem
500 710 739 764 subiLsse
779 719 1172 764 commemorat
1213 726 1227 767 :
1264 711 1404 780 quod
1464 726 1595 765 sane
1637 726 1821 764 verum

232 819 337 856 non
399 809 588 866 esset,
662 805 706 855 si
762 802 902 856 ultra
983 816 1181 856 annum
1237 802 1554 871 pra-dictum
1612 801 1821 856 Martini

230 896 406 948 exitus
456 895 806 961 dilferretnr,
848 895 1116 965 siquidem
1187 895 1483 962 Perpetuus
1527 910 1670 950 anno
1719 895 1816 948 461

231 985 536 1040 Toroncnsi
587 988 815 1042 concilio
845 987 1078 1053 praefuit.
1103 986 1310 1041 Gtctera
1344 996 1653 1055 argumenta
1689 1003 1825 1055 prte-

233 1078 496 1144 tertuitto,
525 1095 643 1142 quae
673 1080 810 1143 apud
853 1090 1105 1135 auctores
1132 1083 1374 1144 vulgatos
1415 1078 1700 1133 habentur.
1735 1082 1822 1142 At,

234 1169 473 1239 inquies,
507 1169 800 1239 Gregorius
855 1172 904 1223 in
953 1171 1330 1226 Miraculorum
1363 1170 1515 1224 libris
1561 1186 1728 1223 annos
1761 1172 1826 1221 ab

233 1261 378 1316 exitu
422 1263 592 1315 sancti
650 1262 858 1314 Martini
891 1262 956 1314 ad
997 1276 1151 1315 suum
1186 1277 1352 1330 usque
1384 1269 1616 1329 tempus,
1663 1261 1711 1314 id
1746 1271 1826 1314 est

237 1353 302 1406 ad
335 1368 538 1405 annum
567 1350 899 1406 Gbildcberti
940 1352 1080 1418 regis
1123 1359 1452 1416 currentem,
1482 1365 1588 1420 quo
1612 1349 1828 1405 seribe-

236 1441 327 1500 bat
376 1444 544 1499 semel
593 1453 646 1497 et
695 1444 886 1497 iterum
918 1456 1271 1510 computans,
1305 1443 1588 1496 ntauiieste
1630 1442 1829 1495 indicat

234 1533 518 1588 Martinqu
562 1549 703 1588 anno
756 1534 859 1589 £00
908 1535 972 1587 ad
1019 1534 1186 1588 cmlos
1261 1535 1594 1588 convolasse.
1640 1532 1829 1586 Fateor

237 1623 377 1678 hanc
423 1623 589 1678 fuisse
637 1624 878 1692 Gregorii
930 1637 1162 1678 mentem
1194 1624 1238 1680 si
1286 1624 1406 1679 huic
1435 1628 1549 1692 ejus
1578 1638 1829 1693 computo

233 1723 464 1778 stemus,
515 1714 656 1781 quod
686 1713 852 1769 secuti
887 1724 1010 1768 sunt
1047 1730 1151 1768 non
1201 1716 1349 1782 pauci
1404 1716 1714 1783 sequiorum
1767 1731 1830 1768 ac

1931 533 2021 570 ces
2051 534 2170 584 quae
2220 518 2430 572 deuiue
2476 531 2600 573 sunt
2653 523 2970 574 lternen~em
3019 522 3405 589 designabant.
3439 527 3516 582 uti

1928 608 2194 677 suspicor,
2227 611 2534 674 ecclesiam,
2561 612 2645 666 cui
2701 614 2895 666 multos
2942 615 3078 668 alios
3109 617 3323 671 codices
3353 619 3515 671 Udat.

1930 699 2071 750 ricus
2101 701 2345 763 contulit,
2383 711 2437 755 ut
2483 720 2546 756 ex
2577 705 2846 759 similibus
2878 709 3122 760 codicum
3159 690 3516 777 inscriptioni-

1931 790 2027 842 bus
2060 800 2222 859 patet,
2254 796 2342 862 qui
2375 795 2536 848 etiam
2571 812 2712 851 nunc
2743 797 2796 851 iu
2848 799 3166 853 bibliotheca
3203 808 3511 872 metropoli-

1931 887 2069 932 [ante
2104 884 2388 936 lielltot'ttltt
2420 886 2664 939 ecclesia:
2713 901 3060 943 asservantur
3087 909 3100 945 :
3133 892 3228 945 sed
3261 902 3316 946 et
3343 896 3514 949 ecclo-

1930 973 2005 1024 sia
2040 977 2208 1026 sancti
2237 975 2512 1030 Michaelis
2554 977 2626 1032 ibi
2654 979 2815 1032 etiam
2866 996 3006 1034 nume
3052 983 3104 1036 in
3134 982 3513 1039 canonicorum

1930 1062 2168 1118 claustro
2197 1065 2459 1118 subsisdt.

2008 1154 2125 1208 127.
2171 1155 2367 1212 Praeter
2398 1159 2768 1214 Golbcrzinum
2819 1162 3058 1216 codicem
3096 1180 3253 1232 supra
3306 1182 3487 1220 mento

1933 1257 2128 1308 ratum,
2166 1257 2272 1301 tres
2323 1249 2458 1303 alios
2502 1267 2566 1304 ex
2613 1253 2802 1307 eadem
2839 1255 3162 1310 bb'iot‘icca
3214 1260 3518 1325 habuimus,

1933 1339 2022 1405 qui
2066 1340 2269 1400 aliquot
2320 1340 2693 1399 Miraculorum
2745 1347 2909 1402 libros
2951 1367 2978 1400 a
3025 1348 3286 1421 Gregorio
3335 1362 3520 1406 trostro

1932 1431 2103 1484 editos
2130 1434 2601 1502 complectuntur;
2653 1453 2719 1493 ex
2768 1441 2958 1508 quibus
2999 1459 3134 1496 unus
3164 1459 3194 1498 e
3244 1445 3519 1501 Tuteleusi

1934 1527 2161 1581 ecclesia
2193 1536 2452 1586 advertas
2477 1549 2664 1588 omnes
2695 1535 2850 1591 habet
2881 1548 3076 1604 praeter
3101 1539 3249 1594 Vitas
3280 1542 3518 1597 Patrum.

1936 1617 2206 1682 Totidem,
2241 1637 2348 1674 uno
2380 1623 2445 1677 de
2476 1623 2890 1681 Conl‘essoribus
2921 1641 3166 1698 excepto,
3203 1633 3369 1687 lLbros
3394 1650 3519 1688 con-

1934 1711 2066 1765 tinet
2095 1722 2338 1768 vetusms
2367 1718 2534 1770 codex
2588 1719 2758 1772 structi
2801 1719 3009 1775 Martini
3061 1725 3196 1789 apud
3250 1725 3518 1790 Turonos,

233 1807 594 1859 recentiorum
640 1818 938 1875 temporum
992 1815 1258 1861 auctores.
1292 1805 1365 1859 Ex
1415 1806 1498 1859 bis
1545 1806 1823 1859 Albericus
1855 1815 1902 1878 Β
1936 1804 2090 1872 cujus
2109 1815 2162 1858 et
2193 1805 2438 1872 alterius,
2469 1824 2500 1861 e
2530 1811 2854 1863 cathedralis
2903 1815 3072 1866 sancti
3103 1815 3312 1869 Gatiani
3342 1819 3519 1872 eccleh

233 1896 420 1950 Trium
497 1896 744 1951 Fontium
811 1898 863 1950 in
934 1897 1220 1966 Campania
1272 1896 1567 1952 monachus
1634 1896 1826 1966 quovis

233 1989 477 2056 periculo
519 1988 568 2040 id
600 2004 660 2042 se
687 1990 1029 2056 probaturum
1082 1988 1292 2056 recipit,
1332 1987 1657 2054 adhibetque
1689 1987 1828 2042 inter

235 2079 340 2131 alia
384 2079 494 2132 duo
542 2079 630 2132 il'a
672 2078 913 2146 Gregorii
979 2089 1291 2148 argumenta
1323 2077 1494 2143 ,‘tum
1543 2080 1610 2132 ab
1665 2079 1825 2134 Attici

238 2181 294 2224 et
323 2170 544 2224 Cesarii
596 2170 900 2238 consulatu,
933 2179 1042 2226 tum
1090 2187 1117 2224 a
1151 2173 1390 2225 secundo
1435 2187 1577 2226 anno
1609 2172 1827 2226 Honorii

234 2263 611 2329 imperatoris,
663 2265 803 2332 quod
857 2274 1140 2331 utrumque
1188 2265 1254 2317 ad
1306 2279 1502 2318 annum
1553 2265 1658 2318 400
1705 2281 1828 2320 tera:

232 2355 558 2408 Christianae
593 2367 828 2410 revocat.
871 2355 934 2409 At
978 2366 1186 2410 certum
1230 2365 1314 2409 est
1346 2364 1629 2423 utrumque
1685 2371 1828 2408 anno

232 2450 340 2503 5‘17
371 2449 686 2506 convenire.
719 2449 1078 2516 standumque
1126 2449 1302 2514 [otius
1347 2457 1485 2501 uota:
1533 2446 1829 2500 chronolo-

232 2541 367 2608 gicat
400 2555 426 2588 a
465 2538 720 2607 pra-dicto
749 2540 1031 2592 consulatu
1063 2548 1113 2592 et
1147 2537 1386 2592 secundo
1419 2537 1638 2591 llonorii
1689 2552 1829 2590 anno

234 2631 453 2698 petitze,
488 2645 648 2700 quam
680 2632 832 2686 alteri
864 2647 893 2685 a
927 2629 1186 2700 Gregorio
1219 2631 1438 2698 prolatae
1461 2628 1529 2682 ab
1560 2629 1715 2682 anuis
1746 2645 1831 2684 re-

233 2726 323 2794 gni
358 2724 714 2778 Ghildeberti.
767 2726 945 2793 Longe
994 2726 1136 2777 enim
1185 2723 1386 2777 certior
1420 2731 1474 2775 et
1503 2721 1832 2790 exploratior

234 2828 322 2870 est
358 2817 507 2886 prior
541 2815 628 2869 illa
661 2813 1004 2884 computandi
1053 2815 1188 2869 ratio
1217 2829 1245 2868 a
1285 2813 1584 2877 cenaulatu,
1615 2828 1772 2880 qtiam
1801 2826 1831 2865 a

235 2907 509 2977 Gri-goria
539 2907 879 2961 adiuventam
904 2921 1025 2961 esse
1049 2920 1383 2975 nequaquam
1416 2905 1704 2974 verisimile
1726 2915 1829 2969 est,

236 3001 330 3054 sed
365 3001 544 3068 potius
574 3015 641 3053 ex
679 2999 907 3068 antiquis
940 2998 1192 3053 Ecclesia:
1222 3015 1334 3052 sua:
1379 2999 1565 3051 aliisve
1609 2993 1834 3064 ltﬂllllCiS

237 3095 611 3148 monumentis
642 3094 710 3147 ab
750 3108 815 3148 eo
848 3094 1201 3162 de~umptaut.
1241 3094 1386 3147 llanc
1418 3107 1545 3146 vero
1587 3091 1833 3145 consula-

1933 1895 2026 1946 sia:
2063 1896 2405 1962 bibliotheca,
2440 1901 2613 1954 varias
2659 1902 2914 1958 lectiones
2943 1921 2971 1956 a
3025 1917 3206 1960 nostro
3239 1908 3519 1962 Edmundo

1935 1986 2205 2042 Martcnue
2226 1991 2550 2058 accepimus.
2587 1994 2727 2047 Duos
2751 2011 2782 2049 e
2809 1998 3265 2054 Glarotuontensis
3295 2002 3513 2074 collegii

1935 2075 2250 2131 l‘arisieusis
2279 2079 2530 2135 Ludovici
2565 2082 2734 2152 Magni
2767 2085 3084 2144 bibliotheca
3121 2091 3399 2146 uobiscum
3426 2111 3517 2148 so-

1915 2166 1946 2231 _l
1976 2175 2022 2218 ta
2068 2182 2163 2220 sua
2206 2171 2536 2226 humanitate
2592 2179 3008 2232 communicavit
3067 2180 3130 2233 ll.
3183 2182 3242 2237 P.
3283 2184 3520 2241 Joannes

1937 2258 2260 2315 llarduiuus.
2313 2262 2536 2317 Unicum
2567 2267 2825 2320 ecelebri
2873 2270 3043 2322 sancti
3090 2271 3319 2329 Victoris
3370 2276 3519 2330 l’art-

1941 2351 2137 2406 siensis
2167 2353 2513 2424 bibliotheca,
2547 2361 2701 2412 nobis
2748 2363 3110 2430 suppeditavit
3140 2365 3202 2419 V.
3237 2366 3318 2421 Gl.
3355 2368 3524 2424 llero-

1938 2441 2139 2496 vallius
2164 2444 2404 2512 ejusdem
2439 2447 2538 2502 loci
2571 2449 2860 2505 canonicus
2893 2455 3174 2523 regularis,
3213 2475 3315 2510 non
3348 2460 3523 2516 minus

1937 2534 2142 2598 paterni
2171 2536 2222 2589 in
2253 2534 2460 2592 litteras
2483 2543 2683 2594 amoris
2707 2558 2865 2611 quam
2896 2546 3128 2600 tnnuiuis
3157 2547 3350 2604 hares.
3390 2550 3523 2606 Uni-

1935 2639 2057 2678 cum
2091 2625 2216 2680 item
2245 2630 2552 2695 accepimus
2595 2647 2659 2686 ex
2698 2633 3020 2691 bibliotheca
3068 2639 3524 2708 Gemmeticensi,

1935 2714 2160 2769 alterum
2184 2733 2246 2770 ex
2281 2717 2629 2788 Floriaci-nsi,
2655 2732 2864 2778 tertium
2884 2742 2948 2780 ex
2977 2727 3251 2797 Beceeusi,
3274 2746 3522 2800 quartum

1935 2818 1998 2858 ex
2030 2817 2215 2860 sancto
2251 2807 2528 2866 Vincentio
2565 2815 2960 2872 Cenomaneusi
2986 2860 3000 2884 ,
3032 2831 3258 2889 quatuor
3291 2839 3420 2878 vero
3448 2841 3514 2879 ex

1937 2908 2117 2952 nostra
2142 2903 2312 2956 sancti
2343 2903 2596 2960 Germani
2628 2908 2946 2965 bibliotheca
2973 2911 3276 2969 habuimus.
3305 2916 3519 2972 Nullum

1936 2987 2197 3060 integrum
2249 3007 2279 3046 e
2329 2993 2491 3065 Regia
2543 2996 2862 3055 bibliotheca
2900 3003 3152 3069 vidimus,
3207 3008 3301 3061 sed
3350 3010 3518 3064 multa

1938 3080 2207 3136 variorum
2241 3084 2495 3141 librorum
2549 3089 2842 3160 fragmenta
2871 3135 2886 3160 ,
2918 3112 3038 3148 cum
3075 3114 3180 3149 lllNI
3228 3104 3522 3169 exeinp:ari

238 3201 326 3241 ms
358 3199 539 3240 num"
581 3187 668 3241 ubi
715 3203 833 3242 cum
867 3187 1023 3240 anuis
1070 3201 1252 3255 regum
1284 3184 1448 3238 νοιηίι
1474 3200 1789 3253 comparare
1813 3223 1829 3249 ,
1859 3182 1906 3246 ρ
1935 3176 2173 3226 ernnium
2200 3176 2214 3228 Ι
2243 3178 2459 3230 brorum
2493 3180 2560 3233 de
2594 3182 2882 3244 Miraculis,
2908 3186 3050 3239 edito
3071 3189 3310 3257 quidem,
3342 3192 3438 3245 sed
3464 3195 3516 3246 in

239 3279 405 3334 facile
435 3295 620 3333 errare
652 3278 823 3347 potuit
875 3279 926 3333 in
977 3279 1066 3334 illa
1117 3286 1418 3348 temporqu
1457 3277 1828 3331 obscuritate:

239 3388 366 3429 cum
396 3372 561 3427 hodie
590 3388 799 3440 quoque
840 3371 892 3425 in
923 3371 1024 3426 hac
1051 3370 1382 3424 eruditorum
1415 3369 1530 3423 lucc
1559 3368 1673 3422 lucc
1700 3383 1831 3422 eon-

240 3467 428 3521 cordia
480 3481 587 3519 non
634 3464 750 3518 sine
779 3465 990 3534 negotio
1019 3463 1138 3518 iniri
1172 3466 1360 3533 possit.
1387 3461 1519 3516 Cum
1554 3463 1734 3530 itaque
1779 3461 1830 3515 in

218 3540 511 3611 alterutro
561 3557 889 3611 aberraverit
938 3555 1271 3625 Gregorius,
1318 3554 1721 3624 haudquaquam
1784 3552 1834 3606 in

240 3650 574 3719 assignando
598 3651 877 3704 consulatu
901 3650 1181 3704 aberrasse
1200 3651 1499 3703 censendus
1521 3657 1602 3701 est
1627 3664 1640 3701 :
1665 3647 1834 3700 adeo-

217 3733 351 3813 que
382 3743 608 3798 credere
636 3757 739 3796 non
764 3743 1026 3806 dubitem,
1057 3741 1224 3795 sancti
1260 3738 1469 3793 Martini
1502 3739 1704 3794 obitum
1731 3750 1837 3792 sta-

244 3835 510 3889 tuendum
551 3848 671 3888 esse
719 3848 862 3887 anno
898 3831 1024 3897 597,
1067 3831 1150 3887 cui
1196 3834 1529 3887 consulatum
1583 3832 1740 3886 Attici
1784 3839 1841 3886 et

243 3925 471 3981 Caesuii
505 3925 795 3981 convenire
826 3937 1039 3991 recepta
1070 3925 1334 3979 sententia
1361 3935 1441 3978 est
1491 3926 1631 3980 inter
1659 3925 1842 3980 crudi--

246 4031 355 4073 tos.
385 4018 491 4073 Sed
518 4019 628 4088 jam
661 4019 1024 4087 praelationem
1057 4033 1460 4088 prosequamur.

323 4111 450 4164 liti.
499 4110 646 4165 llaud
675 4111 866 4164 minori
895 4111 1140 4164 codicum
1173 4126 1396 4164 numero
1436 4112 1516 4165 usi
1562 4108 1756 4162 l‘uintus
1786 4111 1837 4163 in

249 4205 581 4260 adornaudis
614 4205 859 4274 Gregorii
907 4202 1060 4257 libris
1087 4204 1153 4256 de
1203 4203 1466 4256 Miraculis
1512 4211 1840 4267 sanaturum,

227 4284 317 4352 rex
345 4299 543 4367 quibus
573 4305 701 4359 tres,
731 4304 785 4351 et
814 4295 1030 4364 quidem
1062 4296 1128 4350 ab
1158 4297 1312 4349 annis
1338 4298 1552 4351 circiter
1579 4297 1682 4348 800
1704 4297 1836 4349 scri-

233 4374 331 4461 pti
358 4432 377 4458 ,
407 4406 596 4444 omnes
621 4394 838 4444 ornniuo
871 4390 1040 4443 libros
1072 4389 1273 4443 habent
1298 4389 1499 4458 optima
1530 4405 1815 4448 mauuem

252 4495 423 4537 ratos.
463 4483 722 4544 Primum,
755 4496 876 4543 eum
909 4480 1032 4533 aliis
1073 4495 1231 4548 supra
1261 4491 1313 4534 et
1363 4480 1496 4534 inl‘ra
1530 4481 1842 4558 ntetnoratis

1935 3266 2089 3332 cujus
2141 3271 2382 3337 margine
2433 3275 2594 3327 varia:
2648 3277 2906 3332 lectiones
2957 3295 3117 3334 manu
3172 3282 3231 3336 V.
3263 3284 3344 3338 Gl.
3380 3285 3525 3342 Petri

1945 3356 2138 3413 Pithmi
2174 3359 2462 3432 descripta:
2495 3365 2691 3434 passim
2722 3382 3028 3425 occurrunt.
3063 3372 3325 3429 l‘razterea
3350 3377 3524 3433 varias

1936 3450 2194 3508 lectiones
2227 3455 2508 3511 habuimus
2533 3498 2548 3524 ,
2583 3474 2717 3529 quas
2758 3478 2789 3514 e
2835 3462 3044 3518 duobus
3074 3465 3352 3524 codicibus
3391 3485 3522 3525 mss.

1938 3544 2156 3614 collegit
2206 3547 2288 3599 vir
2319 3548 2540 3603 illustris
2591 3553 2865 3607 memoriae
2895 3554 3126 3611 Jacohus
3175 3558 3479 3618 Sanbovius
3507 3606 3524 3630 ,

1947 3640 2227 3707 presbyter
2248 3649 2302 3694 et
2332 3639 2521 3695 doctor
2564 3643 2886 3700 Sorbouicus
2917 3688 2932 3711 ,
2965 3652 3047 3702 vel
3074 3665 3171 3703 suo
3199 3652 3414 3708 uimine
3439 3671 3527 3710 εθ-

1942 3727 2129 3782 lubris.
2173 3730 2324 3785 Alias
2357 3731 2615 3788 lectiones
2642 3749 2705 3788 ex
2737 3737 2922 3792 codice
2955 3738 3200 3795 Romano
3243 3746 3527 3801 Christum:

1943 3820 2138 3888 reginae
2190 3822 2398 3877 Sueciae
2442 3823 2704 3880 debemus
2753 3826 3104 3898 Stephanotio
3154 3846 3380 3901 nostro,
3434 3839 3528 3907 qui

1945 3911 2115 3966 codex
2147 3928 2337 3968 onmes
2380 3915 2550 3970 ferme
2578 3918 2950 3976 Miraculorum
2983 3925 3147 3979 libros
3173 3931 3529 3997 comprehcn-

1943 4007 2039 4059 dit.
2075 4007 2208 4063 Huic
2235 4008 2536 4079 jungeudos
2580 4015 2749 4068 codex
2789 4016 3080 4075 Vaticanus
3116 4037 3149 4077 e
3182 4023 3416 4078 Palatina
3450 4029 3528 4080 hi~

1948 4102 2214 4158 blimheca
2265 4121 2527 4160 annorum
2570 4113 2714 4175 still,
2755 4113 2846 4180 qui
2897 4116 3023 4168 olim
3077 4116 3175 4170 fuit
3219 4134 3374 4172 mooa
3412 4123 3529 4174 terii

1949 4193 2368 4264 Weingartcnsis
2418 4199 2468 4249 in
2516 4199 2709 4250 Suavia
2737 4240 2750 4264 ,
2807 4204 2858 4254 in
2887 4217 2993 4270 quo
3044 4204 3267 4258 trahetur
3301 4207 3434 4261 liber
3462 4208 3530 4260 de

1951 4287 2137 4343 Gloria
2168 4289 2561 4347 conlessorum.
2592 4291 2829 4349 Caeteros
2861 4311 2957 4364 pro
2994 4309 3256 4365 apportun
3282 4308 3391 4353 tate
3419 4301 3530 4354 suis

1951 4383 2081 4436 locis
2113 4382 2468 4448 laudabimus,
2501 4385 2636 4438 sicut
2667 4395 2721 4440 et
2769 4402 2863 4441 eos
2903 4388 2996 4443 oui
3037 4391 3118 4443 vel
3170 4391 3306 4445 vitas
3335 4391 3530 4462 aliquot

1950 4476 2246 4547 singulares
2293 4476 2636 4532 solummodo
2662 4478 2960 4548 continent,
2997 4490 3089 4536 aut
3116 4493 3262 4538 certe
3289 4490 3532 4554 quaedam

254 4591 284 4628 ε
314 4574 642 4628 bibliotheca
673 4571 1004 4639 Colbemna,
1037 4572 1192 4626 nobis
1219 4574 1633 4628 communicavit
1669 4573 1728 4626 γ,
1773 4555 1836 4626 C,
1876 4555 1923 4612 Ι)
1952 4567 2240 4635 singularia
2272 4572 2468 4638 capita.
2499 4569 2580 4624 Ad
2609 4585 2742 4640 quos
2787 4587 2916 4626 vero
2945 4574 3158 4627 codices
3187 4574 3380 4644 singuli
3411 4578 3531 4629 lihri

259 4667 569 4735 Stephanus
620 4667 905 4728 Baluzius;
941 4666 1235 4721 secundum
1268 4682 1334 4720 ex
1373 4665 1692 4721 bibliotheca
1738 4682 1845 4720 ma-

254 4759 394 4828 joris
423 4757 666 4810 eet-lesize
717 4757 1131 4820 Bellovacensis,
1185 4763 1517 4812 assent'ente
1548 4757 1844 4812 venerahii

257 4854 532 4918 Capitula,
565 4851 717 4906 nobis
748 4850 1108 4920 suppeditavit
1144 4850 1203 4902 1).
1238 4853 1303 4904 de
1347 4850 1554 4918 Neuilly
1602 4850 1841 4917 ejusdem

261 4948 509 5002 ecclesiae
539 4946 848 5000 canonicos.
883 4944 1121 4998 Tertium
1150 4943 1377 5013 denique
1405 4958 1473 4998 ex
1505 4941 1842 4999 Laudunensi

261 5037 516 5102 ecclesia,
546 5046 736 5105 agente
782 5035 1180 5103 sapientissimo
1209 5036 1326 5089 viro
1373 5035 1437 5089 ι).
1483 5035 1667 5098 Leleu,
1715 5050 1847 5090 con-

261 5127 728 5196 sentientibusque
749 5127 960 5182 caeteris
991 5125 1388 5182 venerabilibus
1431 5126 1702 5180 canonicis
1730 5142 1847 5178 mu-

262 5236 353 5274 tuo
383 5219 711 5288 accepimus,
743 5219 808 5273 ad
851 5220 1002 5286 cujus
1031 5221 1229 5272 calcem
1276 5217 1387 5270 lucc
1419 5218 1714 5271 hahentur:
1743 5216 1845 5270 Ea:-

260 5309 413 5374 plirit
450 5306 584 5360 liber
629 5315 844 5358 octavus
877 5305 1116 5372 feliciter.
1150 5302 1456 5355 Adalardus
1489 5301 1842 5354 subdiaconus

261 5398 479 5464 scripsit
506 5398 667 5449 istum
692 5395 922 5449 codicem
952 5395 1006 5447 in
1030 5395 1223 5447 honore
1246 5391 1537 5444 beatissimi
1570 5388 1846 5442 Michaelis

233 5488 588 5560 _srcltangcli.
616 5489 673 5542 In
703 5489 878 5543 altero
907 5497 1084 5541 autem
1119 5486 1249 5540 folio
1283 5483 1477 5552 legitur
1503 5483 1617 5536 haec
1635 5480 1846 5550 epigra-

260 5583 365 5650 pbe
400 5600 415 5635 :
447 5579 603 5633 Hunc
633 5579 880 5648 indiguus
922 5579 1077 5632 levita
1113 5578 1305 5631 librum
1343 5574 1628 5630 Odalricus
1661 5573 1847 5628 obtulit

264 5669 370 5722 Deo
400 5679 450 5722 et
477 5679 684 5723 sancta:
721 5668 1028 5722 Marias...”
1061 5684 1207 5738 quem
1242 5667 1290 5720 si
1319 5666 1434 5734 quis
1457 5664 1684 5734 quolibet
1719 5665 1850 5730 inge-

259 5767 345 5815 nio
377 5760 688 5821 abstulerit.
717 5762 852 5813 iram
884 5760 978 5814 Dei
1001 5759 1366 5827 omnipotentis
1389 5758 1647 5820 incurrat,
1673 5767 1845 5825 etper-

1949 4657 2128 4711 Collati
2162 4658 2380 4724 lucrint,
2408 4660 2629 4714 inferius
2651 4663 2700 4716 in
2736 4662 2913 4716 Indice
2945 4665 3244 4729 particulari
3269 4667 3531 4720 dicemus.

2025 4749 2149 4805 128.
2191 4748 2301 4804 Nec
2329 4752 2519 4804 minori
2550 4768 2676 4806 cura
2710 4756 2878 4807 varia~
2909 4753 3150 4822 Gregorii
3182 4773 3404 4818 operum
3429 4760 3536 4812 edi-

1951 4841 2122 4896 tiones
2153 4844 2523 4912 inquisivituus
2553 4854 2604 4898 et
2631 4847 2944 4904 evolvimus,
2979 4864 3098 4899 cum
3132 4855 3338 4902 certum
3368 4850 3436 4902 sit
3470 4866 3536 4904 ex

1950 4931 2217 5002 ejusmodi
2249 4935 2399 4989 libris
2427 4936 2564 4987 inter
2608 4951 2669 4991 se
2696 4937 2906 4990 collatis
2938 4955 3318 5008 nonnunquam
3369 4943 3536 4996 inulta

1955 5024 2136 5078 haberi
2171 5040 2327 5091 posse
2357 5027 2421 5077 ad
2451 5026 2756 5078 illustrauda
2793 5038 3028 5081 veterum
3071 5044 3248 5098 opera.
3283 5030 3535 5085 Oiuuium

1952 5130 2126 5168 amem
2153 5116 2298 5184 prior
2319 5116 2560 5185 Gregorii
2577 5117 2764 5186 editio,
2789 5135 2944 5188 quant
2970 5121 3181 5181 quidem
3205 5129 3538 5190 noverimus,

1951 5202 2174 5259 Parisris
2193 5204 2247 5258 in
2274 5204 2448 5258 lucem
2477 5206 2680 5274 prodiit
2698 5186 2843 5261 anno
2883 5210 3011 5264 1511
3040 5226 3102 5266 ex
3124 5210 3353 5270 Joannis
3371 5186 3537 5268 Pani

1957 5292 2192 5352 ollicina.
2224 5295 2374 5349 curis
2404 5294 2717 5368 llieronymi
2751 5299 3048 5357 Glicbtovei
3077 5302 3528 5375 Neoportuensis,

1956 5385 2048 5453 qui
2078 5385 2222 5439 illaut
2249 5385 2540 5441 Guillelmo
2561 5386 2737 5444 Parvo
2757 5396 3115 5462 nuncupavit.
3135 5395 3530 5466 Gomplectitnr

1955 5482 2175 5538 autem,
2247 5479 2530 5546 prmmissa
2591 5479 2839 5552 Gregorii
2904 5488 3078 5540 nostri
3133 5485 3298 5547 Vita,
3358 5485 3528 5538 libros

1954 5563 2094 5618 duos
2123 5565 2190 5619 de
2218 5565 2398 5622 Gloria
2430 5569 2732 5642 Martyrum
2769 5582 2822 5627 et
2851 5585 3089 5644 quatuor
3116 5577 3182 5629 de
3217 5575 3526 5630 Virtutibus

1955 5656 2131 5710 sancti
2153 5654 2367 5712 Martini
2386 5675 2508 5712 cum
2536 5663 2764 5731 cpistola
2787 5666 2853 5719 de
2876 5676 3076 5734 septem
3099 5665 3524 5729 Dormienlibus,

1966 5763 2085 5816 qum
2115 5749 2343 5818 cpistola
2390 5754 2442 5805 in
2475 5754 2594 5809 aliis
2635 5757 2798 5809 etiam
2850 5755 3011 5811 editis
3045 5755 3309 5828 Gregorio
3339 5768 3530 5816 nostro
