3994 6332
469 360 603 417 ’⁸1ὓό

1965 334 2351 393 l‘MiFA'l'lo.

3673 350 3777 408 ιω

472 470 755 527 tribuitur.
804 461 960 516 Anno
1010 450 1255 523 sequenti
1307 447 1511 518 reliqua
1558 446 1802 518 ejusdem
1836 451 2074 503 auctoris
2104 459 2148 511 Α
2176 463 2376 505 rmlera
2405 449 2746 507 diversorum
2779 462 3057 507 auctorum
3087 469 3249 524 opera
3284 455 3531 514 llistnriie
3563 464 3775 532 Grego-

474 571 674 626 mpera,
695 555 814 621 ipso
832 556 1057 604 curante
1080 540 1371 598 Guilleimo
1402 539 1594 605 Parvo,
1619 540 1707 606 qui
1732 547 1859 593 hinc
1890 555 1917 591 a
1941 553 2072 593 con-

2178 542 2243 595 rii
2267 542 2333 595 ad
2362 542 2600 613 quinque
2619 544 2835 598 codices
2864 557 2995 599 mss.
3023 556 3225 600 exacta:
3249 552 3544 619 principem
3590 554 3657 607 lot
3677 570 3775 611 um

474 645 797 703 fossionibus
827 636 1081 695 Ludovici
1114 634 1205 690 ΧΗ
1248 633 1388 702 υθρδ
1412 642 1566 701 erat,
1600 630 1742 687 edita
1774 642 1902 688 sunt
1930 635 2074 705 typis

2190 632 2441 686 macessit
2469 645 2627 702 τιμε
2644 633 2806 688 εόσιίι
2834 635 3046 690 ceteris
3074 639 3292 692 ridetur
3316 630 3439 696 esse
3464 648 3772 701 accuratior

479 738 664 795 ludoci
696 735 868 790 Badii.

554 830 678 884 129.
723 830 875 882 Antio
908 821 1035 876 i561
1072 819 1391 876 Guiltlclmus
1442 816 1695 871 Morelitts
1722 817 1866 886 regis
1912 826 2071 890 typo—

488 920 727 990 grapltls
757 929 949 969 novam
1004 907 1252 978 GregOrii
1301 906 1591 960 editionem
1640 920 1926 975 aggressus
1954 916 2074 974 est,

490 1010 648 1081 cujus
674 1008 822 1065 curis
844 1007 1079 1060 llistoria
1108 1000 1349 1070 Gregorii
1379 999 1552 1054 lucem
1580 997 1811 1065 aspexit,
1837 999 1902 1052 ad
1927 1000 2078 1053 codi-

2168 729 2234 775 -et
2277 723 2635 778 emendatior.
2684 724 3051 789 Quadriennio
3100 738 3282 795 postea
3305 744 3325 793 ,'
3368 746 3515 786 anno
3563 736 3775 791 scilicet

2187 813 2349 877 1640,
2403 813 2637 870 Joannes
2699 815 2995 871 nalesdens
3019 818 3070 872 in
3117 832 3305 875 senatu
3357 822 3641 881 l‘arisiensi
3671 830 3771 885 atl-

2180 915 2427 969 vocatus,
2463 917 2586 961 octo
2632 907 3010 964 iiiraculorum
3056 911 3221 968 lituos
3266 928 3387 969 cum
3419 918 3637 974 historia
3676 938 3773 978 sc-

2172 1006 2325 1063 pteat
2363 996 2755 1053 Dorntientiatn
2777 1000 2956 1055 edidit
2982 1003 3225 1085 Parisiis,
3254 1022 3391 1076 quos
3440 1009 3604 1066 libros
3646 1030 3674 1067 a
3710 1032 3774 1072 se

484 1118 601 1157 cem
635 1114 738 1155 ms.
788 1096 1126 1152 bibliothecae
1174 1092 1344 1146 sanrti
1378 1088 1586 1143 Martini
1620 1087 1949 1144 Turonensis
1971 1131 1984 1151 .
2018 1100 2079 1144 ut
2168 1088 2245 1143 ad
2274 1091 2492 1145 codices
2542 1105 2671 1146 mss.
2703 1104 3027 1166 expurgatus
3052 1106 3111 1153 et
3154 1101 3469 1158 emendatos
3494 1105 3666 1161 fuisse
3716 1108 3771 1163 in

484 1195 597 1264 ipse
643 1201 909 1253 testatur,
936 1187 1267 1247 emendata;
1320 1183 1515 1237 additis
1544 1181 1707 1236 etiam
1755 1181 1820 1235 ad
1865 1184 2072 1238 calcem

475 1289 757 1344 nonnullis
790 1285 951 1340 variis
1001 1282 1341 1337 lectionibus.
1386 1279 1528 1334 idem
1582 1288 1770 1347 postea
1816 1277 2075 1332 Met-clins

490 1394 633 1435 anno
668 1379 809 1434 l563
832 1376 940 1429 alio
972 1373 1242 1428 volumine
1273 1371 1435 1426 libros
1458 1369 1597 1424 duos
1625 1369 1693 1424 de
1722 1368 1905 1423 Gloria
1937 1370 2080 1422 illar-

486 1484 687 1542 tyrum,
719 1478 774 1524 ct
800 1468 998 1523 librant
1032 1466 1099 1520 de
1127 1460 1309 1519 Gloria
1330 1460 1719 1518 =Confessortnn
1755 1458 1952 1528 publici
1979 1459 2071 1528 ju-

475 1568 563 1620 ris
591 1566 716 1619 fecit
741 1577 805 1618 ex
839 1557 1084 1622 vetustis,
1117 1558 1193 1613 uti
1224 1558 1320 1620 ait,
1352 1563 1409 1610 et
1432 1568 1566 1609 mss.
1598 1552 1896 1609 codicibus.

574 1654 700 1709 130.
732 1650 883 1706 Haud
934 1651 1102 1703 multo
1131 1655 1272 1716 post,
1321 1643 1565 1714 Gregorii
1593 1643 1758 1699 editio
1788 1643 1841 1697 in
1864 1643 2080 1696 Germa-

480 1745 582 1803 nia
615 1747 841 1812 primum
870 1741 981 1796 visa
1029 1750 1133 1802 est,
1165 1753 1326 1808 quam
1361 1736 1586 1791 Mati-ias
1631 1734 1852 1790 Flaccus
1902 1733 2075 1804 lllyri~

2182 1180 2498 1249 przelatione
2526 1191 2780 1238 testatur.
2806 1186 2876 1241 lis
2904 1186 3139 1259 denique
3164 1194 3414 1250 omnibus
3442 1198 3774 1258 editionibus

2174 1272 2482 1338 adjicienda
2514 1284 2601 1327 est
2640 1274 2941 1342 Gallicana,
2980 1282 3219 1334 omnium
3270 1286 3491 1340 omnino
3520 1288 3770 1362 Gregorii

2175 1378 2410 1432 operum
2457 1364 2634 1436 lingua
2680 1377 2868 1422 nostra
2907 1369 3247 1439 donaturum,
3281 1385 3335 1429 et
3369 1380 3508 1432 natis
3538 1381 3776 1436 illustra-

2190 1462 2394 1519 toruu,
2422 1466 2548 1524 qum
2579 1456 2634 1510 in
2660 1456 2839 1512 lucem
2872 1461 3068 1528 prodiit
3097 1464 3242 1535 curis
3272 1465 3547 1525 Michaelis
3578 1473 3777 1530 Marul-

2178 1544 2239 1601 lii
2266 1546 2480 1604 abbatis
2511 1547 2898 1620 Villalnpensis
2924 1593 2940 1618 ,
2970 1553 3189 1610 Parisiis
3218 1574 3281 1613 ex
3334 1558 3602 1618 Frederici
3636 1572 3776 1622 Leo-

2183 1640 2335 1694 nardi
2366 1641 2605 1707 oilieina,
2637 1654 2782 1697 anno
2818 1642 2974 1711 1608,
3007 1646 3216 1703 duobus
3245 1651 3624 1711 voluminibus.

2257 1732 2380 1788 155.
2415 1730 2506 1787 lla:
2536 1744 2657 1789 sunt
2676 1735 2923 1803 Gregorii
2950 1737 3279 1798 Turmrmsis
3315 1759 3539 1813 operum
3598 1753 3776 1807 variae

478 1851 608 1901 cus,
629 1835 695 1889 ad
726 1845 963 1890 veterem
991 1831 1237 1887 codicem
1264 1831 1436 1883 sancti
1464 1826 1674 1882 Nuxarii
1706 1827 1758 1881 in
1789 1827 2083 1880 Lorischem
2112 1830 2159 1892 Β
2187 1823 2476 1887 editiones,
2504 1835 2621 1880 tum
2648 1825 2861 1882 Latinae
2905 1828 3018 1882 tum
3048 1829 3287 1901 Gallicte,
3313 1849 3446 1903 quas
3496 1839 3674 1895 videre
3708 1845 3777 1897 ιί-

477 1946 547 1985 se
574 1930 871 1984 adornasse
900 1936 1144 2000 testatur.
1191 1922 1641 1980 Prodiitliasileas
1689 1924 1830 1994 apud
1865 1923 2082 1979 Petrum
2184 1916 2321 1981 cuit,
2355 1916 2618 1986 quibusve
2636 1932 2758 1973 cum
2805 1935 2938 1978 mss.
2994 1923 3267 1979 codicibus
3292 1926 3502 1985 collatis
3526 1931 3592 1986 ad
3636 1934 3776 1992 hunc

481 2022 743 2087 ﬁbulam,
776 2038 883 2076 non
913 2036 1056 2074 anno
1087 2017 1226 2073 1558
1253 2058 1268 2084 ,
1299 2027 1373 2073 ~ttt
1398 2016 1660 2072 mendose
1688 2017 1859 2087 prima
1893 2018 2084 2087 pagina
2184 2017 2426 2063 modum
2471 2009 2835 2065 adornandum
2876 2012 2961 2066 usi
3012 2012 3229 2071 fuimus.
3260 2014 3460 2074 Praeter
3503 2022 3616 2078 ba-c
3642 2042 3777 2081 cnn-

484 2118 672 2181 liabet,
721 2114 816 2170 sed
863 2128 1011 2168 anno
1042 2110 1203 2178 l568,
1232 2119 1289 2166 ut
1317 2126 1384 2165 ex
1429 2111 1655 2180 cpistola
1698 2114 2083 2175 nuncupatoria

480 2208 764 2278 colligitur
796 2223 809 2258 :
842 2215 896 2261 et
918 2204 1137 2275 quidem
1160 2201 1529 2273 typograpltus
1556 2200 1610 2254 in
1641 2200 1747 2255 line
1770 2200 1889 2255 libri
1920 2201 2090 2258 Morc-

486 2302 548 2356 lii
576 2300 868 2357 editionem
898 2297 1103 2363 laudat,
1133 2308 1253 2365 qum
1299 2306 1443 2348 anno
1482 2291 1616 2348 1561
1668 2292 1719 2347 in
1742 2294 1920 2347 lucem
1953 2310 2083 2364 pro-

484 2393 615 2447 diit.
649 2391 851 2446 Eodem
882 2388 1084 2446 sarculo
1130 2396 1362 2457 septem,
1388 2387 1447 2441 id
1480 2397 1563 2442 est
1588 2400 1782 2442 omnes
1804 2428 1819 2451 ,
1847 2388 2087 2456 exceptis

500 2484 633 2538 Vitis
680 2482 920 2546 Patrum,
972 2480 1346 2535 Miraculorum
1380 2480 1500 2534 libri
1529 2476 1771 2535 Colonia
1792 2480 1930 2535 editi
1964 2491 2090 2537 sunt

489 2571 825 2640 annois“,
860 2572 999 2643 typis
1027 2571 1249 2626 Materni
1277 2570 1542 2625 Citolinii.

571 2667 699 2722 151.
725 2667 926 2722 Eodem
958 2680 1099 2720 anno
1124 2664 1285 2727 i585.
1316 2664 1382 2719 li.
1418 2664 1735 2719 Laurentius
1761 2664 1827 2720 de
1852 2665 1898 2719 la
1924 2666 2014 2721 Bai
2032 2681 2092 2722 re

482 2757 865 2813 «collectionem
893 2767 1132 2811 veterum
1164 2764 1445 2811 auctorum
1496 2757 1596 2810 sub
1644 2756 1799 2811 titulo
1834 2757 2091 2814 Historias

2188 2100 2451 2157 soluimus
2498 2104 2659 2158 etiam
2700 2103 2938 2159 virorum
2990 2104 3277 2163 illustrium
3324 2124 3509 2180 opera,
3551 2118 3641 2186 qui
3681 2129 3777 2174 aut

2198 2194 2489 2249 occasione
2513 2195 2667 2261 data,
2690 2207 2780 2250 aut
2811 2209 2875 2251 ex
2898 2197 3148 2267 professo
3198 2199 3444 2273 Gregorii
3478 2213 3656 2261 nostri
3713 2212 3778 2265 li-

2190 2283 2341 2349 bros,
2369 2285 2473 2339 hec
2494 2287 2833 2355 potissimum
2874 2291 3108 2356 seculo,
3144 2291 3501 2351 illustrarunt.
3533 2300 3779 2358 Celebris

2190 2388 2273 2433 est
2302 2378 2443 2433 inter
2477 2379 2613 2434 alios
2642 2380 2945 2437 Iladrianus
2978 2383 3247 2453 Valesius,
3272 2390 3360 2458 qui
3405 2392 3567 2447 vitam
3623 2412 3779 2452 suam

2185 2485 2328 2537 pene
2377 2480 2540 2526 totam
2594 2472 2647 2527 in
2701 2475 2873 2545 gentis
2930 2488 3132 2532 nostra:
3188 2480 3419 2536 llistoria
3460 2474 3580 2540 ilius
3607 2491 3777 2543 randa

2191 2565 2452 2635 transegit
2479 2583 2492 2618 :
2524 2565 2681 2637 cujus
2708 2568 2847 2623 lomi
2889 2578 3026 2636 tres,
3073 2584 3207 2641 quos
3257 2589 3433 2631 rerum
3490 2577 3781 2634 Francica-

2180 2669 2312 2711 rum
2362 2655 2652 2712 Historiam
2710 2664 3073 2730 nuncupavit,
3119 2665 3172 2719 iit
3222 2665 3395 2722 lucem
3438 2671 3777 2737 prodierunt.

2195 2749 2347 2805 [laud
2371 2750 2550 2807 minus
2574 2760 2659 2806 est
2680 2752 2823 2809 milis
2866 2752 2985 2825 eius
3040 2758 3237 2812 Notitia
3290 2757 3606 2828 Galliarum,
3636 2766 3778 2821 επ.ιὶ-

491 2846 805 2905 Cltristiana:
833 2858 1074 2905 veterum
1106 2850 1325 2903 Patrum
1356 2848 1528 2903 edidit
1568 2848 1794 2904 Parisiis
1824 2850 1963 2919 apud
1997 2852 2096 2907 Mi-
2194 2856 2424 2913 quorum
2494 2852 2772 2901 ευϐῑοῑυῐη
2828 2852 3193 2907 monumentis
3228 2860 3283 2908 et
3327 2857 3644 2914 testimoniis
3694 2875 3778 2916 τες

486 2948 736 3003 citaelem
780 2947 1070 3012 Scrinium,
1098 2931 1288 3014 in‘qua
1332 2946 1478 2999 inter
1504 2944 1606 2999 alia
1638 2946 1893 3014 Opuscula
1952 2947 2093 3003 Gre-

488 3038 634 3109 gorii
669 3038 1159 3093 nostrillistoriam
1188 3037 1436 3102 inseruit,
1463 3050 1582 3092 cum
1610 3037 1782 3093 tribus
1809 3038 2096 3094 Miraculo-

498 3147 615 3186 rnm
649 3131 822 3196 libris,
849 3132 899 3185 id
924 3132 1160 3186 estduos
1182 3130 1251 3185 de
1269 3130 1453 3185 Gloria
1482 3128 1796 3201 Martyrum,
1823 3142 1878 3186 et
1902 3132 2092 3187 librum

2177 2934 2353 2989 lena.
2413 2933 2518 2990 Res
2568 2934 2935 3019 Francorum,
2974 2941 3313 3011 potissimum
3362 2948 3777 3016 ecclesiasticas,

2199 3026 2548 3083 illustrandas
2569 3030 2806 3100 suscepit
2853 3028 3076 3088 Carolus
3103 3035 3350 3091 Cointius
3379 3040 3605 3094 (lratdrii
3646 3038 3776 3096 Gal-

2202 3118 2359 3173 licani
2392 3120 2694 3191 presbyter,
2722 3136 2855 3190 quas
2907 3135 3112 3194 septem
3169 3129 3329 3183 tomis
3371 3132 3780 3199 comprehendit

490 3224 559 3278 de
586 3222 765 3279 Gloria
792 3220 1196 3278 Conlessorum.
1238 3226 1306 3276 At
1347 3223 1608 3277 sexennio
1641 3232 1848 3290 postea,
1899 3223 1950 3279 ill
1983 3238 2067 3280 ρει

2197 3212 2297 3265 sub
2330 3213 2615 3267 Annalium
2673 3212 3002 3270 Francorum
3055 3217 3215 3273 titulo
3249 3236 3262 3271 :
3295 3229 3539 3277 octavum
3566 3238 3631 3277 ex
3662 3224 3781 3295 ejus

484 3326 638 3368 anno
664 3313 823 3376 1589.
874 3313 1206 3382 Margarinus
1253 3312 1320 3367 de
1367 3313 1414 3366 la
1444 3311 1650 3381 ‘Bigtte,
1700 3313 1892 3369 doctor
1935 3313 2088 3369 Pari-

482 3405 693 3461 siensis
718 3420 753 3462 e
792 3406 1060 3460 societate
1078 3404 1403 3468 ‘Surboniea,
1440 3403 1827 3459 Bibliothecam
1873 3414 2090 3460 sancto-

486 3512 614 3552 rum
647 3497 864 3552 Patrum
899 3496 1078 3565 priore
1102 3508 1269 3563 quam
1317 3501 1442 3548 ante
1473 3492 1679 3563 aliquot
1726 3508 1901 3549 annos
1931 3510 2091 3550 cura-

496 3598 648 3644 verat
674 3589 846 3643 attito
874 3588 1188 3656 ampliorem
1216 3587 1405 3649 edidit,
1442 3586 1494 3640 in
1524 3601 1628 3655 qua
1652 3584 1880 3640 inseruit
1903 3588 2089 3641 ontnia

486 3678 747 3750 Gregorii
797 3679 964 3734 nostri
1007 3691 1193 3747 opt'ra,
1240 3691 1361 3745 qua:
1390 3675 1584 3732 exinde
1628 3677 1687 3730 in
1735 3678 2091 3746 sequentibus

498 3770 851 3824 Bibliotheca:
903 3769 1120 3823 Patrum
1167 3767 1518 3831 editionibus,
1570 3767 1850 3822 doctorum
1883 3768 2092 3825 scilicet

487 3862 892 3916 Culuttiettsitttn
926 3874 1068 3915 anno
1098 3859 1258 3927 1618,
1289 3871 1342 3917 et
1372 3860 1711 3931 Lugdunensi
1741 3878 1883 3921 anno
1919 3866 2085 3937 lGi7,

496 3956 671 4008 boqu
702 3953 1027 4009 habuerunt.

572 4042 696 4098 152.
723 4043 940 4098 Decimo
963 4043 1230 4099 curremis
1258 4042 1415 4114 ltujus
1438 4045 1631 4100 decimi
1660 4048 1879 4117 Septimi
1907 4064 1961 4104 S'l
1982 4050 2090 4127 culi

494 4152 641 4190 θηιο
668 4137 787 4190 dua:
809 4136 1004 4191 iterum
1039 4136 1650 4205 Gtcgorianzcllislorite
1674 4141 1939 4196 editiones
1969 4158 2091 4210 pro-

489 4231 711 4285 dierunt
740 4229 958 4283 Parisiis
983 4248 994 4282 :
1018 4245 1123 4284 una
1142 4230 1328 4284 Latine
1354 4245 1417 4284 ex
1450 4230 1720 4288 Laurentii
1756 4232 1993 4292 Bochcii
2012 4236 2091 4289 bi-

498 4322 796 4386 bliotheca,
830 4337 950 4377 cum
984 4322 1146 4378 rariis
1174 4321 1490 4377 lectionibus
1513 4338 1577 4378 ex
1608 4338 1708 4379 ms.
1738 4325 2008 4381 Oiseliano
2036 4334 2092 4379 ct

485 4415 546 4467 nl
573 4415 618 4468 is
630 4412 871 4483 ejusdem
898 4415 1133 4468 Bochelli
1160 4415 1509 4480 membranis,
1533 4417 1597 4468 ad
1630 4417 1747 4471 libri
1771 4419 1972 4472 calcem
1998 4421 2090 4471 :lti-

492 4506 733 4575 junetis;
765 4505 929 4558 altera
955 4518 1086 4559 vero
1114 4504 1342 4571 Gallice,
1373 4520 1437 4560 ex
1471 4507 1717 4562 versione
1746 4506 1953 4564 Claudii
1983 4510 2087 4561 liu-

2194 3301 2411 3357 scbedis
2431 3303 2602 3358 edidit
2650 3303 2716 3361 γ.
2744 3304 2827 3360 Cl.
2875 3305 3154 3362 Gera'rdus
3189 3311 3261 3363 du
3304 3308 3449 3380 Bois,
3500 3317 3704 3385 plures,
3736 3318 3779 3374 si

2196 3408 2295 3464 per
2328 3395 2491 3450 vitam
2520 3394 2796 3464 licuisset,
2832 3399 2907 3454 uti
2943 3401 3315 3469 sperabamus,
3341 3406 3576 3462 daturus.
3612 3409 3782 3467 Voces
3818 3442 3821 3443 ν

2178 3487 2479 3543 abstrusas
2506 3497 2562 3543 et
2585 3489 2689 3543 alia
2722 3490 2988 3559 ejusmodi
3018 3496 3265 3563 exposuit
3292 3496 3370 3550 vir
3391 3499 3549 3553 elarze
3578 3516 3782 3563 meum:
3803 3490 3816 3551 ξ

2194 3578 2289 3634 ria:
2308 3577 2536 3636 Carolus
2571 3579 2824 3637 Fresnius
2847 3584 3080 3655 Cangius
3126 3589 3176 3641 ln
3237 3588 3603 3647 laudatissima
3630 3595 3783 3651 Clus-

2197 3672 2361 3725 sario.
2408 3673 2700 3743 Complura
2744 3676 3054 3745 explanavit
3096 3677 3260 3735 illusi.
3296 3682 3381 3736 vir
3428 3679 3784 3756 Hieronymus

2196 3766 2485 3837 Bignonius
2507 3769 2559 3823 in
2607 3770 2746 3824 notis
2797 3772 2862 3825 ad
2911 3770 3148 3827 illarculli
3203 3774 3452 3830 monachi
3504 3775 3780 3835 immolas.

2193 3856 2351 3912 Multa
2379 3859 2504 3914 item
2536 3860 2823 3917 illustravit
2845 3871 2898 3917 et
2923 3865 3228 3920 emendavit
3264 3866 3328 3922 ν.
3357 3867 3440 3923 Cl.
3476 3870 3783 3939 Stephanus

2202 3948 2453 4004 Baluzius
2484 3960 2593 4005 tum
2639 3951 2691 4005 in
2724 3953 3108 4023 capitulumbus
3153 3972 3369 4027 regunt,
3405 3969 3512 4014 tum
3553 3964 3603 4016 in
3662 3966 3782 4020 a?iis

2192 4041 2446 4108 cperibus
2466 4086 2480 4110 ,
2508 4059 2630 4114 qua:
2654 4060 2920 4099 summam
2964 4048 3081 4117 ejus
3104 4050 3457 4106 eruditionem
3493 4064 3777 4112 testantur.

2192 4135 2325 4199 Quae
2376 4148 2506 4189 veto
2551 4134 2619 4189 ad
2671 4136 3089 4194 ecclesiasticam
3127 4140 3462 4213 disciplinam
3512 4151 3782 4212 pertinent

2176 4227 2295 4281 :sub
2322 4226 2489 4296 prima
2522 4244 2707 4297 regum
2750 4241 3058 4299 nostrarum
3111 4239 3297 4306 stirpe,
3322 4255 3387 4293 ex
3417 4237 3655 4311 Gregorii
3687 4261 3784 4311 po-

2193 4317 2458 4373 tissimum
2483 4320 2741 4389 operibus
2794 4322 3079 4379 elucidavit
3112 4328 3418 4384 Lud‘micus
3471 4332 3783 4393 Tltotnassi-

2193 4421 2317 4462 nus.
2347 4408 2509 4463 Multa
2544 4411 2669 4465 item
2714 4413 2974 4470 debemus
3034 4416 3226 4472 Joanni
3272 4418 3531 4476 Sararoni
3587 4424 3780 4481 Claro-

2191 4510 2468 4565 montano,
2500 4502 2551 4555 iu
2597 4504 2767 4569 patria
2805 4506 3167 4563 subsidiorum
3223 4513 3372 4566 curia
3420 4515 3657 4583 praesidi,
3686 4521 3782 4587 qui

500 4573 613 4654 neti
641 4598 1171 4667 Deipbiuatis,quam
1186 4597 1481 4653 editionem
1506 4598 1891 4654 curavitV.Cl.
1924 4600 2085 4654 d'Ile-
2120 4573 2168 4632 D
2195 4595 2393 4665 passim
2425 4598 2476 4652 in
2501 4600 2641 4654 notis
2672 4601 2737 4655 ad
2790 4603 3154 4672 Apollinarem
3183 4573 3462 4663 Sidonium
3486 4620 3543 4665 et
3570 4614 3619 4665 itt
3642 4573 3783 4668 'OIri;

488 4708 637 4761 may
667 4690 961 4744 d'.-imboise
985 4689 1284 4745 libellorum
1313 4691 1612 4760 supplicum
1638 4690 1918 4760 magister,
1950 4708 2074 4761 pra:-

486 4784 672 4839 rmisso
697 4782 943 4852 Gregorii
993 4782 1245 4836 Historiae
1296 4782 1505 4852 prolixo
1538 4782 1801 4851 protentio
1826 4823 1839 4847 ,
1898 4783 1949 4837 in
1978 4801 2086 4853 quo

497 4873 840 4943 potissimum
872 4870 991 4941 ejus
1035 4871 1268 4925 auctoris
1312 4871 1378 4925 ad
1431 4872 1786 4927 conlutandos
1826 4887 2083 4927 novorum

498 4966 870 5021 lucreticorttm
939 4976 1158 5018 errores
1226 4963 1508 5017 utilitatem
1553 4962 1904 5021 demonstrat.
1983 4964 2085 5019 llas

490 5071 643 5110 anno
669 5055 813 5109 1615
841 5063 1025 5109 secuta
1058 5063 1140 5109 est
1188 5052 1490 5122 Marqttardi
1526 5052 1747 5108 Frolteri
1790 5055 1974 5120 editio,
2019 5055 2085 5110 ad

488 5148 742 5209 codicem
781 5148 1032 5203 Palatinae
1057 5146 1397 5204 bibliotheca:
1444 5147 1725 5213 adornata.
1758 5148 1808 5203 in
1852 5149 2083 5204 litstmi-

494 5257 687 5295 corum
739 5239 979 5295 Francia!
1024 5241 1344 5295 collectione
1373 5281 1388 5305 ,
1432 5254 1591 5309 quam
1638 5239 1891 5293 lianovitc
1946 5240 2085 5306 typis

497 5330 870 5388 Weehelianis
901 5332 1015 5387 lieri
1034 5329 1272 5386 curavit.
1300 5329 1543 5398 Denique
1565 5328 1811 5382 Andreas
1832 5326 2073 5380 Ducltcs-

490 5438 586 5487 ne,
618 5422 705 5476 vir
724 5421 1036 5481 eruditione
1066 5420 1303 5475 celebris
1335 5428 1391 5475 ct
1426 5419 1491 5474 de
1530 5419 1709 5488 gentis
1734 5427 1936 5499 nostra:
1976 5416 2074 5469 lii-

493 5512 666 5566 storia
708 5512 846 5566 bene
879 5511 1128 5570 meritus.
1176 5516 1366 5564 nostro
1394 5508 1601 5563 suaculo
1647 5506 1871 5561 ineunte
1908 5505 2077 5558 colle-

496 5603 734 5657 ctionem
796 5602 1192 5672 amplissimam
1242 5600 1484 5654 omnium
1527 5608 1840 5663 auctorum,
1871 5597 1965 5667 qui
2007 5595 2074 5650 de

498 5688 836 5747 Francorum
887 5704 1046 5764 gente
1085 5690 1288 5761 aliquid
1345 5691 1710 5759 scripserunt,
1759 5700 2071 5757 aggressus,

496 5782 731 5849 primum
756 5784 879 5856 ejus
908 5794 1113 5840 tomum
1151 5798 1295 5839 anno
1324 5782 1463 5836 1636
1486 5782 1681 5849 edidit,
1708 5781 1761 5833 itt
1797 5794 1904 5849 quo
1932 5778 2071 5833 inter

2143 4725 2151 4731 .
2193 4688 2409 4758 ginibus
2438 4688 2868 4751 Claromontanis
2909 4694 3149 4767 Gregorii
3206 4702 3373 4756 uestri
3398 4717 3562 4768 o;era
3602 4704 3787 4763 laudat

2194 4790 2253 4835 et
2293 4780 2547 4835 illustrat.
2596 4783 2779 4853 Neque
2818 4787 3146 4844 omittendus
3190 4791 3364 4846 estV.
3394 4792 3477 4847 Cl.
3514 4797 3785 4853 Antonius

2202 4872 2441 4928 Dadinus
2464 4875 2735 4929 Alteserra
2769 4877 2820 4930 in
2854 4876 3119 4932 Tolosana
3169 4882 3441 4937 acadeutia
3472 4894 3786 4942 antttressor

2180 4963 2613 5030 celeberrimus,
2632 4966 2723 5035 qui
2754 4977 2909 5021 notas
2936 4976 2991 5023 et
3018 4970 3423 5027 observationes
3449 4973 3502 5027 in
3528 4975 3784 5046 Gregorii

2189 5055 2523 5110 Turonensis
2573 5055 2861 5112 Historiam
2916 5070 2971 5113 et
3024 5058 3331 5132 Fredegarii
3373 5060 3696 5120 Cltronicuut
3730 5072 3782 5121 in

2192 5147 2457 5218 singulari
2482 5162 2645 5218 opere
2676 5150 2846 5205 edidit
2890 5150 3099 5206 Toiosze
3121 5164 3276 5208 anno
3328 5152 3488 5208 1679.
3509 5156 3783 5223 Quantum

2202 5243 2382 5288 autem
2434 5237 2698 5304 prodesse
2732 5240 2907 5308 possit
2953 5242 3006 5295 in
3042 5241 3308 5312 Gregorio
3352 5244 3679 5299 illustrando
3717 5244 3782 5299 D.

2199 5325 2428 5383 Joannis
2453 5327 2750 5383 Mabillonii
2775 5331 3005 5402 insignis
3038 5334 3174 5387 liber
3197 5334 3265 5389 de
3296 5334 3376 5390 ΒΕ
3401 5334 3780 5407 diplomatica,

2201 5433 2363 5472 nemo
2394 5426 2478 5473 est
2510 5418 2601 5488 qui
2645 5422 2875 5485 nesciat,
2928 5424 2971 5479 si
3006 5426 3088 5479 vel
3131 5427 3296 5481 semel
3326 5427 3601 5497 egregium
3645 5428 3781 5481 illud

2202 5522 2339 5577 Opus
2360 5510 2637 5564 evolverit.
2672 5511 2775 5567 Sed
2801 5514 2952 5582 plura
2976 5525 3123 5571 vetat
3148 5516 3333 5573 dicere
3352 5518 3543 5583 optimi
3576 5520 3788 5584 magis-

2200 5600 2270 5653 tri
2306 5601 2411 5655 mei
2442 5600 2732 5666 modestia,
2761 5606 2853 5674 qui
2885 5614 2938 5659 et
2967 5607 3017 5660 in
3061 5608 3278 5678 liturgia
3308 5608 3605 5672 Gallicana,
3627 5599 3783 5664 aliis-

2197 5706 2304 5759 que
2328 5691 2379 5745 in
2413 5693 2527 5747 suis
2548 5693 3052 5753 elucubrationibus
3072 5701 3249 5770 gentis
3275 5710 3475 5757 nostra:
3492 5702 3780 5756 historiam

2196 5789 2251 5849 et
2282 5782 2536 5854 antiquos
2558 5801 2740 5842 mores
2757 5803 2821 5843 ex
2846 5786 3091 5860 Gregorii
3116 5794 3295 5849 verbis
3313 5793 3610 5864 plurimum
3632 5810 3785 5848 cont-
