3994 6332
255 432 350 488 l05

1680 421 2062 483 PREFATIO.

3425 429 3525 483 106

253 551 546 609 mendavit.
578 552 677 618 Ei,
723 551 766 605 si
811 550 936 620 quid
971 548 1022 604 in
1054 547 1150 603 hac
1176 547 1431 614 editione,
1467 558 1553 602 ant
1606 548 1658 602 in
1720 547 1837 601 aliis
1872 533 2255 614 Aargiitttenta
2299 536 2364 598 ad
2393 544 2444 599 id
2475 537 2826 599 evincendum
2858 544 3200 610 sufficientia,
3243 563 3445 618 nosque
3472 550 3525 604 ei

252 645 441 714 opellis
469 644 629 706 meis,
657 639 782 696 utile
804 650 1056 696 occurrat
1086 640 1162 694 rei
1218 640 1516 700 litteiarize,
1547 639 1715 692 totum
1750 655 1836 694 me

252 738 449 791 debere
498 735 775 804 proliteor.
807 720 1068 787 Caeteros
1094 748 1223 786 vero
1244 737 1493 786 auctores
1521 731 1834 800 singillatim

253 843 356 880 non
381 825 711 880 recensebo:
763 813 1052 877 laudantur
1095 824 1237 877 enim
1280 823 1478 895 quique
1525 811 1635 880 suis
1683 811 1836 880 locis.

254 921 401 973 Nunc
433 907 503 973 de
530 901 1079 996 Fredegario'paucis'
1094 915 1403 971 dicendum.
1783 989 1788 996 In

327 1009 466 1064 v.——
485 985 909 1082 oe'Ficdegm-to
933 995 990 1061 et,
1009 989 1418 1080 ejus'operibu’s.
1443 1037 1513 1050 -—
1542 1009 1684 1066 tat:
1708 989 1838 1078 Quis

255 1093 604 1170 Fredegarius
626 1095 782 1152 fuerit
808 1097 1027 1155 difﬁcile
1049 1109 1130 1154 cst
1160 1101 1363 1164 dicere,
1388 1117 1509 1156 cum
1535 1118 1600 1157 ne
1625 1103 1837 1172 quidem

255 1192 370 1261 ejus
427 1175 877 1246 nomencertum
931 1191 1209 1246 habeatur.
1261 1185 1861 1260 Frcdegarius'tameu

255 1282 410 1350 vulgo
433 1281 652 1345 dicitur,
685 1271 742 1335 et
781 1282 879 1335 sub
909 1297 974 1337 eo
1031 1271 1248 1338 nomine
1304 1273 1550 1339 laudatur
1596 1274 1836 1355 paSsim:

256 1376 344 1430 sed
374 1373 538 1441 unde,
566 1374 662 1428 viri
702 1365 909 1450 eruditi
935 1362 1036 1429 hoc
1058 1375 1159 1429 sibi
1205 1363 1589 1444 incompertum
1613 1393 1733 1432 esse
1767 1379 1845 1432 fa-

256 1462 455 1522 tentur.
493 1467 606 1522 lloc
633 1461 828 1538 quippe
856 1457 1051 1520 nomen
1093 1482 1157 1521 ne
1185 1459 1378 1522 unicus
1407 1455 1621 1538 quidem
1646 1468 1838 1534 codex,

255 1558 340 1627 qui
366 1556 576 1612 scilicet
597 1543 875 1622 natussit,
937 1542 1172 1625 praefert.
1204 1557 1371 1614 Immo
1413 1545 1843 1615 laudat-Hadria-

256 1666 357 1704 nus
384 1650 628 1706 Valesius
680 1637 921 1706 codicem
951 1666 1116 1705 unum
1140 1696 1152 1720 ,
1180 1655 1268 1721 qui
1306 1645 1612 1726 Fredegarii
1646 1647 1840 1724 vulgati

255 1758 416 1812 opera
446 1745 623 1813 alteri,
662 1759 856 1816 nempe
888 1739 1082 1797 Idalio
1131 1743 1365 1809 cuidam,
1402 1735 1606 1800 tribuit.
1640 1745 1744 1801 Sed
1801 1749 1842 1800 is

255 1834 422 1890 codex
452 1834 587 1889 alius
613 1851 716 1890 non
749 1845 829 1890 est
855 1851 882 1889 a
909 1833 1306 1902 Sirmondiano,
1332 1837 1380 1890 in
1408 1853 1513 1908 quo
1536 1828 1708 1892 Adetii
1729 1839 1834 1908 qui-

1943 632 2096 692 ultro'
2146 633 2567 693 subscribemus.
2622 635 2839 691 Interim
2899 636 3135 691 virorum
3191 639 3522 694 eruditorum

1942 729 2188 800 vestigiis
2211 725 2570 797 adhzerentes,
2599 728 2946 784 collectorem
2980 740 3221 784 nostrum
3261 731 3525 803 Fredega-

1944 819 2085 874 rium
2108 816 2493 876 scitulasticum
2519 820 2790 889 appellare
2819 836 3120 890 pergenms,
3152 821 3380 877 maxime
3402 840 3522 879 cum

1941 914 2142 982 absque
2172 912 2352 981 aliqua
2380 907 2527 980 gravi
2556 912 2765 966 ratione
2798 913 3089 981 put-indum
3123 928 3227 967 non
3259 914 3328 968 sit
3348 905 3453 969 hoc
3474 919 3521 969 ei

1943 1019 2137 1059 nomen
2163 1015 2362 1059 temere
2393 997 2648 1058 tributum
2697 1004 2860 1060 fuisse
2886 1021 2916 1059 a
2947 1007 3076 1060 viris
3104 1007 3351 1072 eruditis,
3391 1023 3522 1076 ques

1942 1094 2214 1165 Iosephus
2267 1096 2503 1166 Scaliger
2552 1097 2916 1151 innominatos
2961 1098 3160 1153 laudat.
3215 1099 3332 1168 Ipse
3381 1102 3523 1153 enim

1941 1189 2182 1258 Scaliger
2203 1196 2258 1241 et
2287 1188 2637 1256 Marquardus
2665 1187 2938 1244 Freherus
2968 1189 3126 1258 primi
3167 1189 3249 1246 sic
3289 1205 3412 1244 cum
3435 1208 3528 1260 ap-
3585 1186 3588 1190 ’

1944 1281 2173 1350 pellasse
2201 1280 2563 1334 inveniuntur.

2014 1371 2139 1426 155.
2166 1371 2548 1443 Fredegarium
2582 1372 3018 1442 Burgundionem
3062 1372 3228 1430 fuisse
3276 1375 3524 1431 Valesius

1943 1473 1999 1519 et
2025 1463 2267 1521 Cointius
2291 1475 2515 1521 censent
2546 1467 2778 1537 :qulbus
2823 1466 2978 1522 facile
3027 1467 3439 1534 subscribimus,
3472 1479 3527 1523 et

1945 1555 2161 1624 quidem
2190 1555 2242 1610 id
2273 1571 2338 1610 ex
2360 1557 2479 1625 ejus
2503 1557 2719 1626 scriptis
2738 1557 2951 1611 suaderi
2994 1567 3188 1626 potest.
3212 1559 3268 1613 ln
3322 1561 3519 1622 priori-

1948 1648 2046 1700 bus
2085 1649 2282 1716 quippe
2304 1663 2414 1700 suae
2438 1648 2773 1702 collcCtionis
2799 1650 3036 1717 partibus
3085 1650 3524 1720 Burgundionum

1949 1741 1998 1794 in
2025 1741 2224 1796 Gallias
2251 1742 2540 1796 adventum
2587 1753 2788 1810 nartytt,
2843 1744 3205 1813 nonnullaque
3233 1745 3370 1799 haud
3401 1760 3531 1799 con-

1949 1833 2236 1887 temnenda
2259 1843 2311 1887 et
2341 1834 2629 1902 singularia
2656 1835 2724 1888 de
2761 1835 2860 1887 hac
2888 1845 3045 1904 gente
3069 1837 3248 1901 habet,
3279 1853 3397 1905 qua:
3433 1850 3531 1892 nec

257 1927 378 1982 dem
410 1944 609 1983 nomen
633 1929 891 1995 occurrit,
923 1929 1016 1984 sed
1041 1928 1286 1985 ducentis
1303 1917 1518 1986 circiter
1539 1934 1694 1987 anuis
1717 1949 1841 1988 exa-
1876 1932 1919 1991 B
1945 1926 2084 1995 πιρυά
2117 1925 2460 1996 Gregorium.
2487 1941 2585 1981 nec
2611 1927 2750 1996 οι)υά
2781 1926 2918 1981 alios
2947 1939 3194 1983 θυειοτεε
3215 1939 3525 1983 occurrunt-

259 2029 432 2072 ratum
461 2019 580 2085 post
621 2013 862 2082 codicem
886 2017 1164 2088 scriptum,
1195 2019 1245 2073 id
1278 2029 1362 2075 est
1395 2011 1612 2096 smculo
1632 2023 1843 2079 circiter

169 2147 180 2154 .
263 2125 426 2174 nono,
455 2119 508 2162 ut
537 2123 600 2163 ex
624 2095 951 2163 characteris
975 2100 1143 2163 forma
1164 2112 1431 2166 autumare
1462 2113 1605 2168 licet.
1639 2114 1845 2188 Titulus

257 2209 442 2253 autem
466 2200 553 2253 ille
581 2214 608 2252 a
657 2186 863 2255 nescio
900 2201 1005 2270 quo
1054 2201 1222 2255 codici
1265 2187 1495 2270 additus,
1545 2205 1623 2260 sic
1664 2186 1841 2274 habet,

260 2294 581 2348 Breviarium
607 2288 872 2363 scarpsnm
901 2310 963 2347 ea:
976 2291 1228 2348 Chronica
1259 2285 1485 2366 Eusebii,
1523 2296 1845 2369 Hieronymi,

261 2385 590 2451 aliorumque
616 2377 932 2438 auctoruma
961 2387 1182 2454 quodam
1216 2373 1424 2442 Adalia.
1451 2389 1544 2444 Cui
1575 2393 1845 2461 scriptori,

259 2475 507 2544 quisquis
527 2476 619 2531 ille
642 2473 821 2541 fuerit,
857 2471 1031 2531 fucum
1089 2478 1234 2546 fecit,
1268 2467 1478 2549 ut'ipse
1507 2498 1719 2553 quoque
1743 2485 1848 2538 Va-

271 2567 441 2622 lesius
464 2559 746 2633 observat,
777 2555 924 2622 ldatii
965 2563 1311 2635 Chronictun,
1354 2574 1492 2640 quod
1542 2573 1847 2645 Fredegarii

274 2658 617 2712 collectionis
637 2671 837 2725 partem
860 2655 1157 2727 constituit,
1186 2657 1306 2715 cum
1331 2664 1555 2730 epistola
1589 2667 1688 2734 ipsi
1719 2685 1848 2733 pra:-

269 2751 438 2806 missa
466 2750 566 2803 sub
600 2750 785 2804 Udacii
815 2766 908 2804 seu
969 2750 1135 2804 ldacii
1159 2754 1391 2820 nomine,
1425 2755 1475 2809 in
1528 2772 1628 2825 qua
1657 2739 1743 2813 ille
1793 2747 1851 2814 se

266 2837 524 2906 superius
549 2829 748 2908 scripta
771 2839 835 2893 es
871 2832 1104 2894 Eusebio
1132 2849 1186 2896 et
1219 2843 1541 2914 Hieronymo
1571 2837 1853 2918 collegisse

269 2921 596 3008 profitetur;
629 2927 910 2999 sequentia
938 2945 1064 2985 vero
1103 2946 1132 2983 a
1161 2947 1220 2986 se
1272 2934 1518 3003 exposita
1571 2915 1756 2992 fuisse.
1785 2915 1853 2994 Ai

263 3025 383 3076 haec
406 3019 550 3075 dicta
591 3032 742 3076 erant
764 3021 830 3076 ab
855 3017 1022 3077 Idalio
1047 3023 1115 3078 de
1162 3019 1262 3078 suo
1314 3025 1599 3093 Chronico,
1631 3022 1769 3097 quod
1800 3030 1850 3084 in

261 3113 579 3184 Fredegarii
609 3111 918 3168 collectione
947 3113 1118 3168 lecutn
1143 3109 1347 3170 habet:
1376 3133 1493 3185 qua:
1529 3127 1700 3174 tamen
1724 3111 1853 3189 pos-

268 3214 417 3259 terus
466 3193 698 3273 scriptor
727 3206 793 3258 ad
833 3201 1002 3260 totam
1039 3206 1410 3262 collectionem
1453 3205 1713 3267 extendit.
1745 3214 1854 3270 Nec

1949 2017 2004 2069 ln
2035 2014 2303 2071 Chronico
2324 2025 2524 2081 autem,
2540 2017 2629 2085 qui
2654 2019 2900 2085 proprius
2921 2015 3062 2073 illius
3075 2027 3154 2072 est
3179 2018 3339 2085 fetus,
3363 2021 3530 2074 multo

1947 2109 2248 2163 accuratius
2278 2119 2332 2162 et
2361 2108 2530 2163 fusius
2559 2123 2718 2178 quam
2743 2119 2934 2163 czetera
2967 2113 3307 2180 prosequitur
3328 2128 3388 2167 ea
3411 2129 3533 2182 quat

1947 2202 2012 2255 ad
2044 2200 2366 2270 Burgundize
2413 2197 2635 2271 regnum
2685 2210 2950 2270 spectant,
2982 2211 3038 2256 et
3085 2202 3277 2258 librum
3325 2219 3532 2263 suuma

1948 2292 2263 2347 Guntramni
2291 2292 2608 2362 tturgundite
2637 2293 2781 2362 regis
2806 2292 3049 2347 laudibus
3077 2293 3315 2360 inchoat,
3343 2297 3530 2350 multa-

1952 2399 2057 2454 que
2080 2387 2146 2440 de
2175 2384 2294 2453 ejus
2322 2381 2604 2440 virtutibus
2633 2385 2927 2455 subjungit,
2958 2396 3120 2456 atque
3150 2401 3417 2442 annorum
3441 2403 3529 2444 se—

1951 2477 2082 2530 riem
2122 2475 2340 2529 deducit
2370 2490 2437 2529 ex
2473 2472 2792 2544 Burgundize
2822 2478 3059 2546 regibus.
3109 2477 3292 2532 Primo
3335 2477 3531 2549 quippe

1958 2581 2046 2620 res
2073 2567 2250 2635 gestas
2282 2579 2376 2635 per
2405 2565 2723 2622 Guntratnni
2754 2581 2925 2636 annos
2951 2569 3196 2639 designat
3220 2587 3235 2631 ;
3267 2585 3366 2624 nec
3385 2570 3525 2624 Chil-

1951 2657 2158 2712 debi-rti
2208 2671 2379 2712 annos
2431 2666 2696 2725 recenset,
2730 2659 3041 2729 priusquam
3075 2661 3412 2716 Guntramno
3437 2663 3533 2715 de-

1953 2753 2134 2805 luttclo
2163 2749 2516 2815 successisset
2558 2750 2611 2806 in
2673 2752 2992 2822 liurgundia‘.
3025 2768 3276 2820 regnum;
3307 2755 3534 2824 indeque

1953 2844 2168 2899 omissis
2196 2845 2374 2910 annis,
2398 2843 2592 2912 quibus
2643 2843 2785 2899 idem
2814 2844 3190 2900 Childebertus
3222 2861 3533 2916 regnaverat

1956 2935 2008 2988 in
2041 2935 2343 2999 Austrasia,
2365 2949 2535 2989 annos
2562 2935 2681 3003 ejus
2711 2937 2781 2989 ab
2835 2935 2969 2992 inito
3027 2937 3347 3006 Burgundiaa
3376 2954 3533 3007 regno

1954 3037 2251 3096 computat.
2278 3028 2368 3083 Sic
2400 3038 2519 3095 post
2559 3027 2892 3083 Childeberti
2949 3038 3201 3096 mortem,
3237 3031 3542 3100 posthabito

1961 3119 2760 3174 TlteodebertoAustrasiorum
2803 3136 2950 3190 rego,
2996 3121 3119 3176 licet
3168 3133 3295 3175 natu
3328 3122 3533 3190 majori,

1959 3227 2127 3267 annos
2151 3214 2210 3267 Tt
2234 3214 2488 3278 eoderici,
2515 3213 2601 3267 cui
2627 3213 2891 3283 obzigerat
2927 3216 3250 3285 Burgundia,
3283 3216 3535 3270 denotat;

268 3293 418 3347 aliud
451 3309 517 3347 ex
539 3279 777 3376 ngorilo
796 3283 985 3350 deduci
1032 3285 1230 3365 potest,
1263 3299 1350 3368 qui
1389 3299 1441 3353 itt
1469 3299 1697 3371 Philippi
1745 3293 1853 3359 Au;
1881 3297 1927 3368 (ξ
1960 3317 2059 3357 nec
2085 3302 2340 3356 L’hlotarii
2367 3317 2537 3356 annos
2570 3279 2837 3371 expressit
2897 3279 3206 3372 priusquam
3239 3279 3535 3360 exstinctis

264 3384 408 3452 gusti
461 3383 577 3438 Vita
611 3383 1189 3457 generatione's'regu‘m
1223 3390 1690 3460 se'comprobasse
1721 3392 1857 3450 scri-

263 3479 342 3532 bit
368 3471 650 3532 secuitduni
666 3479 946 3534 Chronicas
977 3469 1208 3536 [dociict
1246 3477 1481 3556 Gregorii
1511 3481 1853 3548 Turonensis:

262 3567 432 3638 idque
451 3584 516 3625 ex
541 3561 709 3640 ipsius
734 3569 954 3643 lligordi
998 3571 1213 3644 seriptis
1250 3577 1404 3633 facile
1452 3583 1849 3652 comprobatur.

260 3663 385 3732 Ipse
403 3659 545 3718 enim
570 3655 1010 3739 paulo'superius'
1028 3665 1095 3726 de
1131 3657 1456 3726 Francorum
1496 3653 1699 3745 origine
1724 3688 1855 3732 Irac-

259 3763 408 3820 tans,
436 3757 592 3811 aitse
613 3772 673 3810 ea
704 3753 771 3812 de
817 3757 877 3813 re
914 3755 1145 3815 sollicite
1176 3751 1515 3832 inquisinsse
1537 3784 1598 3822 ea:
1624 3759 1855 3825 HiStoria

263 3833 897 3918 Gregorii‘Turon'ensis,
922 3862 970 3906 et
1020 3870 1082 3907 ea:
1121 3848 1386 3910 Chrouicis
1438 3851 1666 3929 Eusebii,
1693 3872 1740 3916 et
1791 3882 1856 3919 ra;

257 3938 538 3994 Chronicis
568 3939 752 4023 Ido'tt'i,
772 3941 895 4023 em:
915 3937 1134 3998 aliorum
1163 3940 1442 4003 multorum
1464 3954 1685 4023 scriptis.
1718 3955 1849 4010 Tum

259 4046 324 4086 ea
359 4029 530 4086 refert
559 4020 677 4114 quis
708 4021 1127 4090 de‘ll’ranc'orum
1155 4054 1218 4092 ex
1251 4033 1520 4110 Trojanis'
1544 4020 1772 4114 origine,
1799 4058 1854 4102 et

257 4123 370 4178 alia
391 4139 514 4193 qua:
543 4111 931 4208 in‘Fredéga'rii
954 4127 1272 4208 collectione
1303 4109 1490 4199 partim
1513 4109 1615 4187 sub
1632 4109 1852 4191 liusobti

255 4231 360 4270 seu
393 4205 706 4288 Hieronymi
723 4205 961 4296 nomine,
991 4205 1181 4289 partim
1206 4221 1306 4276 sub
1334 4224 1452 4278 aliis
1477 4225 1640 4281 titulis
1656 4217 1853 4283 haben-

260 4316 374 4360 tur.
416 4308 488 4361 At
510 4307 739 4362 ldatittm
767 4324 796 4361 a
822 4297 1166 4381 Fredegario,
1199 4327 1292 4366 seu
1320 4303 1386 4367 ab
1415 4307 1631 4370 auctore
1658 4307 1853 4373 collec-

255 4395 428 4450 tionis
456 4395 578 4466 quae
609 4397 711 4452 sub
754 4386 1060 4468 Fri-deg'arii
1127 4393 1633 4473 nomine'habetur,
1685 4399 1852 4463 alium

254 4501 388 4542 esse
417 4487 580 4543 unico
603 4487 704 4543 hoc
725 4481 1041 4560 argumento
1076 4491 1248 4548 evinci
1296 4487 1496 4563 potest.
1529 4493 1632 4562 Qui
1674 4501 1723 4553 in
1755 4515 1850 4554 sua

251 4577 578 4662 praefatione
601 4569 909 4664 seldat'ium‘
930 4568 1082 4652 sequi
1125 4571 1424 4653 proﬁtetur,
1443 4581 1665 4658 ejusque
1688 4605 1848 4660 opera

1959 3394 2291 3449 Childeberti
2350 3394 2474 3448 liliis
2526 3394 2884 3463 Burguudiam
2934 3398 3248 3464 accepisset.
3280 3396 3535 3451 Eumdetn

1961 3488 2184 3557 patriam
2210 3487 2526 3541 Aventicum
2560 3487 2810 3542 habuisse
2840 3489 3142 3557 suspicatur
3174 3487 3437 3554 Valesius,
3467 3489 3538 3544 ob

1957 3579 2246 3648 singularia
2269 3593 2372 3648 qua
2391 3578 2510 3630 dam
2540 3577 2696 3647 hujus
2721 3578 2888 3640 utbis,
2923 3595 3042 3646 qua:
3087 3578 3178 3634 ille
3221 3579 3388 3634 fusius
3417 3596 3538 3633 nar-

1957 3679 2059 3724 rat.
2098 3669 2221 3723 llaec
2244 3668 2387 3723 enini
2415 3668 2542 3721 urbs
2599 3677 2724 3721 tunc
2750 3683 2813 3722 ex
2849 3667 3148 3737 Butgundia
3197 3668 3536 3733 censebatur,

1956 3764 2154 3832 quippe
2183 3777 2298 3828 qua:
2331 3762 2560 3830 pritnunt
2589 3761 2951 3815 Helvetiorum
2982 3771 3138 3830 caput
3165 3764 3352 3826 fuerat,
3388 3771 3443 3816 ut
3474 3780 3535 3817 ex

1959 3855 2182 3908 vetustis
2197 3849 2406 3907 Notitiis
2437 3864 2599 3920 patet,
2619 3855 2741 3908 dein
2759 3852 3242 3923 'l'rausjurensihus
3261 3853 3537 3921 attributa,

1957 3942 2168 3996 tandem
2212 3944 2528 4013 Butgundta:
2571 3959 2737 4014 regno
2776 3955 3098 3999 accesserat.
3123 3945 3539 4014 Transjurinses

1954 4043 2131 4088 autem
2147 4034 2311 4088 duces
2329 4045 2591 4088 memorat
2614 4036 2808 4104 passim
2836 4035 3070 4105 Fredega
3080 4036 3211 4100 rius,
3243 4052 3536 4105 eorumque

1953 4135 2101 4190 gesta
2135 4141 2512 4195 nonnunquam
2545 4126 2820 4181 describit.
2855 4127 3059 4181 Deinde
3089 4130 3362 4183 Aventicae
3391 4131 3537 4184 urbis

1955 4216 2139 4269 laudes
2171 4215 2288 4270 fuse
2318 4211 2660 4284 prosequitur
2680 4257 2694 4283 ,
2717 4232 2876 4284 quant
2909 4229 3026 4284 pOSt
3057 4232 3358 4285 repressam
3404 4218 3536 4273 Cer-

1955 4303 2234 4364 man'orum
2263 4307 2634 4374 rebellionem,
2669 4318 2726 4361 ut
2777 4310 2889 4376 ipse
2935 4309 3142 4376 scribit,
3169 4308 3381 4362 Flavius
3412 4310 3536 4364 Ves-

1958 4404 2208 4470 pasianus
2235 4400 2582 4462 extedificari,
2618 4415 2711 4454 seu
2755 4401 2932 4469 potius
2963 4400 3454 4470 restsurarijussit,
3486 4410 3539 4460 et

1955 4498 2257 4550 inchoatam
2289 4495 2409 4548 Tito
2423 4494 2530 4547 lilio
2558 4508 2654 4548 suo
2684 4491 3362 4564 perficiendamcommisit,
3392 4495 3535 4564 quod

1953 4603 2074 4641 cum
2109 4586 2198 4642 ille
2230 4587 2420 4641 fuisset
2445 4597 2732 4640 exsecutus
2762 4587 3011 4657 gloriose,
3039 4596 3225 4640 amata
3251 4597 3298 4641 et
3327 4583 3538 4641 nobilis-

253 4688 372 4726 uon
402 4657 571 4754 semel
604 4657 999 4758 la_'udat,'in-.mo
1027 4673 1084 4729 et
1113 4677 1363 4758 Cltronici
1397 4657 1841 4751 ip'siusepitonien
1873 4685 1922 4745 D
1948 4682 2076 4735 siina
2098 4683 2148 4734 in
2177 4680 2352 4735 Gallia
2381 4683 2517 4758 facta
2546 4689 2637 4732 est.
2683 4680 2809 4748 Ejus
2841 4678 3072 4749 denique
3110 4680 3340 4749 cladem,
3373 4698 3532 4751 quant

249 4761 417 4825 iacit‘;
441 4745 1060 4834 quique'idre’gorium'et
1090 4753 1352 4822 Isidorum
1386 4745 1634 4826 auctores
1677 4761 1845 4828 Idalio

250 4857 672 4924 posteriores'in'
700 4853 970 4925 epitomeu
1003 4847 1251 4914 redactos
1278 4855 1387 4914 suae
1424 4857 1729 4918 collectioni
1758 4867 1842 4920 in-

249 4943 450 5012 seruit,
479 4948 565 5001 hic
591 4931 778 5017 procul
812 4949 974 5003 dubio
1004 4943 1272 5023 ab'ldatio
1307 4943 1713 5023 distinguendus
1737 4953 1839 5012 est;

251 5043 387 5096 llaec
430 5051 617 5120 autem
658 5033 840 5095 omnia
893 5029 1122 5111 praestat
1157 5019 1492 5119 culiec'tionis
1545 5059 1753 5114 auctor,
1787 5060 1843 5104 ut

250 5137 376 5202 ejus
405 5123 921 5201 scripta'tesiantur,
954 5144 1007 5188 et
1029 5131 1216 5203 ipsein
1251 5127 1561 5207 praifat'ione
1587 5129 1839 5196 Chronici

248 5224 518 5278 declarat.
551 5220 756 5292 Itaque,
817 5223 1012 5292 inquit,
1063 5221 1213 5279 beati
1257 5219 1582 5297 Hieronymi,
1616 5221 1772 5285 Matii
1798 5244 1845 5286 et

247 5302 533 5384 cujusdam
558 5311 918 5391 sapientissed
942 5327 989 5368 et
1020 5311 1238 5383 Isidori,
1261 5309 1583 5386 immoque'et
1609 5320 1845 5391 Gregorii

248 5395 543 5458 Chronico:
570 5422 600 5457 α
634 5389 811 5458 mundi
855 5400 1052 5478 origine
1105 5401 1493 5480 diligentissime
1521 5404 1839 5484 percurrens,

443 5495 716 5549 decedente
732 5487 887 5566 regno
908 5488 1309 5568 Cuntchromni,
1338 5503 1417 5556 his
1434 5505 1659 5573 quinque
1679 5497 1844 5560 Chro-

246 5583 389 5668 uiEis
415 5589 572 5658 hujus
596 5575 823 5643 libi-lli...
857 5583 1070 5662 inserui;
1111 5589 1168 5646 Si
1201 5592 1318 5662 quis
1344 5609 1473 5650 vero
1497 5575 1724 5650 ldacium
1746 5613 1842 5652 seu

245 5678 520 5736 Adaciu’m
544 5668 776 5746 aliquem
804 5669 1401 5738 in‘ir’oducerevoluerit
1447 5685 1605 5756 hujus
1641 5688 1841 5743 collec-

249 5776 426 5830 tionis
441 5783 748 5839 auctorem,
783 5775 944 5829 alium
976 5777 1045 5830 ab
1075 5777 1244 5833 ldatio
1284 5779 1532 5835 Chronici
1555 5782 1840 5852 scriptore,

243 5868 342 5938 qui
367 5865 641 5933 Gregorio
670 5875 854 5918 nostro
886 5875 1042 5921 :elate
1080 5869 1348 5937 posterior
1394 5869 1575 5935 fuerit,
1607 5874 1839 5941 proferat

541 5959 654 6017 Pa’t
669 5975 810 6018 IOL.
862 5959 966 6018 LX
982 5961 1087 6020 XI.

1956 4774 2181 4829 Gallieni
2214 4772 2546 4841 temporibus
2564 4788 2590 4823 a
2613 4771 2894 4826 Germanis
2920 4781 3003 4826 est
3031 4787 3308 4842 perpessa,
3343 4777 3537 4828 unicus

1954 4877 2143 4919 auctor
2167 4875 2404 4918 enarrat.

2031 4939 2152 5009 156.
2183 4954 2351 5025 llujue
2385 4954 2623 5006 aucturis
2646 4963 2776 5007 mtas
2800 4968 2863 5007 ex
2911 4948 3095 5023 ipsius
3124 4954 3340 5024 scriptis
3368 4954 3536 5009 dedu-

1950 5036 2115 5101 cenda
2145 5057 2228 5101 est
2269 5065 2279 5100 :
2306 5046 2398 5100 sed
2425 5048 2571 5113 prius
2599 5047 2794 5116 scripta
2843 5046 2986 5099 illius
3012 5033 3220 5100 sincera
3250 5046 3319 5101 ab
3360 5048 3534 5103 adsci-

1953 5137 2102 5202 titiis,
2131 5148 2186 5191 et
2241 5137 2457 5204 quidem
2490 5137 2733 5191 codicum
2777 5130 3256 5204 manuscriptorum
3302 5144 3534 5195 auctori-

1951 5237 2080 5298 tate,
2105 5229 2433 5283 secernenda
2463 5237 2588 5282 sunt
2619 5246 2632 5281 :
2658 5239 2824 5308 quare
2858 5243 2979 5296 qua:
3009 5226 3065 5282 in
3086 5221 3308 5299 singulis
3331 5233 3532 5288 codici-

1947 5321 2045 5376 bus
2073 5315 2369 5376 habeantur
2389 5322 2698 5375 examinare
2731 5321 2901 5390 juvat.
2930 5322 3007 5376 Ex
3036 5324 3312 5381 codicibus
3346 5330 3531 5380 manu-

1949 5415 2163 5483 scriptis
2194 5421 2247 5469 et
2271 5415 2429 5469 editis
2460 5415 2647 5484 liquet,
2679 5413 3082 5485 Fredegarium,
3113 5432 3208 5472 seu
3237 5418 3531 5488 quemlibet

1947 5506 2131 5570 alium,
2152 5505 2242 5575 qui
2257 5506 2356 5559 sub
2381 5507 2481 5561 hoc
2502 5505 2719 5560 nomine
2742 5506 2900 5560 hodie
2925 5517 3080 5560 notus
3097 5516 3199 5574 est,
3228 5515 3526 5573 auctorem,

1945 5613 2012 5652 ex
2040 5596 2200 5650 variis
2225 5595 2560 5666 antiquorum
2588 5597 2856 5666 excerptis
2879 5589 3246 5652 collectionem
3277 5596 3530 5652 historia-

1947 5705 2064 5743 rum
2089 5685 2301 5752 fecisse,
2332 5689 2416 5742 cui
2446 5703 2626 5742 rerum
2657 5695 2898 5758 tempore
2924 5699 3021 5744 suo
3046 5696 3312 5758 gestarum
3343 5705 3528 5745 narra-

1948 5781 2147 5834 tionem
2177 5778 2445 5848 adjunxit.
2479 5781 2550 5834 At
2578 5794 2701 5834 cum
2748 5783 2897 5836 varia
2949 5781 3002 5834 in
3031 5780 3196 5834 variis
3250 5784 3527 5840 codicibus

1948 5872 2197 5938 opuscula
2229 5874 2341 5923 hzec
2371 5873 2618 5926 collectio
2640 5871 3027 5940 complectatur
3089 5889 3190 5926 non
3221 5877 3354 5929 adeo
3374 5878 3524 5932 facil:

3133 5969 3168 6020 Is
