3994 6332
430 365 530 423 10⁸1

1849 359 2240 421 PREFATIO.
2264 404 2269 407 τ

3610 366 3713 420 i08-

428 491 514 535 est
543 494 626 546 ea,
655 486 773 546 quae
801 489 830 529 a
856 474 1027 544 primo
1053 481 1274 527 auctore
1298 472 1525 530 collecta
1556 481 1708 540 sunt,
1742 483 1890 529 certo
1918 475 2011 529 de—
2040 478 2092 537 Α
2124 470 2343 526 nuensis
2369 484 2492 526 esse
2528 470 2740 527 videtur
2778 473 2920 542 quod
2954 473 3039 528 hic
3069 475 3189 529 libri
3215 478 3404 545 quarti,
3435 484 3555 537 loco
3577 485 3717 536 terni

428 571 605 625 ﬁnire.
637 569 951 636 Quanquam
1005 564 1133 619 illud
1164 579 1385 619 onmno
1427 576 1577 620 extra
1619 564 1841 619 dubium
1891 581 2013 621 esse

424 662 657 724 videtur,
688 657 931 728 Gregorii
961 656 1229 722 epitomen
1252 664 1308 711 et
1331 656 1653 711 Chronicum
1679 659 1729 713 ei
1758 656 2013 728 subjunc—

427 760 539 805 tum
568 747 815 803 sinceros
844 762 965 803 esse
1007 746 1164 816 hujus
1213 746 1451 802 auctoris
1498 747 1674 816 fetus;
1730 763 1853 804 cum
1899 750 2015 804 bzec

424 842 703 913 opuscula,
736 841 841 896 etsi
867 838 1192 895 Chronicum
1228 839 1705 896 inaliiscodicibus
1731 840 2011 911 prolixius,

426 941 479 991 iu
513 936 789 991 nonnullis
813 949 945 989 vero
970 935 1187 991 brevius
1217 942 1419 999 exstet,
1446 935 1498 988 in
1522 934 1776 989 omnibus
1796 936 2018 989 omnino

432 1029 836 1098 exemplaribus
862 1028 1191 1083 habeantur.
1225 1027 1302 1082 De
1328 1027 1450 1082 aliis
1485 1026 1643 1097 hujus
1682 1028 2019 1083 collectionis

430 1123 672 1190 partibus
692 1121 1001 1176 dicendum.

502 1237 626 1291 137.
656 1236 835 1291 Codex
873 1234 933 1289 V.
959 1236 1042 1289 Cl.
1077 1235 1264 1291 Jacobi
1316 1235 1611 1304 Sirmondi,
1653 1253 1814 1305 quem
1858 1239 2020 1294 modo

425 1330 901 1385 Claromontanum
928 1328 1221 1397 appellant,
1243 1329 1387 1398 quod
1412 1330 1465 1384 in
1507 1330 1795 1385 Parisiensi
1838 1332 2017 1385 Ludo-

426 1421 534 1473 vici
557 1420 730 1488 Magni
759 1419 993 1487 collegio
1016 1418 1437 1473 Claromontauo
1467 1416 1795 1486 asservetur,
1824 1422 2025 1475 szr-culo

423 1511 656 1578 septimo
672 1511 933 1576 scriptus,
959 1510 1006 1562 id
1038 1519 1122 1564 est
1150 1510 1368 1565 vivente
1397 1510 1738 1566 collectionis
1777 1524 2019 1578 auctore,

429 1601 604 1668 primo
634 1600 1076 1669 chronologicum
1109 1614 1246 1669 opus
1296 1600 1514 1654 exhibet
1539 1600 1642 1655 sub
1688 1601 1846 1656 titulo
1908 1602 2023 1655 libri

2117 565 2262 632 scrip
2278 563 2412 628 erit,
2432 572 2490 617 nt
2509 579 2577 618 ex
2601 563 2919 633 prmcedenti
2946 574 2997 620 et
3020 567 3369 637 subsequenti
3394 570 3533 625 hbro
3560 588 3714 643 pers-

2118 653 2333 723 picuum
2366 655 2454 717 lit;
2497 652 2594 707 nisi
2628 652 2713 708 hic
2735 670 2888 709 error
2918 671 2980 710 ex
3035 657 3277 724 ejusdem
3307 660 3592 729 scriptoris
3620 678 3710 717 0s-

2117 746 2339 801 uetantia
2369 749 2714 817 processerit,
2742 749 2829 817 qui
2863 750 3097 815 incaute,
3130 765 3233 804 nec
3260 752 3393 806 satis
3424 754 3711 810 attendens

2118 836 2185 892 ad
2217 837 2540 893 divisionem
2563 855 2720 909 quam
2744 851 2930 893 auctor
2975 839 3027 894 in
3079 842 3347 909 prioribus
3379 842 3535 899 libris
3559 845 3713 900 insti-

2121 935 2316 991 tuerat,
2361 926 2531 983 libros
2575 939 2864 999 sequentes
2917 932 3077 984 modo
3124 932 3419 988 secundum
3472 937 3707 1001 tertium,

2123 1018 2282 1072 modo
2314 1019 2531 1074 tertium
2563 1033 2811 1090 quartum
2834 1023 3203 1091 appellaverit.
3239 1025 3302 1078 Et
3330 1026 3544 1095 quidem
3560 1030 3708 1096 juxta

2120 1108 2390 1164 Cunisiani
2423 1113 2646 1167 minoris
2666 1115 2927 1167 calculum
2954 1114 3129 1183 reipsa
3156 1114 3293 1169 liber
3322 1115 3425 1170 iste
3451 1129 3532 1172 est
3552 1135 3712 1187 quar-

2121 1206 2232 1262 tus,
2263 1201 2349 1254 cui
2381 1203 2650 1256 consrntit
2670 1203 2838 1258 codex
2882 1204 3267 1260 Ambrosianus
3297 1208 3435 1275 apud
3488 1208 3709 1264 Lambe-

2131 1293 2272 1345 ciutn
2308 1305 2453 1346 tomo
2489 1293 2529 1347 ll
2575 1293 2919 1349 Bibliotheca:
2973 1295 3401 1352 Vindobonensis
3449 1299 3708 1367 laudatus,

2129 1382 2219 1452 qui
2250 1385 2328 1438 sic
2359 1382 2521 1439 habet
2553 1402 2567 1438 :
2599 1383 2792 1456 Incipit
2844 1386 3079 1455 prie/alio
3108 1385 3290 1442 Graeca
3335 1388 3477 1444 Libri
3518 1395 3706 1459 quarti.

2126 1476 2194 1527 At
2219 1474 2389 1529 codex
2413 1474 2752 1531 Boherianns
2778 1518 2793 1542 ,
2819 1478 2907 1547 qui
2940 1476 3005 1532 ad
3034 1478 3241 1533 calcem
3272 1482 3625 1549 przecedentis
3650 1485 3710 1538 li-

2125 1564 2205 1619 bri
2246 1564 2451 1620 habet:
2481 1565 2707 1634 Explicit
2758 1568 2884 1621 liber
2924 1569 3138 1637 primus,
3172 1569 3256 1623 isti
3313 1587 3528 1642 quoque
3585 1575 3711 1627 sub-

423 1655 831 1763 igmcmuanum,
863 1655 1108 1744 a"mundi
1136 1655 1408 1746 gremio“
1437 1690 1505 1745 ad
1536 1692 2027 1762 regnumAssyrim
2120 1657 2345 1763 junxit':
2374 1655 2759 1763 [inplicil‘liber
2780 1660 3054 1763 secundus.
3084 1661 3237 1763 Initio
3259 1673 3435 1719 autem
3470 1669 3710 1735 praellae-

424 1803 566 1843 rum.
598 1787 731 1842 Tum
755 1786 1150 1854 subiunguntur
1189 1783 1321 1837 varii
1379 1784 1630 1851 catalogi,
1690 1798 1883 1852 nempe
1914 1783 2021 1838 Ro-

425 1892 705 1933 manorum
731 1876 1114 1944 imperatorum
1147 1874 1215 1929 ab
1254 1874 1495 1941 Augusto
1517 1875 1583 1927 ad
1628 1873 2017 1939 Alexandrum,

422 1979 781 2043 cognomento
809 1968 1300 2037 Se\'erutp,regutn
1331 1966 1701 2029 Hebraeorum,
1734 1975 1841 2022 etc.
1861 1984 1876 2031 ;
1900 1971 2030 2023 sub-

423 2070 722 2130 sequuntur
772 2071 1036 2113 annorum
1095 2056 1507 2127 supputationes
1575 2057 1644 2111 ab
1695 2057 1905 2112 Adatno
1953 2058 2020 2114 ad

422 2149 696 2205 Christum
728 2158 934 2203 natum.
967 2147 1104 2202 Tum
1144 2147 1419 2218 catalogus
1446 2145 1811 2202 Romanorum
1847 2149 2022 2217 ponti-

428 2240 590 2294 l‘tcum
612 2253 644 2292 a
667 2246 857 2292 sancto
876 2238 1032 2291 Petro
1068 2234 1135 2290 ad
1169 2236 1537 2302 Theodorum,
1566 2237 1657 2305 qui
1682 2251 1841 2293 manu
1864 2238 2023 2307 paulo

427 2328 712 2385 recentiori
744 2330 941 2385 exinde
955 2332 1304 2385 continuatur
1333 2329 1400 2384 ad
1428 2330 1754 2386 Hadrianum
1787 2330 1829 2385 1.
1858 2331 2021 2387 Deni-

425 2436 529 2491 quo
551 2421 713 2477 breve
742 2422 1055 2477 cbronicum
1087 2420 1372 2490 subjicitur
1395 2437 1426 2476 a
1484 2421 1663 2476 mundi
1695 2422 1924 2477 exordio
1953 2423 2020 2477 ad

429 2530 632 2569 annum
663 2514 725 2569 51
766 2514 996 2571 Heraclii
1026 2513 1389 2583 imperatoris,
1420 2524 1581 2584 atque
1613 2514 1667 2567 hi
1709 2514 1940 2582 catalogi
1968 2524 2023 2569 et

427 2606 841 2676 suppetationes
888 2616 1244 2661 recensentur
1273 2606 1325 2660 in
1360 2606 1555 2681 indice,
1584 2605 1675 2676 qui
1704 2606 1860 2661 initio
1894 2607 2018 2661 libri

431 2700 750 2769 prtetlgitur.
782 2699 936 2755 Hunc
965 2700 1215 2754 eumdem
1252 2698 1445 2754 librum
1489 2698 1651 2754 habet
1684 2698 1852 2753 eodex
1884 2712 2022 2753 unus

428 2792 655 2861 Canisii,
690 2793 868 2848 minor
898 2793 968 2847 ab
997 2807 1062 2848 eo
1081 2792 1282 2857 dictus,
1313 2803 1367 2847 et
1395 2792 1476 2846 sic
1494 2807 1617 2846 eum
1640 2792 1899 2862 deinceps
1927 2807 2022 2860 ap-

431 2884 779 2953 pellabimus,
833 2883 1074 2953 exceptis
1129 2883 1391 2953 catalogis
1437 2882 1665 2952 aliisque
1731 2885 2017 2951 compotis,

428 2992 550 3046 quae
584 2987 760 3031 tamen
801 2976 983 3031 omnia
1024 2976 1368 3031 amaunensis
1418 2975 1549 3029 vitio
1593 2976 1645 3029 in
1690 2974 1784 3029 illo
1832 2975 2020 3031 codice

434 3069 635 3123 omissa
664 3066 831 3122 fuisse
853 3075 999 3138 patet
1026 3081 1089 3121 ex
1127 3065 1460 3135 prmfatione,
1494 3065 1546 3118 in
1570 3078 1698 3134 qua,
1721 3064 1863 3119 sicut
1883 3073 1939 3120 et
1963 3065 2017 3120 in

431 3162 621 3217 codice
648 3161 941 3228 Sirmondi,
975 3170 1233 3215 auctorse
1262 3160 1403 3214 inter
1430 3160 1594 3213 multa
1617 3158 1885 3214 dicturum
1904 3160 2019 3229 pol-

435 3254 630 3311 licetur
645 3253 714 3308 de
740 3252 1001 3321 ejusmodi
1040 3252 1220 3306 rebus.
1249 3252 1415 3305 Porro
1448 3250 1535 3305 bic
1567 3249 1876 3306 Iiberabest
1906 3266 2017 3305 om-

429 3348 561 3400 nino
588 3360 619 3399 a
662 3344 939 3399 codicibus
955 3342 1245 3398 Canisiano
1266 3342 1470 3412 majore
1490 3351 1544 3396 et
1583 3342 1907 3407 Boheriano,
1933 3358 2021 3397 cu-

431 3436 520 3505 jus
546 3436 664 3490 loco
688 3436 739 3489 hi
768 3434 1028 3491 exhibent
1061 3434 1304 3489 libellum
1331 3433 1513 3499 Quinti
1542 3433 1671 3489 Julii
1703 3433 2017 3502 Hilarionis,

429 3528 519 3598 qui
543 3528 597 3583 in
630 3527 967 3581 Bibliotheca
993 3525 1212 3580 Patrum
1231 3526 1420 3581 editus
1446 3535 1549 3581 est.

504 3663 629 3717 138.
671 3659 834 3716 Liber
855 3659 1123 3715 secundus
1146 3658 1554 3729 Fredegariante
1572 3660 1915 3716 collectionis
1942 3660 2021 3715 sic

430 3754 677 3809 absolute
715 3753 767 3806 in
795 3753 980 3808 codice
1000 3752 1271 3808 Sirmondi
1319 3751 1578 3817 habetur,
1618 3753 1821 3823 absque
1870 3751 2022 3806 titulo

433 3844 541 3897 alio
568 3863 583 3899 :
611 3842 800 3913 Incipit
833 3844 1115 3914 capitolare
1137 3841 1399 3897 Chronece
1452 3840 1709 3896 Cironimi
1731 3859 2019 3914 scarpsum.

435 3935 694 3990 Contiuet
717 3935 888 4003 capita
914 3932 984 3986 σε
1028 3949 1055 3987 a
1084 3934 1204 3988 Nini
1237 3949 1403 4004 regno
1450 3948 1617 4001 usque
1661 3934 1726 3987 ad
1782 3932 2021 3988 Belisarii

434 4038 687 4082 mortem.
723 4026 817 4079 llic
846 4025 985 4083 idem
1034 4025 1255 4081 omnino
1302 4024 1437 4080 liber
1466 4024 1694 4082 habetur
1745 4023 1797 4080 in
1838 4024 2023 4081 co«’ice

433 4120 646 4178 minore
672 4120 961 4176 Canisiano
988 4120 1088 4176 sub
1120 4121 1221 4175 hoc
1254 4120 1444 4175 titulo:
1480 4118 1743 4192 Incipiunt
1791 4120 2023 4189 capitula

437 4211 708 4267 Chronica:
724 4209 1031 4283 Hieronymi
1052 4228 1340 4275 excursum,
1373 4218 1429 4266 et
1472 4210 1524 4265 in
1579 4211 1901 4281 Buheriano,
1934 4211 2020 4265 ubi

437 4305 696 4376 Incipiunt
718 4303 994 4360 Chronecte
1024 4304 1348 4375 Hieronymi.
1381 4303 1487 4358 Sed
1511 4305 1561 4357 in
1585 4316 1810 4373 utroque
1839 4303 2025 4358 codice

434 4399 776 4453 interseritur
809 4398 1041 4452 Historia
1090 4398 1296 4451 Daretis
1324 4395 1491 4469 Frigii
1521 4398 1583 4451 de
1621 4398 1816 4468 origine
1852 4395 2026 4450 Fran-

434 4504 633 4555 corum,
664 4490 884 4542 omniuo
915 4487 1177 4553 lahulosa,
1224 4488 1328 4542 alia
1360 4486 1536 4543 tamen
1567 4487 1635 4543 ab
1653 4504 1713 4543 ea
1745 4503 1901 4558 quam
1926 4489 2024 4543 sub

2125 1759 2210 1803 rat
2242 1767 2255 1801 :
2290 1747 2729 1821 Incipitpra'fatio
2749 1768 2933 1822 grasea.
2963 1753 3097 1807 Tum
3127 1772 3142 1807 :
3169 1755 3402 1823 Capituli
3426 1762 3495 1813 lab
3526 1762 3709 1830 i,quad

2051 1845 2099 1904 B
2124 1848 2197 1892 est
2226 1855 2529 1908 excarpsum
2558 1846 2620 1894 de
2670 1841 2935 1896 Chronici:
2970 1841 3138 1898 Grazc.
3184 1848 3342 1914 episc.
3373 1846 3709 1907 Tlioronacis.

2125 1928 2316 1995 Incipit
2345 1929 2492 1985 liber.
2524 1930 2751 2003 Cumque
2780 1933 3009 1988 Vandali
3035 1978 3049 1999 ,
3074 1947 3178 1990 etc.
3207 1937 3449 1994 Similem
3504 1942 3710 1998 titulum

2123 2024 2391 2080 exSIitisse
2417 2024 2469 2078 in
2502 2026 2696 2079 minori
2736 2026 3021 2081 Canisiauo
3042 2043 3105 2083 ex
3129 2043 3195 2083 eo
3222 2031 3543 2100 colligimus,
3573 2036 3710 2103 quod

2126 2117 2216 2171 ille
2239 2132 2336 2187 pro
2365 2121 2463 2171 suo
2495 2133 2643 2172 more
2666 2119 2866 2172 omisso
2892 2120 3247 2183 capitulorum
3301 2125 3474 2177 indice
3505 2126 3710 2181 titulum

2136 2209 2274 2264 libro
2305 2209 2593 2278 prteﬁxerit
2627 2226 2639 2262 :
2671 2208 2860 2281 Incipit
2886 2212 3123 2281 praefatio
3158 2214 3273 2267 libri
3295 2217 3484 2284 quarti,
3508 2233 3712 2287 excerp-

2136 2308 2243 2352 tum
2269 2300 2330 2351 de
2349 2296 2604 2353 Chronica
2635 2298 2812 2353 Gra’ca
2850 2298 3189 2355 Thoromaclti
3235 2304 3478 2374 episcopi.
3528 2307 3713 2361 existi.

2125 2406 2275 2444 mans
2294 2392 2432 2445 hunc
2449 2390 2639 2445 librum
2660 2404 2966 2461 excerptum
2988 2392 3155 2452 fuisse
3176 2406 3229 2451 et
3246 2395 3529 2453 Latinitate
3543 2399 3713 2455 dona-

2126 2492 2237 2537 tum
2262 2484 2329 2539 ab
2355 2493 2588 2538 auctore
2613 2484 2795 2538 saeculi
2827 2487 2951 2539 noni
2980 2502 3043 2540 ex
3096 2485 3362 2543 Chronico
3391 2489 3712 2548 Thoromal-i

2121 2573 2398 2642 cujusdam
2422 2574 2659 2644 episcOpi
2680 2575 2876 2643 ϐπερὶ,
2899 2576 3039 2647 quod
3057 2576 3245 2633 falsum
3271 2596 3389 2635 esse
3411 2582 3521 2653 jam
3556 2599 3713 2639 nemo

2130 2677 2321 2721 nescrt.

2201 2754 2329 2809 HO.
2363 2754 2491 2809 Post
2543 2753 2885 2826 Gregoriana:
2934 2758 3178 2814 Historiae
3225 2762 3496 2831 epitomen
3545 2766 3714 2825 codex

2131 2843 2450 2900 Canisianus
2480 2844 2654 2901 minor
2699 2847 2860 2903 habet
2902 2849 3097 2905 Juliani
3152 2852 3440 2909 Hilarionis
3494 2856 3712 2924 librum,

2120 2949 2279 3005 quem
2334 2937 2575 2992 nonnulli
2637 2938 2889 3002 codices,
2950 2949 3006 2994 ut
3072 2957 3232 3010 supra
3286 2946 3712 3016 observavimus,

2122 3027 2294 3097 primo
2310 3029 2428 3084 loco
2443 3030 2715 3086 exhibent.
2740 3032 2792 3086 ln
2811 3033 3107 3088 Bolteriuno
3121 3051 3249 3092 vero
3264 3038 3449 3095 codice
3473 3042 3716 3110 proximo

2121 3133 2239 3192 post
2256 3124 2525 3192 epitomen
2543 3126 2781 3193 sequitur
2802 3125 3126 3182 Chronicum
3152 3129 3252 3185 sub
3278 3132 3436 3187 titulo
3463 3135 3581 3188 libri
3614 3134 3708 3190 Ill

2042 3211 2089 3274 C
2121 3215 2515 3270 Chronecte..At
2539 3216 2989 3273 codexSirmomli
3017 3220 3177 3276 habet
3209 3220 3441 3292 :Incipit
3470 3227 3715 3299 prologue

2120 3307 2395 3371 cuiusdam
2426 3309 2695 3378 sapientis,
2723 3325 3022 3380 quanquam
3056 3328 3155 3368 nec
3180 3313 3293 3384 ipse
3316 3316 3589 3387 prologue,
3616 3335 3715 3374 nec

2121 3399 2262 3453 aliud
2294 3398 2585 3468 quidquam
2608 3399 2726 3469 ejus
2748 3401 2865 3457 loco
2902 3402 3100 3458 ibidem
3156 3415 3377 3474 exstat,
3404 3408 3499 3463 sed
3566 3410 3715 3464 nullo

2122 3491 2298 3558 spatio
2330 3490 2517 3545 relicto
2539 3490 2824 3547 exhibetur
2883 3492 3191 3564 Fredegarii
3224 3497 3545 3553 Chronicum
3579 3516 3716 3568 pra-

2123 3584 2289 3636 misso
2330 3580 2432 3637 hoc
2481 3581 2673 3637 titulo:
2721 3580 2915 3654 Incipit
2958 3584 3262 3654 capitularit
3312 3589 3550 3644 Cronecat
3595 3592 3715 3646 libri

2121 3676 2293 3746 quarti
2323 3676 2377 3730 in
2411 3675 2603 3731 Christi
2633 3679 2859 3734 nomine.
2891 3682 2959 3734 At
2988 3691 3111 3751 post
3138 3683 3372 3753 capitum
3401 3684 3632 3742 indicem
3660 3699 3716 3742 et

2124 3768 2402 3838 prologum
2446 3768 2607 3824 habet
2645 3786 2661 3825 :
2695 3769 2762 3823 In
2812 3773 3018 3827 nomine
3069 3773 3136 3830 ι).
3172 3775 3246 3830 Ν.
3294 3774 3479 3831 LXI.
3534 3781 3717 3853 incipit

2125 3858 2382 3914 Chronica
2408 3872 2566 3915 sexta.
2594 3860 2969 3927 Guntramnus,
2994 3875 3121 3931 etc.,
3140 3874 3196 3920 ut
3224 3868 3275 3921 in
3293 3869 3452 3924 editis
3478 3872 3542 3925 ad
3566 3888 3717 3927 mor-

2127 3958 2231 4003 tem
2264 3948 2503 4005 Flacoati
2536 3952 2755 4006 relatam
2788 3954 2963 4023 capite
2998 3952 3099 4021 90;
3130 3957 3271 4024 quod
3324 3971 3482 4029 caput
3516 3962 3717 4018 Frede-

2126 4040 2329 4111 gariani
2351 4039 2607 4099 Chronici
2631 4043 2874 4099 ultimum
2900 4060 3021 4102 esse
3042 4045 3179 4103 infra
3202 4049 3715 4121 demonstrabimus,

2126 4149 2431 4204 quanquam
2461 4136 2703 4191 nonnulli
2736 4136 2827 4191 alii
2877 4137 3095 4193 codices
3126 4139 3277 4209 plura
3321 4141 3540 4198 habent.
3572 4144 3720 4204 Nihil

2128 4242 2255 4282 vero
2279 4236 2400 4297 post
2432 4228 2565 4283 illud
2594 4229 2918 4284 Chronicum
2941 4241 2998 4286 et
3022 4230 3139 4302 ejus
3184 4234 3590 4291 continuatores
3614 4237 3718 4291 ha-

2129 4318 2256 4372 bent
2282 4317 2373 4371 alii
2400 4318 2634 4383 codices,
2663 4328 2719 4374 at
2738 4318 3151 4379 Sirmondianus
3178 4324 3374 4379 librum
3399 4340 3718 4396 sequentem

2128 4406 2348 4462 exhibet
2372 4408 2450 4462 sic
2480 4409 2795 4478 inscriptum
2830 4427 2844 4463 :
2879 4410 2943 4464 In
2965 4412 3169 4467 nomine
3205 4412 3415 4470 Sancta:
3448 4415 3721 4471 Trinitatis

2128 4499 2306 4567 incipit
2338 4498 2463 4552 liber
2488 4498 2513 4551 1
2544 4515 2561 4553 ι
2589 4499 2634 4554 Ι.
2664 4508 3071 4558 ΚΡΩΝΗΚΩΡΩΜ
3094 4504 3189 4557 sci.
3215 4503 3428 4559 Etedori
3454 4504 3574 4577 Epi.
3596 4504 3722 4560 Pri-

438 4574 600 4649 hujns
629 4580 863 4633 auctoris
888 4580 1107 4633 nomine
1150 4580 1202 4631 in
1247 4577 1436 4633 codice
1488 4593 1590 4633 ms.
1622 4579 1794 4634 sancti
1848 4580 2020 4634 Albini
2055 4597 2104 4656 ι)
2130 4603 2245 4640 mus
2264 4604 2328 4643 ea:
2358 4588 2484 4643 Hsis
2507 4587 2682 4644 Julius
2713 4591 2990 4660 Africanus
3012 4594 3105 4647 sub
3143 4596 3270 4666 imp.
3304 4594 3484 4650 Marco
3502 4574 3720 4652 ‘Aurilio

436 4669 835 4739 Audegavensis
864 4685 1033 4739 nuper
1064 4671 1311 4724 vidimus.
1348 4671 1515 4725 Porro
1552 4669 1746 4724 librum
1771 4671 1912 4725 hunc
1933 4686 2025 4725 co-

435 4761 537 4814 dex
564 4761 739 4814 minor
768 4761 1083 4815 Canisianus
1129 4762 1179 4814 in
1209 4761 1346 4815 duos
1377 4762 1624 4832 partitur.
1654 4760 1888 4816 Primum
1920 4776 2020 4827 ap-

437 4853 599 4921 pellat
626 4854 814 4907 librum
846 4869 881 4907 ll
913 4855 1319 4924 generationum,
1368 4870 1529 4923 quem
1588 4855 1813 4924 epistola
1868 4850 2021 4910 ldatii

435 4947 703 5001 concludit
729 4965 743 5013 ;
767 4947 991 5003 alterum
1015 4963 1143 5003 vero
1169 4949 1352 5002 librum
1383 4948 1647 5004 Chronij
1670 4952 1891 5004 tertium.

508 5058 630 5114 159.
665 5059 822 5115 Liber
852 5060 1041 5115 tertius
1075 5058 1229 5115 titulo
1259 5071 1406 5116 caret
1435 5061 1486 5115 in
1516 5062 1765 5116 omnibus
1804 5062 2023 5117 omnino

441 5151 857 5217 manuscriptis;
894 5153 971 5205 sic
985 5152 1227 5206 absolute
1251 5152 1501 5221 incipitin
1516 5152 1699 5207 codice
1720 5153 2020 5208 Sirmondi:

439 5239 634 5309 Incipit
659 5240 896 5309 prafatio
944 5238 1202 5311 Gregorii.
1232 5240 1536 5309 Deceaente,
1562 5250 1699 5307 etc.;
1726 5252 1858 5306 tum,
1882 5240 2026 5296 Inci-

436 5332 508 5403 pit
537 5329 855 5395 capetolares
884 5329 1203 5401 libriqnarti,
1234 5332 1374 5400 quod
1403 5342 1752 5403 estscarpsum
1778 5331 1842 5385 de
1864 5332 2017 5385 Chro-

436 5422 550 5472 nica
573 5414 807 5488 Gregorii
834 5418 1075 5489 Episcopi
1098 5418 1377 5485 Toronaci,
1403 5423 1454 5473 in
1480 5418 1671 5493 Citrisli
1689 5420 1893 5473 nomine
1906 5420 2019 5488 ﬁat.

439 5507 639 5564 Deinde
666 5507 833 5581 Caput
864 5512 888 5565 1
934 5510 998 5563 de
1024 5509 1236 5573 Chunis,
1270 5518 1375 5564 etc.
1400 5509 1449 5564 is
1476 5507 1613 5565 liber
1650 5520 1732 5564 est
1794 5509 2021 5564 llistoria

438 5597 679 5669 Gregorii
705 5601 1016 5670 epitomate,
1039 5615 1159 5670 qua:
1182 5600 1321 5655 edita
1352 5611 1450 5653 cst.
1485 5600 1649 5654 Error
1675 5610 1851 5655 autem
1880 5616 2022 5654 ama-

2126 4681 2375 4748 Antonio,
2398 4692 2503 4735 etc.
2540 4681 2593 4735 In
2621 4683 2725 4736 line
2753 4691 2930 4737 autem
2967 4698 2983 4739 :
3009 4683 3236 4755 Explicit
3263 4686 3388 4741 liber
3407 4688 3721 4745 breviarium

2126 4782 2413 4840 temporum
2451 4791 2483 4827 a
2507 4784 2684 4828 sancto
2713 4774 2972 4830 Hesidoro
3002 4778 3268 4833 collectum
3280 4780 3433 4849 juxta
3464 4780 3725 4838 Historia:

2126 4864 2283 4933 [idem
2325 4867 2390 4919 ab
2437 4867 2583 4920 initio
2640 4868 2822 4920 mundi
2868 4884 3026 4938 usque
3091 4874 3528 4941 qua..'ragensemo
3579 4891 3725 4930 anno

2128 4956 2480 5013 thlolacltarii
2509 4962 2663 5029 regis.
2697 4962 2763 5017 Ει
2791 4965 2869 5017 sic
2895 4966 3062 5016 codex
3084 4963 3300 5018 desiuit.
3580 5030 3583 5031 ν

2202 5046 2326 5101 «Ml.
2372 5049 2496 5105 Haec
2524 5066 2684 5119 porro
2714 5052 2881 5108 iusius
2910 5055 3157 5122 perSequi
3186 5054 3355 5108 visum
3386 5065 3490 5120 est,
3518 5065 3577 5111 ut
3606 5058 3727 5112 sin-

2128 5154 2249 5193 cera
2273 5138 2575 5210 Fredegarii
2600 5156 2762 5211 opera
2786 5154 3060 5213 perspecta
3084 5140 3396 5198 habeantur.
3426 5146 3552 5200 Inde
3572 5149 3726 5203 enim

2126 5228 2451 5299 colligimus,
2479 5245 2600 5285 eum
2626 5232 2931 5288 historicum
2949 5234 3320 5289 collectionem
3343 5236 3409 5291 ab
3432 5237 3546 5307 ipso
3569 5252 3735 5291 mun-

2127 5321 2179 5373 di
2210 5321 2439 5377 exordio
2468 5322 2532 5375 ad
2564 5319 2876 5378 Guntramni
2909 5331 3119 5377 aetatem
3152 5339 3216 5378 ex
3247 5326 3406 5378 variis
3439 5335 3732 5382 auctorum

2126 5414 2407 5470 Chronicis
2437 5414 2727 5470 adornasse
2747 5457 2761 5481 ,
2789 5416 2876 5471 cui
2916 5426 3098 5485 postea
3139 5420 3218 5470 sui
3261 5420 3515 5482 temporis
3547 5418 3736 5474 histo-

2130 5504 2261 5559 riam
2292 5504 2556 5574 adjunxit.
2584 5502 2635 5557 ld
2660 5504 2830 5574 ipsum
2857 5508 3133 5574 proﬁtetur
3155 5506 3206 5561 in
3233 5509 3546 5577 praefatcne
3561 5508 3739 5564 Chro-

2130 5597 2251 5652 nico
2270 5597 2505 5667 praeﬁxa,
2528 5612 2686 5665 quam
2707 5599 2813 5653 col.
2832 5599 2937 5653 586
2951 5598 3280 5656 "edidimus.
3304 5597 3509 5672 Itaque,
3525 5602 3739 5672 inquit,

509 5731 541 5768 ’⁵
568 5731 664 5785 llic
698 5742 753 5787 et
782 5733 941 5800 intra,
971 5735 1181 5805 quoties
1211 5734 1379 5792 aberit
1415 5735 1770 5807 parenthesis,
1801 5745 2082 5793 revocatur
2114 5734 2283 5790 lector
2318 5734 2382 5789 ad
2412 5750 2666 5791 numeros
2699 5734 2837 5792 inter
2868 5745 3069 5793 textum
3101 5738 3354 5795 crassiori
3400 5740 3743 5803 charactere

444 5817 746 5866 expressus.

3128 5812 3282 5866 Eutr.
