3994 6332
330 388 424 443 I09

1744 368 2135 431 i‘lizEFATiO.

3517 372 3617 431 11η

323 509 451 565 beati
483 503 808 577 Hieronymi,
854 500 1036 557 Ydecii
1074 510 1120 554 et
1149 498 1418 571 cujusdam
1455 496 1716 566 Sapientis
1744 513 1833 549 seu
1872 507 1918 549 et
1952 498 1996 556 Α
2025 507 2294 568 anonymo
2322 492 2620 559 ttibucndi,
2652 495 2739 563 qui
2788 494 2889 550 sub
2930 494 3125 551 Carolo
3168 495 3357 565 Magno
3388 494 3614 564 vixerit;

323 600 538 665 lsidori,
583 597 839 664 immoque
875 603 923 648 et
950 591 1183 663 Gregorii
1216 590 1494 645 Cltronicas
1530 606 1560 641 a
1602 588 1780 641 mundi
1809 588 1914 639 ori-

322 692 433 764 giae
468 702 771 758 perennem
813 700 973 755 usque
1010 682 1284 735 decedente
1329 695 1484 750 regno
1523 677 1917 762 Guntcltramni,

324 782 401 835 Itis
426 781 649 849 quinque
672 776 939 833 Cltront'cis
959 771 1117 844 hujus
1151 772 1425 826 Μόθων...
1468 771 1681 823 inserui.
1723 768 1918 823 Tram-
1972 784 1991 795 ἀ

329 884 441 927 acto
478 885 703 942 namque
749 858 986 940 Gregorii
1044 864 1307 919 solamine
1350 874 1636 946 temporum
1686 872 1919 934 (μεσπι...

324 978 436 1033 quas
459 970 634 1033 postea
656 960 780 1013 mihi
804 960 1008 1030 fuerunt
1037 956 1313 1025 cognita...
1344 952 1556 1024 legendo
1579 954 1732 1006 simul
1755 960 1803 1006 et
1830 958 1924 1005 au-

325 1053 536 1117 diendo,
568 1053 720 1105 etiam
750 1048 967 1105 videndo
997 1055 1181 1101 cuncta
1206 1060 1320 1116 qua
1349 1045 1661 1109 certi/iectus
1687 1046 1921 1115 cognovi,

327 1146 377 1199 iu
405 1132 562 1215 liuius
591 1144 753 1198 libelli
778 1142 1032 1195 volumine
1056 1141 1275 1196 scribere
1302 1156 1402 1193 non
1428 1135 1566 1193 silui.
1604 1137 1771 1207 Hujus
1798 1153 1926 1191 vero

328 1234 657 1292 collectiouis
686 1235 906 1303 integra:
929 1247 1093 1287 unum
1122 1240 1177 1286 et
1202 1229 1452 1286 eumdem
1478 1245 1598 1285 esse
1622 1236 1923 1294 auctorem,

331 1338 523 1399 prater
552 1326 921 1395 praefationem
951 1334 1006 1380 et
1036 1323 1251 1379 codices
1281 1331 1548 1387 vetustos,
1590 1322 1776 1392 probat
1806 1323 1926 1377 ubi-

328 1435 431 1490 que
455 1419 580 1490 styli
612 1418 971 1483 unilormitas,
1001 1415 1143 1470 idem
1174 1414 1550 1481 epitomatoris
1574 1416 1785 1484 genius,
1815 1430 1927 1469 ser-

332 1526 419 1565 mo
441 1511 639 1579 ubique
660 1510 884 1579 aequalis
904 1516 961 1563 et
981 1502 1083 1563 sibi
1101 1507 1314 1568 similis,
1348 1507 1398 1561 id
1416 1517 1497 1562 εει
1520 1507 1753 1561 incultus
1772 1507 1929 1575 plane

331 1620 391 1657 ac
413 1602 697 1668 barbarus,
723 1601 934 1670 quoties
954 1611 1140 1655 auctor
1160 1614 1260 1653 suo
1284 1614 1378 1653 ore
1408 1598 1663 1669 loquitur,
1692 1614 1792 1654 nec
1811 1614 1929 1654 ver-

333 1696 416 1750 bis
445 1694 611 1748 utitur
641 1694 849 1748 alienis.
885 1682 1184 1747 Vaiietates
1213 1706 1343 1745 vero
1374 1689 1508 1758 illas,
1538 1705 1672 1759 quas
1709 1690 1763 1745 in
1793 1690 1931 1746 assi-

332 1786 559 1857 gnandis
594 1785 825 1855 singulis
851 1784 1002 1839 libris
1024 1772 1238 1837 codices
1263 1784 1422 1837 etiam
1454 1782 1804 1841 vetustissimi
1835 1783 1928 1836 ba-

2024 594 2186 652 atque
2213 598 2331 638 eam
2366 584 2467 638 sub
2498 583 2599 638 hoc
2629 584 2785 639 titulo
2824 586 2996 653 reipsa
3029 585 3299 653 vulgavit;
3332 602 3490 657 quem
3521 603 3615 643 se~

2023 686 2178 728 cutus
2209 670 2560 745 Marquardus
2600 673 2904 741 Freherus,
2949 677 3274 732 Clironicum
3316 679 3418 734 sub
3459 683 3619 736 unico

2024 764 2329 833 Ft'edegarii
2361 767 2579 822 nomine
2605 762 2670 820 ad
2705 769 2843 821 idem
2869 778 3079 837 tempus
3110 771 3479 826 continuatum
3505 772 3620 827 edi-

2025 861 2124 913 dit.
2162 857 2355 912 Verum
2398 859 2556 912 aliam
2596 859 2715 914 iniit
2763 858 2898 913 viam
2932 862 3176 916 Andreas
3204 858 3494 927 Cltesnius,
3531 864 3620 934 qui

2030 961 2175 1006 tumo
2208 946 2224 1006 l
2260 940 2507 1007 Historia:
2544 939 2815 1008 Francicse
2854 955 3178 1025 scriptorum
3221 955 3359 1011 idem
3393 955 3619 1012 Chroni-

2028 1058 2150 1098 cum
2198 1043 2422 1098 inseruit
2460 1044 2559 1099 sub
2598 1040 2903 1115 Fredegarii
2945 1049 3185 1111 nomine.
3218 1047 3359 1120 quod
3398 1048 3620 1119 jubente

2028 1135 2423 1190 Childebrando
2450 1135 2656 1206 Pippini
2682 1147 2871 1206 patruo
2892 1138 3148 1206 scriptum
3182 1130 3299 1205 fuit,
3325 1148 3380 1195 et
3399 1152 3625 1196 curante

2028 1220 2327 1297 Nibelungo
2358 1226 2600 1297 ejusdem
2628 1227 3005 1285 Cliildebrandi
3030 1230 3138 1285 lilio
3156 1233 3223 1286 ad
3250 1222 3458 1302 Pippini
3483 1248 3626 1288 mor.

2033 1337 2137 1381 tem
2166 1328 2557 1390 continuatum,
2591 1328 2741 1395 quasi
2774 1329 3060 1397 primarius
3089 1332 3320 1395 scriptor
3350 1319 3622 1400 Fredega-

2031 1418 2143 1473 rins
2184 1417 2508 1473 Chronicu'm
2564 1420 2693 1473 illud
2747 1419 3008 1489 integrum
3054 1422 3433 1478 Childebrandi
3471 1423 3624 1493 jussu

2030 1509 2307 1578 scripserit
2339 1526 2508 1580 usque
2535 1510 2600 1563 ad
2644 1510 2852 1579 Pipplni
2894 1513 3357 1583 inattgurationem
3378 1555 3395 1582 ,
3424 1515 3626 1582 ipsum-

2030 1617 2135 1670 que
2162 1610 2347 1671 postea
2376 1610 2470 1656 aut
2499 1602 2637 1656 idem
2671 1603 3048 1677 Eredegarius.
3081 1616 3172 1659 aut
3200 1605 3336 1660 alius
3362 1606 3535 1676 quivis
3559 1606 3627 1661 ad

2031 1693 2271 1760 ejusdem
2303 1693 2447 1763 regis
2473 1693 2676 1748 obitum
2709 1682 3007 1765 Nibelungo
3031 1695 3253 1765 jubente
3281 1701 3627 1766 protraxerit.

2033 1784 2103 1837 At
2132 1775 2296 1839 falsus
2326 1794 2410 1841 est
2438 1791 2519 1841 vir
2542 1778 2814 1856 eruditus,
2856 1788 3113 1857 deceptus
3155 1791 3504 1857 inscriptione
3528 1807 3622 1846 co-

336 1880 484 1945 bent,
527 1894 593 1932 ex
637 1878 1046 1930 amanuensium
1078 1876 1305 1940 incuria,
1336 1883 1393 1929 ut
1416 1874 1526 1944 jam
1553 1874 1816 1943 diximus,
1848 1876 1930 1930 vi—
1964 1878 2010 1937 B
2035 1880 2168 1935 dicis
2197 1879 2490 1958 Petaviani,
2526 1896 2682 1948 quam
2715 1880 2960 1935 dedimus
2987 1872 3235 1936 columna
3269 1881 3395 1946 685,
3422 1898 3489 1938 ex
3520 1899 3627 1951 qua

334 1972 531 2025 dentur
562 1970 915 2040 processisse.
948 1967 1215 2021 Cmterum
1245 1966 1346 2021 etsi
1382 1966 1582 2021 nullum
1614 1966 1932 2037 scriptorem

339 2064 667 2132 Hieronymo
697 2060 1051 2115 vetustiorem
1093 2059 1271 2112 laudet
1321 2058 1412 2113 ille
1452 2065 1675 2124 auctor,
1713 2066 1782 2112 ex
1826 2072 1935 2128 quo

334 2170 484 2211 suam
506 2153 879 2210 collectionem
901 2151 1375 2212 consarcionverit,
1400 2150 1731 2220 antiquiores
1754 2156 1933 2205 tamen

336 2248 669 2317 excerpsisse
707 2261 792 2301 res
822 2245 889 2300 ab
918 2259 983 2299 eo
1026 2252 1253 2297 narratu:
1292 2245 1542 2312 probant,
1573 2257 1694 2298 cum
1736 2241 1933 2297 Julium

337 2338 650 2395 Africanum
671 2380 687 2406 ,
716 2354 777 2395 ex
808 2354 914 2407 quo
944 2338 1110 2391 multa
1138 2335 1407 2404 excerpsit
1437 2334 1718 2402 Eusebius,
1748 2334 1936 2389 Hiero-

338 2432 516 2502 nymi,
565 2438 661 2486 aut
702 2428 919 2484 Eusebii
958 2443 1117 2496 quem
1168 2426 1523 2495 Hieronymus
1571 2425 1932 2491 continuauit,

336 2522 557 2575 nomine
584 2515 1061 2589 comprehettdzsse
1092 2525 1244 2570 extra
1274 2513 1493 2569 dubium
1522 2528 1643 2570 esse
1671 2514 1929 2568 videatur.

336 2613 517 2679 Quare
543 2610 821 2678 antiquum
862 2606 1094 2677 aliquem
1132 2617 1403 2660 auctorem
1434 2604 1599 2659 alium
1622 2604 1698 2659 ab
1724 2604 1933 2659 Africa-

336 2720 431 2772 no,
464 2703 553 2772 qui
584 2711 829 2772 tempore
859 2686 1150 2755 Alexandri
1180 2698 1371 2754 Severi
1403 2697 1618 2762 vixerit,
1661 2707 1719 2752 ut
1762 2694 1933 2751 visum

337 2807 422 2851 est
452 2796 579 2851 viris
608 2794 814 2863 aliquot
840 2793 1067 2848 eruditis
1107 2801 1226 2861 post
1256 2790 1543 2846 llenrieum
1572 2791 1861 2866 Canisium‘
1883 2799 1939 2844 ct

336 2881 579 2943 "arcum
604 2884 935 2951 Welserum,
966 2884 1254 2937 admittere
1284 2866 1389 2936 non
1421 2883 1637 2936 videtur
1684 2895 1938 2937 necessa-

338 2982 517 3046 rium;
568 2994 873 3050 quanquam
925 2987 1120 3045 praeter
1164 2976 1367 3032 Julium
1415 2964 1760 3041 Africanum,
1806 2973 1937 3029 alios

336 3087 554 3141 quoque
591 3082 841 3125 auctores
870 3067 1089 3125 Gra'cos
1130 3068 1457 3122 recentiores
1502 3064 1570 3120 ab
1608 3080 1676 3121 eo
1718 3076 1937 3120 auctore

344 3165 596 3218 mllectns
619 3162 783 3217 fuisse
796 3159 1064 3216 existimat
1090 3159 1387 3213 Hadrianus
1407 3157 1674 3213 Valesius.
1694 3156 1747 3211 id
1772 3163 1933 3210 unum

2036 1970 2250 2037 quidem
2303 1956 2608 2038 Fredegarii
2666 1956 2995 2024 Chronicnm
3051 1958 3436 2027 Childebrandi
3480 1974 3628 2029 coria

2036 2062 2427 2125 entinuatum,
2457 2070 2549 2115 aut
2575 2072 2721 2117 certe
2764 2048 3165 2118 continuatores
3211 2064 3264 2118 in
3306 2079 3469 2118 unum
3507 2080 3630 2122 cor-

2037 2168 2137 2223 pus
2178 2154 2427 2209 redactos
2465 2143 2631 2208 fuisse
2668 2151 2851 2208 inferri
2901 2164 3146 2223 poterat,
3188 2169 3297 2211 non
3336 2172 3465 2212 vero
3503 2167 3629 2214 tunc

2038 2247 2289 2316 primitus
2319 2246 2706 2316 const-riptum.
2740 2234 3119 2317 Fredegarlum
3150 2248 3326 2316 enim,
3354 2248 3439 2305 vel
3482 2248 3629 2320 quis-

2035 2337 2156 2404 quis
2184 2346 2267 2393 est
2310 2337 2444 2392 alius
2474 2324 2723 2393 Chronici
2770 2328 2928 2406 hujus
2971 2347 3190 2404 aut-tor,
3232 2333 3631 2395 Cbildebrundo

2035 2432 2391 2499 antiquiorem
2433 2429 2635 2497 fuisse,
2673 2437 2729 2486 et
2766 2429 3092 2486 Chronieum
3138 2446 3293 2486 suum
3335 2447 3480 2488 anno
3528 2432 3628 2489 6H

2034 2513 2367 2578 conclusisse
2404 2519 2517 2592 jam
2563 2522 2856 2592 probarunt
2897 2522 2994 2578 viri
3044 2509 3242 2579 eruditi
3282 2524 3627 2581 validissimis

2036 2610 2356 2680 rationibus,
2385 2628 2520 2682 qras
2549 2624 2648 2669 nos
2681 2614 2766 2668 hic
2798 2602 3030 2670 breviter
3059 2616 3504 2686 perstringamus,
3533 2618 3630 2671 ad-

2036 2706 2162 2761 ditis
2188 2694 2393 2778 aliQuot
2420 2706 2783 2775 argumentis,
2816 2722 2935 2777 qua:
2964 2722 3110 2774 rem,
3152 2714 3212 2762 ut
3248 2708 3463 2779 quidem
3502 2707 3633 2767 mihi

2038 2798 2267 2864 videtur,
2300 2797 2609 2853 conﬁcient.

2110 2886 2234 2943 145.
2278 2887 2585 2958 Fredegarii
2618 2876 2938 2943 Chronicum
2970 2879 3107 2943 ultra
3146 2905 3345 2945 annum
3381 2876 3623 2945 Chlodo-

2042 2982 2121 3034 \‘ei
2145 2980 2377 3052 junioris
2404 2980 2456 3045 4,
2484 2980 2533 3035 id
2555 2988 2639 3036 est
2661 2982 2899 3051 vulgaris
2922 2997 3042 3036 tera:
3066 2970 3165 3036 6H
3193 2998 3298 3037 non
3328 2982 3629 3052 pertigisse,

2039 3084 2199 3141 atque
2228 3076 2365 3129 adeo
2394 3074 2445 3129 in
2478 3076 2651 3144 capite
2681 3074 2748 3127 90
2779 3073 3005 3130 desiisse
3032 3073 3296 3128 evincitur
3335 3089 3400 3129 ex
3439 3070 3658 3128 codice"

2040 3167 2315 3222 Sirmondi
2357 3182 2452 3223 seu
2477 3169 2913 3232 Claromontano,
2947 3165 3033 3234 qui
3062 3167 3203 3219 circa
3241 3164 3381 3219 istud
3416 3175 3628 3235 tempus

342 3257 478 3311 certi
509 3259 607 3309 hac
638 3256 690 3309 in
722 3270 781 3309 re
810 3254 969 3308 statui
1002 3261 1204 3323 potest,
1252 3253 1393 3305 hunc
1434 3260 1705 3305 auctorem
1736 3251 1853 3303 COiit
1873 3264 1926 3304 c-

2041 3271 2287 3317 exaratus
2315 3270 2415 3315 est.
2462 3261 2621 3328 quue
2653 3258 2905 3328 probatur
2944 3272 3048 3311 non
3082 3258 3287 3309 lztttltttn
3318 3271 3381 3310 ex
3411 3256 3632 3310 characé

343 3350 545 3403 tionem
576 3362 725 3402 suam
751 3362 815 3401 ex
853 3345 1159 3417 Ilieronytni
1189 3342 1458 3399 Chronico
1480 3338 1705 3410 aliisque
1743 3347 1931 3394 aucto-

341 3436 512 3504 ribus,
538 3453 674 3508 quos
704 3453 768 3493 ex
809 3425 930 3506 ejus
970 3433 1281 3506 przcl'atfone
1327 3425 1688 3497 laudavimus,
1725 3432 1935 3501 potissi-

342 3548 490 3586 mum
518 3531 831 3594 adornasse,
866 3528 1119 3584 admixtis
1151 3538 1327 3582 tamen
1357 3526 1553 3594 passim
1586 3540 1648 3579 ex
1673 3525 1790 3579 aliis
1810 3538 1936 3578 auc~

344 3622 549 3676 toribus
576 3620 667 3693 qui
698 3624 749 3676 in
778 3621 895 3692 ejus
923 3633 1114 3675 manus
1144 3629 1422 3683 venerant,
1453 3618 1872 3672 narrationibus.

419 3734 542 3792 ΗΞ.
567 3735 736 3806 Hajor
755 3746 920 3801 esset,
943 3742 999 3790 et
1017 3732 1233 3804 quidem
1265 3732 1488 3804 majoris
1514 3733 1769 3788 momenti
1795 3731 1937 3787 circa

342 3830 655 3884 collectoris
701 3838 911 3882 aetatem
940 3826 1261 3892 difﬁcultas,
1319 3825 1420 3880 nisi
1467 3824 1576 3894 jam
1616 3840 1646 3878 a
1682 3824 1893 3879 Valesio
1918 3864 1934 3890 ,

339 3920 583 3986 Caiatia,
604 3929 658 3975 et
676 3919 795 3973 aliis
816 3919 945 3974 viris
964 3917 1187 3973 eruditis
1207 3917 1469 3972 illustrata
1498 3916 1706 3972 fuisset.
1729 3916 1940 3970 Etenim

340 4029 469 4068 cum
499 4011 808 4081 Fredegatii
835 4011 1163 4066 tihronicum
1188 4010 1239 4064 in
1266 4009 1426 4064 variis
1455 4007 1731 4063 codicibus
1760 4008 1825 4061 ad
1862 4023 1943 4062 va.

340 4107 428 4162 ria
461 4118 702 4175 tempora
734 4105 1107 4175 protendatur,
1150 4103 1347 4158 mirum
1378 4117 1484 4156 non
1515 4112 1597 4156 est
1625 4102 1671 4155 si
1703 4115 1807 4155 non
1846 4114 1940 4155 eao‘

346 4202 474 4255 dem
502 4199 741 4254 omnium
768 4195 871 4252 fuit
894 4198 964 4253 de
982 4196 1100 4269 ejus
1127 4195 1363 4251 auctoris
1387 4203 1545 4249 tetate
1571 4194 1858 4248 sententia.
1886 4193 1939 4247 In

348 4292 626 4361 plerisque
663 4290 859 4356 editis,
901 4289 989 4344 ubi
1027 4289 1129 4343 sub
1165 4287 1285 4342 libri
1331 4302 1383 4341 χι
1432 4286 1676 4341 Historia:
1707 4286 1943 4339 Franco-

347 4400 495 4453 rum,
527 4396 619 4438 aut
647 4396 797 4439 certe
826 4381 1150 4451 Appendicis
1180 4381 1245 4433 ad
1272 4378 1515 4451 Gregorii
1550 4378 1843 4433 Historiam
1873 4378 1941 4431 ti-

352 4476 484 4531 tulis
509 4484 708 4539 exstat,
740 4488 909 4544 usque
935 4473 1001 4528 ad
1030 4472 1208 4527 Caroli
1237 4471 1459 4527 Hartelli
1489 4480 1714 4525 mortem
1742 4471 1942 4538 pertin-

347 4569 448 4638 git.
480 4565 843 4622 Consentiunt
872 4565 1087 4621 codices
1129 4573 1239 4618 tres
1276 4562 1498 4632 scripti,
1542 4563 1633 4631 qui
1679 4562 1805 4616 illud
1832 4603 1847 4631 ,
1886 4570 1945 4615 ut

2039 3353 2167 3408 teris
2205 3353 2453 3423 quadrati
2502 3352 2669 3405 lortna
2713 3357 2770 3404 et
2816 3336 3123 3419 maju~eulis
3160 3348 3386 3414 litteris,
3435 3348 3631 3418 quibus

2037 3447 2272 3511 scriptus
2299 3449 2402 3505 est,
2433 3456 2617 3494 verum
2646 3440 2807 3493 etiam
2836 3454 2899 3493 ex
2940 3425 3047 3493 illis
3088 3438 3247 3493 rebus
3276 3441 3395 3509 qua:
3425 3438 3479 3494 in
3511 3441 3627 3509 ipso

2037 3542 2402 3588 conttnentur.
2436 3531 2569 3585 Nam
2597 3533 2870 3599 catalogus
2901 3530 3209 3598 pontiﬁcum
3240 3526 3627 3599 Humanarum,

2038 3627 2151 3696 qui,
2185 3637 2243 3681 ut
2271 3640 2429 3695 supra
2455 3624 2768 3678 dicebamus
2787 3662 2803 3688 ,
2836 3621 2888 3676 in
2921 3622 3091 3691 primo
3119 3622 3453 3679 collectionis
3494 3625 3633 3681 libro

2040 3718 2272 3772 insertus
2299 3726 2404 3777 est.
2432 3714 2623 3770 desinit
2649 3714 2700 3769 in
2726 3714 3036 3784 Theodoro,
3056 3716 3143 3785 qui
3168 3714 3420 3770 Romanae
3445 3716 3635 3772 Ecclus

2041 3816 2135 3864 SHB
2164 3810 2232 3863 ab
2263 3823 2408 3864 anno
2438 3807 2542 3860 (542
2580 3808 2647 3861 ad
2688 3805 2790 3862 649
2834 3807 3064 3876 praefuit.
3112 3806 3411 3878 Sequentes
3453 3812 3631 3865 autent

2045 3903 2325 3975 pontiﬁces
2349 3901 2416 3957 ad
2449 3901 2776 3956 Hadrianum
2808 3900 2827 3954 l
2859 3911 3229 3970 recensentur,
3276 3903 3370 3957 sed
3398 3903 3531 3970 alia,
3574 3902 3629 3959 cl

2042 3995 2257 4063 quidem
2290 3994 2449 4063 paulo
2484 3993 2767 4048 recentiori
2817 4008 2997 4047 manu.
3029 3991 3309 4048 Consentit
3349 3995 3636 4065 imperatos

2045 4102 2161 4140 rum
2188 4085 2552 4139 Romanorum
2573 4085 2763 4151 series,
2797 4100 2917 4155 quae
2940 4083 3006 4139 ad
3040 4084 3372 4154 trigesimum
3406 4074 3634 4154 ptimum

2046 4167 2275 4231 Hcraclii
2302 4178 2510 4245 imperii
2536 4191 2759 4241 annum,
2793 4177 2844 4228 id
2877 4175 3051 4229 estad
3090 4177 3323 4244 vulgaris
3368 4192 3490 4230 tera:
3530 4176 3628 4233 6-H

2044 4269 2355 4334 deducitur,
2387 4283 2447 4322 ac
2491 4266 2715 4337 proinde
2757 4266 2822 4320 ad
2855 4268 3025 4336 ipsum
3069 4266 3363 4322 ChlodoVei
3398 4259 3634 4340 iunioris

2045 4374 2244 4413 annum
2283 4370 2554 4429 quartum,
2600 4372 2706 4428 quo
2735 4356 3058 4413 Chronicum
3092 4358 3367 4413 terminari
3417 4370 3638 4416 conten-

2047 4453 2243 4507 dimus.
2271 4451 2349 4505 Ad
2381 4452 2518 4505 idem
2549 4446 2720 4505 ferme
2748 4461 2955 4518 tempus
2982 4455 3069 4506 res
3100 4451 3400 4521 lliSpanicte
3429 4452 3637 4510 descri-

2049 4548 2244 4602 buntur
2273 4561 2342 4600 ex
2373 4543 2562 4599 lsidori
2588 4542 2857 4598 Chronico
2899 4560 2912 4596 :
2959 4545 3110 4613 cujus
3146 4544 3383 4599 clausula
3410 4586 3425 4610 ,
3476 4562 3639 4616 quant

345 4631 499 4732 ξερο
516 4660 771 4726 diximus,
802 4660 905 4714 sub
933 4659 1051 4715 libri
1081 4657 1275 4713 decimi
1300 4631 1545 4711 "moria,
1571 4654 1812 4724 Gregorii
1835 4652 1943 4708 Τυ-
1974 4631 2023 4691 D
2048 4653 2206 4707 supra
2235 4652 2299 4692 ex
2326 4636 2515 4691 eodem
2546 4636 2731 4690 codice
2756 4635 3057 4693 retulimus.
3102 4651 3300 4690 annum
3328 4636 3397 4692 40
3424 4635 3644 4692 Chlota-

242 4778 283 4811 ,ε
348 4752 603 4807 rouensis
630 4752 848 4806 nomine
877 4756 1286 4819 repraesentant.
1319 4745 1360 4801 li
1383 4755 1507 4801 sunt
1526 4745 1695 4800 codex
1726 4744 1948 4799 Colber-

352 4847 534 4909 unus,
578 4844 670 4914 qui
719 4842 821 4898 sub
860 4840 1101 4897 Thuanei
1152 4838 1370 4894 nomine
1411 4836 1641 4893 celebris
1679 4844 1763 4891 est
1809 4834 1947 4904 apud

348 4946 650 5010 Cointium;
686 4943 824 4997 alter
849 4957 915 4997 ex
948 4940 1205 4995 Vaticana
1234 4938 1595 5004 bibliotheca;
1639 4946 1695 4993 et
1734 4937 1946 5001 tertius,

346 5038 398 5092 si
429 5048 608 5091 tamen
637 5051 669 5089 a
705 5034 958 5088 Vaticano
979 5030 1392 5100 distinguendae
1415 5030 1507 5095 sit,
1531 5028 1860 5083 Natat-ianus
1880 5043 1945 5081 ex

352 5139 678 5192 bibliotheca
710 5134 1132 5203 Archipalatiua,
1186 5147 1294 5203 quo
1320 5147 1378 5187 se
1409 5146 1562 5186 usum
1596 5131 1758 5185 luisse
1786 5141 1948 5184 testa-

350 5253 439 5295 tur
469 5237 820 5304 Marquardus
848 5237 1117 5292 Frelterus
1145 5251 1159 5288 :
1192 5233 1388 5305 quibus
1418 5248 1583 5299 unus,
1623 5233 1723 5289 nisi
1766 5229 1943 5297 fallor,

348 5341 635 5397 addendos
661 5351 745 5395 est
774 5355 838 5393 ex
869 5337 1193 5393 Canisianis.
1227 5337 1293 5392 At
1324 5347 1445 5390 cum
1479 5337 1590 5404 ipse
1618 5334 1862 5389 Canisios
1896 5337 1946 5387 in

346 5444 578 5499 alteroe
605 5442 718 5495 suis
756 5440 1034 5495 codicibus
1074 5437 1398 5491 Chronicum
1447 5435 1590 5491 istud
1626 5435 1691 5487 ad
1741 5434 1948 5504 l’ippitti

347 5554 586 5601 mortem
618 5557 783 5613 usque
811 5548 1117 5610 porrectum
1147 5537 1473 5604 invenisset,
1511 5548 1616 5591 no‘n
1645 5536 1817 5590 solum
1848 5532 1949 5589 ad-

344 5648 615 5702 ditionem
641 5645 797 5699 istam
822 5652 966 5697 torno
989 5641 1031 5695 ll
1057 5640 1303 5695 lectionis
1326 5639 1560 5707 antiqua:
1584 5634 1828 5699 inseruit,
1854 5635 1949 5690 sed

344 5750 521 5804 etiam
551 5745 676 5801 inde
712 5742 943 5814 sumpsit
982 5742 1320 5797 occasionem
1369 5750 1537 5794 totum
1581 5739 1682 5793 hoc
1718 5738 1949 5794 Chroni-

346 5864 503 5908 cnm.
537 5847 706 5903 immo
728 5854 783 5903 et
809 5855 977 5901 totam
1010 5840 1316 5912 Fredegarii
1347 5840 1715 5897 collectionem
1747 5840 1951 5896 auctori

2052 4738 2115 4790 rii
2149 4734 2290 4802 regis
2315 4733 2533 4797 indicat,
2563 4731 2614 4786 id
2636 4742 2720 4786 est
2740 4729 2943 4785 Christi
2975 4729 3098 4783 625.
3142 4731 3395 4787 Eamdem
3441 4732 3644 4788 codicis

2051 4828 2418 4899 antiquitatem
2450 4827 2786 4881 demonstrat
2811 4836 2962 4877 vetns
2994 4823 3289 4893 inscriptio,
3323 4840 3445 4894 quas
3474 4826 3525 4880 in
3556 4826 3639 4881 ul-

2053 4924 2178 4976 tima
2209 4919 2400 4992 pagina
2428 4918 2833 4974 cliaracteribus
2858 4914 3237 4987 Merovingicis
3261 4918 3505 4986 apposita
3534 4930 3642 4986 est,

2052 5013 2144 5066 sed
2175 5010 2497 5083 fugientibus
2536 5011 2730 5065 litteris
2772 5011 2841 5064 ob
2877 5017 3195 5064 vetustatem
3240 5024 3378 5079 pone
3413 5010 3642 5079 detrita,

2053 5105 2205 5173 cujus
2232 5104 2486 5171 reliquias
2518 5102 2603 5157 hic
2632 5102 2937 5157 describere
2965 5102 3134 5156 visum
3160 5112 3262 5156 est.
3298 5100 3500 5158 Invenit
3532 5104 3637 5156 Lu-

2052 5196 2212 5247 cerias
2240 5196 2491 5263 presbeter
2520 5207 2759 5246 monacos
2784 5192 2998 5247 dom...
3034 5203 3267 5249 (211110....
3297 5213 3386 5266 per
3411 5196 3509 5249 ista
3530 5213 3644 5249 cro-

2054 5302 2211 5349 neca,
2263 5294 2309 5337 ct
2339 5301 2428 5354 per
2456 5286 2560 5338 alia
2601 5300 2930 5339 craneca.....
2975 5286 3112 5354 quod
3147 5297 3475 5358 septaogeuta
3514 5286 3640 5339 anni

2052 5387 2403 5432 sunt....i.....
2433 5393 2520 5431 sus
2556 5376 2691 5445 quod
2730 5389 2902 5431 sextus
2945 5377 3194 5433 miliarias
3535 5394 3644 5434 esse

2055 5470 2276 5536 explitos
2298 5469 2588 5539 cenpotavit
2617 5470 2752 5540 ipsos
2782 5485 2944 5523 annos
2984 5472 3038 5524 in
3076 5487 3347 5539 upen......
3388 5470 3441 5521 in
3468 5471 3638 5523 indic-

2053 5562 2189 5615 tione
2236 5560 2456 5614 exsieute
2497 5560 2645 5613 tertia
2916 5575 2947 5613 o
2994 5571 3176 5631 quarto
3208 5557 3497 5631 Dagobcrto
3527 5577 3645 5633 reg-

2054 5661 2229 5707 nante.
2277 5650 2357 5707 Ex
2387 5654 2581 5722 quibus
2622 5654 2935 5720 fragmentis
2978 5654 3311 5721 colligimus,
3357 5650 3644 5709 Lucerium

2055 5747 2205 5801 iltum
2230 5749 2547 5801 monachum
2570 5760 2833 5800 annorum
2860 5760 3122 5800 summam
3146 5756 3489 5815 computasse
3508 5762 3644 5801 anno

2055 5848 2239 5907 quarto
2266 5839 2560 5907 Dagoberti,
2592 5839 2869 5893 indictione
2898 5852 2988 5891 xm
3016 5854 3029 5892 :
3053 5837 3196 5907 quod
3226 5839 3295 5897 de
3318 5839 3646 5910 Dagoherto.
