3994 6332
368 381 463 436 Ml

1790 372 2176 435 PREFATIO.

3534 395 3635 450 H9.

356 511 463 552 non
505 495 696 566 primo,
729 490 822 546 sed
867 489 1046 557 tertio,
1077 503 1235 560 quem
1265 487 1354 546 alii
1401 489 1696 545 secundum
1735 490 1938 560 dicunt,
1972 498 2014 554 Α
2043 490 2200 547 detur
2225 507 2253 547 a
2283 474 2738 564 consarcinatorc,
2772 503 2829 551 ttt
2857 475 3082 567 hiatum,
3112 499 3203 569 qui
3249 494 3390 556 inter
3431 504 3633 562 Fredeo

355 591 494 644 haud
525 587 682 644 dubie
724 573 1124 656 intelligendum
1153 578 1268 653 est,
1317 587 1467 657 cujus
1511 601 1683 642 annus
1721 596 1943 656 quartus

348 697 472 740 eunt
501 699 640 738 anno
667 675 999 752 Christi7l3
1028 680 1300 735 coincidit.
1333 679 1666 748 Proindeque
1692 677 1794 732 hoc
1828 680 1944 748 ipso

354 795 494 834 anno
520 778 628 848 jam
661 779 892 846 scriptus
916 785 1031 833 erat
1060 776 1225 831 codex
1256 771 1720 853 Clar‘omontanus,
1759 776 1818 852 id
1861 785 1943 846 est

357 872 659 940 priusquam
692 867 993 944 Fredegarii
1023 866 1345 946 Chronicum
1373 867 1796 926 continuaretur.
1824 867 1951 949 (ἐπεὶ.¹

356 971 526 1014 terum
544 941 786 1015 eamdem
811 959 939 1014 insct
956 941 1209 1029 iptionem
1232 961 1282 1013 in
1304 959 1487 1014 codice
1507 953 1949 1034 Claromontano,

352 1061 441 1106 aut
464 1061 610 1106 certe
634 1053 684 1106 in
715 1053 884 1108 altero
923 1053 1080 1107 simili
1118 1052 1324 1107 viderat
1363 1039 1637 1120 Philippus
1666 1041 1935 1118 Lahbeus,

353 1145 440 1212 qui
467 1144 519 1198 in
537 1145 771 1214 epitome
791 1145 1168 1214 chronologica
1191 1143 1259 1198 ad
1282 1159 1478 1197 annum
1502 1145 1625 1209 715,
1652 1160 1710 1226 se
1739 1144 1938 1200 vidisse

351 1245 575 1291 testatur
602 1238 880 1304 antiquum
910 1225 1163 1289 codicem
1192 1251 1294 1289 ms.
1344 1237 1396 1289 in
1443 1227 1546 1305 quo
1587 1235 1807 1291 indictio
1845 1251 1937 1290 xttt

354 1339 538 1381 mense
581 1326 820 1395 Augusto
875 1312 994 1381 cum
1041 1341 1181 1381 anno
1228 1325 1420 1397 quarto
1461 1326 1744 1396 Dagoberti
1800 1327 1938 1397 regis

351 1415 644 1484 composi'a
676 1423 809 1470 erat.

426 1508 548 1560 114.
583 1507 697 1561 Alia
731 1517 852 1561 sunt
883 1508 1098 1575 insuper
1120 1507 1447 1582 indicianon
1477 1523 1797 1577 pauca,qu:n
1825 1507 1936 1562 sin-

349 1613 529 1652 cerum
568 1597 867 1668 Fredegarii
901 1598 1221 1652 Chronicum
1265 1599 1318 1652 in
1356 1601 1530 1668 capite
1577 1600 1644 1654 90
1688 1600 1937 1654 desinere

348 1690 487 1744 haud
521 1691 747 1746 obsture
775 1693 1060 1746 insinuant.
1097 1692 1226 1745 Nam
1255 1702 1307 1746 et
1334 1691 1422 1746 alii
1467 1693 1678 1747 codices
1725 1694 1812 1761 qui
1855 1703 1935 1747 to-

348 1789 453 1834 tam
486 1782 786 1851 Fredegarii
817 1783 1183 1838 collectionem
1207 1785 1500 1851 continent,
1529 1787 1627 1839 etsi
1655 1789 1936 1840 continua-

2045 587 2176 654 garii
2206 581 2526 642 Cbronicum
2556 599 2608 643 et
2637 591 2886 644 secunda:
2915 591 3080 659 partis
3106 604 3378 649 auctorem
3412 597 3634 668 intcrja-

2043 678 2217 740 cehat,
2249 678 2542 748 suppleret.
2578 679 2654 733 Ad
2689 677 2737 733 id
2767 696 2894 735 usus
2923 693 3007 736 est
3035 681 3126 737 ille
3156 686 3464 743 auctoribus
3492 682 3634 744 auti-

2042 769 2161 838 quis
2186 767 2419 839 quidem,
2452 772 2545 825 sed
2586 769 2839 826 fabulosis
2871 791 2885 828 :
2921 773 3081 828 unde
3104 790 3191 830 res
3232 779 3515 847 plut-imum
3561 781 3640 836 ab'

2042 873 2184 913 anno
2214 857 2318 912 642
2360 860 2424 914 ad
2468 859 2594 926 68),
2644 852 2778 938 quos
2819 865 3209 931 complecdtur.
3243 869 3464 926 confuse
3494 869 3633 928 refe-

2041 961 2252 1005 runtur.
2283 951 2525 1006 Secunda
2559 948 2681 1022 pars
2703 945 2820 1023 qua:
2850 943 3037 1024 incipit
3064 945 3238 1026 capite
3263 962 3335 1014 97
3355 960 3551 1018 desinit
3575 967 3624 1020 in

2041 1041 2212 1097 media
2247 1051 2395 1108 parte
2427 1033 2618 1112 Capitis
2647 1043 2767 1112 109,
2798 1043 2882 1098 his
2915 1048 3089 1102 verbis
3119 1046 3355 1120 Regnum
3387 1051 3626 1109 Franco-

2039 1151 2186 1213 runt;
2211 1133 2363 1204 cujus
2386 1146 2572 1189 auctor
2599 1151 2684 1190 res
2716 1133 3046 1206 potissimum
3076 1140 3128 1194 in
3155 1145 3428 1198 Austrasia
3451 1140 3630 1214 gestas

2040 1226 2107 1278 ab
2129 1210 2270 1279 anno
2297 1227 2402 1280 680
2428 1225 2494 1280 ad
2524 1225 2628 1280 736
2659 1241 2861 1296 narrat,
2885 1239 2940 1284 et
2964 1231 3178 1299 quidem
3207 1235 3337 1289 satis
3357 1210 3627 1292 accurate.

2039 1315 2270 1372 Etatcm
2306 1333 2456 1372 suam
2491 1319 2666 1388 prodit
2692 1322 2866 1389 capite
2900 1322 3022 1394 109,
3056 1324 3142 1378 ubi
3170 1320 3431 1380 annorum
3461 1331 3630 1384 curri-

2041 1408 2156 1461 cula
2187 1407 2451 1488 replicans
2476 1454 2489 1478 ,
2538 1425 2597 1466 se
2645 1410 2888 1467 kalendis
2931 1407 3058 1480 ipsis
3087 1415 3328 1472 Januarii
3369 1408 3494 1475 anni
3525 1422 3630 1476 735

2039 1502 2275 1558 scribere
2302 1501 2522 1570 indicat,
2548 1505 2637 1574 qui
2660 1521 2832 1561 annus
2851 1509 3263 1575 juxta'nostrum
3285 1515 3624 1582 computandi

2043 1595 2260 1650 modum
2291 1609 2319 1649 a
2351 1595 2605 1651 Januario
2634 1597 2894 1666 incipiens
2920 1599 3023 1652 756
3052 1603 3256 1655 censeri
3281 1602 3461 1658 debet.
3496 1604 3626 1659 Pars

2041 1687 2195 1741 tertia
2219 1703 2246 1741 a
2273 1686 2461 1755 capite'
2483 1688 2579 1742 109
2614 1688 2680 1742 ad
2715 1689 2816 1744 118
2844 1691 3214 1764 continuatur,
3261 1693 3311 1748 id
3351 1699 3432 1749 est
3465 1696 3533 1749 ab
3564 1711 3629 1752 eo

2040 1783 2283 1849 tempore
2312 1798 2417 1851 quo
2447 1781 2594 1851 prior
2622 1781 2802 1847 desiit,
2833 1781 2898 1836 ad
2934 1783 3139 1852 Pippini
3166 1785 3306 1854 regis
3338 1787 3627 1857 inaugura-

345 1884 486 1928 tores
511 1873 780 1929 Chronico
809 1874 1120 1945 suhjttnttos
1145 1874 1453 1941 exhibeant,
1475 1877 1732 1947 quasdam
1755 1876 1930 1933 tamen
1963 1853 2258 1937 Βίἱυηθιη,
2288 1887 2407 1942 quae
2437 1888 2580 1927 anno
2608 1873 2712 1928 752
2741 1875 2875 1929 facta
2905 1883 3010 1930 est.
3046 1875 3192 1930 "anc
3218 1853 3373 1944 jussu
3402 1865 3624 1934 Childe-

344 1960 645 2033 praeferunt
666 1977 839 2031 uetas,
873 1983 992 2035 quae
1020 1966 1230 2022 diversa
1259 1982 1381 2022 esse
1410 1982 1572 2037 opera
1599 1963 1843 2024 innitunt.
1874 1968 1930 2023 In

345 2059 428 2112 his
462 2058 790 2114 Boberianus
821 2061 986 2116 codex
1019 2062 1250 2131 spatium
1276 2047 1491 2132 aliquod
1520 2064 1657 2118 inter
1683 2073 1843 2132 caput
1863 2063 1934 2119 90

341 2159 395 2204 et
425 2145 827 2206 continuatores
871 2152 1106 2222 reliquit.
1141 2153 1278 2220 Quin
1319 2162 1373 2206 et
1411 2154 1462 2206 in
1495 2152 1723 2223 capitum
1758 2152 1933 2210 indice

343 2256 448 2295 non
483 2242 633 2310 plura
672 2257 829 2312 quam
864 2243 932 2298 90
961 2243 1279 2298 indicantur.
1315 2242 1514 2299 Eadem
1548 2244 1707 2298 habet
1735 2243 1932 2299 Frede-

342 2338 473 2406 μαι-Ξῖ
498 2332 659 2391 editio
687 2350 714 2387 a
748 2319 1062 2405 Marquardo
1091 2334 1328 2391 Freltero
1354 2331 1628 2390 adornata.
1656 2337 1932 2394 Aimoinus

343 2433 497 2502 plura
527 2447 630 2486 non
660 2429 886 2496 viderat,
915 2440 968 2483 ut
994 2428 1245 2483 observat
1274 2429 1643 2484 Henschenius
1674 2431 1728 2484 in
1754 2428 1929 2486 Vitam

340 2526 510 2581 sancti
551 2523 798 2594 Sigiberti
830 2523 975 2578 tomo
1009 2521 1026 2576 l
1073 2521 1386 2587 Februarii,
1429 2521 1518 2576 ubi
1549 2531 1601 2577 et
1632 2521 1813 2577 laudat
1840 2537 1930 2578 coo

343 2618 519 2674 dicem
552 2615 857 2671 Melchioris
880 2603 1117 2671 Golda~ti
1159 2614 1225 2668 ab
1255 2616 1408 2670 anuis
1433 2615 1646 2670 circiter
1667 2614 1772 2671 600
1795 2632 1928 2670 con-

340 2709 631 2778 scriptum,
681 2708 731 2760 in
777 2722 883 2777 quo
923 2691 1262 2760 Cltronicum:
1303 2705 1611 2775 Fredegarii
1666 2708 1930 2775 capitibus

339 2803 556 2857 omnino
585 2799 653 2854 90
682 2798 1039 2865 concluditur,
1073 2799 1316 2867 apposita
1339 2798 1500 2853 etiam
1538 2799 1743 2870 vulgari
1782 2800 1928 2856 clau-

340 2895 458 2951 sula
487 2892 715 2963 explicit,
750 2875 868 2960 qua:
896 2904 1029 2963 opus
1060 2888 1352 2958 perfectum
1384 2888 1602 2946 indicat.
1636 2886 1768 2945 Alite
1801 2890 1926 2945 item

339 2993 464 3041 sunt
489 2985 917 3039 continuatorum
946 2995 976 3035 a
1006 2981 1180 3051 primo
1205 2980 1455 3036 Cbronici
1485 2983 1746 3050 scriptore
1776 2980 1929 3037 dide-

338 3074 544 3132 rentize.
577 3073 929 3143 Fredegarius
959 3086 1046 3128 res
1069 3080 1245 3142 gestas
1278 3088 1371 3141 per
1391 3086 1559 3150 annos
1586 3089 1769 3144 regum
1796 3073 1930 3130 Bur-

337 3166 542 3237 gundiae
583 3166 911 3236 digesserat,
954 3178 1384 3234 unamquamque
1424 3179 1523 3219 suo
1563 3166 1685 3244 loco
1723 3175 1778 3222 et
1825 3182 1926 3222 suo

2035 1949 2651 2036 brandiejusdemregis
2675 1967 2847 2036 patrui
2884 1963 3133 2038 scriptam
3165 1968 3327 2024 fuis<e
3363 1971 3469 2037 jam
3514 1986 3624 2024 mo-

2036 2056 2268 2122 nuimus,
2293 2072 2356 2110 ex
2381 2057 2546 2112 veteri
2577 2057 2946 2126 inscriptione,
2973 2058 3113 2113 unde
3136 2059 3295 2114 etiam
3319 2059 3385 2113 ab
3404 2070 3624 2117 aut-tote

2035 2148 2224 2216 aequali
2255 2161 2371 2202 eam
2401 2147 2565 2202 fuisse
2592 2160 2862 2203 exaratam
2890 2145 3225 2220 colligimus.
3247 2150 3472 2221 Reliqua
3494 2167 3624 2206 vero

2034 2252 2151 2306 qua:
2177 2247 2473 2308 sequuntur
2500 2238 2564 2292 ad
2597 2238 2806 2308 Pippini
2837 2239 3062 2305 obitum,
3102 2256 3209 2310 quo
3237 2249 3346 2298 tota
3375 2243 3624 2299 collectio

2033 2325 2357 2396 absolvitur,
2397 2329 2548 2400 jussu
2590 2323 3290 2403 Nibelungi'Cbildebrandi
3357 2337 3446 2392 filii
3487 2352 3622 2392 con-

2033 2421 2231 2488 scripta
2261 2421 2425 2476 fuisse
2456 2414 2854 2478 indieateadem
2875 2419 3172 2494 inscriptio.
3208 2407 3293 2480 Διί
3319 2441 3446 2481 vero
3476 2427 3614 2482 idt-m

2035 2501 2150 2580 ipse
2179 2511 2250 2565 sit
2276 2522 2485 2578 auctor,
2514 2511 2603 2583 qui
2635 2521 2744 2568 tum
2765 2514 3171 2579 Childebrandi,
3197 2526 3306 2569 tum
3339 2516 3616 2588 Nibelungi

2029 2605 2177 2674 jussu
2209 2605 2516 2674 scripserit,
2550 2621 2612 2661 ex
2661 2607 3011 2677 inscriptione
3051 2610 3287 2664 ditinare
3319 2597 3421 2665 non
3451 2612 3573 2667 licet
3602 2652 3620 2679 ,

2033 2711 2133 2751 nec
2163 2697 2365 2752 rescire
2395 2698 2621 2752 multum
2649 2699 2892 2754 interest.
2923 2699 2971 2755 Is
3000 2709 3082 2755 est
3123 2703 3345 2757 forsitan
3373 2702 3503 2772 ipse,
3529 2704 3620 2775 qui

2035 2787 2130 2840 has
2157 2802 2343 2841 omnes
2369 2787 2797 2847 continuatioues
2839 2792 2890 2846 in
2930 2809 3092 2847 unum
3135 2783 3329 2863 cerpus
3378 2789 3619 2869 redegit,

2031 2879 2280 2948 adjuncta
2320 2897 2386 2935 ex
2426 2881 2602 2937 Gestis
2643 2882 2969 2939 Francorum
3013 2897 3063 2940 et
3095 2887 3373 2956 Anduymo
3416 2889 3617 2960 DiOny-

2030 2971 2183 3027 siano
2213 2974 2378 3042 prima
2410 2983 2561 3044 parte
2583 3019 2597 3042 ,
2629 2991 2696 3030 ne
2739 2976 2876 3032 inter
2907 2976 3287 3050 Fredegariutn
3333 2990 3388 3036 et
3427 2970 3619 3036 secun—

2031 3055 2156 3117 dum
2188 3063 2617 3121 continuatorem
2650 3067 2827 3123 hiatus
2856 3077 3002 3124 esset
3029 3085 3291 3126 annorum
3326 3073 3536 3143 triginta
3565 3085 3619 3131 et

2031 3172 2248 3213 novem.
2279 3160 2439 3216 Certe
2467 3161 2516 3216 id
2568 3162 2790 3218 innuere
2837 3163 3045 3219 tidetur
3090 3180 3232 3234 smpe
3279 3167 3484 3221 laudata
3532 3169 3618 3222 in-

336 3271 577 3330 tempore
601 3259 862 3315 referens.
892 3259 988 3313 Ast
1015 3258 1104 3328 qui
1139 3258 1340 3334 primus
1365 3267 1482 3327 post
1511 3241 1670 3329 caput
1697 3259 1763 3313 90
1792 3273 1916 3315 ουη-
1953 3237 1998 3300 C
2028 3250 2268 3323 scriptio.
2321 3251 2386 3306 Et
2427 3253 2642 3323 quidem
2672 3272 2858 3312 omnes
2909 3258 3002 3312 has
3029 3257 3406 3314 cltronicorum
3440 3251 3618 3328 partes

337 3355 593 3419 tinuuvit,
641 3351 1008 3423 compluribus
1037 3351 1273 3418 omissis,
1314 3349 1629 3428 posthabita
1659 3355 1921 3408 annOrum

336 3457 384 3500 et
417 3462 599 3516 regum
631 3446 798 3511 serie,
846 3445 1009 3497 multa
1060 3442 1111 3495 in
1159 3458 1320 3497 unum
1369 3443 1628 3511 congerit.
1669 3442 1922 3512 Sigiberti

335 3547 482 3607 gesta
513 3552 631 3605 qua:
660 3534 1015 3604 Fredegarius
1047 3531 1354 3589 ineboarat.
1380 3532 1592 3600 penitus
1620 3531 1839 3601 omittit,
1869 3541 1918 3588 et

336 3645 400 3683 ne
428 3642 590 3682 unum
618 3623 832 3692 quidem
863 3623 1085 3679 verbum
1115 3623 1182 3678 de
1210 3620 1324 3693 ejus
1353 3622 1500 3676 obitu
1526 3621 1705 3690 habet,
1738 3633 1831 3676 aut
1856 3622 1924 3678 de

338 3719 432 3776 lilii
477 3720 594 3788 ejus
627 3716 913 3787 Dagoberti
955 3714 1188 3781 fortuna,
1228 3713 1318 3784 qui
1362 3712 1651 3768 Grimoaldi
1695 3712 1924 3769 faetione

335 3813 386 3868 in
418 3803 651 3868 Seotiam
685 3817 1095 3878 transportatus,
1125 3816 1180 3863 et
1229 3819 1410 3876 postea
1437 3823 1466 3861 a
1521 3805 1668 3878 regni
1733 3822 1922 3877 proce-

333 3903 484 3958 ribus
512 3908 816 3973 revocatus,
862 3913 1084 3967 regnum
1127 3907 1406 3968 paternum
1447 3897 1751 3966 aliquandiu
1782 3897 1921 3952 obti-

335 3998 469 4054 nuit.
497 3996 576 4052 Ad
611 3996 727 4050 bare
752 4009 1012 4049 annorum
1043 3993 1153 4049 fere
1177 4003 1392 4047 centum
1421 4007 1507 4047 res
1535 4001 1719 4063 gestas
1747 3992 1921 4060 magni

334 4088 592 4146 momenti
623 4097 851 4156 quatuor
879 4096 970 4142 aut
999 4087 1233 4156 quinque
1261 4085 1486 4155 pagellis
1515 4086 1794 4141 conclusit.
1823 4087 1922 4155 Qui

334 4196 463 4236 vero
485 4196 608 4236 eum
637 4179 804 4235 secuti
827 4188 952 4234 sunt
980 4177 1070 4233 alii
1092 4179 1509 4242 continuatores,
1536 4179 1625 4248 qui
1649 4193 1747 4233 suo
1768 4180 1922 4249 quis-

334 4289 438 4344 que
469 4274 626 4330 modo
656 4288 741 4327 res
766 4281 944 4338 gestas
965 4277 1370 4325 enarraverunt.
1398 4268 1597 4324 Horum
1625 4270 1830 4338 aliquos
1855 4284 1920 4324 ex

333 4367 609 4425 Austrasia
664 4366 826 4418 fuisse
883 4364 1072 4432 probat
1123 4361 1360 4414 maxima
1417 4362 1468 4413 in
1526 4361 1922 4416 Austrasiorum

334 4473 488 4526 reges
517 4464 571 4511 et
599 4454 872 4523 principes
904 4451 1211 4519 prepensio.
1251 4448 1492 4513 Denique
1525 4449 1654 4502 nihil
1684 4449 1752 4504 de
1783 4449 1921 4503 Lan-

334 4546 690 4616 gobardorum
723 4551 778 4598 et
808 4540 1123 4596 Gotthorum
1175 4537 1408 4606 regibus,
1451 4537 1676 4607 aliisque
1716 4538 1922 4592 vicina-

2031 3357 2194 3396 unutn
2229 3341 2466 3399 biStorite
2508 3362 2704 3416 corpus
2739 3348 2849 3417 jam
2895 3350 3093 3405 smeulo
3138 3366 3278 3406 nono
3319 3350 3617 3418 confecisse

2032 3442 2176 3500 patet
2203 3451 2267 3489 ex
2298 3435 2483 3492 codice
2512 3438 2748 3506 Jurensi,
2780 3457 2808 3494 a
2839 3442 3100 3498 Manttone
3129 3447 3245 3512 ejus
3281 3437 3376 3500 Ieci
3410 3465 3617 3522 praepa-

2029 3527 2132 3580 sito
2159 3527 2258 3583 sub
2286 3530 2492 3584 exitum
2520 3534 2702 3588 smculi
2737 3536 2860 3589 noni
2890 3535 2955 3589 ad
2980 3539 3150 3592 saneti
3182 3539 3418 3608 Ettgendi
3445 3543 3616 3612 sepul-

2027 3632 2177 3674 crum
2207 3620 2420 3689 oblato,
2468 3638 2574 3693 quo
2611 3624 2663 3678 itt
2696 3627 2879 3682 codice
2911 3627 2963 3682 hi
2997 3645 3184 3684 omnes
3209 3631 3612 3690 continuatores

2027 3708 2185 3765 simul
2205 3709 2376 3780 juncti
2397 3713 2732 3770 exhibentur.
2752 3716 2841 3772 Sic
2857 3719 3016 3772 etiam
3031 3733 3122 3774 eos
3137 3711 3504 3779 exltihent'duo
3522 3727 3611 3779 alii

2026 3804 2265 3870 codices,
2287 3803 2616 3860 Boberianus
2636 3807 2837 3863 scilicet
2855 3810 3070 3878 optima:
3089 3822 3228 3866 nota:
3252 3814 3320 3866 ab
3341 3816 3495 3870 annis
3508 3815 3613 3874 6C0

2026 3896 2279 3965 scriptus,
2302 3906 2356 3950 et
2377 3896 2510 3951 alter
2528 3912 2735 3964 eorum,
2759 3914 2824 3953 ex
2845 3899 3039 3969 quibus
3058 3901 3300 3957 Cauisius
3324 3905 3612 3964 editionem

2027 4003 2177 4045 suam
2207 3989 2511 4044 adornavit.
2544 3990 2865 4047 Chronicum
2898 4002 3074 4049 tamen
3109 3995 3416 4068 Fredegarii
3462 4014 3612 4054 seor-

2027 4079 2127 4134 sim
2157 4093 2186 4133 a
2217 4079 2332 4133 suis
2360 4081 2856 4149 contionatoribus,
2891 4084 3054 4138 immo
3079 4095 3135 4140 et
3163 4087 3398 4158 singulas
3426 4093 3607 4144 conti-

2028 4173 2298 4230 nuationis
2324 4183 2504 4244 partes
2532 4175 2633 4230 sub
2660 4177 2772 4230 suis
2816 4193 3056 4248 quasque
3101 4182 3268 4236 titulis
3313 4183 3609 4252 edidimus,

2028 4281 2094 4320 ne
2120 4275 2198 4321 tot
2220 4276 2496 4322 auctorum
2520 4269 2765 4325 confusio
2793 4269 3080 4328 lectoribus
3105 4276 3374 4344 negotium
3397 4276 3610 4346 aliquod

2028 4358 2336 4416 lacesseret.
2371 4360 2623 4414 Ultimam
2657 4377 2785 4416 vero
2817 4373 3044 4432 partem,
3087 4379 3204 4433 qua:
3248 4366 3387 4420 nulla
3428 4365 3610 4421 hacte-

2027 4450 2387 4518 nns'capitum
2415 4451 2678 4506 divisione
2705 4453 2953 4508 distincta
2987 4454 3101 4518 fuit,
3126 4454 3177 4509 iu
3206 4456 3351 4509 Varia
3377 4457 3608 4526 capitula

2027 4541 2098 4596 ob
2125 4542 2407 4612 legentium
2439 4543 2778 4597 commodum
2812 4545 2994 4613 partiri
3027 4547 3200 4599 visum
3231 4555 3331 4600 δεῖ.

336 4655 453 4694 rum
492 4633 732 4708 gentium
768 4631 1095 4702 principibus
1127 4629 1344 4693 habent,
1375 4645 1605 4700 quorum
1656 4638 1833 4684 tamen
1864 4625 2004 4688 se-D
2103 4633 2225 4688 146.
2269 4634 2347 4688 Ex
2381 4633 2465 4689 his
2496 4645 2670 4688 autem
2700 4637 2946 4690 omnibus
2977 4651 3095 4702 qua:
3122 4636 3374 4705 diximus,
3407 4637 3609 4693 Frede-

334 4735 465 4786 riem
495 4739 549 4785 et
579 4727 870 4797 insigniora
902 4724 1039 4778 facta
1072 4722 1275 4778 referre
1306 4722 1511 4778 solebat
1544 4721 1918 4792 Fredegarius.

409 4821 526 4877 H5.
561 4819 692 4876 Cum
725 4820 903 4887 itaque
942 4825 1190 4872 constare
1231 4815 1453 4880 debeat,
1494 4816 1760 4870 sincerum
1791 4815 1925 4871 Fre-

333 4915 532 4986 degarii
552 4913 874 4967 Chronicum
897 4910 1037 4964 ultra
1057 4907 1229 4978 capita
1251 4909 1320 4962 90
1341 4909 1586 4984 protendi
1613 4924 1716 4963 non
1740 4923 1919 4978 posse,

333 5009 504 5063 visum
534 5015 615 5060 est
645 5004 818 5074 ipsum
852 5005 949 5057 hae
979 5003 1030 5056 in
1063 5009 1246 5055 nostra
1287 5000 1575 5055 editione'a
1607 5001 1720 5055 suis
1746 5002 1916 5056 conti-

333 5096 678 5161 onatoribus,
730 5098 892 5148 immo
914 5103 966 5148 et
1009 5093 1156 5162 ipsos
1203 5089 1602 5146 continuatores
1645 5091 1911 5160 diversos,

333 5191 421 5260 qui
453 5197 607 5244 antea
638 5188 689 5241 in
718 5201 878 5240 unum
921 5183 1405 5250 confundebantur,
1450 5183 1517 5235 ab
1561 5183 1786 5239 invicem
1832 5199 1917 5239 se-

332 5293 576 5334 cernere.
607 5277 846 5344 Quatuor
876 5277 926 5330 in
953 5284 1129 5342 partes
1157 5273 1412 5328 Chroniei
1450 5273 1756 5344 Fredegarii
1787 5290 1916 5328 con-

333 5370 680 5424 tinuationem
712 5365 1053 5420 dividendam
1082 5377 1204 5417 esse
1236 5377 1538 5424 censemus,
1583 5363 1724 5430 quod
1766 5374 1915 5432 patet

336 5469 444 5514 tum
473 5473 536 5513 ex
566 5458 687 5526 styli
717 5456 1046 5517 diversitate,
1086 5461 1194 5505 tum
1227 5467 1290 5505 ex
1322 5452 1426 5506 alio
1456 5462 1511 5506 et
1540 5453 1645 5506 alio
1678 5467 1764 5506 res
1793 5468 1911 5520 ges-

336 5564 418 5608 tas
446 5550 730 5607 euarrandi
761 5547 942 5612 modo,
973 5545 1138 5599 immo
1174 5553 1228 5599 et
1266 5560 1332 5599 ex
1371 5543 1688 5612 scriptorum
1729 5553 1906 5611 aetate,

336 5658 453 5711 quae
484 5654 862 5708 nonnunquam
906 5636 1189 5690 indicatur.
1235 5633 1366 5688 Pars
1407 5627 1548 5702 prior
1574 5645 1731 5702 caput
1760 5635 1822 5690 91
1856 5643 1912 5690 et

337 5736 573 5806 quinque
621 5734 893 5802 sequentia
946 5728 1341 5798 complectitur,
1394 5727 1626 5782 minima:
1674 5727 1910 5781 omnium

338 5823 666 5881 auctoritatis
719 5833 775 5876 ttt
805 5831 926 5887 pote
956 5836 1074 5889 qute
1105 5829 1220 5888 post
1252 5818 1382 5872 alias
1424 5829 1597 5887 partes
1627 5817 1802 5873 addita
1834 5817 1917 5872 vi-

2027 4726 2163 4796 garii
2206 4735 2416 4781 aetatem
2455 4727 2708 4797 colligere
2751 4743 2856 4783 non
2902 4729 3188 4784 admodum
3231 4730 3447 4785 difficile
3483 4733 3605 4785 erit.

2027 4816 2158 4872 Cum
2190 4817 2333 4872 enim
2371 4816 2696 4873 Chronicum
2741 4818 2856 4887 ejus
2904 4833 3047 4873 anno
3093 4821 3186 4875 6M
3236 4821 3603 4889 concludatur,

2026 4908 2351 4976 passimque,
2369 4917 2424 4962 et
2452 4908 2784 4977 potissimum
2817 4911 2869 4962 itt
2894 4910 3223 4976 praefatione,
3247 4922 3518 4966 asseveret
3543 4927 3606 4967 ea

2023 5013 2144 5066 quae
2173 4999 2416 5054 audierat
2444 5001 2558 5069 ipse
2601 5009 2655 5054 et
2693 5000 2928 5063 viderat,
2961 5011 3051 5055 aut
3076 5012 3222 5056 certe
3251 5002 3489 5070 legerat,
3523 5004 3605 5057 vel

2022 5088 2236 5143 aliunde
2275 5091 2583 5157 certi/leam:
2629 5102 2949 5160 cognoverat
2997 5107 3057 5146 se
3100 5107 3225 5160 esse,
3263 5094 3604 5162 scripturum,

2026 5195 2185 5234 nemo
2213 5191 2296 5235 est
2325 5182 2414 5250 qui
2441 5181 2665 5236 ἰηῆείπί
2697 5184 2863 5253 possit
2885 5198 3005 5238 eutn
3047 5185 3243 5237 saeculo
3273 5187 3502 5255 septimo
3531 5188 3606 5244 la-

2024 5269 2183 5326 bente
2211 5272 2476 5325 floruisse.
2515 5271 2683 5346 Vitam
2715 5275 2910 5343 quippe
2940 5273 3006 5348 ad
3038 5289 3232 5328 annum
3258 5276 3472 5348 saltem
3503 5277 3606 5332 658

2024 5365 2346 5429 protraxisse
2374 5363 2669 5438 colligimus
2699 5380 2764 5418 ex
2793 5365 2968 5434 capite
3013 5364 3080 5419 48
3107 5403 3126 5428 ,
3178 5365 3265 5417 ttbi
3313 5365 3602 5422 Samonent

2019 5454 2299 5520 quemdam
2333 5457 2714 5524 negotiatorem
2746 5441 3087 5510 Francum'in
3111 5453 3376 5510 Sclaviam
3409 5455 3601 5510 abiisse

2022 5554 2281 5600 memorat
2308 5559 2450 5600 anno
2470 5529 2730 5600 Cltlotarii
2763 5545 2852 5611 40,
2881 5546 2931 5600 id
2959 5549 3042 5601 est
3071 5561 3194 5600 tet-te
3225 5546 3452 5616 \ulgaris
3477 5545 3599 5616 635,

2018 5636 2195 5704 ibique
2224 5636 2449 5690 electum
2481 5636 2532 5690 in
2564 5633 2745 5706 regem
2774 5650 2941 5689 annos
2969 5635 3040 5691 35
3070 5631 3385 5704 imperasse.
3417 5636 3491 5691 Ex
3522 5638 3600 5693 bis

2017 5731 2178 5785 etiam
2201 5743 2316 5795 quae
2339 5727 2568 5780 diximus
2590 5725 2657 5780 de
2689 5726 3031 5794 Fredegario,
3055 5727 3234 5794 colligi
3258 5726 3438 5791 debet,
3464 5726 3605 5782 hunc

2022 5825 2291 5872 auctorem
2326 5831 2518 5885 magno
2539 5817 2587 5870 in
2613 5817 2783 5885 pretio
2803 5815 2940 5885 apud
2972 5815 3114 5870 viros
3145 5817 3386 5871 eruditos
3405 5817 3607 5872 haben-
