3994 6332
415 407 510 469 113

1833 397 2226 453 ΡηίΕιθΑτιο.

3568 389 3672 449 lib

412 524 557 578 dum,
576 526 631 569 ut
651 521 773 584 pote
794 509 1234 575 vetustissimum,
1254 505 1518 562 oculatum
1533 513 1587 560 et
1612 507 1844 571 unicum,
1863 508 1994 561 dcti-
2021 516 2065 569 Α
2098 522 2279 561 coram
2306 506 2489 562 vidi-re
2515 521 2579 562 ac
2608 507 2859 562 evolvere
2888 505 3056 578 licuit,
3086 507 3349 567 beneﬂcio
3372 508 3451 567 Cl.
3478 514 3581 571 viri
3604 517 3669 573 D.

411 613 586 667 ciente
611 605 899 675 Gregorio,
931 606 1102 675 gentis
1147 612 1340 683 iiostrm
1380 602 1614 657 ItéstorEm
1651 604 1992 670 scriptorem.

417 697 568 755 Unde
603 697 650 750 si
693 696 785 764 qui
814 684 1057 748 auctores
1099 692 1236 744 forte
1272 696 1577 756 occurrant,
1600 690 1687 758 qui
1711 705 1834 745 eum
1854 705 1996 759 a-gre

415 788 685 857 laudatum
712 785 953 847 volucre,
984 782 1067 837 vel
1088 781 1163 847 de
1204 781 1321 850 ejus
1359 781 1688 837 collectionis
1731 780 1995 844 prioribus

416 878 566 934 libris
607 873 934 944 intelligendi
977 881 1123 938 sunt,
1170 881 1261 925 aut
1306 881 1454 927 certe
1500 872 1621 942 styli
1674 870 1992 935 barbariem,

417 968 744 1035 modumque
776 980 864 1021 res
892 963 1176 1019 enarrandi
1218 964 1373 1032 plane
1413 963 1711 1027 impolitum
1751 962 1990 1017 attende-

418 1068 561 1120 runt.
593 1057 677 1112 vel
702 1055 931 1122 denique
960 1053 1281 1109 Chronieum
1303 1054 1505 1121 ejusa‘d
1530 1051 1739 1123 Pippini
1768 1052 1996 1106 inm-tem

417 1163 586 1219 usque
616 1147 892 1217 perngisse
921 1146 1385 1200 existimaverunt.
1432 1144 1655 1198 Etenim
1684 1144 1730 1197 si
1776 1144 1844 1197 de
1891 1144 2001 1196 sin-

416 1252 541 1293 cero
570 1237 686 1307 ejus
709 1236 978 1291 Chronico
1006 1247 1217 1306 agatur,
1247 1233 1411 1303 quod,
1444 1245 1502 1288 ut
1532 1230 1897 1304 probavimus,
1926 1233 2003 1286 ul-

419 1339 499 1386 tra
528 1331 764 1387 Flaocati
795 1338 1020 1384 mortem
1061 1326 1237 1396 capite
1264 1327 1333 1381 90
1371 1326 1595 1397 relatam
1636 1340 1741 1380 non
1783 1337 1999 1394 prman-

418 1427 581 1488 ditur,
613 1438 772 1478 nemo
801 1421 1001 1491 estqui
1045 1420 1214 1489 ipsum
1258 1419 1485 1488 probare
1526 1433 1630 1473 non
1671 1418 1887 1472 debent.
1930 1418 2001 1471 lta

416 1516 577 1570 sentit
605 1512 905 1568 Hadrianus
930 1510 1194 1572 Valesius,
1224 1508 1315 1579 qui
1339 1524 1461 1562 cum
1494 1509 1723 1578 primum
1750 1507 2003 1562 Chronici

418 1609 820 1661 continuatores
863 1617 895 1658 a
947 1601 1268 1670 Fredegario
1315 1616 1422 1654 non
1471 1600 1824 1662 distinxisset,
1882 1597 2004 1669 styli

419 1698 536 1769 ejus
563 1696 808 1753 barbarie
846 1692 1105 1761 oil'ensus,
1148 1707 1433 1761 rerumque
1470 1691 1788 1769 scriptarum
1828 1688 2005 1745 breri-

420 1801 682 1855 tate,eum
705 1803 811 1841 non
832 1786 991 1840 modo
1013 1784 1281 1838 indoctum
1305 1782 1689 1853 pronuntiavit,
1704 1782 1794 1836 sed
1818 1787 1875 1836 ct
1895 1794 2002 1846 am,

2080 597 2309 661 ,Bohcrii
2353 598 2423 653 de
2467 597 2768 677 saviniaco,
2810 599 2900 666 qui
2953 599 3119 668 patris
3147 608 3200 655 et
3244 601 3333 657 avi
3380 602 3433 657 in
3466 605 3676 662 litteras

2082 676 2296 743 mamoris
2314 703 2419 743 non
2445 688 2621 743 minus
2643 703 2799 759 quam
2817 698 3133 743 eteterarum
3162 691 3345 747 dolum
3368 707 3673 761 successor,

2097 768 2219 834 eum
2247 778 2479 833 Parisios
2506 780 2704 846 attulit,
2725 768 2985 845 nobisque
3008 778 3260 835 utendum
3292 786 3675 842 commodavit.

2096 869 2361 937 Tertium,
2390 870 2480 940 qui
2525 871 2577 925 in
2625 870 2946 926 bibliotheca
2979 871 3290 928 Colbertina
3345 888 3676 941 asservatur,

2104 960 2164 1015 V.
2198 960 2277 1016 Cl.
2310 959 2586 1029 Stephano
2636 960 2853 1015 Baluaio
2907 961 3292 1017 humanissime
3343 965 3676 1022 concedente

2099 1052 2428 1119 accepimus.
2445 1051 2702 1117 Quartum
2722 1051 2954 1121 denique
2976 1068 3007 1107 e
3031 1054 3477 1111 Laureshamensi
3505 1061 3677 1111 sancti

2101 1141 2309 1195 Nazarii
2334 1140 2662 1197 monasterio
2699 1142 2751 1195 in
2784 1141 3093 1198 Vaticauam
3122 1145 3499 1201 bibliothecam
3530 1148 3679 1202 dela-

2105 1243 2238 1297 tum,
2259 1246 2379 1285 cum
2397 1230 2557 1286 editis
2576 1232 2803 1287 contulit
2826 1242 3009 1288 uoster
3028 1232 3255 1290 domnus
3283 1235 3537 1293 Claudius
3560 1240 3682 1293 Ste-

2105 1324 2413 1392 phanotius,
2442 1323 2741 1380 indefessus
2777 1324 3077 1380 studiorum
3107 1337 3411 1382 nostrorum
3439 1329 3676 1399 adjutor.

2107 1413 2198 1467 liis
2236 1411 2511 1468 cudicibus
2540 1411 2770 1469 addendi
2798 1413 2903 1468 duo
2932 1430 2997 1470 ex
3028 1416 3220 1486 quibus
3247 1416 3496 1473 Ganisius
3532 1434 3681 1475 suam

2106 1505 2464 1571 Thoramachi,
2495 1515 2550 1561 ut
2589 1516 2763 1573 vocat,
2811 1509 3160 1563 collectionem
3202 1511 3496 1565 historicum
3531 1514 3683 1565 chro-

2104 1598 2471 1668 nographicam
2513 1598 2698 1664 edidit,
2732 1609 2782 1653 et
2815 1599 3003 1655 tertius
3031 1616 3061 1656 e
3094 1601 3332 1655 Palatina
3365 1602 3683 1659 bibliotheca

2106 1704 2135 1742 a
2175 1689 2413 1745 Freliero
2457 1690 2684 1745 collatus
2718 1708 2732 1746 :
2765 1707 2899 1757 quos
2954 1708 3163 1757 omnes,
3205 1708 3269 1748 ac
3304 1696 3569 1750 editiones
3598 1710 3686 1748 va-

2108 1782 2213 1835 rias
2234 1799 2365 1849 quas
2395 1783 2783 1851 consuluimus,
2815 1785 2951 1839 infra
2983 1786 3034 1840 in
3064 1787 3321 1856 peculiari
3342 1787 3519 1843 indice
3542 1787 3688 1842 codi‘

419 1889 475 1934 ut
525 1891 648 1948 pete
693 1878 883 1947 tinguat
929 1873 1129 1928 Latina:
1178 1873 1622 1943 grammatica’que
1664 1872 1903 1943 ignarum
1944 1887 2006 1924 ac
2041 1871 2081 1930 ll
2108 1888 2227 1926 cum
2259 1873 2683 1929 recensebimus.

420 1971 573 2041 plane
600 1970 876 2025 barbarum
907 1982 1065 2036 usque
1093 1968 1163 2018 ad
1195 1964 1459 2032 fastidium
1481 1974 1526 2016 et
1548 1962 1807 2017 horrorem
1835 1961 2006 2032 legen-

420 2063 567 2125 tium,
601 2073 825 2115 exosum
856 2055 1060 2110 habuit.
1093 2054 1160 2108 At
1190 2052 1525 2123 postmodum
1558 2067 1617 2106 re
1642 2050 1895 2106 attentius
1926 2050 2007 2105 in-

419 2158 623 2220 specta.
654 2165 774 2205 cum
798 2132 998 2203 codicis
1017 2146 1056 2202 S
1080 2142 1377 2200 rmondiani
1411 2159 1511 2215 ope
1534 2143 1855 2197 Chronicum
1885 2141 2008 2198 Fre-

420 2240 623 2312 degarii
654 2239 921 2295 sincerum
950 2254 978 2290 a
1000 2232 1208 2292 caeteris
1237 2237 1577 2301 secrevisset,
1601 2236 1653 2290 in
1686 2235 1871 2290 laudes
1893 2244 2003 2289 sta-

422 2323 521 2389 tim.
568 2318 873 2403 Fredegarii
924 2332 1140 2401 erupit,
1190 2330 1388 2399 rejecta
1431 2329 1483 2382 in
1517 2330 1779 2397 temporis
1815 2328 2004 2383 vitium

419 2404 735 2480 auctoris'iu
767 2406 998 2478 dicendo
1027 2432 1081 2477 et
1109 2416 1375 2475 narrando
1403 2420 1665 2475 brevitate
1696 2437 1707 2474 :
1744 2417 2010 2489 Fredega-

419 2508 549 2584 rius,
579 2504 768 2587 inquit,
794 2508 873 2570 ita'
892 2504 975 2589 cst
1006 2502 1263 2570 Histeriat'
1296 2524 1484 2568 nostra:
1518 2506 1850 2577 necessarius,
1880 2521 1935 2566 ut
1964 2512 2009 2565 si

421 2600 648 2677 tempora
669 2602 935 2679 ‘Chl'otarii
952 2605 1104 2658 mino!
1119 2605 1185 2673 is,
1204 2600 1207 2605 ’
1223 2603 1498 2676 Dugobcrti
1518 2596 1523 2605 ’
1541 2618 1601 2656 ac
1644 2601 1921 2657 Chlodovei
1944 2598 2008 2654 11

422 2692 749 2753 ποὶαλαὺὰε
773 2696 1024 2761 volumus,
1046 2686 1268 2767 prorsus
1301 2712 1361 2750 eo
1401 2711 1574 2749 carere
1607 2710 1709 2748 non
1735 2690 2007 2765 possimus.

424 2766 643 2845 Fa’tctii‘r
666 2788 791 2873 alibi
816 2782 1023 2843 nullum
1054 2766 1217 2841 inisse
1246 2784 1416 2857 gentis
1445 2782 1641 2841 nostra:
1671 2785 2007 2850 historicum,

422 2878 512 2948 qui
539 2878 657 2947 ejus
682 2874 841 2933 verba
872 2876 1012 2932 sues
1051 2878 1103 2932 in
1145 2874 1558 2932 commcntarios
1597 2893 1702 2932 non
1744 2878 2009 2955 retulerit.

424 2970 665 3041 Denique
692 2968 813 3025 eum
844 2971 909 3024 ad
937 2961 1261 3049 annuinGﬂ
1294 2970 1345 3024 in
1375 2969 1609 3024 Historia
1641 2984 1818 3025 rerum
1847 2967 2011 3024 Fran-

424 3069 659 3123 cicarmn
702 3069 1051 3139 pervenisset.
1102 3062 1425 3138 Fredegario
1469 3070 1575 3124 srbi
1605 3060 1887 3125 deﬁciente
1931 3069 2011 3124 sic

423 3164 769 3234 conqueritur
797 3180 812 3217 :
845 3162 1190 3234 Fredegarius
1222 3162 1557 3219 scholasticus
1587 3180 1680 3218 nos
1708 3165 1761 3218 in
1789 3180 1846 3217 eo
1874 3177 2011 3217 anno

2185 1965 2303 2019 148.
2337 1965 2508 2021 Pauca
2545 1974 2835 2036 supersunt
2863 1980 2982 2036 quas
3010 1966 3077 2022 de
3115 1968 3473 2023 monumentis
3504 1967 3555 2021 in
3581 1971 3688 2037 Ap-

2108 2059 2333 2127 pendice
2359 2059 2424 2112 ad
2458 2058 2614 2127 hujus
2636 2057 2925 2112 voluminis
2954 2060 3154 2114 calcem
3179 2060 3519 2127 superaddita
3542 2060 3689 2115 dica-

2109 2164 2249 2214 mus,
2274 2144 2395 2203 eum
2420 2144 2603 2204 eorum
2627 2149 2865 2203 omnium
2893 2150 3048 2203 index
3088 2166 3183 2204 suo
3212 2151 3330 2205 loco
3355 2149 3682 2229 proferatur.

2111 2240 2185 2295 Ea
2218 2256 2348 2297 vero
2373 2240 2662 2310 selegimus
2690 2256 2754 2297 ex
2799 2243 3023 2296 vetustis
3072 2242 3381 2297 auctoribus
3420 2232 3478 2298 et
3524 2242 3688 2297 variis

2101 2326 2464 2389 Historiarum
2503 2326 2933 2409 collectionibus,
2961 2344 3201 2411 quaeaut
3229 2349 3257 2387 a
3290 2333 3553 2405 Gregorio
3589 2351 3689 2390 no-

2084 2422 2223 2479 'stro
2256 2424 2564 2491 laudantur,
2592 2434 2683 2478 aut
2733 2414 2955 2478 multum
3001 2418 3222 2494 prosunt
3272 2424 3338 2478 ad
3385 2439 3544 2495 opera
3575 2426 3692 2494 ejus

2110 2511 2450 2578 i'llustranda,
2478 2530 2509 2571 e
2534 2514 2727 2585 quibus
2750 2514 2996 2584 pauciora
3023 2514 3240 2586 quidem
3258 2529 3289 2572 e
3313 2515 3527 2571 mss.de
3553 2529 3694 2569 novo

2111 2615 2261 2661 eruta
2290 2613 2437 2671 sunt,
2461 2606 2553 2660 sed
2588 2605 2844 2675 pleraque
2871 2604 2937 2659 ad
2970 2592 3207 2660 vetustos
3234 2604 3448 2661 codices
3475 2605 3692 2671 collata,

2082 2692 2085 2697 ’
2112 2690 2167 2752 et
2213 2697 2407 2779 passim
2437 2696 2719 2753 emendata
2755 2714 2769 2750 :
2802 2711 2866 2751 ex
2899 2696 3089 2769 quibus
3118 2710 3247 2751 mss.
3286 2711 3424 2751 unus
3453 2706 3537 2752 est
3564 2698 3695 2751 ϐοτη

2106 2778 2368 2853 beien'sis,
2403 2796 2562 2843 :ntate
2587 2782 2828 2859 Gregorii
2859 2797 3128 2843 exaratus.
3157 2786 3393 2858 Denique
3419 2787 3696 2857 subjunxi-

2114 2895 2234 2935 nius
2262 2864 2475 2935 brevem
2501 2879 2822 2936 conditionis
2841 2878 3144 2935 monasterii
3171 2880 3337 2934 nostri
3362 2879 3533 2933 sancti
3559 2876 3696 2933 Ger-

2114 2973 2312 3028 mania
2354 2964 2525 3028 Pratis
2558 2972 2858 3037 historiam,
2886 2971 3028 3042 quod
3074 2970 3203 3025 illud
3246 2969 3317 3025 sit
3361 2968 3695 3025 Childcberti

2114 3061 2254 3131 regis
2295 3060 2714 3118 illustrissimum
2750 3061 2961 3130 pietatis
2992 3075 3055 3117 ac
3083 3059 3464 3131 muniﬁcentia:
3503 3074 3696 3114 monu-

2115 3163 2379 3217 mentum,
2427 3151 2479 3206 in
2524 3151 2679 3222 cujus
2708 3152 2925 3207 basilica
2971 3152 3085 3221 ipse
3121 3166 3239 3207 cum
3282 3150 3551 3206 nonnullis
3580 3150 3699 3204 aliis

424 3256 675 3329 destituit,
706 3256 977 3331 historicus
1000 3271 1093 3327 pro
1119 3265 1271 3324 captu
1316 3254 1526 3309 illorum
1566 3264 1851 3331 temporum
1890 3254 2007 3310 dili-

2118 3245 2332 3315 regibus
2359 3245 2688 3313 sepulturam
2731 3244 2909 3298 habet.
2937 3243 3053 3301 IEri
3083 3246 3245 3299 etiam
3291 3244 3457 3321 incidi
3482 3243 3694 3325 curavi-

424 3364 585 3419 gens,
606 3357 659 3402 ut
686 3357 854 3417 wtate,
885 3348 961 3402 sic
998 3348 1300 3402 auctoritate
1338 3347 1584 3420 Gregorio
1622 3351 1919 3423 proximus,
1963 3358 2011 3403 et

426 3442 479 3495 in
512 3430 698 3511 magna
728 3442 971 3495 bonorum
995 3451 1263 3517 auctorum
1290 3441 1469 3511 inapia
1506 3441 1648 3513 utilis
1685 3458 1747 3494 ac
1784 3457 2014 3496 necessa-

428 3534 558 3597 rius,
587 3549 679 3585 nec
703 3550 1055 3602 usquequaque
1080 3518 1491 3609 contemnendus,
1520 3537 1669 3604 cujus
1717 3532 1929 3586 brevitas
1966 3541 2014 3586 et

428 3635 613 3701 cetera
647 3610 818 3707 omnia
854 3629 974 3680 vitia
1018 3628 1325 3697 temporibus
1363 3626 1606 3705 imputari
1630 3700 1631 3703 η
1656 3626 1855 3680 debent.
1889 3626 2013 3680 Hinc

430 3716 541 3784 ille,
592 3720 675 3798 cui
733 3720 887 3775 facile
941 3721 1276 3795 subscribeut
1304 3721 1481 3798 quivis
1534 3732 1775 3778 veterum
1830 3737 2008 3778 rerum

432 3796 811 3866 Francicarum
840 3813 1036 3868 sinceri
1074 3823 1361 3869 amatores.

504 3902 628 3956 U7.
660 3902 713 3957 In
741 3888 1076 3959 emendando
1124 3915 1305 3961 autem
1355 3905 1705 3977 Frcdegario,
1736 3904 2013 3961 codicibus

430 3994 806 4063 manuSCriptis
839 3995 1176 4065 potissimum
1199 4006 1429 4067 quatuor
1458 3998 1538 4052 usi
1559 3997 1775 4051 luimus.
1802 3997 2014 4052 Primus

430 4101 500 4139 ex
528 4083 657 4151 illis,
684 4085 851 4140 codex
874 4086 1058 4141 Jacobi
1081 4087 1352 4142 birtnondi
1386 4089 1542 4158 vulgo
1568 4089 1886 4158 appellatus,
1918 4090 2016 4144 ho-

431 4178 521 4232 die
550 4179 603 4232 in
632 4176 961 4233 bibliotheca
985 4177 1206 4251 Collegti
1238 4181 1555 4236 Parisiensis
1583 4182 1707 4236 Soc.
1749 4182 1879 4236 Iesu
1910 4181 2017 4235 Lu-

430 4272 608 4327 dovici
628 4271 811 4341 Magni
836 4272 1165 4338 aSservatiir,
1193 4288 1299 4342 quo
1332 4273 1486 4327 nobis
1512 4288 1609 4343 pro
1633 4287 1731 4327 sua
1770 4274 2016 4328 humani-

431 4372 565 4432 tate,
591 4377 847 4432 quantum
875 4363 1052 4429 libuit,
1074 4364 1327 4419 utendum
1360 4365 1604 4434 permisit
1643 4366 1705 4420 Β.
1742 4366 1802 4420 Ρ.
1854 4365 2017 4421 Joan-

430 4472 531 4512 nes
575 4456 900 4528 llarduinus,
930 4471 1161 4525 eumque
1200 4465 1257 4512 ut
1306 4466 1430 4526 pote
1467 4458 1700 4531 suetoris
1744 4469 1923 4527 aetate,
1959 4467 2018 4513 ut

429 4563 593 4618 Supra
640 4547 893 4613 diximus,
921 4547 1180 4618 scriptum
1226 4547 1631 4618 diligentissime
1660 4554 1729 4603 de
1752 4550 1920 4604 verbo
1938 4550 2013 4603 .ad

2117 3352 2236 3391 mus
2266 3335 2473 3417 iconem
2503 3336 2690 3413 tumuli
2724 3324 3094 3407 Fredegundis
3124 3336 3345 3406 reginae,
3377 3342 3538 3406 atque
3566 3324 3699 3389 alias

2118 3420 2402 3495 istiusmvi
2433 3416 2710 3499 reliquias,
2740 3420 2862 3498 qua:
2909 3428 3135 3482 multum
3172 3427 3457 3503 conferunt
3483 3426 3551 3483 ad
3581 3428 3698 3483 illu—

2116 3520 2390 3601 strandam
2418 3536 2603 3577 eorum
2629 3530 2929 3591 temporum
2952 3519 3251 3577 historiam.

2178 3630 2456 3703 jamJam
2488 3631 2703 3695 tandem
2741 3632 2866 3688 linis
2900 3632 3254 3711 imponendos
3280 3641 3362 3690 est
3392 3631 3698 3689 Praefationi

2117 3738 2340 3793 nostrw,
2398 3728 2628 3782 fortasse
2678 3727 2990 3797 prolixiori;
3021 3734 3183 3798 atque
3224 3725 3539 3783 exhibenda
3583 3725 3701 3783 Vita

2116 3822 2289 3877 sancti
2318 3818 2564 3891 Gregorii
2596 3820 2833 3890 episcOpi
2853 3818 3207 3886 Turonensis,
3238 3820 3443 3890 absque
3466 3819 3704 3875 auctoris

2117 3912 2336 3968 nomine
2356 3912 2467 3983 jam
2494 3910 2662 3978 edita,
2691 3926 2814 3981 quae
2842 3912 2892 3966 in
2917 3912 3192 3967 nonnullis
3219 3911 3457 3981 antiquis
3495 3909 3699 3965 codici-

2118 4006 2220 4061 bus
2245 4004 2419 4060 Odoui
2449 4003 2628 4059 abbati
2656 4002 2925 4061 tribuitur.
2954 4002 3046 4058 Sic
3066 4003 3211 4057 enim
3239 4001 3291 4057 in
3314 4002 3502 4059 codice
3527 4001 3701 4055 sancti

2116 4097 2287 4165 Sergii
2308 4094 2711 4153 Andecavensis
2730 4095 3060 4160 inscribitur,
3079 4092 3336 4163 Prologus
3360 4093 3537 4147 dmi
3559 4091 3703 4147 Odo-

2118 4190 2197 4243 nis
2221 4187 2436 4241 abbatis.
2471 4185 2733 4251 Omnium,
2758 4193 2862 4240 etc.
2888 4183 3081 4254 Incipit
3110 4184 3212 4236 vita
3236 4183 3372 4243 edita
3415 4182 3489 4237 αι·
3524 4180 3704 4237 Orione

2117 4279 2317 4335 abbate.
2349 4276 2494 4334 Idem
2535 4275 2590 4331 in
2636 4276 2743 4331 line
2785 4275 3063 4345 repetitur.
3113 4273 3264 4328 llunc
3303 4287 3432 4328 vero
3459 4272 3703 4328 Odonem

2120 4386 2225 4427 non
2248 4370 2416 4425 alium
2438 4383 2561 4431 esse
2590 4374 2839 4437 putamus
2866 4380 2897 4419 a
2924 4372 3112 4420 sancto
3151 4364 3341 4429 Odone
3360 4363 3701 4429 Cluniacensi

2120 4467 2334 4533 abbate,
2366 4465 2458 4535 qui
2478 4528 2479 4531 η
2501 4463 2640 4533 apud
2667 4461 3085 4518 Caesarodunum
3113 4460 3386 4516 Turonum
3434 4460 3698 4535 educatus

2121 4575 2186 4616 ac
2211 4559 2303 4615 diu
2325 4567 2701 4620 conversatus,
2745 4553 2904 4612 facile
2928 4553 3120 4610 adduci
3163 4553 3337 4623 potuit
3362 4552 3432 4609 ad
3460 4551 3707 4629 scriben-

430 4640 658 4713 verbum
680 4637 1021 4713 contulimus.
1056 4640 1361 4694 Secundum
1391 4639 1680 4697 habuimus
1724 4657 1793 4697 ex
1819 4641 2017 4697 biblio—
2046 4631 2097 4690 D
2123 4654 2245 4708 dam
2270 4653 2443 4708 Vitam
2468 4653 2639 4708 sane“
2660 4650 2939 4717 ammms,
2964 4650 3075 4719 iam
3108 4660 3233 4704 "me
3252 4648 3319 4703 ια
3349 4647 3511 4718 pedes
3530 4645 3707 4702 διωειί

432 4737 588 4790 theca
632 4730 976 4791 illustrissimi
1008 4733 1113 4801 viri
1142 4733 1355 4788 Boherii
1382 4736 1432 4788 iu
1475 4734 1782 4790 Divionensi
1823 4746 2013 4801 senatu

429 4827 677 4899 jvrmsidis
716 4816 943 4897 infulati.
976 4825 1129 4881 Hunc
1168 4827 1407 4883 codicem
1440 4844 1561 4883 cum
1591 4828 1749 4885 editis
1788 4828 2016 4898 primum

428 4918 657 4976 contulit
680 4926 863 4987 uoster
894 4916 1122 4973 domnus
1148 4919 1264 4974 Odo
1292 4912 1596 4992 Clergerius
1625 4920 1849 4977 Divione
1871 4922 2014 4991 apud

424 5022 680 5079 sanctum
724 5010 1179 5079 Bcnignum;sed
1209 5022 1393 5082 postea
1443 5015 1731 5080 ipsummet
1773 5014 2017 5071 codicem

2124 4744 2333 4799 Martini
2371 4744 2427 4799 in
2463 4744 2579 4812 ejus
2626 4742 2841 4798 basilica
2885 4739 3102 4809 sepulti,
3131 4752 3290 4809 quam
3332 4752 3401 4793 ex
3443 4734 3690 4806 ejusdem

2124 4833 2370 4905 Gregorii
2395 4832 2610 4904 scriptis
2642 4833 2780 4889 forte
2816 4831 3032 4900 collegit
3061 4829 3371 4907 priusquam
3402 4826 3554 4884 lieret
3582 4839 3706 4882 ιιιορ

2126 4930 2353 4996 naetms,
2385 4940 2509 4983 cum
2529 4925 2707 4981 adhuc
2747 4935 2893 4981 esset
2932 4921 3173 4981 basilicae
3205 4917 3541 4979 Martiniantc
3566 4930 3707 4990 pm

2124 5028 2316 5074 center
2337 5026 2392 5074 et
2420 5016 2727 5079 scholarum
2750 5014 3036 5085 Magister.
