3994 6332
363 439 3633 483 W

441 642 1085 865 VITA
1246 642 2176 945 SANCTI
2315 646 3563 871 GBEGOBII

1345 1058 1863 1215 EPISCiiPl
1960 1059 2662 1219 TURONENSIS

1156 1368 1424 1459 PER
1502 1365 2107 1463 ODONEM
2184 1366 2875 1459 ABBATEM.

1409 1570 2579 1627 ψ

1658 1741 2363 1930 ξβισοιοςιιξ.

427 2024 675 2087 Omnium
700 2025 915 2098 quidem
942 2034 1249 2083 sanctorum
1269 2024 1390 2093 jure
1415 2024 1671 2083 memoria
1703 2033 2010 2091 veneratur,
2031 2024 2125 2078 sed
2143 2037 2237 2078 eos
2263 2025 2490 2092 primum
2525 2024 2709 2083 fideles
2738 2024 3113 2091 honoriﬁcam,
3131 2027 3221 2097 qui
3246 2025 3327 2081 vel
3356 2026 3631 2092 doctrina,

362 2119 447 2173 vel
477 2120 728 2186 exemplo
754 2116 965 2173 czrteris
994 2116 1192 2181 clarius
1218 2115 1495 2171 effulsere.
1524 2114 1690 2169 Porro
1716 2130 1881 2169 unum
1909 2130 1974 2171 ex
2002 2115 2086 2182 his
2113 2117 2323 2170 beatum
2357 2119 2670 2187 Gregorium
2695 2119 2978 2176 Turonica:
3009 2120 3156 2175 sedis
3181 2120 3643 2190 archiepiscopum

359 2210 542 2281 fuisse,
574 2223 805 2280 eumque
829 2208 927 2261 hac
953 2206 1167 2277 gemina
1198 2205 1323 2262 dote
1348 2205 1749 2275 resplenduisse
1776 2221 1880 2258 nun
1911 2220 2070 2272 parva
2102 2206 2423 2271 documenta
2462 2211 2711 2278 produnt.
2744 2209 2910 2280 Cujus
2938 2210 3188 2265 nimirum
3223 2219 3370 2281 gesta
3413 2209 3494 2264 vel
3527 2224 3644 2277 pars

357 2301 452 2355 tim
486 2301 789 2357 necessario
818 2299 1213 2367 describuntur,
1246 2312 1314 2352 ue
1344 2296 1483 2362 fama
1508 2298 1636 2351 tanti
1661 2297 1759 2357 viri
1781 2297 2104 2369 quandoque
2128 2298 2417 2365 dubietatis
2439 2302 2628 2364 nebula
2659 2304 2977 2367 fusearetur.
3000 2304 3299 2375 thuidem
3323 2305 3451 2360 satis
3474 2312 3557 2360 est
3576 2302 3643 2358 ad

356 2389 478 2462 ejus
522 2391 745 2464 gloriam
773 2392 913 2462 quod
945 2389 1242 2457 Christum,
1274 2388 1359 2444 cui
1392 2390 1605 2459 placere
1652 2389 1923 2465 quaesivit,
1955 2390 2232 2455 conscium
2264 2392 2423 2447 habet
2455 2394 2505 2446 in
2547 2393 2798 2461 excelso,
2831 2395 2923 2448 sed
2955 2403 3131 2455 tamen
3164 2408 3219 2456 et
3249 2396 3335 2451 hic
3366 2396 3518 2452 nefas
3556 2406 3641 2451 est

358 2484 501 2541 illius
548 2487 732 2542 laudes
758 2496 956 2552 tacere,
984 2485 1072 2555 qui
1117 2495 1196 2540 tot
1223 2496 1531 2541 sanctorum
1560 2484 1765 2539 studuit
1796 2484 1980 2541 laudes
2011 2486 2309 2556 propalare.
2336 2486 2464 2559 Quae
2495 2488 2702 2553 scilicet
2732 2489 2927 2544 relatio
2955 2490 3208 2560 quantula
3238 2492 3362 2558 erit,
3402 2507 3501 2557 nec
3526 2493 3643 2563 ejus

358 2579 588 2649 insignia
631 2593 689 2637 ut
718 2591 842 2635 sunt
874 2579 1129 2649 proferet,
1161 2579 1413 2655 quoniam
1465 2578 1709 2646 plurimis
1756 2593 1876 2648 qum
1919 2577 2172 2647 opinione
2205 2579 2451 2636 feruntur
2478 2581 2714 2648 omissis,
2744 2598 2908 2653 pauca
2941 2584 3184 2653 quaedam
3217 2601 3337 2656 qua:
3383 2601 3449 2642 ex
3494 2587 3643 2643 libris

360 2670 479 2746 ejus
507 2675 873 2743 approbantur
902 2674 1235 2744 attingimus.
1270 2672 1420 2754 Quod
1444 2672 1488 2725 si
1515 2672 1635 2743 quis
1661 2670 1887 2727 Judaico
1913 2686 2065 2726 more
2095 2671 2246 2741 signa
2278 2671 2557 2742 requirens
2586 2683 2829 2728 sanctum
2858 2676 3155 2745 quemlibet
3180 2680 3454 2746 signorum
3475 2694 3641 2747 quan-

357 2769 510 2829 titate
538 2770 776 2834 metitur,
817 2768 944 2840 quid
976 2768 1043 2825 de
1073 2768 1225 2831 beata
1253 2766 1349 2822 Dei
1390 2765 1686 2837 Genitrice,
1716 2766 1796 2820 vel
1837 2766 1907 2821 de
1948 2780 2284 2837 prmcursore
2326 2766 2535 2822 Joanne
2588 2768 2831 2824 censebit
2860 2770 2915 2833 8?
2937 2770 3135 2829 Sanius
3167 2773 3343 2841 itaque
3371 2772 3640 2830 discernat

360 2858 578 2932 quodin
613 2859 892 2915 tremendo
922 2859 1008 2913 die
1054 2857 1234 2926 multis
1281 2857 1371 2927 qui
1404 2858 1554 2927 signa
1598 2855 1844 2913 fecerunt
1871 2856 2197 2927 reprobatis,
2230 2857 2391 2927 Iniqui
2424 2873 2589 2927 Opera
2610 2860 2833 2929 justitia:
2858 2863 3047 2918 sectati
3092 2873 3214 2919 sunt
3247 2865 3315 2920 ad
3359 2866 3636 2923 dexteram

358 2951 576 3018 superni
607 2949 812 3004 Judicis
835 2948 936 3005 soli
966 2946 1306 3016 colligentur.
1338 2946 1452 3009 Non
1484 2946 1651 3016 igitur
1680 2947 1963 3016 praesulem
1996 2956 2235 3001 no~trnm
2264 2962 2295 3001 a
2320 2957 2472 3016 gestu
2497 2951 2878 3009 miraculorum
2900 2957 3360 3023 commendamus,
3390 2961 3638 3028 quamvis

355 3054 411 3101 et
438 3045 528 3100 illa
555 3060 663 3101 non
693 3044 1018 3119 omnimodis
1040 3042 1402 3116 'deerunt,sed
1433 3044 1576 3115 quod
1607 3044 1752 3101 mitis
1778 3054 1835 3106 et
1865 3043 2084 3113 humilis
2113 3046 2279 3103 corde
2302 3044 2576 3109 Christum
2601 3047 2841 3117 imitatus
2865 3051 3026 3108 luerit
3052 3051 3428 3111 demonstrare
3452 3068 3638 3126 aggre-

358 3138 573 3194 diamur
600 3137 649 3194 δ.

423 3294 467 3350 l.
495 3294 786 3375 Gregorius
815 3293 1020 3352 Celtico
1045 3295 1336 3371 Galliarum
1368 3305 1541 3352 tractu
1568 3296 1666 3352 fuit
1690 3305 1931 3362 exortus,
1964 3299 2015 3375 Α
2040 3296 2106 3351 rii
2138 3297 2409 3368 parentela
2435 3298 2781 3368 produxerat,
2802 3302 2916 3356 haec
2944 3310 3241 3369 senatores,
3264 3301 3381 3359 hmc
3414 3302 3632 3374 judices

352 3373 662 3462 Arverniem
693 3388 927 3459 regionis
967 3388 1240 3463 indigena,
1270 3399 1418 3459 patre
1447 3390 1741 3455 Florentio,
1773 3402 1944 3446 matre
2002 3374 2005 3375 ν
2048 3397 2101 3443 et
2130 3388 2387 3458 quidquid
2416 3388 2485 3444 de
2515 3389 2705 3444 ordine
2739 3389 3113 3459 primariorum
3136 3392 3363 3447 dixerim
3396 3373 3637 3463 profere-

352 3480 691 3555 Αηῃρηιειῆει
724 3489 1056 3549 procreatus,
1088 3464 1153 3534 Et
1180 3481 1223 3534 si
1256 3480 1383 3550 quid
1436 3481 1632 3559 divinat
1661 3484 1945 3551 generosi-
2046 3478 2158 3534 bat.
2187 3478 2242 3533 ld
2274 3493 2406 3535 sane
2434 3479 2502 3535 de
2532 3480 2841 3548 parentibus
2867 3481 3066 3537 dictum
3100 3483 3191 3550 sit,
3218 3493 3273 3537 ut
3300 3485 3422 3552 quia
3450 3483 3633 3543 Domi-

352 3572 449 3644 tati
499 3582 711 3627 terrena
760 3571 1014 3636 conducit
1061 3570 1337 3636 nobilitas,
1372 3582 1622 3640 parentes
1652 3571 1771 3643 ejus
1819 3588 1940 3628 cum
2046 3575 2214 3631 nusin
2237 3574 2740 3645 generationejusta
2764 3584 2866 3641 est,
2896 3576 2959 3631 ad
2995 3576 3206 3633 laudem
3229 3576 3470 3647 Gregorii
3495 3591 3627 3647 pro-

351 3661 513 3729 rebus
542 3660 854 3731 locupietes,
884 3669 994 3715 tum
1021 3677 1235 3733 quoque
1261 3661 1531 3718 natalibus
1573 3663 1841 3725 fulserunt
1866 3666 1937 3719 il—
2045 3664 2213 3730 liciat,
2246 3665 2387 3737 quod
2418 3665 2471 3721 ei
2501 3682 2599 3721 sua
2641 3669 2925 3738 progenies
2979 3669 3133 3724 titulo
3183 3669 3483 3725 sanctitatis
3534 3683 3632 3724 co-

352 3754 573 3809 lustres.
604 3752 712 3810 Sed
740 3755 883 3822 quod
917 3754 1087 3825 pluris
1112 3763 1216 3823 est,
1242 3755 1443 3810 muniis
1467 3756 1664 3811 divina:
1703 3759 1941 3813 servitu-
2049 3760 2229 3813 lumna
2248 3761 2494 3815 videatur
2508 3757 2558 3813 ά.
2578 3759 2747 3831 Hujus
2770 3776 2940 3831 genus
2967 3770 3019 3817 et
3047 3763 3274 3832 patriam
3306 3761 3635 3829 Fortunatus

350 3849 422 3901 tis
445 3845 676 3916 quadam
696 3847 951 3912 peculiari
970 3847 1257 3903 devotione
1284 3848 1355 3901 ita
1386 3847 1701 3903 videbantur
1721 3852 1940 3916 annexi,
2043 3864 2475 3913 commemorans
2502 3851 2613 3922 (lib.
2646 3868 2764 3919 Vlll,
2800 3869 2907 3905 car.
2941 3852 3056 3923 17),

354 3948 417 3993 ut
444 3938 685 4008 quisquis
711 3954 775 3993 es
808 3939 889 3994 bis
910 3938 1246 4009 irreligiosus
1266 3939 1677 4008 existeret,jure
1705 3939 1938 4010 degener

352 4038 654 4095 notaretur,
688 4029 754 4084 ad
776 4029 917 4099 quod
948 4030 1295 4086 astruendmn
1341 4029 1596 4100 quiddam
1624 4031 1694 4087 de
1722 4033 1940 4101 propin-

350 4121 631 4191 quioribus
656 4121 984 4178 inseramus.
1019 4123 1201 4193 Itaque
1227 4122 1490 4193 Georgius
1514 4133 1538 4162 ε
1567 4123 1832 4193 quondam
1856 4140 1943 4180 se-

351 4224 507 4280 nator
536 4213 857 4272 Leocadiam
886 4214 1042 4271 duxit
1064 4231 1286 4271 uxorem
1307 4216 1453 4281 ;hmc
1481 4216 1549 4272 de.
1576 4217 1746 4285 stirpe
1770 4217 1938 4273 Vectii

352 4307 576 4377 Epagati
597 4308 1139 4378 descenderat,quem
1172 4308 1434 4364 Eusebius
1462 4309 1515 4363 in
1546 4311 1732 4377 quinto
1756 4310 1932 4363 Histo-

352 4400 552 4455 riarum
579 4399 715 4455 libro
738 4400 981 4469 Lugduni
1009 4415 1246 4468 passum,
1274 4416 1336 4453 ac
1366 4400 1506 4456 inter
1536 4401 1774 4471 reliquos
1808 4410 1938 4456 tunc

351 4489 613 4560 temporis
645 4499 830 4546 narrat
855 4490 1143 4560 gloriosius
1172 4492 1540 4560 sgonizatum.
1570 4491 1702 4557 Qum
1737 4490 1938 4547 Leuca-

354 4584 443 4637 dia
472 4582 682 4653 peperit
706 4592 950 4638 sanctum
975 4582 1184 4647 Gallum
1214 4582 1528 4639 Arvernicm
1557 4583 1700 4637 sedis
1720 4582 1934 4651 episco-
2116 4580 2191 4634 lla
2234 4578 2396 4633 nobili
2439 4580 2608 4649 stirpe
2640 4580 2971 4634 nobilissima
3014 4580 3142 4649 prol-
3166 4594 3193 4634 s
3226 4596 3529 4650 emergens,
3571 4588 3632 4635 ut

360 4689 487 4743 pum
513 4681 672 4743 atque
689 4672 1021 4730 Florentium
1037 4675 1195 4744 hujus
1220 4675 1371 4744 pueri
1393 4676 1720 4747 genitorem.
1737 4675 1814 4730 De
1842 4676 1941 4733 hoc
1974 4689 2018 4750 Β
2045 4686 2165 4726 rosa
2193 4673 2437 4742 quaedam
2472 4686 2573 4726 suo
2605 4671 2786 4742 stipite
2814 4671 3038 4741 gratior,
3058 4670 3223 4728 decus
3251 4670 3631 4741 generositatis

2230 3963 2381 4041 Forte
2405 3963 2600 4041 {inquit}
2622 3965 2777 4037 decus
2793 3966 3385 4041 generis,’l‘_uroni_censis
3406 3978 3531 4030 apex

2169 4025 2241 4087 ΑΙ,
2263 4028 2373 4075 ibus
2395 4025 2630 4078 Arvernis
2654 4025 2859 4078 veniebs
2881 4025 3018 4077 mons
3042 4028 3180 4077 altior
3206 4030 3345 4090 ipsis.

2113 4133 2192 4189 Ad
2220 4144 2442 4189 matrem
2467 4149 2678 4205 quoque
2705 4135 2823 4207 ejus
2853 4136 2969 4202 (lib.
3002 4153 3057 4204 χ,
3087 4152 3249 4189 carm.
3273 4135 3387 4207 9.1),

2170 4247 2305 4311 Felix
2333 4249 2407 4297 bis
2430 4250 2619 4311 meritis
2635 4251 2725 4309 sibi
2755 4250 3054 4311 Maccbaliaaa
3082 4251 3159 4299 vel
3182 4251 3312 4311 orbi,

2166 4311 2286 4367 Quae
2305 4318 2495 4373 septem
2518 4312 2697 4372 palmas
2717 4312 2843 4360 caelo
2858 4313 3128 4360 transmisit
3149 4312 3212 4359 ab
3237 4310 3344 4359 alvo
3369 4325 3384 4361 :

2165 4373 2237 4428 'l‘u
2258 4372 2455 4434 quoque
2483 4373 2619 4432 prole
2647 4380 2824 4434 potens
2843 4380 2984 4423 recte
3003 4375 3318 4424 Armentaria
3336 4372 3476 4431 felix.

2166 4434 2293 4483 Fetu
2310 4434 2439 4490 clara
2466 4440 2551 4482 tuo
2568 4435 2727 4496 geniti
2756 4435 3053 4496 circumdata
3078 4434 3257 4491 fructu,

2288 4496 2372 4544 Est
2394 4496 2479 4544 tibi
2508 4495 2780 4558 Gregorius
2809 4495 2964 4557 palma
2988 4508 3167 4545 corona
3192 4510 3362 4557 novus.

359 4779 537 4824 autem
556 4767 855 4838 Florentio,
870 4769 961 4823 sed
978 4778 1033 4825 et
1052 4769 1119 4824 de
1139 4768 1472 4824 Armentaria
1487 4776 1678 4831 matre,
1700 4767 1768 4823 de
1781 4767 1941 4823 Petro

357 4873 571 4929 quoque
594 4858 757 4916 fratre
784 4858 922 4930 ejus,
940 4875 1039 4917 nec
1065 4877 1172 4915 non
1195 4867 1252 4915 et
1265 4861 1331 4915 de
1358 4876 1525 4916 uxore
1548 4861 1942 4917 Justinisorore

351 4952 568 5021 ejns,ac
590 4951 797 5006 duabus
822 4952 1071 5023 neptibus
1087 4952 1355 5007 Heustena
1377 4952 1645 5015 videlicet,
1663 4951 1939 5007 etJustiua

358 5046 528 5100 beatae
562 5044 898 5116 lladegnndis
936 5046 1220 5116 discipula,
1252 5044 1374 5099 libri
1405 5044 1784 5099 miraculorum
1816 5045 1940 5098 talia

356 5132 621 5201 referunt,
636 5151 732 5204 per
760 5151 879 5204 quae
909 5136 1042 5193 ﬁdes
1072 5136 1285 5191 illorum
1307 5145 1362 5191 et
1390 5136 1581 5190 merita
1616 5150 1722 5189 non
1751 5134 1930 5204 exigui

352 5227 611 5285 momenti
644 5227 807 5287 fuisse
857 5228 1259 5300 dignoscantur.
1292 5228 1416 5283 Haec
1450 5236 1628 5283 autem
1674 5225 1933 5282 Arvernis

350 5322 481 5395 |Ed.
502 5320 809 5395 Arvernia],
832 5339 953 5395 quae
975 5338 1142 5394 puero
1167 5323 1392 5395 genialis
1411 5322 1603 5377 humus
1624 5320 1744 5386 fuit,
1770 5319 1933 5375 vehe-

351 5424 562 5471 menter
590 5416 718 5470 olim
751 5426 909 5484 caput
931 5417 1216 5478 extulerat,
1244 5416 1317 5471 ita
1340 5424 1399 5470 ut
1424 5412 1767 5473 senatoribus
1787 5411 1935 5465 vrlut

350 5508 477 5574 urbs
501 5507 724 5578 Tarpeia
752 5506 848 5582 [Ιι.
878 5506 1065 5578 Ruina]
1100 5507 1436 5577 prmpollerct
1464 5523 1477 5558 :
1509 5504 1681 5558 abhis
1724 5500 1926 5572 Grego-

435 5680 459 5709 ⁸
482 5667 688 5731 Gcrm.,
719 5680 940 5724 censent.
970 5669 1150 5736 Serg.,
1174 5667 1473 5719 censebitur.
1511 5664 1703 5720 Sanus.

431 5738 459 5779 δ
485 5742 582 5795 Ed.
606 5750 656 5796 et
683 5743 831 5808 Cor.,
878 5741 1303 5810 demonstramns.
1355 5740 1559 5803 Germ,
1609 5736 1926 5789 dmonstra-

346 5826 538 5881 reatus.

2040 4771 2254 4819 auctum
2287 4762 2339 4818 in
2366 4775 2615 4832 parentes
2637 4762 2853 4817 refudit.
2891 4763 2956 4817 Et
2985 4763 3227 4833 quamvis
3246 4763 3355 4833 jam
3384 4763 3626 4834 mysterii

2041 4855 2293 4926 majestas
2333 4855 2386 4908 in
2416 4853 2723 4908 nominibus
2753 4867 2861 4907 non
2889 4862 3164 4922 quaeratur
3185 4896 3200 4921 ,
3231 4864 3409 4908 tamen
3435 4853 3544 4918 hic,
3568 4862 3630 4909 ut

2042 4949 2201 5004 rebus
2230 4956 2497 5003 assertum
2526 4956 2630 5011 est,
2662 4946 2953 5015 Gregorius
2999 4945 3328 5015 competenti
3361 4945 3626 5015 praesagio

2042 5041 2367 5095 nominatur.
2385 5038 2475 5094 Sic
2501 5039 2645 5092 enim
2676 5028 2897 5093 Grmcus
2918 5038 3225 5106 vigilantem
3261 5038 3516 5109 appellat,
3541 5041 3629 5094 hic

2044 5133 2273 5203 denique
2303 5146 2409 5186 non
2434 5130 2608 5185 solum
2638 5128 2849 5185 tertiam
2875 5129 3132 5197 vigiliam,
3164 5131 3259 5185 sed
3281 5130 3421 5200 quod
3453 5127 3627 5199 majus

2041 5230 2126 5277 est
2148 5223 2461 5287 secundam,
2487 5221 2735 5291 quodque
2764 5220 3039 5277 rarissime
3081 5221 3286 5284 videas,
3318 5221 3624 5276 observavit

2043 5327 2098 5372 et
2123 5316 2345 5387 primam
2373 5332 2389 5367 :
2420 5322 2474 5369 et
2512 5315 2634 5384 quia
2678 5313 2859 5384 iugum
2908 5313 3116 5367 Domini
3147 5313 3215 5366 ab
3257 5313 3623 5369 adolescentia

2043 5411 2291 5480 portavit,
2345 5407 2564 5463 sedebat
2608 5406 2717 5481 [Αι.
2764 5407 2991 5480 sedebit}
3036 5408 3205 5469 soius,
3238 5416 3298 5461 ul
3326 5409 3400 5461 ait
3432 5407 3625 5463 Hiere-

2047 5505 2204 5568 mias,
2231 5501 2316 5556 vel
2343 5508 2489 5555 certe
2529 5515 2695 5568 prope
2736 5499 3037 5559 Martinum.
3072 5499 3141 5555 Ut
3185 5512 3362 5554 autem
3390 5500 3624 5555 aetatulae

2113 5673 2136 5701 ε
2166 5663 2255 5717 Sic
2300 5672 2444 5717 recte
2490 5664 2678 5734 Scrg.;
2737 5663 2806 5717 ita
2864 5664 3009 5718 enim
3057 5663 3335 5734 dicebatur
3372 5661 3619 5734 Gregorii

2040 5748 2188 5793 avus,
2221 5749 2268 5787 ea
2306 5745 2387 5786 est
2417 5733 2656 5798 Gregorii
2690 5734 2870 5788 lectio.
2908 5735 3070 5801 Editi,
3102 5733 3400 5801 Gregorius.

2108 5801 2134 5841 εί
2167 5802 2370 5869 Gcrm.,
2402 5806 2539 5881 quod
2559 5823 2720 5861 sua...
2752 5821 2808 5859 eo
2835 5805 3113 5859 collumina
3134 5822 3165 5858 a
3186 5806 3400 5859 videtur.
