3994 6332
323 431 426 484 117

1165 432 1406 489 ελΝωτι
1448 433 1774 490 CREGORII
1820 433 2120 489 i'ZI‘lSCOPi
2162 435 2590 493 TURf‘tNENSlS
2632 440 2810 496 VITA.

3501 446 3598 505 ΗΒ

320 544 489 597 robur
515 543 752 606 admisit,
776 542 1075 598 litterarmu
1104 546 1295 600 studiis
1324 563 1372 600 nt
1393 548 1683 615 incipatur,
1715 548 1768 600 in
1794 563 1912 616 qut-
1947 557 1999 608 Α
2023 562 2194 613 [ιι-ιιυο
2239 545 2415 603 fumus
2460 549 2642 605 odoris
2670 551 2867 625 [Germ
2904 552 3038 608 odor
3087 552 3238 634 fumi]
3285 555 3336 611 in
3386 560 3606 617 auibus

321 637 425 686 bus
454 647 485 687 e
506 632 701 698 .uidem
726 633 917 689 studiis
941 636 1186 703 primitus
1215 637 1314 691 sub
1336 637 1491 692 Gallo
1512 639 1789 705 episc0po,
1818 654 1915 692 suo

321 725 581 779 videlicet
609 734 820 793 patruo,
851 740 1046 781 sensus
1084 726 1228 782 illius
1259 729 1558 783 teneritudo
1584 729 1806 783 coaluit.

397 815 463 870 ll.
494 815 627 870 Cum
658 832 787 885 ergo
820 818 931 886 jam
962 818 1016 873 in
1045 818 1317 874 discendis
1358 831 1604 875 notarum
1636 823 1916 878 characte-

320 907 475 963 rihus
526 917 800 976 ageretur,
828 908 969 964 hunc
998 910 1179 965 divina
1227 912 1511 981 dispositio
1540 914 1791 968 virtutum
1822 930 1917 968 au-

321 1000 509 1069 spiciis
542 998 1160 1071 initiavit,sanctamque
1188 1004 1304 1072 ejus
1333 1004 1607 1059 infantiam
1637 1007 1913 1075 signorum

322 1092 643 1147 ostensione
670 1092 994 1149 nobilitavit.
1028 1094 1159 1149 Nam
1186 1107 1337 1165 pater
1356 1096 1476 1167 ejus
1509 1097 1674 1153 nimia
1708 1101 1913 1154 valetu-

319 1184 448 1238 dine
477 1184 905 1253 comprehensus
953 1187 1147 1242 lectulo
1188 1189 1508 1255 decubabat,
1541 1191 1745 1247 intimis
1771 1193 1911 1247 ossi-

321 1276 422 1328 bus
463 1275 624 1330 ardor
674 1276 873 1345 furere,
922 1278 1240 1350 podagricus
1285 1281 1476 1335 humor
1506 1281 1638 1337 foris
1682 1281 1912 1340 intume-

317 1382 492 1434 scere,
525 1385 693 1439 vapor
734 1371 919 1425 aridus
947 1388 1039 1427 ora
1087 1389 1375 1443 perurgere
1403 1376 1569 1444 cmpit
1596 1416 1610 1439 ,
1642 1390 1763 1429 cum
1792 1377 1912 1446 qui-

318 1462 445 1515 dam
491 1478 659 1531 puero
702 1465 779 1516 vir
812 1480 906 1533 per
938 1466 1198 1519 visionem
1230 1482 1495 1535 apparens
1529 1467 1732 1521 diceret
1764 1486 1779 1522 :
1813 1468 1913 1523 Le-

316 1550 465 1620 gi-ti,
488 1553 581 1616 ait,
614 1554 803 1608 librum
838 1555 964 1608 Jesu
1006 1555 1183 1610 Naie?
1212 1558 1297 1611 cui
1342 1556 1473 1611 ille:
1509 1558 1676 1626 Nihil,
1712 1558 1907 1629 inquit,

314 1642 461 1694 aliud
506 1643 803 1698 litterarum
840 1655 1034 1714 przcter
1062 1657 1213 1700 notas
1240 1648 1484 1713 attendo,
1512 1665 1735 1718 quarum
1770 1666 1909 1704 nunc

312 1735 577 1791 exercitio
601 1738 929 1811 coiistrictus
959 1739 1189 1809 aflligor.
1213 1742 1343 1795 Nam
1370 1742 1458 1797 hic
1485 1742 1620 1796 liber
1648 1744 1694 1797 si
1715 1745 1783 1798 sit
1815 1760 1909 1813 pc-

316 1830 465 1882 nitus
501 1829 713 1899 ignoro.
744 1831 806 1885 Et
839 1832 926 1887 ille
959 1849 973 1886 :
1006 1832 1175 1898 Vade,
1209 1834 1403 1903 inquit,
1436 1834 1516 1889 fac
1546 1836 1806 1889 hastulam
1838 1854 1903 1891 cx

2021 639 2189 708 patris
2219 642 2449 707 reflavit,
2483 645 2729 712 protinus
2755 646 2932 699 omnis
2979 646 3068 701 ille
3118 656 3297 703 tumor
3343 650 3606 722 dolorque

2020 731 2288 787 discessit.
2318 734 2371 786 Si
2405 750 2653 805 magnum
2685 744 2769 791 est
2815 751 2877 791 os
2926 737 3201 794 Zachariae
3235 739 3460 797 Joannis
3492 759 3606 799 me—

2021 819 2126 872 rito
2151 821 2310 876 fuisse
2342 832 2660 888 reseratum,
2694 839 2792 878 nec
2820 825 3089 882 modicum
3132 829 3313 899 utique
3352 842 3434 885 est
3476 832 3604 887 Flo-

2018 912 2253 965 rentium
2285 928 2389 967 non
2423 916 2612 981 semel,
2632 916 2725 969 sed
2758 916 2839 970 bis
2871 932 2963 986 per
2994 919 3160 973 lilium
3184 935 3304 976 esse
3332 930 3601 980 curatum.

2012 1000 2310 1056 Senserant
2346 1020 2409 1059 ex
2455 1006 2555 1059 hoc
2597 1007 2756 1062 iidem
2795 1020 3043 1077 parentes
3072 1012 3214 1081 quod
3255 1012 3448 1070 dextro
3480 1018 3599 1086 pedi

2020 1094 2297 1160 potissime
2315 1094 2448 1150 forei
2470 1098 2779 1165 tnuixurus;
2810 1116 2911 1156 nec
2932 1102 3177 1171 ignorare
3204 1115 3448 1174 poterant
3472 1108 3599 1176 quin

2018 1185 2163 1240 illum
2196 1187 2373 1243 divina
2402 1189 2684 1257 dispositio
2710 1193 3105 1251 dexterioribus
3133 1197 3330 1253 ofﬁciis
3359 1200 3598 1269 aptavis-

2018 1288 2121 1333 set.
2147 1279 2315 1348 Quem
2341 1290 2517 1338 tamen
2550 1301 2655 1339 non
2687 1288 2942 1343 continuo
2995 1291 3361 1358 tetenderunt,
3404 1293 3601 1363 ipsius,

2018 1379 2073 1421 ut
2104 1385 2244 1437 reor,
2277 1387 2557 1428 assensum
2587 1376 2638 1429 in
2686 1378 3037 1447 suscipiendo
3085 1380 3341 1436 clericatu
3377 1394 3600 1453 prtcsto-

2017 1460 2207 1529 lantes,
2241 1462 2536 1519 litterarunt
2588 1476 2766 1523 tamen
2805 1470 2997 1526 studiis
3037 1473 3326 1527 instantius
3365 1472 3600 1544 applica-

2016 1552 2187 1606 batur.

2087 1645 2148 1698 V.
2180 1647 2367 1702 Adhuc
2398 1649 2575 1721 itaque
2605 1651 2936 1720 laiCus,.tam
2982 1672 3156 1713 sensu
3179 1674 3336 1729 quam
3370 1673 3599 1728 corpore

2011 1735 2341 1807 adoleverat,
2360 1755 2480 1794 cum
2504 1743 2684 1796 subito
2711 1746 2760 1798 vi
2791 1745 2952 1800 nimia
2983 1748 3210 1803 febrium
3242 1766 3303 1805 ac
3328 1750 3593 1805 stomachi

2015 1827 2201 1893 pituita
2232 1831 2678 1898 comprehensus,
2711 1836 2874 1905 cmpit
2907 1840 3137 1906 graviter
3166 1853 3449 1909 aegrotare,
3478 1843 3593 1897 lan-

292 1918 467 1991 ,ἱειιο
494 1937 613 1991 qua:
647 1925 815 1990 possit
855 1924 955 1978 hoc
998 1925 1239 1995 recipere
1288 1942 1502 1991 nomen.
1544 1928 1904 1997 scriptumque
1936 1928 1984 1988 B
2010 1936 2145 1990 guor
2192 1938 2286 1990 per
2332 1925 2450 1980 dies
2494 1925 2891 1996 ingravesi-ere,
2945 1934 3281 1986 medicinalis
3333 1936 3591 1989 industria

313 2026 380 2065 ex
413 2021 717 2078 atramento
771 2016 875 2070 sub
913 2019 1120 2084 paterni
1152 2020 1341 2087 capitis
1375 2022 1541 2073 fult-ro
1570 2020 1861 2075 colloeahis
1888 2041 1899 2073 :

311 2105 458 2173 quod
489 2107 532 2159 si
564 2106 777 2173 feceris,
809 2109 912 2162 erit
940 2110 988 2164 ei
1020 2112 1349 2179 praesidium.
1371 2112 1521 2167 Mane
1550 2111 1715 2181 facto,
1748 2116 1903 2168 matri

312 2194 460 2261 quod
483 2196 691 2251 viderat
719 2197 1006 2257 indicavit;
1036 2213 1280 2256 senserat
1302 2203 1554 2256 nimirum
1583 2206 1750 2258 sant-ti
1773 2221 1906 2274 puer

314 2287 518 2354 ingenii
548 2306 651 2343 non
684 2304 806 2355 suo,
836 2291 932 2345 sed
974 2292 1161 2347 matris
1181 2293 1400 2362 judicio,
1432 2310 1543 2349 rem
1567 2310 1689 2350 esse
1712 2312 1905 2365 geren-

311 2382 465 2436 dam.
495 2381 645 2437 Tunc
671 2383 757 2437 illa
782 2384 937 2453 jubet
968 2383 1231 2441 visionem
1260 2385 1501 2454 implere.
1546 2387 1765 2443 Factum
1797 2398 1903 2454 est,

312 2486 373 2529 et
404 2485 555 2543 pater
575 2476 644 2530 de
675 2487 947 2533 momento
974 2479 1262 2534 convaluit.
1295 2479 1431 2546 Quid
1456 2494 1587 2536 sane
1611 2482 1901 2537 rationabi-

311 2565 421 2619 lius
448 2581 608 2636 quam
663 2582 857 2623 nomen
904 2569 1032 2624 Jesu
1082 2571 1166 2626 vel
1199 2571 1398 2641 lignum
1448 2571 1514 2626 ad
1549 2573 1903 2643 reparandam

315 2658 631 2724 sospitatern
663 2660 1021 2729 congrueret?

389 2745 476 2799 tll.
502 2747 758 2804 Parentes
808 2750 943 2820 ejus,
976 2758 1035 2807 ut
1065 2768 1254 2808 revera
1286 2754 1498 2813 nobiles
1540 2764 1716 2824 erant,
1762 2767 1815 2813 et
1848 2758 1901 2813 in

312 2836 618 2906 Burgundia
642 2839 820 2895 diffusi
846 2841 1115 2899 Iatifundii
1149 2849 1751 2912 possessores.Sanctus
1773 2866 1903 2905 vero

310 2928 576 2996 Nicetius,
606 2931 687 2984 vir
714 2932 875 2988 totius
916 2934 1216 3005 religionis,
1258 2938 1347 3004 qui
1390 2937 1734 3009 Lugdunensi
1766 2956 1905 3010 pra:-

309 3030 433 3075 erat
461 3022 693 3090 civitati,
720 3039 840 3078 cum
866 3027 1102 3095 przedicti
1130 3038 1378 3095 parentes
1399 3046 1521 3085 eum
1540 3033 1901 3100 vicinareut‘,

308 3128 539 3185 puerum
576 3113 892 3184 Gregorium
924 3116 1023 3171 sibi
1061 3118 1215 3185 jubet
1256 3120 1444 3176 acciri.
1476 3123 1647 3189 Quem
1682 3136 1904 3179 sanctus

312 3205 397 3257 vir
443 3220 621 3260 coram
677 3208 908 3276 positum
964 3210 1349 3281 aliquantisper
1398 3215 1811 3283 contemplatus,
1847 3224 1902 3271 et

2008 2013 2139 2065 nihil
2170 2014 2448 2081 prolicere.
2468 2017 2636 2084 Quem
2670 2030 2891 2088 patruus
2914 2020 3095 2076 Gallus
3127 2023 3434 2094 frequenter
3466 2027 3593 2082 visi-
3680 2047 3685 2052 ·

2008 2102 2171 2163 tabat.
2204 2106 2433 2174 genitrix
2465 2123 2592 2163 vero
2620 2120 2677 2162 ut
2710 2122 2881 2165 mater
2911 2128 3032 2166 eum
3067 2115 3319 2169 lamentis
3348 2118 3593 2172 assidua-

2007 2192 2119 2245 bat.
2149 2192 2255 2248 Sed
2305 2212 2425 2249 cum
2452 2196 2561 2266 jam
2592 2198 2660 2252 de
2692 2198 2926 2256 humano
2952 2204 3155 2257 auxilio
3183 2205 3587 2275 desperaretur,

2005 2286 2220 2340 coalitus
2267 2285 2593 2343 adolescenti
2638 2300 2944 2360 suggestum
2972 2303 3052 2348 est
3082 2296 3222 2365 quod
3262 2311 3322 2351 se
3347 2298 3413 2352 ad
3454 2298 3594 2353 divi-

2006 2392 2133 2431 num
2173 2378 2464 2434 conferret.
2496 2380 2664 2450 Rogat
2690 2383 2853 2454 igitur
2876 2395 2931 2439 ut
2952 2385 3016 2438 ad
3047 2387 3357 2455 sepulcrum
3374 2388 3447 2445 .S.
3478 2389 3589 2446 llli-

2004 2471 2103 2535 dii,
2134 2482 2251 2526 erat
2295 2475 2436 2527 enim
2475 2474 2644 2542 juxta.
2675 2479 2871 2544 portari
2904 2478 3155 2534 deberet.
3185 2480 3289 2535 Sed
3306 2482 3368 2537 ei
3400 2496 3589 2551 parum

2005 2564 2225 2634 profuit,
2256 2569 2378 2635 quia
2408 2582 2569 2621 causa
2595 2568 2941 2626 differebatur
2961 2588 3080 2642 qua:
3112 2587 3204 2643 per
3228 2574 3588 2631 iliudincom-

2007 2656 2221 2711 modum
2264 2659 2625 2727 qumrebatur.
2663 2660 2813 2716 Domi
2842 2674 3147 2732 reportatus
3177 2671 3247 2720 ita
3276 2667 3591 2737 cmpitpost

2005 2749 2281 2815 paululum
2303 2752 2645 2818 tormentari,
2679 2764 2734 2807 ut
2764 2766 3043 2822 putaretur
3068 2756 3135 2811 ad
3156 2760 3358 2814 exitum
3384 2761 3587 2832 urgeri.

2009 2835 2235 2893 Vexatio
2259 2845 2475 2895 tandem
2500 2842 2623 2897 fecit
2646 2858 2860 2899 causam
2888 2846 3134 2919 intelligi,
3159 2850 3471 2903 consolatur
3492 2864 3589 2905 eos

2003 2931 2094 3000 qui
2144 2946 2204 2986 se
2248 2932 2470 3001 flebant,
2505 2934 2732 2991 dicens:
2765 2937 2863 2991 Ad.
2890 2939 3193 3007 sepulcrum
3242 2940 3381 2994 beati
3425 2940 3585 2996 lllidii

2005 3039 2092 3078 me
2112 3026 2281 3080 semel
2303 3025 2482 3081 adhuc
2507 3027 2742 3095 deferte;
2780 3030 2912 3084 fides
2937 3046 3052 3085 mea
3080 3041 3184 3098 est,
3216 3034 3355 3101 quod
3382 3044 3435 3087 et
3457 3035 3587 3088 mihi

2004 3118 2317 3186 sospitatem
2360 3129 2415 3175 et
2463 3121 2611 3175 vobis
2658 3137 2782 3175 mox
2828 3123 3102 3191 praestabit
3148 3125 3407 3178 iretitiam.
3440 3124 3591 3182 Tunc

2002 3224 2134 3264 vero
2184 3210 2293 3265 illic
2345 3212 2677 3282 deportatus,
2711 3228 2842 3269 voce
2872 3231 2976 3282 qua
3017 3225 3231 3285 poterat
3283 3218 3584 3274 orationem

314 3295 504 3350 nescio
525 3296 652 3367 quid
680 3297 915 3354 divinum
948 3300 1000 3353 in
1031 3316 1098 3355 eo
1125 3314 1537 3367 commentatus,
1569 3304 1729 3375 jussit
1755 3307 1896 3361 hunc
1923 3296 1974 3361 (ἶ
2003 3301 2158 3366 ΐιιάἱι,
2188 3302 2463 3371 spondens
2497 3303 2619 3371 Quia
2650 3304 2694 3357 Si
2728 3306 2795 3358 ab
2826 3304 2926 3359 hoc
2952 3308 3205 3377 contagio
3236 3308 3583 3378 liberaretur,

312 3388 383 3441 ad
412 3403 499 3455 se,
523 3389 738 3457 jacebat
764 3391 906 3445 enim
937 3393 987 3444 in
1016 3392 1231 3459 lectulo,
1266 3394 1467 3449 levari:
1502 3411 1565 3449 ac
1596 3398 1733 3450 velut
1759 3395 1785 3435 δ
1813 3414 1906 3466 pa-

312 3481 481 3535 radisi
528 3482 754 3537 colonus
801 3486 1083 3540 concivcm
1135 3487 1238 3542 sibi
1290 3489 1521 3543 futurum
1557 3491 1900 3562 praesagiens,

314 3572 461 3626 ulnis
490 3573 770 3629 astrictum
812 3577 977 3646 cmpit
1001 3575 1310 3647 confovere,
1341 3594 1462 3633 cum
1493 3580 1733 3650 quidem,
1764 3582 1903 3649 quod

310 3663 650 3718 reticendum
682 3681 787 3720 non
836 3677 938 3729 est.
980 3667 1052 3721 ita
1083 3667 1321 3725 collobio
1346 3684 1407 3723 se
1440 3680 1606 3723 touun
1640 3672 1900 3737 contexit,

310 3766 373 3807 ut
402 3770 502 3809 nec
529 3758 754 3813 summis
784 3756 966 3828 digitis
1014 3775 1237 3829 puerum
1270 3760 1323 3815 in
1369 3761 1513 3816 nudo
1543 3762 1898 3830 contingeret.

312 3845 430 3900 Hoc
458 3862 591 3903 sane
624 3848 890 3905 castitatis
931 3853 1234 3922 exemplum
1290 3853 1459 3909 isdem
1514 3870 1644 3923 puer
1691 3856 1902 3911 adultus

308 3937 653 3992 auditoribus
682 3939 795 3994 suis
821 3938 1137 4010 frequenter
1161 3943 1534 4012 ingerebat,ex
1556 3946 1654 4001 hac
1680 3948 1901 4016 perfecti

312 4028 553 4082 hominis
578 4031 787 4085 cautela
816 4033 1050 4086 suadens
1078 4048 1171 4087 eos
1193 4034 1471 4103 colligere.
1497 4046 1753 4105 quantum
1796 4024 1902 4093 fra-

310 4118 449 4188 giles
479 4120 681 4191 quique
700 4122 932 4178 debeant
956 4123 1154 4193 leporis
1190 4135 1421 4179 attactus
1452 4128 1622 4183 vitare
1656 4140 1702 4184 ε.
1742 4129 1905 4185 Bene-

310 4212 450 4266 dixit
479 4230 608 4285 ergo
650 4230 901 4285 puerum,
944 4226 997 4270 et
1035 4216 1359 4286 imprecatus
1391 4220 1464 4275 illi
1503 4236 1757 4291 prospera
1787 4223 1903 4279 suis

313 4304 524 4357 remisit
550 4319 696 4359 eum.

386 4398 474 4451 IV.
510 4399 733 4454 Biennio
782 4415 909 4454 vero
942 4410 1064 4468 post
1108 4400 1423 4457 miraculum
1476 4403 1617 4471 quod
1660 4403 1898 4462 diximus

204 4540 211 4546 ,
305 4487 484 4545 fe:rue
531 4503 744 4559 exacto,
772 4492 883 4561 jam
920 4504 1247 4547 memoratus
1304 4492 1609 4551 Florentius
1655 4497 1893 4553 recidiva

206 4634 211 4637 _
309 4581 570 4648 languore
592 4577 617 4616 ἀ
656 4590 942 4651 captatur:
972 4584 1281 4638 accenditur
1314 4584 1500 4654 febris,
1534 4589 1896 4647 intumescunt

2004 3394 2288 3448 clericatus
2318 3393 2559 3448 habitum
2581 3395 2856 3466 suscipere
2887 3413 2988 3453 uec
3016 3414 3237 3468 prorsus
3265 3413 3587 3458 moraretur.

2008 3487 2247 3551 Dixerat,
2281 3496 2338 3542 et
2380 3488 2549 3541 sensit
2605 3490 2851 3556 protinus
2894 3490 3177 3547 discedere
3225 3493 3448 3558 febrem,
3477 3505 3531 3551 et
3557 3482 3627 3551 2.-

2007 3578 2226 3633 naribus
2250 3578 2369 3649 ejus
2396 3579 2550 3648 copia
2580 3579 2859 3650 sanguinis
2887 3580 3181 3647 defluente,
3203 3584 3278 3637 sic
3299 3587 3473 3643 omnis
3496 3584 3588 3641 illa

2006 3670 2257 3725 valetudo
2288 3672 2576 3741 disparuit,
2612 3687 2675 3727 ac
2701 3674 2745 3727 si
2776 3673 2986 3743 legatus
3014 3676 3246 3744 quidam.
3264 3692 3323 3731 re
3350 3693 3445 3747 pro
3484 3693 3590 3748 qua

2004 3771 2226 3817 venerat
2276 3764 2518 3829 obtenta,
2569 3764 2851 3819 discedere
2902 3765 3227 3823 festinaret:
3264 3774 3333 3824 ita
3381 3785 3615 3827 comam.

2004 3854 2276 3925 deposuit,
2325 3866 2380 3911 et
2429 3871 2487 3911 se
2534 3855 2732 3913 divinis
2786 3856 3059 3928 obsequiis
3106 3874 3175 3915 ex
3223 3870 3339 3917 toto
3383 3862 3591 3919 manci-

2006 3946 2165 4014 pavit.

2082 4037 2165 4091 Vl.
2195 4036 2327 4093 Cum
2369 4053 2497 4094 vero
2526 4048 2746 4097 sanctus
2781 4042 2965 4098 Gallus
3001 4042 3067 4098 ad
3093 4043 3373 4099 emeritam
3419 4043 3591 4100 beata

2006 4126 2132 4181 vita:
2181 4142 2436 4183 coronam
2480 4140 2784 4199 vocaretur,
2812 4134 2896 4188 vir
2927 4134 3135 4187 Domini
3182 4134 3369 4189 Avitus
3408 4135 3591 4192 adole.

2003 4226 2237 4272 scentem
2270 4221 2526 4288 suscepit,
2558 4222 2649 4290 qui
2678 4239 2796 4277 eum
2819 4224 2936 4291 ejus
2966 4225 3234 4294 ingenium
3272 4241 3611 4297 morumque-

2005 4308 2371 4364 babitudinem
2410 4312 2818 4380 exploratisset,
2852 4317 3228 4386 magistrorum
3255 4319 3613 4390 diligentiam.

2004 4400 2267 4467 adhibuit,
2292 4407 2352 4457 et
2395 4414 2590 4471 quanta
2625 4406 2705 4461 vel
2753 4407 2919 4473 ipsius
2969 4408 3252 4476 industria,
3283 4412 3368 4467 vel
3395 4426 3583 4473 eorum

2003 4495 2260 4551 sedulitas
2286 4498 2568 4554 velocitate
2600 4510 2825 4570 poterat,
2856 4504 2921 4557 ad
2952 4517 3130 4559 arcem
3157 4504 3433 4576 sapientia:
3461 4522 3589 4575 pro—

2003 4585 2168 4642 vexit.
2193 4587 2316 4643 Haae
2348 4589 2398 4642 in
2430 4590 2546 4643 Vita
2587 4590 2790 4659 praefati
2823 4592 2981 4649 lllidii
3011 4594 3273 4663 reperies.
3291 4594 3460 4650 Porro
3497 4612 3591 4652 au-

307 4674 495 4741 pedes,
530 4672 685 4727 dolor
711 4674 976 4741 pessimus
1007 4675 1169 4744 pedes
1208 4676 1501 4746 intorquet;
1541 4680 1893 4748 perendinata
1926 4666 1983 4728 D
2007 4684 2113 4730 tem
2142 4677 2197 4731 in
2237 4679 2510 4734 discendis
2540 4681 2835 4737 litterarum
2876 4684 3068 4739 studiis
3090 4700 3151 4740 ea
3179 4700 3238 4741 se
3264 4686 3589 4745 discretione

216 4776 227 4785 ε
305 4764 476 4831 pestis
526 4764 805 4818 hominem
848 4766 1194 4830 eontriverat,
1221 4766 1333 4835 jam
1368 4784 1505 4838 pene
1554 4771 1903 4828 conclavatus

297 4852 541 4921 jacebat.
575 4851 781 4909 Interea
831 4870 964 4925 puer
994 4856 1125 4910 vidit
1158 4857 1353 4912 iterum
1386 4861 1436 4914 in
1467 4875 1660 4917 somno
1706 4878 1897 4934 perso-

303 4960 429 4998 nam
460 4958 587 5001 sese
630 4955 880 5001 utrumne
924 4947 1122 5002 librum
1157 4950 1337 5005 Tobiae
1378 4953 1648 5024 cognitum
1678 4954 1901 5013 haberet

304 5036 753 5105 interrogantem.
808 5038 1105 5107 Respondit
1146 5056 1160 5091 :
1212 5039 1582 5111 Nequaquam.
1623 5044 1725 5110 Qui
1776 5047 1896 5103 ait:

305 5126 535 5182 rimeris
566 5128 711 5183 hunc
754 5129 919 5184 fuisse
946 5144 1177 5197 caseum,
1202 5141 1365 5201 atque
1400 5148 1492 5200 per
1518 5134 1682 5189 filium
1715 5150 1781 5190 ex
1818 5137 1901 5206 je-

303 5231 432 5271 core
463 5218 629 5287 piscis
657 5220 849 5287 angelo
870 5220 1164 5276 comitante
1194 5233 1438 5276 curatum
1469 5241 1481 5275 :
1517 5232 1573 5278 tu
1617 5226 1779 5293 igitur
1812 5228 1900 5283 fac

304 5311 582 5377 similiter,
612 5320 667 5365 et
692 5311 984 5366 salvabitur
1027 5313 1241 5382 genitor
1271 5325 1413 5371 tuus.
1442 5316 1566 5370 Haec
1615 5317 1708 5373 ille
1739 5321 1897 5375 matri

302 5400 493 5453 retulit
526 5418 539 5452 :
571 5415 692 5470 qua
721 5400 1004 5457 confestim
1054 5418 1253 5473 pueros
1283 5403 1349 5457 ad
1389 5418 1602 5459 amnem
1653 5407 1848 5463 direxit
1879 5426 1894 5464 :

302 5492 471 5561 piscis
502 5496 730 5563 capitur,
751 5509 869 5559 quae
897 5495 964 5549 de
994 5494 1112 5564 ejus
1139 5496 1280 5551 extis
1299 5495 1448 5565 jussa
1473 5495 1688 5553 fuerant
1709 5502 1898 5569 prunis

302 5584 678 5655 imponuntur.
711 5584 827 5641 Non
878 5584 1067 5643 fefellit
1095 5587 1310 5643 virtutis
1366 5597 1614 5658 eventus,
1643 5601 1701 5647 ut
1747 5596 1889 5650 enim

401 5769 424 5797 ι·
442 5752 655 5819 Germ,
676 5755 809 5825 ejus.
833 5752 1008 5823 Serg.,
1038 5752 1084 5809 ei
1102 5752 1468 5825 uicinarentur.

398 5826 621 5892 θεας..
646 5822 714 5876 ad
736 5840 791 5877 se
816 5822 1052 5880 accedere
1094 5822 1300 5903 jacebat
1325 5826 1460 5883 enim
1489 5824 1542 5879 in
1573 5824 1783 5895 lectulo,
1807 5842 1890 5881 ve-

304 5896 430 5951 ιυι..
442 5935 455 5950 .
486 5911 803 5966 pra'sagans.

2009 4771 2268 4838 exercuit,
2312 4781 2370 4827 ut
2395 4783 2619 4843 utraque
2662 4774 2934 4831 nimietate
2975 4788 3229 4831 careret:
3263 4794 3361 4835 nec
3407 4790 3592 4849 poeta-

2007 4877 2128 4918 rum
2158 4867 2359 4920 naenias
2383 4882 2448 4921 ex
2478 4875 2592 4922 toto
2620 4864 2886 4936 horreret,
2912 4886 3009 4925 nec
3029 4881 3301 4936 tamen,_ut
3323 4873 3590 4942 plerisque

2008 4973 2127 5014 mos
2168 4972 2273 5027 est,
2305 4960 2371 5016 iis
2416 4961 2751 5018 indecentius
2807 4965 3040 5030 litoreos,
3085 4980 3270 5019 earum
3321 4965 3589 5026 lenocinio

2008 5060 2189 5106 mente
2225 5052 2590 5109 aneillaretur.
2621 5054 2771 5109 Fecit
2809 5055 2952 5111 enim
2984 5056 3129 5125 quod
3151 5056 3384 5124 suffecit,
3416 5058 3589 5117 aciem

2007 5142 2187 5197 cordis
2215 5143 2377 5198 veluti
2395 5144 2463 5198 ad
2492 5146 2774 5213 quamdam
2805 5157 2979 5201 cotem
3011 5148 3239 5213 exacuit,
3260 5157 3311 5206 et
3343 5149 3411 5203 ita
3435 5163 3569 5220 quas

2006 5232 2076 5286 ab
2106 5232 2369 5303 Egyptiis
2401 5248 2523 5287 vasa
2555 5250 2715 5290 aurea
2760 5246 3132 5305 promutnans,
3165 5248 3218 5293 et
3247 5239 3326 5297 ad
3345 5254 3586 5296 eremum

2006 5340 2109 5394 qua
2136 5325 2279 5397 lous.
2302 5323 2430 5397 quo]
2459 5342 2650 5381 manna
2681 5330 2991 5384 comederct
3018 5330 3346 5404 demigrans,
3379 5331 3431 5383 in
3462 5346 3586 5399 per-

2004 5418 2307 5473 scrutandis
2334 5418 2639 5473 divinarum
2673 5421 3069 5491 Scripturarum
3114 5420 3469 5492 potentatibus
3499 5420 3582 5476 in-

2003 5507 2183 5563 travit.
2204 5509 2356 5576 Quod
2386 5510 2499 5577 ipse
2520 5510 2591 5565 de
2616 5525 2675 5566 se
2708 5506 2933 5581 loquéns
2962 5513 3195 5569 ostendit
3219 5512 3404 5564 dicens
3426 5526 3441 5563 ε
3466 5509 3582 5564 Non

2003 5612 2103 5672 ego
2130 5599 2348 5657 Saturni
2373 5602 2572 5674 fugam,
2606 5604 2961 5661 nonJ‘unonis
2982 5606 3139 5672 iram,
3159 5618 3263 5658 non
3292 5601 3440 5659 Jovis
3467 5613 3577 5661 stu-

2079 5769 2102 5799 ε
2136 5760 2260 5827 Ed.,
2285 5762 2498 5816 debeant
2523 5770 2688 5818 factu:
2709 5762 2886 5817 vitare.

2073 5828 2101 5866 εί
2132 5829 2247 5888 ΛΙίἱΔ
2264 5846 2424 5899 mss,
2448 5832 2695 5891 redimo.
2723 5831 3084 5902 Ed.,redivivo
3111 5831 3287 5890 dolore
3314 5843 3582 5908 captatum.
3632 5921 3639 5933 κ
