3994 6332
462 372 557 430 Hb

1350 376 1589 433 Sh‘lll'l‘l
1631 371 1952 428 GiiEGOiill
2003 372 2305 427 l‘II’lSCUl’l
2348 372 2776 427 TUiiUNENQH

3611 369 3711 424 [£0

461 509 553 560 pra
582 505 961 551 commentum,
992 499 1038 544 et
1064 500 1252 545 cetera
1285 501 1540 550 Inonswu,
1578 504 1696 558 qua:
1734 488 1847 544 illic
1870 491 2102 554 sucu-ﬁ
2135 484 2311 540 itidem
2346 486 2567 554 languor
2598 484 2840 540 invaluit.
2874 483 2976 538 Sed
3025 499 3120 537 nec
3167 492 3292 537 tunc
3332 483 3550 536 omnium
3593 489 3712 554 eugi

458 595 542 637 Ius
569 583 798 636 adnectit
825 597 992 650 usque
1011 581 1137 636 dum
1169 581 1397 636 diceret:
1424 583 1546 636 llzec
1577 583 1752 642 omnia
1778 593 2028 652 tanquam

457 675 565 728 cito
595 676 792 727 rnltuna
823 673 1144 742 despiciens,
1179 673 1245 728 ad
1299 673 1474 728 divina
1522 675 1692 744 potius
1715 685 1768 730 et
1797 691 2032 743 evange—

462 767 559 820 lica
592 775 859 831 revertar;
879 780 985 820 non
1013 767 1155 820 enim
1177 766 1258 821 vel
1285 768 1470 820 vinciri
1493 768 1649 837 cupio
1676 769 1808 844 meis
1830 771 2032 838 retibus

456 858 538 911 vel
592 857 814 912 involvi.
850 857 904 912 In
934 875 1039 930 quo
1081 875 1140 915 se
1169 861 1404 936 ostendit
1448 861 1562 916 hmc
1591 862 1759 931 scisse
1790 862 2030 934 quidem,

453 947 547 1003 sed
578 949 778 1003 saniori
806 948 1008 1019 judicio
1041 951 1334 1021 reSpnisse.

533 1039 644 1092 VII.
674 1040 936 1117 Tempore
967 1043 1266 1108 praestituto
1311 1043 1569 1106 diaconus
1611 1045 1890 1113 ordinatus
1927 1055 2030 1102 est.

454 1130 527 1188 Ea
550 1140 997 1212 tempestateerat
1014 1136 1228 1203 quidam
1255 1119 1694 1211 vit-'Arvernicns,
1711 1139 2027 1214 qpidignum

453 1221 525 1274 de
550 1233 890 1276 sacrosancto
922 1223 1301 1306 beatiMartiui
1344 1229 1591 1298 sepulcro
1621 1229 1906 1299 detulerat,
1938 1232 2030 1287 sed

455 1329 576 1367 cum
631 1314 759 1400 ligni
817 1301 1174 1396 reverentiam
1222 1311 1466 1386 incautus
1517 1323 2034 1393 negligeregotnnis

456 1406 574 1476 t'jlis
615 1407 811 1461 familia
863 1410 1096 1493 graviter
1140 1423 1401 1490 mgrotare
1429 1417 1609 1486 cmpit.
1634 1401 1782 1472 Cum.
1807 1419 2034 1493 subinde

460 1500 682 1568 languor
727 1488 1143 1571 ingravesceret,
1181 1488 1260 1561 eti
1286 1507 1375 1561 ille
1418 1523 1632 1563 causam
1672 1488 2032 1577 percussionis

460 1591 713 1657 ignorans
763 1593 938 1648 minus
966 1608 1032 1670 se,
1054 1597 1383 1661 emendaret,
1419 1598 1549 1654 vidit
1579 1602 1629 1654 in
1659 1601 1871 1671 somnio
1917 1615 2036 1670 per-

457 1693 654 1754 sonam
672 1682 985 1751 terribilem,
999 1700 1094 1741 cur
1113 1701 1295 1742 secum
1318 1691 1388 1742 ita
1409 1698 1661 1759 ageretur
1681 1703 2031 1759 percunctan-

459 1778 589 1824 tem.
621 1773 719 1839 Qui
750 1790 871 1828 cum
911 1791 970 1832 se
1012 1779 1220 1834 nescire
1265 1778 1469 1834 diceret
1507 1797 1520 1832 :
1553 1780 1798 1858 Lignum,
1822 1781 2028 1850 inquit,

2136 579 2303 646 potuit
2331 578 2454 647 quin
2487 579 2551 631 ad
2583 579 2908 647 propositam
2949 576 3160 630 Martini
3201 576 3449 630 ﬁduciam
3486 578 3713 631 lestiua-

2135 684 2234 734 ret,
2255 671 2468 726 nomine
2488 669 2679 726 divina:
2698 670 2991 738 majestatis
3017 669 3390 723 dehortaturcs
3409 671 3713 733 obtestans.

2136 769 2194 812 nt
2224 749 2300 815 vel
2327 760 2525 826 vivum,
2545 759 2624 814 vel
2655 769 2802 813 certe
2832 757 2939 830 [AL
2966 755 3128 829 forte]
3159 743 3470 828 defunctum
3500 774 3558 814 se
3586 770 3716 812 ante

2111 837 2252 921 'ejgus
2279 853 2581 924 sepulcrum
2602 859 2953 920 exponerent.
2977 850 3111 915 Quid
3145 831 3610 931 pltiraizpervenit'
3631 832 3746 903 ιιι-πθ

2113 931 2617 1013 runique,probata
2644 942 2772 995 lides
2803 953 3034 1018 sperata:
3061 941 3253 1012 salutis
3282 925 3502 1018 compos
3517 925 3712 1016 tellecta

2134 1045 2238 1089 est.
2268 1035 2331 1100 Et
2357 1019 2462 1088 non
2491 1033 2664 1110 solum
2695 1033 2822 1104 ille,
2853 1032 2948 1108 sed
2969 1015 2972 1018 i
2994 1015 3449 1110 et‘Ar‘menta‘rius
3494 1015 3714 1103 quidam

2137 1143 2201 1181 ex
2232 1127 2347 1194 t‘jllS
2377 1107 2612 1196 clericis,
2646 1125 2733 1196 qui
2777 1139 2937 1178 sensu
2968 1125 3178 1208 penitus
3209 1107 3484 1199 caruerat,
3521 1126 3719 1178 merito

2137 1204 2554 1292 piwtlicttelidei
2586 1227 2804 1288 sanatus
2831 1227 2936 1272 est.
2972 1204 3148 1286 Agens
3180 1216 3357 1285 itaque
3383 1225 3627 1300 tamgpro
3656 1230 3718 1268 se

2138 1325 2298 1382 quam
2323 1325 2418 1380 pro
2449 1309 2540 1363 illo
2567 1309 2789 1379 gratias,
2820 1321 3003 1361 amore
3044 1305 3252 1360 Martini
3283 1297 3598 1380 exsa'tiatus,
3630 1306 3717 1360 vel

2113 1381 2316 1469 'potius
2337 1399 2502 1466 magis
2533 1381 2842 1463 succensus,
2873 1396 2938 1451 ad
2967 1398 3190 1468 patriam
3223 1396 3400 1472 rediit.
3472 1385 3476 1390 ’

2113 1482 2118 1484 ⁷
2210 1492 2299 1547 IX.
2341 1488 2639 1564 Aliquando
2666 1505 2794 1544 vero
2819 1504 2941 1544 cum
2970 1489 3070 1543 iter
3099 1487 3165 1542 de
3195 1486 3498 1555 Burgundia
3527 1483 3592 1539 ad
3618 1485 3720 1538 Ar.

2137 1601 2354 1660 veinem
2388 1585 2611 1650 faceret,
2639 1599 2826 1653 magna
2852 1593 3031 1638 contra
3057 1596 3118 1636 se
3139 1591 3427 1651 tempestas
3451 1583 3718 1660 exoritur,

2139 1665 2338 1745 densus
2364 1693 2456 1730 aer
2485 1678 2536 1732 in
2570 1676 2799 1730 nubibus
2831 1677 3059 1747 cogitur,
3094 1677 3296 1732 crebris
3343 1676 3555 1746 ignibus
3607 1692 3721 1731 cte-

2141 1769 2246 1822 lum
2277 1768 2508 1840 micare,
2532 1766 2827 1835 validisque
2856 1767 3212 1819 tonitruorum
3239 1765 3400 1834 coepit
3424 1765 3724 1834 fragoribus

459 1861 605 1931 quod,
629 1865 696 1918 de
735 1866 931 1923 lectulo
972 1868 1156 1928 donmi
1205 1870 1415 1925 Martini
1468 1843 1656 1935 tulisti,
1703 1845 2032 1942 negligenter

2142 1876 2413 1930 resonare,
2441 1873 2629 1913 omnes
2660 1844 2973 1926 pallescere,
3009 1858 3400 1926 imminensque
3427 1854 3721 1926 periculum

457 1953 548 2011 hic
585 1958 889 2032 retines,et
919 1960 1038 2016 ideo
1083 1960 1196 2016 lucc
1234 1961 1540 2028 incurristi;
1582 1965 1676 2020 sed
1709 1967 1843 2027 vade
1873 1981 2031 2032 nunc,

458 2049 608 2104 defer
638 2051 764 2104 illud
813 2051 1070 2124 Gregorio
1119 2052 1364 2107 diacono.
1398 2054 1596 2126 Dignus
1639 2056 1773 2131 jam,
1801 2068 1858 2112 nt
1887 2074 2034 2127 reor,

458 2135 601 2192 idem
644 2139 826 2195 Levita
870 2141 1212 2210 figurabatur,
1243 2143 1327 2196 cui
1363 2144 1600 2210 domnus
1651 2146 1750 2214 iste
1766 2146 2036 2218 ,Martinus

462 2231 694 2296 pretiosa
743 2247 970 2300 qumque
1017 2233 1097 2286 sui
1148 2234 1323 2302 gregis
1351 2247 1495 2291 esset
1541 2239 2032 2303 commendaturus.

469 2321 619 2377 Tunc
666 2328 920 2391 temporis
962 2326 1100 2394 apud
1132 2327 1427 2382 Arvernum
1470 2328 1710 2400 plerique
1757 2333 1810 2386 in
1856 2333 2035 2388 habitu

468 2415 739 2490 religionis
767 2417 864 2470 viri
892 2418 1334 2489 lulgebaut.quos
1365 2420 1504 2474 idem
1522 2405 1737 2488 juvenis
1753 2440 1893 2479 nunc
1915 2440 2036 2492 cum

463 2507 619 2588 beato
667 2509 842 2574 Avito,
876 2523 1015 2563 nunc
1056 2511 1300 2564 semotim
1353 2511 1632 2579 invisebat,
1663 2526 1930 2584 quatenus
1971 2519 2041 2574 ab

438 2596 544 2674 ‘cis
581 2599 663 2651 vel
695 2597 938 2668 exempla
992 2600 1200 2668 pietatis
1245 2616 1564 2681 assumeret,
1619 2606 1702 2672 vel
1735 2587 1868 2677 ipsis
1896 2609 2038 2678 quod

465 2688 600 2765 forte
627 2689 811 2744 deerat
851 2700 1033 2747 mutua
1062 2693 1322 2753 charitate
1361 2683 1952 2766 praestaret..Nimirum
1985 2683 2038 2754 iu

464 2782 530 2836 iis
556 2781 827 2837 Christum
859 2783 1089 2851 colebat,
1120 2797 1172 2841 et
1203 2773 1370 2862 veluti,
1393 2791 1522 2845 solis
1547 2791 1708 2862 jubar
1738 2791 1788 2845 in
1827 2792 2038 2860 vertice

464 2870 726 2926 montium
757 2873 1112 2946 refulgentem
1137 2877 1264 2950 [Ed.
1293 2878 1612 2958 refulgens],
1647 2882 1699 2936 in
1729 2882 1794 2937 iis
1823 2882 2036 2936 interim

461 2962 591 3018 dum
634 2973 687 3020 In
723 2966 903 3028 seipso
947 2968 1115 3025 videri
1167 2987 1274 3026 non
1319 2983 1516 3044 potest,
1545 2960 1815 3041 Chrismm
1864 2975 2038 3044 respi-

465 3049 772 3136 ciebanAd
818 3055 921 3111 hoc
948 3059 1184 3139 animum
1219 3047 1524 3138 intendens,
1560 3051 1665 3120 vel
1709 3065 1775 3119 ad
1801 3065 2034 3120 laudem

462 3141 662 3199 Christi
687 3145 944 3220 proferret
961 3151 1214 3223 quidquid
1247 3168 1344 3222 per
1370 3170 1484 3219 eos,
1503 3156 1586 3210 vel
1610 3157 1769 3212 etiam
1793 3171 1888 3225 per
1917 3157 2036 3213 illos

460 3236 550 3314 qui
571 3236 679 3304 jam
709 3238 851 3296 cmlo
879 3239 1284 3320 praeceSSerant,
1314 3231 1523 3322 operari
1556 3247 1895 3322 dignabatur.

533 3325 667 3383 Vlll.
697 3327 838 3386 Sane
887 3333 1026 3387 inter
1071 3344 1296 3406 creteros
1336 3337 1400 3416 in
1447 3337 1752 3416 quibus,‘ut
1781 3340 2036 3416 diximus,

460 3417 707 3506 Christus
728 3421 870 3477 velut
903 3421 954 3478 in
979 3427 1247 3506 montibus
1276 3411 2037 3506 reSplendebat,'ldomnum,et

463 3503 757 3575 gloriosum
789 3512 1071 3568 Martinum
1097 3501 1546 3584 deprehenderat,
1566 3507 1660 3590 qui
1686 3507 1923 3600 reliquos
1952 3501 2039 3579 ve-

463 3603 544 3656 iut
582 3604 797 3673 quidam
826 3600 1084 3677 Olympus
1131 3611 1363 3674 excedit,
1403 3621 1458 3665 et
1487 3611 1806 3669 luculentius
1833 3625 1889 3669 ut
1917 3625 2040 3684 pote

462 3693 652 3748 tetheri
686 3695 912 3772 vicinior
957 3697 1252 3770 fulgoribus
1284 3703 1396 3770 ipsa
1426 3686 1569 3758 astra
1617 3686 1955 3773 reverberat,
1983 3708 2034 3761 in

463 3786 618 3868 cujus
647 3787 829 3866 utique
857 3793 1197 3867 veneratione
1228 3805 1367 3850 totus
1397 3796 1541 3852 orbis
1564 3798 1753 3854 merito
1774 3799 1884 3868 jam
1916 3801 2042 3854 olim

463 3881 729 3950 conjurat,
747 3880 800 3935 in
815 3882 970 3952 hujus
1001 3884 1265 3942 desiderio
1288 3887 1574 3958 Gregorius
1590 3893 1853 3947 exardens
1879 3894 2043 3949 infer-

438 3971 584 4058 Jhuit
616 3980 679 4049 ﬂ.
699 3971 851 4030 Hunc
895 3991 1108 4047 semper
1137 3979 1190 4034 in
1219 3979 1402 4046 corde,
1433 3981 1575 4038 hunc
1609 3983 1672 4054 in
1697 4000 1798 4048 ore
1826 3999 2039 4053 gerens,

467 4062 678 4120 laudem
704 4065 817 4134 ejus
839 4066 1034 4138 ubique
1050 4070 1351 4140 spargebat.
1377 4071 1510 4128 Dum
1525 4089 1663 4148 vero
1683 4077 1876 4138 mentis
1905 4078 2043 4149 (Sic)

473 4157 539 4214 ad
565 4157 782 4212 nimium
799 4158 852 4213 in
875 4162 1134 4218 exercitio
1157 4151 1411 4221 virtutum
1432 4166 1712 4238 deligeret,
1734 4185 1862 4226 caro
1879 4171 1994 4241 ejus
2014 4189 2043 4227 a

469 4248 702 4318 propriis
730 4250 931 4308 viribus
957 4252 1274 4322 lacessebat,
1307 4255 1376 4310 ita
1407 4257 1607 4328 quippe
1637 4274 1753 4315 mos
1774 4270 1880 4316 est.
1911 4261 2045 4316 Hinc

464 4350 546 4394 est
567 4341 709 4411 quod
744 4341 930 4398 Daniel
961 4355 1239 4416 postquam
1268 4348 1526 4418 angelicae
1560 4334 1780 4406 visionis
1803 4363 2046 4407 content-

468 4429 704 4496 platione
746 4432 948 4486 levatus
976 4443 1077 4498 est,
1128 4450 1158 4489 a
1207 4436 1384 4491 carnis
1421 4437 1614 4493 virtute
1657 4440 1915 4497 deficiens
1953 4459 2046 4511 per

462 4519 663 4573 inultos
708 4520 821 4575 dies
857 4523 1154 4593 aegrotavit.
1203 4524 1299 4579 llic
1355 4526 1535 4596 itaque
1561 4529 1844 4587 virtutibus
1883 4535 2043 4603 profi-

467 4608 636 4674 ciens,
667 4611 762 4664 sed
804 4611 1005 4668 viribus
1058 4615 1302 4684 corporis
1350 4616 1704 4684 intabescens,
1754 4622 2063 4693 aliquandor

457 4695 826 4758 valetudinem
879 4719 999 4759 cum
1027 4706 1174 4787 febre
1201 4718 1253 4762 et
1292 4710 1517 4778 pustulis
1565 4695 2038 4788 incurrerat':qua

469 4794 681 4851 tandem
713 4796 783 4850 ita
810 4798 1084 4854 confectus
1119 4810 1220 4866 est,
1265 4809 1322 4856 ut
1364 4820 1479 4881 usu.
1506 4805 1610 4860 cibi
1640 4819 1900 4879 potusque
1943 4828 2038 4868 ne—

464 4896 608 4954 gato,
640 4903 854 4944 omnem
881 4889 1004 4943 vitae
1035 4890 1192 4960 hujus
1217 4907 1365 4963 spem
1397 4887 1845 4962 amiserit.l]num
1866 4909 2039 4957 tamen

466 4991 744 5048 supererat
762 4982 903 5051 quod
932 4984 1048 5051 ejus
1075 4982 1264 5040 fiducia
1289 4963 1715 5052 Martinoinuixa
1738 4993 2042 5062 nullatenus

469 5071 772 5127 vacillabat.
803 5073 1107 5140 Quinimmo
1131 5073 1423 5131 ferventius
1446 5065 1696 5158 ﬂagrans,
1737 5065 1885 5136 tanto
1902 5085 2044 5153 ejus-

467 5170 588 5221 dem
606 5167 812 5223 Martini
831 5169 1097 5226 desiderio
1111 5187 1401 5229 succensus
1415 5161 1517 5244 est,
1535 5185 1590 5231 ut
1607 5193 1726 5255 cum
1748 5196 1892 5235 mors
1910 5197 2045 5251 pene

469 5267 631 5326 caput
659 5259 735 5314 illi
759 5263 1059 5330 emerserit,
1097 5265 1163 5319 ad
1195 5265 1473 5322 visendum
1509 5278 1684 5324 tamen
1714 5271 1833 5339 ejus
1861 5275 2045 5343 sepul-

464 5369 618 5408 crum
644 5353 747 5411 iter
780 5357 1017 5428 arripere
1048 5375 1152 5414 non
1179 5360 1528 5427 dubitaverit,
1551 5378 1797 5432 neceum
1829 5347 1910 5420 sui
1952 5367 2047 5422 dc-

468 5441 668 5503 hnrtari
701 5459 934 5522 possent,
964 5466 1086 5506 cum
1117 5451 1313 5522 obnixe
1343 5454 1620 5519 restiterit,
1655 5435 1776 5524 quia
1803 5461 2044 5528 corporis

466 5533 555 5587 illa
586 5535 748 5592 febris
784 5535 933 5592 febie
962 5539 1272 5594 vincebatur
1299 5541 1517 5595 amoris.
1546 5542 1614 5596 Et
1642 5544 1858 5610 quidem
1907 5547 2042 5603 actis

464 5623 669 5680 duabus
715 5628 798 5684 vel
849 5629 1016 5684 tribus
1065 5629 1453 5699 mansionibus,
1498 5631 1707 5690 itineris
1757 5638 2041 5696 occasione

541 5809 564 5838 ι
603 5804 691 5858 ilic
721 5803 914 5865 desiuit
942 5808 1058 5865 Vita
1086 5810 1137 5868 in
1168 5813 1352 5872 codice
1373 5813 1782 5878 Cormartcensi.

2138 1954 2396 2022 pavitare.
2428 1951 2531 2006 Sed
2563 1950 2852 2020 Gregorius
2882 1948 3250 2018 anitnrequior,
3292 1961 3596 2004 sanetorum
3630 1967 3721 2003 re-

2139 2035 2328 2114 liquias
2358 2043 2480 2115 (has
2506 2024 2649 2097 enim
2677 2040 3045 2097 indesinenter
3069 2040 3210 2108 collo
3238 2038 3466 2112 ferebat)
3494 2041 3559 2094 de
3600 2043 3722 2096 sinu

2116 2117 2430 2213 .prutraliit,
2462 2142 2515 2188 et
2545 2133 2839 2209 minacibus
2865 2140 3174 2220 constanter
3205 2130 3434 2202 nubibus
3458 2133 3678 2199 opponit
3704 2149 3723 2184 τ

2139 2243 2259 2304 qua:
2288 2228 2527 2298 pretinus
2556 2226 2759 2290 divism,
2795 2225 2979 2279 dextra
3028 2225 3265 2310 laevaque
3296 2233 3721 2293 rprzetereuntes,

2139 2318 2364 2374 illzesum
2396 2319 2495 2375 iter
2532 2316 2894 2392 gradientibus
2928 2317 3291 2390 praebuerunt.
3323 2316 3393 2368 At
3434 2315 3685 2383 superbia
3706 2353 3725 2381 ,

2141 2395 2260 2482 quae
2302 2395 2615 2488 plerumque
2657 2393 2937 2465 virtutibus
2967 2409 3240 2488 nutritur,
3280 2407 3513 2482 juvenili
3542 2409 3726 2460 animo

2123 2483 2664 2576 'protinus‘irrepsit;
2695 2500 2939 2570 privatim
2971 2483 3201 2576 gaudet,
3245 2499 3465 2575 suisque
3514 2497 3727 2550 meritis

2121 2575 2438 2662 praestitum
2468 2596 2702 2664 arrogat.
2733 2592 2837 2647 Sed
2885 2590 3008 2660 quid
3037 2579 3166 2657 tam
3200 2590 3427 2644 vicinum
3460 2589 3728 2659 sperhitn

2140 2701 2300 2758 quam
2331 2700 2487 2766 casus
2519 2702 2533 2737 :
2575 2700 2695 2738 nam
2724 2698 2890 2764 equus
2916 2682 3002 2758 cui
3031 2669 3321 2762 insederat
3349 2667 3492 2736 illico
3519 2683 3725 2749 lapsus,

2122 2761 2287 2832 'hunc
2316 2758 2380 2831 ad
2415 2758 2612 2833 terram
2655 2758 2889 2846 graviter
2913 2758 3277 2848 elisit,ita‘ut
3306 2773 3453 2828 omni
3494 2788 3730 2844 corpore

2142 2850 2396 2924 contusus
2445 2867 2646 2941 [Germ.
2679 2851 2992 2937 conCussus]
3044 2866 3128 2919 vix
3174 2879 3450 2936 assurgere
3500 2873 3726 2934 posset:

2145 2944 2467 3034 causamque
2493 2961 2661 3014 ruina:
2687 2943 3008 3028 intelligens,
3037 2959 3166 3014 satis
3189 2959 3444 3032 deinceps
3468 2958 3628 3023 cavit,
3658 2972 3732 3012 ne

2125 3068 2206 3124 se
2235 3041 2384 3106 vante
2411 3052 2593 3121 gloriae
2621 3051 2847 3105 stimulis
2877 3051 3117 3120 qualibet
3145 3050 3245 3105 sub
3273 3051 3555 3105 occasione
3582 3050 3726 3118 deji-

2131 3152 2296 3212 pceret
2327 3161 2340 3195 :
2372 3133 2466 3197 sed
2510 3142 2756 3213 quotiens
2785 3157 2881 3212 per
2911 3157 3033 3197 eum
3078 3141 3276 3212 aliquid
3326 3141 3505 3212 divina
3557 3141 3733 3197 virtus

2053 3220 2114 3291 ,ο
2147 3235 2381 3304 egisset,
2412 3248 2518 3289 non
2560 3234 2673 3289 suis
2702 3233 2907 3288 meritis
2936 3234 3265 3306 ascriberet,
3297 3233 3391 3288 sed
3426 3233 3607 3289 virtuti
3636 3250 3730 3289 re-

2146 3330 2429 3400 liquiarum
2453 3368 2467 3392 ,
2500 3342 2653 3397 quas,
2683 3336 2740 3380 ut
2765 3325 3020 3391 diximus,
3050 3325 3268 3407 perinde
3291 3325 3541 3407 Pferebat.
3572 3327 3734 3395 Quod

2121 3412 2342 3477 factum
2382 3421 2426 3475 si
2457 3422 2791 3491 decreveris,
2812 3405 3107 3506 mirabilius
3143 3427 3227 3503 est
3268 3405 3574 3506 superbiam
3604 3434 3734 3500 cor-

2144 3513 2352 3569 rexisse
2377 3527 2534 3582 quam
2567 3510 2773 3583 nubem.
2790 3498 3060 3566 divisisse.

2215 3602 2286 3658 Χ.
2328 3601 2456 3658 Erat
2484 3611 2661 3655 autem
2693 3601 2746 3655 in
2776 3599 3116 3668 orationibus,
3133 3607 3398 3666 assuetus,
3429 3599 3733 3668 pricsertim

2145 3693 2340 3768 quietis
2388 3693 2555 3747 horis.
2587 3677 2910 3768 Solemuitas
2940 3691 3109 3745 beatae
3136 3669 3334 3768 Mariae
3375 3689 3605 3760 Virginis
3634 3693 3734 3744 ad.

2147 3793 2403 3851 venerat,
2433 3766 2706 3853 siquidem,
2738 3782 2876 3852 apud
2911 3786 3201 3853 Arvernem
3230 3766 3302 3854 in
3343 3780 3477 3860 villa
3509 3782 3735 3836 Marcia-

2145 3879 2291 3932 ccnsi
2315 3876 2432 3946 ejus
2455 3876 2692 3944 reliquiae
2713 3873 3074 3942 continentur.
3100 3863 3250 3927 Tunc
3272 3873 3410 3928 forte
3436 3872 3735 3944 Gregorius

2148 3973 2430 4036 intererat,
2465 3968 2557 4040 qui
2597 3953 2804 4023 caeteris
2833 3968 2942 4022 alto
2965 3980 3180 4039 sapore
3225 3964 3516 4044 depressis,
3542 3965 3607 4018 ad
3637 3979 3732 4018 se-

2147 4072 2350 4118 cretam
2382 4060 2679 4116 orationem
2713 4047 2984 4112 suoimore
3013 4056 3311 4127 processit,
3347 4058 3734 4130 [conspicatus-

2149 4170 2253 4228 que
2281 4154 2491 4208 eminus
2519 4151 2660 4207 videt
2685 4150 2979 4204 oratorium
3007 4149 3474 4228 ingenticlaritale
3504 4147 3730 4220 fulgere.

2149 4225 2332 4301 Credit
2363 4246 2527 4315 igitur
2557 4243 2763 4314 aliquos
2793 4225 3105 4297 dei-olorum
3133 4242 3243 4311 jam
3270 4256 3328 4296 se
3353 4241 3418 4295 ad
3449 4240 3732 4296 celebran-

2135 4339 2245 4407 das
2268 4337 2480 4408 vigilias
2510 4336 2871 4406 praecessisse,
2903 4334 3109 4390 visione
3139 4342 3318 4388 tamen
3352 4333 3568 4387 luminis
3593 4341 3737 4386 atto-

2137 4414 2292 4500 nitus
2318 4429 2410 4483 illo
2431 4428 2732 4500 pertendit,
2756 4436 2947 4482 cuncta
2975 4425 3188 4481 silentio
3213 4422 3734 4494 datadeprebendit.

2153 4523 2232 4576 Ad
2277 4521 2529 4575 aedituum
2575 4518 2906 4583 transmisit,
2934 4517 3026 4572 sed
3060 4506 3271 4586 interim
3303 4516 3500 4570 ostium
3542 4523 3739 4583 sponte
3820 4565 3822 4568 ,

2149 4622 2452 4687 reseratur;
2482 4612 2572 4666 ille
2609 4612 2673 4665 ad
2717 4610 2987 4677 angelicas
3015 4608 3266 4663 excubias
3311 4616 3623 4662 reverenter
3653 4606 3739 4660 in-

2150 4685 2367 4777 gressus
2394 4704 2626 4758 divinam
2651 4702 3004 4757 visitationem
3035 4702 3177 4756 illico
3204 4701 3419 4772 agnovit
3448 4716 3460 4751 :
3494 4697 3738 4765 claritas,

2131 4785 2312 4870 quam
2341 4814 2370 4853 a
2403 4779 2532 4852 furis
2554 4796 2867 4861 mirabatur,
2902 4795 3144 4866 protinus
3174 4792 3421 4848 discessit
3441 4834 3458 4858 ,
3492 4792 3738 4861 nihilque

2129 4863 2345 4972 :prmter
2366 4889 2616 4943 virtutem
2639 4887 2884 4968 gloriosa».
2905 4863 3140 4955 Virginis
3172 4886 3354 4941 videre
3375 4883 3403 4922 δ
3434 4885 3622 4956 putuit.

2227 4990 2315 5045 XI.
2356 4987 2512 5043 Anno
2559 4991 2852 5043 centesimo
2893 4987 3290 5062 septuagesimo
3335 4987 3571 5042 secundo
3617 4996 3740 5055 post

2127 5063 2641 5156 transitumidomni
2664 5081 2914 5146 Martini,
2936 5081 3213 5152 Sigiberto
3243 5096 3371 5152 rege
3417 5094 3560 5150 anno
3602 5079 3744 5134 dun-

2146 5176 2363 5245 ,decimo
2385 5185 2659 5246 regnante,
2690 5175 2877 5230 beatus
2903 5173 3212 5240 Eufronius,
3235 5173 3326 5244 qui
3348 5175 3488 5228 inter
3511 5174 3744 5228 virtutes

2150 5249 2540 5334 consenescens
2591 5275 2733 5344 tanta
2778 5267 2943 5339 gratia
2991 5265 3222 5320 donatus
3266 5274 3475 5334 est,,ut
3502 5266 3556 5323 ei
3608 5278 3738 5331 pro-

2153 5362 2346 5436 phetire
2376 5360 2592 5429 spiritus
2619 5359 2799 5415 inesse
2827 5359 2972 5414 visus
3001 5357 3100 5424 sit,
3131 5357 3406 5427 appositus
3435 5366 3517 5411 est
3543 5355 3609 5410 ad
3640 5371 3746 5425 pa-

2155 5462 2262 5507 tres
2292 5465 2443 5515 suos,
2466 5459 2780 5523 tempusque
2809 5449 3129 5514 advenerat,
3155 5459 3208 5502 ut
3235 5448 3527 5524 Gregorius
3549 5462 3746 5506 amore

2139 5540 2295 5616 Ibeati
2322 5541 3039 5618 Martiuidudumflagrans,
3059 5539 3220 5612 ~etad
3259 5538 3540 5612 pastoralis
3567 5537 3741 5594 oflicii

2153 5633 2503 5689 ministerium
2550 5633 2773 5689 idoneus
2801 5635 3062 5704 existens,
3091 5632 3399 5689 cathedram
3453 5625 3570 5696 ejus
3618 5633 3747 5689 vice

2220 5810 2245 5852 δ
2277 5812 2449 5886 Scrg.,
2478 5809 2718 5883 Nihilque
2744 5810 2963 5882 amplius
2992 5809 3179 5866 videre.
3212 5809 3324 5881 AL,
3351 5825 3438 5880 per
3468 5816 3736 5867 virtutem.
