3994 6332
462 326 568 383 123

1386 315 1631 376 SANCTI
1674 313 2002 373 GREGORII
2044 311 2348 368 EPISCUPI
2392 307 2816 366 TUIlONENSIS

3637 304 3742 360 1*ὶᾶ

459 443 515 499 In
539 439 898 507 descriptione
924 434 1300 492 miraculorum
1325 433 1396 488 ita
1419 433 1664 502 dirigitur
1691 441 1740 496 α,
1761 440 1820 485 ιιι
1849 429 2042 485 merito
2073 430 2122 488 Λ
2153 428 2291 495 puit,
2322 433 2378 478 ut
2417 439 2513 478 nec
2539 438 2598 476 ea
2630 437 2749 497 qua:
2775 423 2886 493 jam
2916 418 3344 492 apprehenderat
3373 419 3510 474 ultra
3544 434 3646 475 nec
3673 418 3745 474 ad

461 534 715 588 lectorem
741 529 972 583 delectet
1003 545 1018 581 :
1048 528 1091 582 si
1121 526 1336 596 quidem
1366 536 1421 579 ut
1449 525 1717 579 discretus
1744 533 1800 578 et
1831 522 2046 576 humilis

456 635 711 689 corporea
744 619 1131 673 medicamenta
1173 618 1273 671 sibi
1324 616 1614 670 adhibebat
1649 615 1919 684 primitus,
1950 613 2047 668 sed

457 721 657 781 quanto
681 712 768 765 illa
795 710 1048 764 humilius
1075 708 1389 776 expetebat,
1416 707 1687 774 indignum
1715 720 1775 758 se
1799 703 2048 772 judicans

457 804 543 857 cui
577 802 782 857 medela
827 816 922 868 per
961 799 1276 853 miraculum
1308 797 1423 850 dari
1453 795 1757 858 debuisset,
1791 803 1942 847 tanto
1968 793 2049 845 di-

457 893 581 946 vina
609 892 826 959 largitas
857 890 996 943 hunc
1021 887 1085 942 ad
1118 889 1282 941 solam
1307 901 1419 940 sum
1451 884 1703 953 potentia:
1725 882 2044 937 medicinam

460 983 795 1039 reservabat.
824 981 1058 1050 Contigit
1086 978 1371 1049 aliquando
1402 985 1461 1032 ut.
1487 977 1643 1031 solita
1675 975 1813 1031 beati
1842 973 2049 1029 Martini

458 1078 656 1129 virtute
683 1075 751 1128 ab
781 1077 935 1128 unius
963 1073 1217 1138 temporis
1249 1071 1436 1125 dolore
1463 1079 1769 1132 sanaretnr,
1799 1069 1886 1123 cui
1932 1075 2052 1136 post

459 1169 730 1239 paululum
777 1168 1031 1238 cogitatio
1073 1183 1167 1237 per
1195 1165 1563 1219 insidiatorem
1611 1163 1769 1217 subiit
1821 1161 2046 1230 injecta,

460 1262 602 1331 quod
637 1263 818 1329 pulsus
847 1259 933 1313 ille
961 1274 1214 1312 venarum
1243 1257 1519 1325 sanguinis
1553 1263 1732 1324 posset
1756 1252 2052 1307 minutione

461 1352 658 1406 sedari.
693 1353 826 1405 Dum
874 1352 925 1405 id
956 1351 1093 1420 apud
1125 1365 1181 1404 se
1225 1350 1500 1412 volveret,
1535 1348 1812 1401 amborum
1848 1357 2053 1414 tempo-

462 1460 583 1500 rum
627 1460 776 1500 venaa
819 1444 1133 1513 prosiliunt,
1166 1449 1450 1496 renovatus
1489 1440 1641 1493 dolor
1679 1439 1954 1493 ardentius
1982 1437 2050 1490 ir-

463 1534 704 1603 rumpit,
752 1534 842 1588 sed
901 1532 990 1586 ille
1034 1531 1274 1584 concitus
1313 1529 1378 1582 ad
1433 1529 1708 1582 basilicam
1765 1534 2050 1597 properat,

461 1624 674 1679 veniam
706 1624 850 1694 prius
891 1638 986 1693 pro
1011 1621 1333 1692 cegitatione
1379 1628 1641 1688 precatur,
1673 1617 1868 1672 dehinc
1916 1617 2052 1686 palla

466 1719 636 1774 tancti
668 1717 896 1784 sepulcri
926 1724 1083 1785 caput
1114 1712 1304 1784 attigit,
1337 1720 1392 1767 et
1421 1713 1561 1767 illico
1585 1725 1747 1765 sanus
1768 1710 2050 1765 abscessit.

2157 517 2422 572 modicum
2447 519 2684 570 ustulare
2710 524 2914 584 posset.

2222 628 2384 682 XVII.
2424 626 2596 682 Causa
2642 623 2823 682 fuerat
2849 641 2951 695 qua
2985 625 3252 680 Remense
3296 623 3552 693 oppidum
3593 622 3750 679 adire

2152 719 2431 784 debuerit,
2475 733 2705 788 cumque
2753 718 2821 772 ab
2877 717 3066 787 Egidio
3123 716 3378 785 pontifice
3433 717 3751 771 humanitus

2155 810 2340 866 fuisset
2368 821 2647 880 exceptus,
2682 809 2880 865 ibidem
2912 819 3073 863 noctu
3105 808 3338 878 quievit,
3362 807 3415 861 in
3446 810 3747 864 crastinum

2153 915 2286 954 vero
2335 901 2676 955 illucescente
2725 900 3000 953 Dominica
3042 900 3110 952 ad
3159 898 3442 952 ecclesiam
3487 898 3750 968 episcopo

2154 990 2517 1044 Collocuturus
2545 992 2709 1044 venit.
2738 990 2873 1044 Cum
2899 990 3018 1057 ejus
3044 989 3332 1044 adventum
3365 989 3416 1042 in
3449 992 3749 1045 secretario

2154 1083 2576 1150 prtestolaretur,
2608 1081 2825 1136 nolebat
2863 1081 3004 1134 enim
3038 1081 3091 1134 in
3123 1081 3349 1135 ecclesia
3392 1082 3568 1149 loqui,
3603 1086 3749 1152 Sygo

2156 1170 2555 1227 referendarius
2586 1171 2856 1239 quondam
2905 1170 3163 1240 Sigiberti
3209 1173 3350 1241 regis
3381 1172 3445 1223 ad
3495 1186 3616 1225 eum
3649 1186 3750 1225 ac-

2154 1264 2350 1328 cessit,
2395 1280 2552 1333 quem
2597 1265 2688 1318 ille
2729 1265 3027 1318 osculatum
3074 1263 3266 1318 sedere
3298 1263 3449 1331 juxta
3494 1277 3552 1316 se
3599 1263 3748 1316 fecit.

2158 1354 2290 1408 Dum
2321 1355 2703 1425 aliquantisper
2724 1369 2908 1410 secum
2935 1355 3449 1421 sermocinarentur,
3476 1368 3530 1409 et
3561 1355 3652 1408 ille
3677 1355 3748 1409 de

2154 1462 2249 1502 ore
2275 1435 2518 1518 Gregorii
2553 1449 2828 1518 penderet,
2850 1448 3027 1502 subito
3053 1448 3196 1501 auris
3222 1448 3360 1516 ejus,
3385 1463 3504 1516 quae
3534 1447 3744 1518 pridem

2156 1542 2542 1613 obsurduerat,
2572 1559 2696 1598 cum
2741 1543 2973 1613 quodam
3015 1543 3220 1610 crepitu
3264 1541 3463 1613 [Germ.
3493 1540 3748 1612 strepitu]

2156 1647 2390 1688 reserata
2421 1644 2524 1689 est.
2553 1635 2645 1689 Ille
2671 1635 2876 1702 gratias
2903 1635 3068 1702 cmpit
3110 1650 3289 1699 agere,
3322 1644 3376 1688 et
3416 1633 3542 1702 quid
3568 1636 3618 1689 ei
3651 1650 3752 1702 per

2158 1722 2474 1792 Gregorium
2521 1725 2812 1792 priestitum
2849 1725 2916 1778 sit
2961 1725 3324 1779 manifestare.
3367 1723 3472 1779 Sed
3517 1727 3597 1779 vir
3638 1725 3750 1779 Do-

539 1829 654 1884 XV.
697 1829 883 1888 Multa.
909 1825 1104 1890 fateor,
1139 1825 1188 1879 in
1216 1825 1461 1879 laudibus
1483 1824 1817 1891 diversorum
1831 1823 1944 1893 jam
1966 1822 2050 1876 di-
2087 1810 2130 1870 Β
2158 1813 2322 1879 mini,
2352 1824 2627 1868 consuete
2657 1830 2759 1868 non
2802 1817 3086 1869 immemor
3116 1815 3447 1881 humilitatis,
3479 1816 3753 1872 hominem

465 1930 737 1993 gesserat,
768 1919 864 1973 sed
909 1918 1154 1987 quamvis
1183 1932 1369 1971 amore
1417 1916 1632 1970 Martini
1680 1914 2049 1970 vehementius

463 2009 784 2076 lnferveret,
819 2014 882 2064 ad
916 2025 978 2064 ea
1011 2018 1186 2064 tamen
1221 2023 1339 2074 quae
1365 2008 1433 2062 de
1462 2009 1580 2074 ejus
1609 2007 1884 2061 miraculis
1911 2006 2048 2061 scrio

460 2103 638 2162 benda
662 2113 818 2158 erant
836 2143 851 2165 ,
883 2117 942 2157 se
974 2103 1277 2156 nullatenus
1304 2102 1522 2170 dignutn
1545 2101 1852 2168 judicabat,
1880 2101 2052 2156 donec

462 2195 552 2252 bis
575 2205 630 2249 et
660 2203 740 2248 ter
773 2208 866 2261 per
894 2208 1143 2261 saporem
1171 2192 1496 2256 admonitus,
1530 2193 1575 2245 si
1607 2202 1809 2247 taceret
1845 2193 2052 2247 crimen

461 2287 742 2345 incurrere
773 2290 1087 2344 minaretur.
1125 2288 1363 2357 Denique
1408 2289 1702 2340 oratorium
1730 2287 1899 2340 sancti
1930 2286 2053 2342 Ste-

467 2381 629 2453 phani
680 2380 821 2450 quod
854 2381 905 2434 in
948 2379 1205 2434 suburbio
1236 2388 1318 2433 est
1346 2378 1581 2446 jusserat
1627 2377 1970 2447 prolongari,
2001 2386 2055 2431 et

462 2475 634 2530 altare
656 2484 713 2528 ut
742 2483 858 2528 erat
883 2474 1148 2543 integrum
1178 2472 1228 2525 in
1253 2480 1410 2526 antea
1440 2469 1775 2540 promoveri,
1804 2471 1898 2523 sed
1930 2470 2054 2538 quia

466 2567 602 2624 nihil
629 2567 695 2622 de
723 2567 1036 2636 pignoribus
1070 2565 1265 2620 ibidem
1295 2565 1526 2633 reperit.
1558 2579 1718 2618 unum
1751 2578 1816 2616 ex
1848 2563 2058 2617 abbati-

468 2657 589 2719 bus,
631 2668 688 2712 ut
735 2657 974 2727 ejusdem
1031 2657 1281 2727 martyris
1333 2656 1588 2724 reliquias
1631 2655 1944 2719 exhiberet,
1989 2655 2055 2708 ad

468 2750 798 2819 episcOpium
818 2791 833 2814 ,
861 2751 1065 2805 clavem
1096 2759 1272 2804 tamen
1314 2749 1514 2803 oblitus
1543 2749 1772 2813 direxit,
1804 2749 1893 2818 qui
1933 2763 2061 2816 cap-

467 2857 584 2898 sam
633 2843 938 2896 obseratam
972 2841 1245 2910 reperiens
1281 2840 1408 2910 quid
1440 2839 1639 2894 faceret
1665 2839 1940 2894 dubitabat
1969 2858 1980 2892 :
2013 2841 2055 2893 si

468 2938 535 2990 ad
578 2936 890 3004 episcOpnm
926 2949 1020 3003 pro
1047 2936 1200 2990 clave
1245 2934 1478 2996 rediret,
1513 2948 1784 2988 morosum
1835 2942 1980 2997 erat;
2013 2933 2059 2986 si

468 3043 684 3097 Capsam
712 3027 1071 3090 exhibuisset,
1096 3026 1165 3080 ob
1189 3025 1476 3080 multorum
1507 3024 1727 3093 pignora
1752 3033 2059 3078 sanctorum

468 3136 588 3188 qua:
638 3118 708 3172 ibi
755 3118 1188 3182 continebantur,
1242 3116 1530 3176 molestum
1571 3114 1619 3168 ei
1666 3126 1786 3168 esse
1835 3113 2058 3168 sczebat.

2152 1905 2220 1958 ab
2251 1905 2349 1958 hac
2375 1904 2734 1960 testimatione
2756 1905 3057 1960 subducere
3081 1905 3258 1960 nitens
3283 1922 3297 1958 :
3328 1905 3479 1972 Noli,
3505 1907 3610 1970 ait,
3639 1905 3736 1959 dul

2151 1997 2368 2050 cissime
2418 1996 2528 2063 tib,
2559 1996 2685 2049 mibi
2718 1996 2917 2065 aliquid
2967 1997 3154 2066 gratia:
3199 1996 3424 2063 referre,
3467 1997 3560 2052 sed
3593 1998 3754 2052 beato

2152 2088 2378 2143 Martino
2409 2103 2505 2156 per
2532 2087 2687 2157 cujus
2719 2086 2997 2158 reliquias,
3031 2089 3157 2143 licet
3189 2089 3458 2160 indignus,
3490 2105 3622 2157 quas
3654 2089 3754 2146 de-

2155 2177 2289 2245 fero,
2326 2178 2420 2232 tibi
2452 2178 2664 2232 auditus
2694 2189 2775 2233 est
2807 2178 3052 2232 redditus
3083 2187 3138 2234 et
3167 2179 3400 2235 surditas
3428 2180 3676 2250 depulsa.

2228 2289 2410 2346 XVIII.
2449 2291 2626 2346 Virtus
2656 2307 2886 2362 namque
2915 2293 3192 2348 cbaritatis
3220 2294 3274 2348 in
3305 2294 3398 2348 illo
3427 2295 3756 2364 praemine-

2156 2383 2246 2437 bat
2276 2383 2412 2440 adeo
2440 2393 2499 2438 ut
2527 2385 2657 2453 ipsis
2687 2385 2916 2438 inimicis
2943 2385 3190 2440 allectum
3217 2385 3520 2441 dilectionis
3545 2388 3758 2456 impen-

2157 2475 2349 2542 deret,
2383 2484 2442 2529 nt
2486 2478 2737 2545 sequenti
2791 2476 2992 2544 patebit
3038 2477 3307 2544 exemplo.
3336 2477 3576 2542 Quodam
3605 2479 3756 2533 enirn

2159 2576 2404 2634 tempore
2433 2567 2628 2621 factum
2653 2577 2768 2633 est,
2792 2578 2849 2622 ut
2869 2569 2935 2622 ad
2961 2568 3319 2624 venerabilem
3350 2578 3571 2623 matrem
3600 2587 3758 2626 suam

2161 2660 2214 2712 in
2270 2659 2630 2728 Burgundiam
2664 2668 3000 2729 properaret.
3033 2659 3087 2713 In
3121 2660 3286 2730 sylvis
3317 2675 3445 2714 vero
3489 2660 3755 2731 abiegnis,

2161 2768 2280 2823 qua:
2332 2763 2480 2809 trans
2515 2753 2788 2808 Verberon
2824 2752 2850 2790 ιι
2882 2752 3100 2806 fluvium
3150 2755 3268 2807 sita:
3314 2761 3468 2814 sunt,
3518 2753 3758 2808 latrones

2162 2847 2417 2913 incurrit,
2457 2847 2549 2916 qui
2581 2855 2731 2900 tanto
2764 2847 2965 2913 impetu
2997 2860 3157 2908 super
3184 2845 3494 2899 comitatum
3526 2846 3644 2915 ejus
3675 2847 3757 2900 ir-

2161 2953 2321 2995 ruere
2356 2940 2457 2992 nisi
2486 2949 2645 3005 sunt,
2675 2948 2733 2992 ut
2765 2953 2869 2992 non
2903 2938 3062 2991 modo
3093 2951 3186 2992 eos
3216 2937 3538 3006 exspoliare,
3573 2938 3669 2992 sed
3699 2948 3758 2993 et

2163 3033 2413 3087 occidere
2442 3031 2577 3086 velle
2607 3040 2945 3101 putarentur.
2966 3030 3203 3095 Quorum
3227 3031 3432 3083 assultu
3463 3028 3757 3099 Gregorius

2165 3127 2352 3181 terreri
2386 3141 2489 3178 non
2523 3128 2725 3194 potuit,
2757 3125 2844 3193 qui
2879 3124 3126 3191 praesidio
3176 3123 3385 3176 Martini
3425 3124 3758 3191 circumsep-

470 3186 604 3266 Cum
634 3211 793 3281 igitur
822 3211 961 3280 apud
995 3226 1053 3263 se
1099 3209 1378 3275 haesisset,
1409 3216 1468 3260 ut
1496 3207 1676 3259 divina
1707 3207 1878 3274 gratia
1923 3219 2054 3258 coo-

2168 3229 2250 3270 tus
2282 3217 2592 3280 incedebat;
2623 3217 2776 3284 cujus
2803 3231 2926 3270 mox
2955 3215 3214 3268 auxilium
3261 3215 3506 3284 flagitans
3548 3215 3617 3268 ita
3652 3215 3758 3268 sibi

471 3303 791 3372 peratricetn
851 3316 911 3356 se
962 3298 1220 3369 Gregorio
1276 3305 1585 3361 testaretur,
1636 3309 1849 3364 capsatn
1910 3295 2058 3349 exsi-

470 3395 723 3449 lientibus
773 3392 1041 3462 repagulis
1084 3389 1278 3458 aspicit
1319 3397 1634 3443 reseratam.
1665 3387 1815 3441 Tunc
1860 3389 2061 3456 gratias

469 3501 655 3554 agens,
684 3484 935 3549 reliquias
963 3497 1068 3534 non
1091 3481 1210 3534 sine
1233 3479 1588 3532 admiratione
1617 3478 1902 3530 multorum
1928 3476 2062 3532 Gre-

471 3577 622 3645 gorlo
650 3573 876 3639 detulit,
906 3572 995 3641 qui
1026 3585 1272 3626 reversus
1298 3583 1511 3639 capsam
1542 3576 1600 3621 ut
1629 3567 1919 3636 reliquerat
1947 3567 2050 3622 ob~

471 3673 713 3721 seratam
743 3662 972 3717 invenit.

547 3775 685 3831 XVI.
731 3774 890 3828 Multa
937 3770 1151 3842 quidem
1191 3769 1506 3839 Gregorius,
1535 3783 1654 3839 qua
1699 3768 1905 3838 insequi
1948 3769 2066 3825 Ion-

472 3881 599 3937 gum
630 3874 808 3929 esset,
843 3864 894 3917 in
939 3862 1113 3916 salute
1155 3860 1519 3936 languentium
1562 3858 1908 3929 operabatur,
1944 3875 2065 3930 qua:

475 3967 653 4011 tamen
675 3955 777 4010 sub
797 3956 1016 4010 obtentu
1039 3963 1346 4008 sanctorum
1365 3993 1382 4018 ,
1408 3968 1635 4022 quorum
1661 3953 1918 4022 reliquias
1944 3970 2066 4025 per-

474 4050 602 4106 inde
654 4048 892 4112 ferebat,
934 4061 962 4099 a
1009 4046 1124 4100 suis
1173 4046 1383 4100 meritis
1436 4045 1724 4100 excludere
1776 4045 2060 4101 nitebatur.

473 4140 608 4196 Cum
657 4137 873 4208 quidem
922 4137 1037 4190 lucc
1084 4143 1233 4192 tanto
1261 4138 1446 4189 verius
1494 4150 1587 4202 per
1627 4135 1802 4205 ipsum
1837 4134 2063 4203 fiebant,

471 4248 674 4303 quanto
705 4233 819 4302 ipse
868 4231 1121 4285 humilius
1163 4229 1282 4284 aliis
1332 4229 1634 4292 tribuebat,
1681 4237 1739 4282 ut
1785 4238 1871 4283 est
1911 4226 2063 4282 illud.

475 4329 608 4383 Cum
652 4326 841 4393 aliqua
867 4325 936 4377 do
967 4338 1062 4391 per
1090 4324 1230 4377 viam
1271 4323 1584 4390 graderetur
1629 4330 1684 4376 et
1729 4335 1944 4375 crucem
1975 4335 2070 4373 an-

474 4434 622 4474 reatn
646 4433 768 4472 cum
792 4414 1028 4482 reliquiis
1056 4415 1226 4467 beatae
1253 4411 1430 4477 Mariae
1471 4424 1684 4479 semper
1711 4410 1954 4477 virginis,
1981 4409 2067 4463 vel

476 4512 622 4567 beati
670 4507 882 4562 Martini
911 4505 1052 4559 collo
1079 4511 1354 4572 gestaret,
1388 4501 1527 4556 haud
1563 4500 1743 4570 procul
1789 4514 1816 4556 a
1850 4502 1933 4553 via
1975 4515 2070 4553 cn-

474 4603 686 4675 jusdam
720 4611 966 4668 patipcrs
993 4595 1334 4661 hospitiolum
1386 4592 1635 4648 incendio
1655 4592 1918 4662 conspicit
1941 4607 2068 4646 con-

477 4691 730 4751 cremari.
779 4691 903 4744 Erat
943 4697 1154 4751 autem,
1189 4697 1245 4740 ut
1283 4696 1367 4740 est
1411 4688 1463 4739 in
1507 4687 1695 4740 usibus
1733 4701 2028 4756 pauperum
2051 4727 2067 4752 ,

479 4789 622 4845 foliis
650 4797 811 4856 atque
836 4782 1172 4838 surculorum
1201 4781 1438 4845 crerniis,
1472 4779 1673 4850 ignium
1704 4780 1958 4835 videlicet
1983 4780 2066 4836 fo-

479 4880 697 4945 mentis,
727 4885 1055 4932 contectum.
1085 4873 1194 4928 Hac
1224 4872 1454 4940 illacque
1482 4874 1645 4928 miser
1670 4887 1790 4928 cum
1822 4887 1987 4928 uxore
2012 4882 2067 4929 et

478 4973 659 5029 liberis
704 4971 966 5026 cursitare
1009 4980 1065 5024 et
1111 4979 1377 5038 strepere,
1408 4983 1602 5038 aquam
1647 4967 1938 5034 advehere,
1969 4965 2064 5022 sed

480 5068 855 5134 nequicquam.
888 5061 1004 5117 Jam
1045 5061 1274 5115 ﬂammae
1305 5062 1728 5130 przevaluerant,
1771 5074 1870 5115 nec
1916 5066 2070 5129 pote-

479 5165 603 5212 rant
630 5154 879 5224 mitigari.
908 5154 1061 5208 Tunc
1090 5167 1217 5207 vero
1241 5151 1533 5222 Gregorius
1561 5152 1824 5218 accurrit,
1854 5161 1909 5205 et
1939 5166 2070 5204 con-

479 5258 562 5304 tra
594 5247 928 5302 flammarum
957 5244 1148 5314 globos
1189 5256 1405 5297 crucem
1451 5241 1710 5306 elevavit,
1743 5254 1972 5309 moxque
2016 5241 2066 5292 in

477 5347 699 5411 sepectu
727 5345 1036 5391 sanctarum
1068 5333 1414 5404 reliquiarum
1442 5333 1512 5388 ita
1545 5340 1689 5386 totus
1720 5330 1852 5398 ignis
1882 5332 2068 5384 obstu-

553 5508 578 5535 ι
609 5500 786 5566 Serg.,
817 5496 933 5550 Hoc
976 5508 1112 5560 stupe
1153 5492 1314 5566 ﬁebat_
1343 5490 1547 5566 quando
1577 5497 1665 5543 aut
1710 5489 1975 5554 (equaliter
2015 5488 2069 5542 in

477 5561 779 5625 disci-ctione
806 5566 1166 5620 miraculorum
1189 5566 1259 5614 ita
1281 5561 1550 5629 digeritur,
1582 5568 1633 5612 ut
1653 5601 1668 5624 ,
1693 5569 1799 5612 etc.

557 5639 584 5679 δ
618 5639 873 5709 l’apyrius
900 5637 1076 5709 litasse
1122 5634 1249 5709 legit
1295 5631 1658 5709 ararirtt;_sed
1693 5640 1872 5709 nostra
1889 5629 2064 5709 lectio

480 5711 670 5767 melior
695 5699 760 5764 εὶ
795 5710 910 5779 ipso
931 5699 1214 5776 Gregorio,
1238 5703 1325 5774 qui
1360 5703 1500 5756 hunc
1532 5701 1748 5758 lluviutn
1783 5699 2057 5755 B:rbcrim

487 5780 737 5855 appellat.

2163 3313 2352 3367 adesse
2378 3324 2629 3381 expertus
2652 3323 2763 3375 est,
2795 3323 2851 3367 ut
2881 3313 3117 3367 latrones
3139 3312 3374 3367 velocius
3397 3328 3556 3381 quam
3584 3327 3758 3367 emer-

2164 3415 2347 3460 serant
2394 3401 2572 3471 fugam
2630 3404 2846 3457 inirent.
2881 3406 2947 3456 At
2993 3403 3286 3470 Gregorius
3332 3416 3456 3455 usus
3497 3412 3758 3457 consueta

2165 3497 2364 3565 pietate
2399 3506 2448 3560 ο,
2483 3509 2582 3550 nec
2628 3497 2679 3548 in
2734 3495 3134 3564 perturbatione
3185 3493 3446 3556 turbatus,
3491 3491 3758 3559 fugientes

2165 3601 2411 3654 revocat,
2459 3591 2522 3644 ad
2571 3590 2747 3644 cibum
2779 3599 2834 3643 et
2875 3597 3057 3657 potum
3111 3587 3355 3640 inimicos
3401 3583 3611 3639 invitat.
3645 3585 3755 3640 Sed

2165 3680 2418 3735 crederes
2466 3695 2560 3734 eos
2605 3680 2833 3734 fustibus
2877 3679 2994 3746 agi,
3025 3686 3082 3732 et
3128 3678 3326 3732 invitos
3353 3691 3522 3744 equos
3566 3685 3757 3732 contra

2167 3778 2572 3849 possibilitatem
2603 3777 2900 3831 calcaribus
2933 3775 3140 3844 urgeri,
3177 3783 3233 3826 ut
3275 3789 3375 3828 nec
3406 3783 3753 3828 revocantem

2167 3869 2354 3924 audire
2403 3877 2645 3937 possent.
2691 3868 2764 3921 lta
2794 3867 3086 3936 Gregorius
3128 3866 3376 3934 supernis
3405 3865 3623 3919 auribus
3658 3880 3752 3920 os-

2168 3971 2353 4016 tensus
2383 3970 2465 4014 est
2495 3959 2721 4022 vicinus,
2749 3967 2804 4013 et
2832 3957 3085 4026 operibus
3116 3956 3392 4010 cbaritatis
3423 3955 3678 4010 intentus.

2239 4049 2382 4105 XIX.
2404 4048 2562 4104 Fides
2594 4057 2647 4102 et
2669 4047 2889 4102 devotio
2913 4045 3086 4116 populi
3121 4045 3277 4099 valde
3318 4061 3411 4114 per
3437 4044 3758 4112 Gregorium

2169 4141 2576 4206 succrescebat;
2605 4149 2660 4194 at
2691 4139 2958 4210 malignus
2990 4139 3154 4193 hostis
3190 4155 3294 4191 non
3327 4137 3537 4192 modico
3566 4138 3759 4192 dolore

2172 4233 2557 4303 torquebatur:
2591 4232 2734 4287 unde
2765 4231 2960 4285 factum
2988 4239 3104 4294 est,
3140 4238 3196 4282 nt
3226 4231 3330 4282 vim
3362 4244 3473 4283 sua:
3505 4229 3753 4297 maligni-

2171 4329 2294 4382 tatis
2335 4326 2476 4381 ferre
2506 4341 2610 4379 non
2643 4325 2938 4390 sustinens,
2970 4323 3054 4377 vel
3087 4321 3340 4391 pastoris,
3371 4321 3456 4374 vel
3486 4321 3659 4389 gregis
3695 4322 3759 4372 Ii-

2169 4417 2379 4473 duciam
2427 4418 2629 4485 apertis
2669 4415 2892 4470 vocibus
2931 4413 3245 4468 dementare
3293 4423 3600 4467 conaretur.
3643 4412 3764 4479 Ipsa

2175 4526 2405 4581 namque
2431 4509 2632 4564 Natalis
2657 4508 2866 4562 Domini
2908 4507 2996 4562 die
3039 4521 3160 4560 cum
3208 4505 3496 4573 Gregorius
3541 4504 3765 4570 pontiti-

2173 4605 2289 4660 cale
2319 4604 2347 4641 α
2379 4606 2570 4659 festum
2617 4603 2668 4656 in
2699 4599 2977 4668 principali
3029 4596 3271 4663 basilica,
3302 4597 3441 4649 sicut
3483 4608 3600 4648 nios
3646 4603 3764 4660 est,

2173 4698 2487 4753 Soletnniter
2516 4696 2792 4750 celebrare
2822 4691 3135 4760 procederet
3154 4733 3168 4754 ,
3196 4689 3413 4759 quidam
3439 4704 3500 4743 et
3526 4702 3763 4757 energu-

2173 4788 2347 4844 menis
2375 4787 2610 4842 atrocior
2637 4784 2849 4839 exteris
2877 4782 3044 4850 cmpit
3073 4780 3297 4834 nimium
3328 4778 3679 4838 debaccbari,
3708 4787 3767 4831 et

2171 4882 2520 4954 sequentibus
2560 4879 2644 4934 vel
2686 4876 3025 4932 obviantibus
3067 4873 3259 4936 turbis,
3291 4887 3410 4942 qua:
3439 4870 3764 4939 Gregorium

2173 4980 2478 5041 senserant.
2505 4985 2566 5024 se
2585 4968 2802 5025 obvium
2831 4969 3112 5036 ingerens:
3134 4964 3376 5029 Frustra,
3404 4963 3605 5031 inquit,
3630 4960 3768 5015 Mar-

2173 5065 2266 5119 tini
2297 5063 2481 5118 limina
2515 5058 2721 5130 petitis,
2754 5059 3021 5112 incassum
3077 5055 3192 5124 ejus
3223 5054 3392 5108 aedem
3426 5051 3605 5116 aditis,
3639 5051 3767 5119 quia

2171 5173 2266 5212 vos
2299 5164 2514 5218 propter
2555 5152 2718 5207 multa
2747 5149 2968 5205 crimina
3013 5146 3303 5216 dereliquit
3329 5161 3344 5200 :
3373 5159 3502 5200 ecce
3529 5158 3623 5198 vos
3667 5145 3768 5196 ab-

2173 5251 2402 5304 horrens
2453 5247 2636 5300 Romaa
2683 5243 2947 5298 mtrabilia
2999 5241 3141 5294 facit.
3194 5239 3320 5292 Iltcc
3356 5247 3409 5291 et
3457 5236 3561 5289 alia
3611 5234 3766 5304 plura

2177 5339 2402 5405 cunctis,
2436 5348 2494 5392 ut
2537 5345 2691 5392 erant
2731 5332 3014 5403 constipati
3035 5373 3052 5401 ,
3085 5330 3295 5402 pupulis
3326 5329 3486 5385 verba
3515 5326 3768 5384 diabolus

2251 5504 2273 5532 ε
2307 5491 2434 5546 Mss.
2461 5490 2496 5544 Ξ).
2513 5533 2527 5554 ,
2553 5506 2650 5543 usu
2678 5498 2933 5544 consueta:
2964 5487 3183 5557 pietatis.

2248 5563 2273 5601 ἀ
2307 5564 2483 5630 Serg.,
2529 5561 2862 5630 principalem
2893 5564 3172 5629 festum...
3205 5558 3539 5630 εοιεηιηίιᾳτρ
3582 5570 3768 5630 proca-

2175 5635 2333 5688 deret.
2367 5627 2574 5695 Germ,
2605 5627 2900 5698 Gregorius
2931 5631 2983 5682 in
3034 5630 3304 5700 principali
3351 5628 3590 5694 basilicis,
3629 5627 3764 5681 sicut

2168 5707 2318 5760 moris
2349 5712 2420 5758 cst
2453 5704 2781 5758 solemnizurc
2809 5701 3120 5770 procederet.
