3994 6332
156 371 260 426 125

1709 361 1768 416 ιί
1784 360 1868 414 TA

3320 356 3441 420 19.6

154 483 467 539 lttsibilabot
495 524 506 544 ,
538 481 602 535 ad
634 496 792 550 quam
826 495 1010 535 vocem
1052 495 1159 534 non
1208 477 1379 532 solum
1428 477 1748 530 rusticorum
1781 483 1832 538 Α
1859 477 1940 531 vel
1975 492 2204 546 propria:
2249 477 2436 533 salutis
2481 493 2643 536 musa
2692 478 2901 548 longius
2946 475 3290 548 procedebat.
3323 477 3437 532 Ali-

153 577 321 631 corda
354 575 730 637 exturbantur,
763 572 856 627 sed
887 579 945 628 et
970 572 1168 640 clerus,
1199 571 1324 640 quin
1354 578 1409 624 et
1457 570 1570 635 ipse
1619 569 1752 623 Gre-

147 669 343 738 gorius
391 680 592 734 pavore
635 665 956 720 concutitur.
1004 663 1368 735 Ingredientes
1406 670 1584 715 autem
1633 676 1752 715 cum

148 758 286 813 ﬂetu
341 772 540 827 magno
572 756 884 820 basilicam,
931 770 1121 809 omnes
1171 755 1474 822 pavimento
1523 763 1755 821 proster-

157 860 389 912 nuntur,
431 858 650 902 orantes
679 858 734 900 ut
767 845 940 900 sancti
971 846 1066 899 viri
1102 846 1436 914 praesentiam
1478 859 1755 898 mereren-

157 952 269 994 tur.
304 938 535 1006 Quidam
565 953 713 1001 vero,
744 936 828 990 cui
859 947 983 991 ante
1014 945 1124 990 tres
1152 949 1322 988 annos
1351 935 1524 988 amba:
1571 949 1758 988 manus

157 1047 284 1086 tum
331 1046 441 1083 uno
489 1030 622 1098 pede
671 1038 1086 1090 contraxerant,
1133 1036 1256 1081 ante
1302 1035 1542 1080 sanctum
1591 1024 1759 1080 altare

162 1139 284 1177 cum
317 1122 540 1192 reliquis
572 1128 872 1189 prostratus
913 1118 1053 1172 beati
1088 1117 1300 1171 Martini
1351 1117 1608 1171 auxilium
1641 1132 1762 1185 prc-

161 1215 406 1276 cabatur,
434 1214 523 1281 qui
551 1212 732 1266 subito
764 1210 924 1264 nimia
951 1209 1096 1264 febre
1123 1209 1482 1263 circumdatus
1507 1215 1757 1273 tanquam

166 1311 218 1360 in
254 1308 492 1375 equuleo
521 1305 871 1374 torquebatur
902 1313 1177 1357 extensus.
1224 1300 1370 1354 Inter
1417 1299 1532 1353 haec
1575 1307 1760 1352 sancta

165 1399 430 1456 saletnnia
463 1399 811 1468 gerebantur,
842 1408 1071 1463 cumque
1113 1402 1330 1446 sanctus
1377 1390 1620 1460 pontifex
1669 1388 1762 1442 fle—

165 1493 313 1546 tibus
339 1493 598 1545 insisti-ns
620 1488 759 1543 beati
789 1487 998 1541 Martini
1030 1486 1429 1555 praestolaretur
1449 1484 1761 1545 adventum,

163 1585 352 1640 divino
385 1583 646 1654 mysterio
675 1582 814 1651 palla
840 1581 951 1650 jam
981 1596 1045 1635 ex
1076 1594 1225 1634 more
1253 1586 1533 1646 cooperto,
1564 1574 1766 1646 langui-

164 1679 266 1730 dus
293 1677 363 1730 ad
399 1676 616 1745 plenum
648 1673 950 1729 restituitur
996 1671 1232 1726 sanitati.
1263 1670 1440 1736 Quare
1473 1667 1764 1737 Gregorius

167 1766 468 1831 admodum
526 1766 740 1835 gavisus
797 1763 1149 1830 omnipotenti
1212 1760 1320 1814 Deo
1373 1759 1570 1828 gratias
1621 1758 1763 1827 agit,

1857 570 2068 640 quando
2110 569 2269 639 igitur
2311 571 2614 640 sepulcrum
2645 571 2785 626 beati
2827 570 3012 624 Ililarii
3043 569 3440 638 supplicaturus

1856 665 2051 731 adivit,
2080 679 2201 720 cum
2241 666 2306 719 ad
2339 666 2608 721 visendam
2641 681 2851 734 quoque
2885 675 3125 719 sanctam
3157 663 3444 731 Radegun-

1857 756 1978 810 dem
2005 756 2242 824 reginam
2267 758 2509 811 divertit.
2538 756 2754 810 Factum
2778 764 2859 809 cst
2884 765 3059 809 autem
3092 769 3212 807 cum
3239 754 3290 807 hi
3312 754 3442 819 duo,

1859 854 2112 916 tanquam
2142 848 2332 901 incolae
2372 847 2633 915 paradisi,
2665 861 2846 899 secum
2877 846 2945 899 de
2973 844 3284 900 ccelestibus
3313 858 3445 898 con-

1860 939 2242 1003 fabularentur,
2270 940 2446 992 oleum
2474 938 2614 1007 quod
2640 949 2765 992 ante
2789 940 3005 1007 pignora
3034 945 3232 992 sanctae
3272 937 3448 991 crucis

1858 1032 2105 1099 guttatim
2139 1031 2250 1084 illic
2273 1031 2511 1084 defluere
2540 1030 2781 1094 solebat,
2815 1031 2890 1083 sic
2920 1031 2970 1083 in
3007 1030 3242 1084 adventu
3274 1028 3447 1096 ponti-

1861 1122 1978 1176 ficis
2005 1133 2217 1175 auctum
2260 1131 2375 1184 est,
2412 1133 2469 1174 ut
2499 1118 2633 1172 infra
2667 1122 2821 1174 unius
2853 1121 2998 1174 horae
3035 1121 3265 1188 spatium
3311 1120 3447 1172 ultra

1867 1229 2030 1268 unum
2061 1213 2352 1267 sextarium
2399 1213 2717 1268 exundaret.
2761 1213 2927 1268 Porro
2967 1228 3087 1267 cum
3137 1212 3250 1266 haec
3296 1211 3451 1264 beata

1863 1306 2044 1374 regina
2071 1307 2139 1359 ad
2167 1305 2362 1373 Regem
2393 1313 2537 1359 esset
2565 1305 2884 1359 accersenda
2915 1303 3208 1367 caelorum,
3237 1301 3320 1356 vir
3347 1301 3450 1354 Do-

1865 1398 1996 1452 mini
2039 1397 2328 1465 Gregorius
2367 1395 2434 1451 dc
2479 1396 2598 1464 ejus
2643 1395 2868 1450 transitu
2918 1394 3158 1449 nuntium
3200 1393 3450 1461 accepit:

1866 1501 2096 1557 cumque
2124 1489 2205 1542 illa
2231 1489 2340 1557 jam
2363 1503 2428 1542 eo
2450 1496 2764 1542 accurrentc
2790 1487 3103 1555 migrasset,
3125 1493 3305 1540 sancta
3332 1483 3451 1554 ejus

1868 1578 2106 1632 membra
2134 1579 2421 1646 sepultum
2461 1577 2676 1632 locavit.
2705 1578 2821 1644 Quo
2847 1576 3062 1645 quidem
3106 1584 3346 1643 tempore
3371 1575 3454 1628 al-

1871 1679 1985 1723 tare
2005 1670 2315 1724 solemniter
2339 1668 2631 1734 benedixit,
2651 1666 2961 1736 operculum
2984 1674 3162 1721 tamen
3179 1665 3456 1735 episcopo,

1870 1762 1958 1830 qui
1995 1770 2118 1815 tunc
2157 1765 2293 1815 forte
2319 1762 2544 1826 deerat,
2575 1759 2886 1814 reservavit.

167 1857 458 1923 oculisque
489 1856 845 1924 lacrymarum
880 1853 1051 1906 imbre
1079 1851 1315 1919 suffusis,
1346 1851 1398 1904 in
1438 1851 1537 1904 hac
1566 1849 1631 1903 ad
1667 1865 1764 1916 po-
1801 1847 1844 1906 Β
1943 1852 2132 1906 XXIII.
2165 1852 2334 1906 Causa
2368 1853 2536 1905 fuerat
2566 1867 2668 1920 qua
2703 1849 3029 1904 Garumnam
3061 1849 3277 1904 ﬂuvium
3302 1849 3454 1919 juxta

168 1949 358 2019 pulunt
393 1962 523 2005 voce
555 1945 792 2019 prorupit
821 1961 835 1997 :
867 1944 1050 1998 Timor
1078 1959 1106 1995 a
1133 1943 1385 1998 cordibus
1414 1941 1629 2009 veStris,
1661 1943 1767 1995 fra-

171 2017 308 2103 ires,
343 2036 636 2100 abscedat,
664 2017 790 2104 quia
823 2034 1097 2087 nobiscum
1146 2032 1334 2086 beatus
1364 2028 1642 2085 confessor
1690 2030 1770 2083 itt-

173 2128 418 2192 babitat,
465 2141 564 2180 nec
595 2125 816 2178 omnino
861 2124 1066 2182 credite
1111 2122 1344 2186 diabolo,
1375 2123 1464 2192 qui
1505 2121 1572 2174 ab
1618 2120 1771 2174 initio

173 2218 415 2273 mendax
439 2229 520 2272 est
542 2230 595 2271 et
625 2217 675 2270 in
708 2217 933 2270 veritate
964 2229 1070 2272 non
1093 2215 1258 2268 stetit.
1285 2211 1420 2268 Cum
1450 2212 1565 2266 haec
1585 2221 1640 2266 et
1664 2211 1770 2265 alia

171 2319 338 2373 verba
371 2316 731 2371 consolatoria
776 2313 1078 2369 astantibus
1109 2311 1367 2374 inferret,
1409 2310 1649 2365 omnium
1691 2308 1772 2362 lu-

173 2420 295 2463 ctus
329 2412 580 2462 laxantur
611 2407 662 2460 in
689 2408 939 2476 gaudium
961 2443 977 2469 ,
1009 2404 1282 2472 multoque
1304 2401 1590 2456 alacriores
1613 2414 1770 2470 quant

175 2512 446 2555 venerant
475 2499 542 2553 ad
587 2513 679 2552 sua
714 2512 804 2566 ter
845 2496 1130 2551 Martinum
1162 2505 1319 2562 atque
1347 2491 1659 2561 Gregorium
1690 2504 1774 2542 re-

176 2593 419 2646 dicrttttt.

252 2682 376 2735 XX.
404 2681 539 2748 Quia
564 2696 688 2733 vero
712 2677 913 2733 Natalis
940 2677 1147 2732 Domini
1180 2676 1502 2730 mentionem
1527 2675 1772 2742 fecimus,

179 2775 308 2844 quid
339 2774 629 2839 aliquando
660 2772 710 2825 in
745 2773 841 2825 hac
871 2771 960 2824 die
992 2769 1223 2838 pontifici
1267 2779 1449 2823 nostro
1495 2767 1778 2836 contigerit

182 2880 575 2920 memoremus.
605 2863 737 2918 Nam
769 2862 824 2917 in
855 2871 1198 2916 sacrosancta
1232 2861 1390 2929 hujus
1416 2859 1778 2914 solemnitatis

185 2958 291 3032 [AL
321 2956 540 3028 natalis]
589 2966 748 3010 nocte
797 2954 1053 3024 pridianis
1103 2953 1293 3023 vigiliis
1342 2952 1609 3022 fatigatus,
1655 2964 1778 3006 eum

185 3053 468 3124 paululum
508 3064 568 3104 se
596 3048 774 3103 cubito
803 3047 1127 3110 collocaret,
1159 3045 1237 3099 vir
1282 3044 1498 3113 Quidam
1549 3043 1615 3097 ad
1655 3057 1780 3098 eum

186 3144 434 3200 concitus
456 3144 621 3207 venit,
643 3141 828 3196 dicens
850 3158 862 3191 :
885 3140 1075 3210 Surge,
1097 3147 1367 3194 revertere
1385 3137 1448 3191 ad
1470 3137 1779 3192 ecclesiam.

189 3236 283 3294 ille
324 3234 756 3304 expergefactus,
781 3234 990 3301 signum
1020 3230 1197 3284 crucis
1238 3230 1453 3282 sibimet
1481 3229 1779 3296 imponens,
1808 3222 1856 3284 C

189 3329 384 3384 iterum
428 3327 775 3381 obdormivit.
803 3324 912 3379 Nec
937 3324 1143 3379 destitit
1174 3324 1254 3376 vir
1285 3323 1394 3387 ille,
1437 3323 1562 3391 quin
1606 3322 1781 3375 homi-

190 3436 315 3474 nem
361 3419 599 3475 secundo
628 3425 871 3472 moneret
899 3434 912 3468 :
945 3416 1040 3470 sed
1071 3430 1192 3468 cum
1227 3414 1434 3471 excitus
1478 3427 1697 3482 gravem
1723 3427 1783 3466 se

190 3514 370 3568 adhuc
392 3513 652 3579 sentiret,
684 3525 871 3564 rursus
897 3506 1244 3563 obdormivit.
1275 3506 1408 3560 Tum
1437 3521 1566 3561 vero
1591 3506 1678 3560 ille
1704 3506 1784 3558 vir

195 3606 362 3661 tertio
415 3604 659 3667 veniens,
693 3601 925 3656 maxilla:
953 3599 1070 3668 ejus
1114 3600 1322 3668 alapam
1372 3597 1674 3666 impressit,
1705 3597 1786 3650 di-

192 3716 321 3754 cens
353 3715 369 3752 :
406 3699 482 3752 En
517 3709 568 3750 tu
600 3697 835 3761 reliquos
866 3694 932 3748 ad
963 3694 1172 3764 vigilias
1199 3693 1489 3747 admonere
1517 3693 1703 3756 debes,
1729 3701 1784 3746 et

195 3791 382 3843 tandiu
415 3804 607 3858 sapore
636 3786 991 3854 deprimcrisi
1014 3779 1128 3847 Qua
1158 3784 1450 3854 Gregorius
1493 3799 1624 3838 voce
1666 3800 1786 3853 per-

192 3881 376 3932 culsus
411 3875 609 3945 pernici
641 3877 928 3931 velocitate
968 3875 1032 3928 ad
1062 3875 1347 3930 ecclesiam
1376 3884 1456 3929 est
1487 3889 1782 3942 regressus.

195 3971 345 4023 Adeo
374 3968 623 4036 supernis
652 3970 821 4021 oculis
868 3974 1054 4036 gratus
1096 3966 1340 4030 exstitit,
1381 3977 1437 4019 ut
1470 3980 1568 4020 nec
1598 3965 1785 4019 buma-

193 4067 365 4116 nitate
398 4070 622 4131 cogente
665 4059 1041 4129 negligentiam
1085 4059 1193 4129 pati
1240 4057 1529 4128 permissus
1573 4059 1645 4113 sit
1673 4073 1784 4112 sure

193 4155 410 4209 salutis.

266 4246 410 4300 XXI.
446 4245 628 4298 Visum
653 4253 734 4298 est
765 4244 865 4296 hoc
897 4245 1133 4298 inserere
1162 4242 1378 4298 lectioni
1401 4243 1636 4310 qualiter
1662 4257 1784 4296 eum

197 4339 337 4392 Deus
384 4351 610 4403 arguere
645 4335 904 4402 voluerit,
937 4351 1005 4388 ne
1035 4333 1118 4390 vel
1163 4334 1388 4388 aliormn
1420 4333 1632 4389 levitate
1664 4349 1784 4401 pec-

195 4439 366 4483 caret.
401 4427 531 4481 Nam
571 4444 690 4480 cunt
743 4429 881 4481 hunc
910 4444 937 4480 a
971 4431 1255 4496 desperato
1299 4426 1554 4496 languore
1598 4426 1782 4481 beatus

197 4521 456 4574 Martinus
499 4519 571 4572 ita
617 4527 860 4583 sanaret,
907 4528 964 4571 ut
1003 4517 1068 4571 ad
1118 4519 1398 4572 ecclesiam
1450 4517 1501 4570 in
1545 4517 1782 4570 crastino

197 4621 543 4680 properaret,
576 4627 644 4664 ne
674 4626 731 4665 se
777 4610 828 4669 itt
875 4609 1154 4668 solemniis
1186 4611 1467 4664 missarum
1500 4609 1779 4679 fa'igaret,
1814 4605 1867 4663 D

199 4704 287 4756 uni
322 4703 757 4773 presbyteromm
788 4703 900 4755 haec
919 4703 1193 4756 celebrare
1226 4705 1493 4771 prtecepit.
1523 4702 1632 4758 Sed
1660 4717 1780 4758 cum

198 4798 481 4866 presbyter
533 4795 718 4850 nescio
766 4795 891 4864 quid
943 4797 1142 4849 rustice
1187 4793 1374 4849 festiva
1418 4795 1524 4867 [ΑΙ.
1571 4794 1783 4867 festina]

200 4888 358 4941 verba
390 4887 770 4957 depromeret,
801 4887 1044 4941 nonnulli
1074 4887 1142 4942 de
1163 4887 1632 4942 circumstantibus
1662 4904 1784 4942 eum

204 4983 432 5036 irridere
480 4988 800 5050 coeperunt,
848 4981 1087 5035 dicentes
1133 4981 1324 5035 melius
1376 4980 1538 5035 fuisse
1584 4990 1784 5046 tacere,

199 5087 357 5141 quam
404 5073 484 5128 sic
531 5074 730 5128 inculte
779 5072 944 5141 loqui.
975 5070 1143 5132 Nocte
1172 5079 1349 5125 autem
1385 5071 1625 5126 insecuta
1655 5070 1789 5124 vidit

198 5167 368 5221 virum
400 5167 672 5220 dicentem
716 5166 851 5228 sibi,
885 5165 955 5220 de
994 5165 1266 5234 mysteriis
1308 5165 1399 5218 Dei
1449 5179 1781 5232 nequaquam

199 5256 601 5326 di~putandnm.
652 5257 798 5310 Satis
844 5256 1039 5312 dehinc
1090 5255 1229 5323 apud
1276 5269 1396 5308 eum
1445 5254 1683 5308 constitit
1721 5269 1787 5308 ne

199 5351 392 5400 stultos
423 5358 472 5401 et
522 5347 702 5402 faciles
744 5357 870 5402 ante
898 5361 955 5402 se
988 5348 1322 5415 permitteret
1364 5345 1432 5399 de
1480 5345 1651 5400 beatis
1693 5360 1784 5400 so-

200 5443 416 5495 lemniis
443 5441 774 5494 obtrectare.

267 5532 436 5586 XXII.
479 5531 687 5598 Stepius
731 5541 909 5584 autem
953 5530 1034 5584 vir
1086 5529 1323 5593 Domini,
1356 5529 1494 5582 sicut
1539 5542 1695 5582 verus
1735 5539 1788 5580 «ιι

202 5626 370 5695 gregis
394 5633 450 5678 et
477 5625 671 5677 suimet
703 5623 1002 5690 consultor,
1039 5623 1122 5676 vel
1153 5623 1485 5676 subditorum
1532 5620 1784 5685 utilitate,

273 5794 296 5820 ⁸
340 5785 452 5838 Iloc
477 5786 583 5837 iter
609 5799 749 5836 anno
777 5783 880 5838 59i
910 5799 938 5835 a
972 5781 1232 5845 Gregorio
1272 5790 1575 5843 susceptum
1620 5778 1782 5834 fuisse

204 5857 432 5916 videtur.
459 5856 596 5914 Nam
628 5870 794 5914 annos
835 5867 940 5910 trcs
975 5856 1368 5928 “incedentes,
1408 5852 1596 5917 quibus
1643 5852 1777 5908 Gre-

1876 1943 2154 1998 lllavicnse
2182 1953 2416 1997 Castrum
2470 1953 2802 1997 transmeare
2848 1941 3128 2006 debuerit,
3167 1942 3260 1995 sed
3313 1942 3454 1996 idem

1875 2035 2064 2088 fluvius
2097 2035 2169 2087 ita
2196 2044 2320 2088 tttnc
2355 2036 2679 2088 intumuerat
2701 2075 2714 2095 ,
2753 2043 2808 2087 ut
2839 2033 3167 2086 intuentibus
3195 2047 3299 2086 non
3332 2048 3458 2101 par-

1873 2143 1995 2180 vum
2042 2126 2321 2180 horrorem
2357 2126 2643 2180 incuteret.
2675 2126 2789 2179 Non
2822 2126 2979 2192 longe
3026 2132 3202 2178 autem
3241 2134 3460 2178 sanctus

1877 2221 2148 2273 Romanus
2181 2220 2462 2288 presbyter
2492 2218 2806 2286 requiescit,
2839 2230 2996 2285 quem
3031 2225 3233 2279 noster,
3262 2227 3320 2270 ut
3350 2219 3460 2272 vita

1875 2312 1989 2378 ejus
2023 2310 2269 2379 perhibet
2291 2350 2304 2371 ,
2339 2308 2600 2361 Martinus
2634 2307 2934 2360 tumulavit.
2975 2305 3108 2359 Cum
3156 2306 3314 2372 Igitur
3341 2308 3462 2363 hinc

1879 2408 2113 2477 procella
2163 2418 2473 2468 ventorum,
2521 2407 2666 2460 illinc
2710 2415 2919 2460 montes
2947 2407 3242 2470 undarum,
3275 2405 3463 2472 ingens

1879 2498 2170 2565 periculum
2217 2498 2530 2566 navigaturo
2562 2498 2914 2562 minarentur,
2946 2497 3132 2550 oculos
3161 2496 3225 2549 ad
3264 2495 3463 2549 ccelum

1877 2592 2108 2660 erigens,
2137 2601 2191 2643 et
2236 2590 2302 2644 ad
2347 2590 2625 2644 ecclesiam
2675 2589 2912 2658 prtedicti
2958 2589 3182 2642 Romani
3232 2587 3464 2641 subinde

1879 2684 2196 2749 respiciens,
2223 2683 2360 2738 adeo
2391 2698 2551 2737 omne
2583 2684 2800 2752 pt'lagus
2832 2699 2954 2737 mox
2986 2683 3340 2750 complanavit
3361 2724 3374 2746 ,
3410 2691 3466 2736 ut

1880 2775 2203 2844 compressis
2234 2775 2554 2846 fragoribus,
2589 2779 2718 2843 ripze
2756 2775 2912 2829 alteri
2943 2775 3061 2830 sine
3107 2773 3345 2844 periculo
3377 2789 3466 2829 ve-

1883 2869 2124 2923 heretttr.

1957 2960 2145 3016 XXIV.
2189 2961 2471 3016 Sexdecitn
2506 2976 2676 3014 annos
2711 2961 2795 3015 hic
2825 2960 2875 3014 in
2910 2961 3221 3030 episcopatu
3261 2977 3461 3032 exege-

1885 3063 2008 3122 rat,
2038 3067 2160 3107 cum
2192 3054 2502 3122 tequivocus
2533 3052 2651 3122 ejus
2693 3052 2780 3107 ille
2818 3067 3042 3121 magnus
3085 3053 3374 3122 Gregorius
3417 3055 3469 3107 itt

1883 3143 2012 3198 sede
2031 3142 2324 3210 apostolica
2357 3143 2699 3211 subrogatur.
2733 3141 3005 3210 Siquidem
3031 3143 3245 3210 opinata
3276 3159 3361 3196 res
3389 3154 3468 3197 est

1888 3233 2028 3302 quod
2061 3233 2260 3288 dttdum
2292 3233 2432 3287 alter
2459 3233 2612 3286 alteri
2644 3233 2897 3302 peculiari
2919 3235 2989 3287 sit
3016 3235 3246 3288 amicitia
3279 3235 3468 3288 devin-

1886 3335 2023 3380 ctus.
2058 3325 2166 3380 Nec
2189 3325 2459 3379 immerito
2480 3367 2494 3388 ,
2525 3339 2646 3379 cum
2679 3324 2821 3378 hunc
2856 3325 3180 3379 Fortunatus
3206 3326 3470 3395 Gregorio

1887 3426 2160 3484 comparet
2187 3414 2545 3483 Nazianzeno,
2577 3424 2829 3484 tanquam
2856 3415 2944 3468 ille
2967 3415 3123 3469 datus
3146 3415 3216 3470 sit
3238 3417 3467 3480 Orienti,

1889 3509 2173 3564 Romensis
2201 3517 2380 3562 autem
2421 3508 2659 3562 Meridiei
2680 3551 2696 3570 ,
2728 3519 2812 3564 ast
2843 3510 2927 3564 hic
2952 3521 3136 3564 noster
3169 3511 3468 3568 Occidenti.

1885 3601 2017 3656 Cum
2048 3600 2211 3670 igitur
2241 3601 2340 3655 iste
2387 3614 2539 3654 sacra
2582 3602 2964 3669 Apostolorum
3012 3603 3191 3656 limina
3227 3605 3469 3670 expetis-

1886 3705 1969 3748 set
1995 3701 2043 3758 ι,
2076 3707 2263 3760 magna
2293 3707 2412 3746 cum
2438 3694 2734 3747 reverentia
2764 3702 2980 3747 sanctus
3002 3709 3123 3747 eum
3157 3709 3286 3761 papa
3309 3708 3470 3748 exce-

1890 3785 1983 3851 pit,
2007 3800 2166 3854 quem
2196 3785 2260 3838 ad
2289 3784 2424 3838 beati
2467 3784 2608 3838 Petri
2635 3783 3042 3839 Confessionem
3089 3784 3470 3850 introducens,

1887 3897 1918 3936 e
1950 3883 2118 3935 latere
2148 3879 2276 3952 [Ed.
2314 3881 2378 3934 ad
2412 3878 2601 3951 altare]
2627 3880 2896 3942 constitit,
2933 3880 3251 3947 praestolans
3290 3880 3468 3949 quoad

1885 3984 2146 4041 surgeret.
2183 3971 2398 4026 Interim
2433 3982 2647 4037 autem,
2682 3980 2738 4025 ut
2769 3983 2881 4027 erat
2915 3972 3128 4040 ingenio
3173 3971 3474 4039 profundis-

1886 4067 2074 4130 simus,
2099 4074 2362 4120 secretam
2397 4064 2487 4118 Dei
2519 4064 2979 4132 dispensationem
3009 4063 3313 4128 admirans,
3344 4078 3474 4117 con-

1887 4155 2164 4209 siderabat
2206 4155 2259 4208 in
2291 4155 2599 4222 hujusmodi
2630 4156 2931 4216 hominem,
2957 4162 3072 4208 erat
3100 4155 3239 4207 enint
3270 4161 3473 4206 statura

1887 4246 2084 4308 brevis,
2117 4251 2316 4297 tantam
2348 4246 2572 4313 gratiam
2606 4244 2820 4298 crelitus
2845 4243 3182 4310 proﬂuxisse.
3206 4243 3355 4307 Quod
3383 4244 3473 4296 ille

1887 4353 2008 4391 mox
2039 4335 2292 4390 divinitus
2324 4335 2660 4403 persenliens
2682 4376 2697 4401 ,
2730 4342 2786 4388 ct
2824 4335 2891 4388 ab
2922 4333 3167 4388 oratione
3208 4348 3466 4405 surgens,

1890 4429 2202 4498 placidoque
2233 4436 2290 4482 ut
2317 4437 2434 4483 erat
2461 4427 2605 4480 vultu
2637 4427 2700 4479 ad
2727 4441 2916 4495 papam
2947 4426 3262 4495 respiciens.
3291 4426 3472 4480 Domi-

1890 4541 2010 4589 nus,
2037 4525 2225 4594 inquit,
2258 4524 2381 4578 fecit
2415 4538 2535 4583 nos,
2565 4534 2621 4576 et
2641 4537 2745 4577 non
2771 4522 2870 4590 ipsi
2896 4537 3026 4585 nos;
3056 4520 3194 4574 idem
3222 4519 3273 4572 in
3300 4518 3477 4588 parvis

1891 4617 1973 4682 qui
2006 4625 2059 4668 et
2089 4615 2142 4668 in
2172 4615 2400 4683 magnis.
2431 4613 2675 4680 Cumque
2700 4612 2750 4666 id
2781 4628 2891 4666 sua:
2918 4611 3233 4680 cogitationi
3256 4619 3476 4663 sanctus

1891 4722 2022 4773 papa
2047 4705 2355 4773 responderi
2380 4713 2751 4773 cognosceret,
2777 4702 2893 4772 ipsa
2922 4717 3015 4754 sua
3047 4700 3475 4769 deprehensione

1890 4799 2125 4868 gavisus,
2152 4796 2377 4866 gratiam
2409 4811 2570 4865 qttam
2602 4795 2860 4849 hactenus
2884 4795 2938 4848 in
2964 4791 3224 4862 Gregorio
3246 4792 3478 4846 miraba-

1892 4901 1997 4954 tur,
2032 4891 2083 4944 in
2125 4905 2313 4958 magna
2353 4889 2702 4943 veneratione
2748 4887 3006 4954 deinceps
3049 4887 3246 4940 habere
3280 4885 3474 4954 cmpit,

1890 4983 2182 5050 sedi-mque
2210 4982 2537 5036 'I‘uronicam
2566 4980 2640 5035 ita
2669 4980 2969 5034 nobilitavit
2990 4987 3048 5031 ut
3067 4993 3286 5032 auream
3313 4977 3358 5030 ei
3381 4992 3443 5030 ca
3463 5006 3479 5017 -

1896 5072 2136 5127 thedrim
2169 5074 2425 5136 donaret,
2467 5089 2588 5142 qua:
2631 5073 2770 5143 apud
2817 5069 3091 5137 prazfatam
3130 5070 3311 5124 sedem
3342 5069 3474 5143 [ΕΑ.

1896 5163 2102 5233 urbem]
2133 5165 2185 5218 in
2221 5174 2492 5232 posterum
2521 5173 2849 5218 serVaretur.

1966 5255 2133 5309 XXV.
2175 5253 2292 5309 Jam
2327 5271 2454 5311 vero
2494 5256 2680 5308 beatus
2722 5255 2980 5309 Martinus
3010 5253 3154 5309 hunc
3192 5255 3468 5308 alumnum

1894 5364 2047 5401 suum
2073 5362 2450 5417 usquequaque
2475 5348 2847 5416 magnificans,
2876 5349 2923 5403 ei
2946 5363 3004 5403 se
3028 5347 3312 5416 propitium
3338 5344 3475 5399 mul-

1895 5441 1962 5492 tis
1993 5439 2167 5494 tnodis
2211 5438 2706 5504 demonstraverat,
2756 5439 2851 5495 sed
2892 5450 2950 5494 ut
2979 5439 3235 5507 operibus
3269 5437 3384 5502 ejus
3412 5449 3474 5489 se

1894 5548 2104 5601 quoque
2135 5541 2537 5601 coaperatorem
2569 5533 2897 5594 ostenderet,
2922 5531 3208 5600 aliquando
3236 5540 3475 5596 prtesen-

1898 5627 2024 5680 tiam
2071 5641 2220 5678 suam
2247 5665 2261 5689 ,
2308 5625 2431 5679 licet
2462 5624 2816 5688 invisibilem,
2859 5640 2960 5679 suo
2993 5638 3098 5692 quo
3136 5619 3301 5672 videri
3335 5616 3475 5674 sciet

1893 5777 2312 5904 Vriuspbilagnus
2341 5777 2444 5846 jam
2469 5786 2582 5835 erat
2613 5777 2874 5848 pontifex,
2902 5776 2956 5831 in
2985 5772 3172 5829 Galliis
3203 5770 3386 5844 exegit
3405 5784 3476 5842 ex

1948 5862 2032 5904 ttts
2102 5866 2127 5901 3
2162 5889 2199 5904 ι.
2225 5862 2331 5904 etc.

1948 5862 2032 5905 ius
2060 5862 2199 5919 νη,
2225 5862 2331 5904 etc.
