4000 6362
170 415 274 472 135

165 607 369 672 perlata
399 613 503 672 est,
525 618 749 669 puerum
780 615 1137 669 tnnsoratinn,
1159 616 1290 669 etc.,
1314 619 1489 661 narrat
1513 608 1766 662 miracula

161 691 228 729 ea:
254 675 422 742 capite
448 672 520 725 Ἠ
552 674 672 725 libri
701 675 763 726 de
781 672 962 728 Gloria
992 674 1373 743 Confessorum.

421 764 714 836 Sigibertus
745 763 1122 819 Gemblacensis
1152 769 1204 819 in
1236 767 1514 823 Chronico.

245 858 344 910 An.
379 855 410 908 7
450 855 645 930 lustini
688 854 962 930 _.lunioris,
990 855 1076 930 _3‘i
1127 857 1427 930 Chlotarii,
1477 859 1768 930 Gregorius

167 927 571 1050 Turogensinm
602 927 886 980 ordinatus
917 927 1202 996 episcopus
1233 929 1409 982 clarus
1450 927 1680 984 habetur
1713 935 1765 985 in

165 1015 313 1052 0111111
361 1013 444 1051 us.

202 1089 356 1144 Idem
377 1090 428 1142 in
453 1089 585 1142 libro
615 1087 679 1142 de
704 1087 1052 1159 Scriptoribus
1080 1090 1455 1154 ecclesiasticis,
1488 1108 1602 1162 cap.
1637 1093 1725 1148 49.

241 1179 536 1247 Gregorius
566 1180 899 1235 Turanensis
929 1181 1235 1250 episcopus.
1266 1184 1348 1237 vir
1379 1199 1585 1251 magna:
1611 1185 1767 1238 nobi-

167 1252 338 1308 litatis
367 1261 420 1305 et
450 1251 830 1322 simplicitatis,
860 1252 1074 1320 scripsit
1097 1256 1262 1305 multa
1293 1254 1522 1322 simplici
1558 1271 1765 1308 sermo-

167 1339 263 1378 ne.
287 1323 513 1387 Scripsit
547 1321 682 1375 duos
707 1321 872 1376 libros
895 1322 961 1375 de
985 1327 1088 1375 vita
1119 1324 1200 1377 vel
1233 1321 1487 1378 memOria
1512 1341 1765 1392 quorum-

164 1395 293 1447 dam
317 1393 728 1454 tionl'essorum,
754 1393 971 1461 scripsit
1005 1393 1198 1446 librum
1237 1397 1304 1447 de
1341 1395 1608 1448 Miracnlis
1650 1412 1764 1449 san-

163 1477 421 1528 ctorum,
467 1465 534 1517 de
583 1464 857 1516 miraculis
907 1462 1100 1517 Juliani
1150 1464 1396 1528 martyris
1442 1466 1763 1520 Briv.iten~is

166 1535 366 1588 librum
397 1549 561 1586 unum
585 1575 600 1597 ,
635 1535 703 1587 de
733 1531 1001 1586 Miracnlis
1041 1535 1210 1588 δίιηοιὶ
1253 1531 1460 1588 Martini
1505 1551 1602 1587 suo
1631 1547 1763 1588 tem-

168 1620 304 1673 pore
335 1607 566 1657 ostensis
598 1604 764 1657 libros
806 1615 1053 1672 quatuor.
1093 1605 1381 1658 Historiam
1432 1605 1761 1658 Francorum

165 1691 338 1744 parvo
370 1675 548 1727 libello
580 1675 858 1736 breviavit,
889 1689 1116 1742 eamque
1139 1675 1476 1742 postmodum
1513 1676 1761 1729 diliusius

165 1761 364 1799 norem
399 1745 550 1798 libris
580 1746 818 1813 digessit.
854 1745 1082 1813 Scripsit
1119 1756 1168 1800 et
1209 1745 1528 1800 Ghronicam
1571 1747 1756 1800 eccle-

171 1817 409 1870 siastica:
444 1816 706 1868 historiae.

171 1909 439 1964 Honorius
460 1908 934 1979 Augustodunensis
951 1907 1375 2030 de5§criptoribus
1392 1908 1762 1975 ecclesiasticis,

844 1995 961 2030 can.
1034 1995 1086 2030 ο.

844 1995 961 2048 cap.
997 1995 1086 2033 oo.

176 2069 536 2197 IlGregorius
585 2069 872 2140 episcopus
914 2069 1247 2124 Turonensis
1296 2070 1513 2139 scripsit
1562 2069 1758 2125 librum

227 2155 454 2197 istorum.

227 2155 454 2197 istorum.

169 2231 468 2288 Chronicon
508 2229 1260 2354 Leodiensenslfriptumsbanno
1300 2230 1462 2284 1132.
1491 2229 1646 2288 Lab..
1679 2243 1720 2286 t.
1747 2231 1766 2284 Ι

831 2319 845 2353 i
885 2339 925 2354 ..
957 2319 1007 2354 ιι.
1039 2315 1070 2352 ο
1149 2341 1161 2352 .

831 2315 899 2354 τυ.
912 2342 925 2366 ,
957 2319 1007 2368 ρ.
1039 2315 1161 2354 osa.

246 2395 404 2450 Anno
434 2393 540 2448 572
569 2393 700 2448 obiit
743 2393 1033 2465 Eufronins
1064 2393 1400 2449 Turonensis
1441 2394 1723 2465 episcopus
1743 2437 1758 2461 ,

173 2467 415 2521 succedit
440 2467 728 2530 Gregorius
755 2464 1243 2532 historiographus.

172 2536 612 2619 Clit-onagtti‘p’rt‘tts
645 2535 789 2616 Sacco
819 2535 954 2619 omV.
986 2533 1063 2587 Gl.
1097 2534 1163 2616 (ᾖ.
1191 2533 1552 2616 σηιεὶὁηὶιξο
1578 2537 1763 2619 editus.

247 2612 354 2662 An.
387 2605 494 2659 572
523 2605 813 2674 Gregorius
845 2605 1177 2660 Turonensis
1198 2606 1482 2674 episcopus
1506 2606 1557 2659 in
1593 2607 1761 2662 Gallia

173 2679 363 2733 claret.
419 2676 568 2730 Idem
611 2677 799 2729 habent
835 2676 928 2728 alii
970 2678 1162 2739 passim
1199 2677 1611 2744 chronographi,
1644 2695 1772 2747 quos

173 2750 480 2817 singillatim
503 2763 764 2800 recensere
786 2750 1107 2814 super/luam
1128 2757 1278 2800 esset.

232 2841 413 2911 Hugo,
447 2857 534 2893 seu
565 2841 860 2909 Anongmus
893 2839 955 2894 S.
984 2838 1208 2892 Mariani
1230 2840 1706 2895 Autissiodurensis.

250 2937 410 2988 Anno
438 2931 634 2986 Justini
675 2932 702 2981 7
739 2930 1027 3000 Gregorius
1057 2930 1450 2984 Turonensium
1482 2931 1769 2986 ordinatur

178 3005 488 3071 episcopus,
521 3005 599 3054 vir
621 3002 797 3055 clarus
822 3004 871 3054 in
896 3002 1163 3063 omnibus,
1201 3017 1228 3053 a
1256 3017 1382 3069 quo,
1409 3000 1548 3055 inter
1575 3011 1770 3056 czctera

183 3090 304 3142 qua:
356 3072 571 3140 scnpsit
599 3112 614 3136 ,
662 3073 832 3125 sancti
879 3073 1114 3142 Martini
1144 3072 1367 3126 virtutes
1421 3081 1476 3125 et
1516 3074 1770 3128 miracula

182 3141 349 3197 multa
380 3145 647 3212 descripta
677 3153 822 3207 sunt,
852 3158 973 3212 qua:
1004 3143 1054 3196 in
1086 3141 1276 3196 diebus
1310 3145 1474 3212 ipsius
1495 3146 1774 3197 abundan-

183 3218 390 3269 tissime
416 3225 796 3283 provenerunt.

181 3325 336 3380 Gesti
362 3325 665 3391 pontiﬁcum
695 3335 741 3376 et
770 3324 1017 3376 comitum
1043 3322 1501 3377 Encolismensium
1519 3367 1533 3390 ,
1565 3338 1798 3390 auctore~

253 3397 505 3449 canonico
531 3393 915 3460 Encolismensi,
945 3396 1078 3447 circa
1099 3412 1295 3448 annum
1319 3397 1342 3449 1
1362 3397 1480 3462 15;),
1505 3413 1619 3467 cap.
1649 3400 1702 3451 4.

256 3505 552 3576 Gregorius
594 3506 1032 3574 archiepiscOpus
1075 3504 1406 3560 Turonensis
1452 3516 1504 3558 et
1551 3506 1777 3562 Germa-

191 3594 366 3632 nus...
400 3587 848 3630 ton~ecraverunt
881 3576 1248 3630 cathedralem
1285 3578 1610 3642 ecclesiam,
1643 3589 1772 3641 etc.,

190 3655 758 3715 eonsecraveruntqne
806 3661 1028 3700 assensu
1079 3647 1220 3714 regis
1268 3647 1578 3714 episcopum
1612 3650 1782 3703 Mere-

192 3722 351 3778 rium.
385 3718 474 3786 qui
503 3722 813 3785 capellanus
845 3717 1010 3785 ipsius
1043 3717 1188 3785 regis
1219 3727 1359 3783 erat,
1387 3727 1492 3772 etc.

299 3810 489 3865 Petrus
523 3808 842 3864 Venerabilis
865 3809 1020 3862 abbas
1046 3808 1400 3863 Cluniacensis
1429 3810 1673 3865 adversus

789 3881 1205 3933 calumniatores.

319 3973 613 4033 Gregorium
633 3972 798 4020 laudas
823 3971 1049 4020 Arverno
1083 3972 1309 4031 germine
1333 3971 1534 4034 clarum,

378 4035 467 4084 Cui
487 4036 574 4084 dat
592 4034 787 4084 Martini
811 4035 942 4082 celsa
960 4034 1193 4084 cathedra
1221 4034 1398 4082 locum.

257 4137 444 4193 Petrus
471 4135 808 4191 Pictaviensis
839 4136 1137 4206 monachus
1149 4137 1201 4189 in
1238 4135 1558 4206 Panegyrico
1593 4136 1732 4192 Petri

524 4207 845 4262 Venerabilis
873 4208 1071 4260 abbatis
1101 4205 1474 4260 Cluniacensis.

331 4321 649 4370 Proliit-binc
673 4320 818 4368 etiam
843 4317 1023 4370 Julisni
1043 4317 1200 4366 dulcis
1223 4316 1464 4377 alumnus,

392 4386 485 4442 Qui
511 4385 642 4432 bene
670 4381 926 4430 'l'urouicze
953 4380 1141 4440 praefuit
1157 4379 1408 4430 Ecclesiae.

276 4486 348 4541 De
373 4486 612 4540 Arvernis
642 4485 887 4556 loquitur.
917 4484 1046 4564 Item
1077 4486 1128 4537 in
1155 4485 1371 4552 epistola
1406 4485 1477 4534 ad
1507 4483 1716 4539 Calum-

874 4565 1068 4609 malore
1077 4571 1144 4606 m.

279 4670 601 4725 Fortunatus
624 4668 784 4724 etiam
809 4667 1127 4737 Gregorium
1157 4665 1484 4720 Turonicum
1519 4666 1794 4734 plurimus.

203 4758 307 4804 que
334 4742 471 4794 alios
501 4740 905 4807 episcoporum,
935 4747 1065 4800 etc.,
1087 4753 1248 4806 quam
1276 4738 1537 4806 plausibili
1567 4753 1796 4808 panegy-

210 4815 322 4865 rico
350 4812 608 4866 extulerit
633 4825 739 4863 non
770 4809 1097 4877 ignoramus.

208 4921 586 4994 EzAnongmo
624 4924 708 4990 qui
747 4920 904 4994 Gesta
945 4923 1298 4992 episcoporum
1343 4922 1717 4977 Turonensium
1747 4933 1795 4977 et

278 4992 516 5048 abbatum
536 4993 760 5064 Majoris
785 4992 1085 5046 Monasterii
1108 4995 1312 5062 scripsit
1341 4995 1476 5062 apud
1502 4994 1719 5048 Bochel.

287 5106 605 5162 Eustochius
630 5106 716 5160 hic
765 5103 864 5159 fuit
910 5115 1153 5173 tempore
1181 5104 1322 5159 beati
1351 5105 1591 5173 Gregorii
1625 5105 1794 5160 Turo-

211 5179 408 5232 nensis.
442 5178 651 5231 Passim
687 5177 956 5244 cOMplnra
987 5177 1255 5244 descripsit
1285 5177 1492 5246 ex'ipso
1525 5175 1794 5245 Gregorio.

213 5289 295 5341 Es
331 5289 446 5342 Vita
478 5291 650 5343 domui
681 5288 924 5342 Garnerii
953 5289 1212 5358 prtepositi
1245 5288 1306 5344 S.
1341 5289 1590 5354 Stephani
1631 5289 1800 5342 Divioo

285 5363 447 5482 gnatus
478 5361 618 5430 apud
658 5360 880 5413 Perard.
909 5369 953 5412 et
989 5356 1196 5412 Fiotum
1227 5361 1279 5413 in
1306 5358 1538 5414 Historia
1565 5362 1796 5424 ejusdem

289 5547 358 5602 De
382 5547 488 5602 hac
515 5546 764 5602 Videlicet
798 5547 1038 5602 Ecclesia
1084 5547 1135 5602 in
1169 5547 1286 5602 Vita
1332 5547 1501 5602 sancti
1544 5547 1790 5616 Gregorii

208 5615 566 5689 Lingonensis
596 5619 832 5689 episcopi
863 5619 1076 5688 legitur.
1112 5620 1251 5689 quod
1277 5627 1578 5689 gestatores
1602 5615 1794 5689 corpo-

209 5690 292 5756 [is
333 5690 449 5754 ejus
485 5703 516 5740 a
557 5688 810 5756 Lingonis
842 5687 961 5744 eum
994 5687 1331 5753 delerentes,
1373 5698 1504 5754 etc.,
1552 5688 1628 5744 De
1666 5687 1795 5740 Vitis

210 5754 455 5823 Patrum,
489 5773 604 5829 cap.
628 5754 682 5812 τί
713 5755 777 5809 Et
791 5761 957 5829 infra,
987 5761 1076 5814 Est
1107 5761 1209 5813 alia
1243 5759 1458 5814 basilica
1477 5797 1494 5823 ,
1516 5759 1584 5814 de
1612 5774 1714 5827 qua
1741 5763 1792 5811 in

211 5825 919 5908 pradictaJGregnriiHVita
957 5831 1217 5899 scriptum
1266 5840 1370 5899 est,
1426 5831 1563 5900 quod
1603 5825 1795 5887 domus

208 5898 332 5965 ejus
359 5897 672 5968 baptisteria
697 5897 1015 5970 adhaerebat.
1047 5897 1156 5961 etc.

1221 415 1527 470 \‘llllll‘tliM
1572 417 1987 476 ll.LUSTl‘slUM
2030 419 2463 474 'I‘ESTIMONIA.

164 538 342 587 nil-ain
367 529 585 600 regebat
610 531 1129 595 Ecl-lesiamJiorum
1164 536 1540 590 miraculorum
1577 539 1762 591 notitia
1795 545 1842 600 Α

3353 421 3459 480 ιπι

1976 541 2232 610 Iligordns
2258 541 2312 594 in
2349 539 2466 593 Vita
2495 538 2726 612 Philippi
2751 539 2970 608 Augusti
2986 542 3053 594 ad
3072 557 3160 597 an.
3195 542 3328 596 1184

1943 651 2215 722 Sollicitus
2265 659 2422 720 prout
2471 652 2738 719 potuimus
2790 652 3050 722 colligere
3095 669 3160 707 ex
3215 655 3454 709 Historia

1873 717 2117 785 Gregorii
2149 717 2499 786 Turonensis,
2530 733 2657 785 etc.,
2689 723 2742 776 in
2766 723 2864 776 hac
2892 717 3072 777 nostra
3106 725 3340 780 Historia
3369 743 3456 781 sa—

1870 792 1937 844 tis
1965 793 2135 845 lucide
2150 793 2643 846 determinavimus.
2667 793 2732 845 Et
2752 793 2820 846 ad
2841 810 2930 846 an.
2960 794 3129 847 “85:
3161 795 3454 850 Probantes

1870 862 2410 933 hocpertlhronicas
2445 861 2615 916 Ydatii
2647 872 2702 918 et
2732 862 2974 933 Gregorii
3005 863 3334 922 Turonensis
3355 908 3369 930 ,
3400 869 3454 920 id

1867 942 1938 985 est
1972 929 2296 1003 Fredegarii.

1937 1022 2200 1077 Albericus
2222 1022 2507 1076 monachus
2538 1023 2715 1079 Trium
2749 1022 2991 1079 Fontium
3017 1026 3070 1080 in
3106 1026 3374 1082 Chronico.

1936 1117 2102 1172 Natus
2129 1127 2211 1172 est
2235 1118 2495 1173 Martinus
2519 1119 2570 1172 in
2596 1119 2866 1173 Pannonia
2899 1120 3052 1186 cujus
3075 1123 3442 1189 genealogiam

1867 1186 2158 1253 Gregorius
2203 1189 2534 1244 Turonensis
2584 1191 2866 1258 episcopus
2910 1191 3144 1246 breviter
3193 1194 3260 1244 ita
3305 1186 3456 1245 coin-

1867 1259 2147 1324 preIn-ndit
2178 1276 2192 1311 :
2223 1260 2447 1323 Quidam
2474 1276 2593 1324 rex,
2621 1270 2751 1323 etc.,
2776 1277 2840 1313 ea:
2866 1261 2997 1330 libro
3019 1261 3083 1313 de
3103 1274 3292 1330 septem
3323 1261 3454 1314 Dor-

1865 1330 2156 1408 mivntibus.
2199 1332 2356 1384 Anno
2394 1331 2521 1384 593.
2570 1331 2686 1386 lluc
2736 1345 2905 1400 usque
2948 1329 3237 1399 Gregorius
3281 1333 3455 1386 Turo-

1867 1414 2072 1454 nensns.

1871 1487 2169 1545 Vincentius
2188 1490 2562 1546 Bellovacensis
2583 1491 2636 1543 in
2653 1489 2699 1613 S1
2698 1489 2878 1613 gerulo
2898 1489 3171 1557 historiali,
3191 1493 3321 1546 labro
3342 1509 3455 1558 ut,

2523 1579 2640 1613 can.
2786 1601 2800 1613 .

2523 1579 2640 1628 cap.
2681 1579 2800 1614 124.

1938 1647 2014 1702 De
2061 1659 2250 1704 sancto
2301 1649 2562 1716 GregOrio
2610 1649 2912 1704 Turonensi
2968 1649 3445 1718 archiepiscopo...

1867 1715 2053 1790 Clarus
2087 1721 2390 1790 habeturiin
2417 1715 2698 1774 omnibus.
2735 1719 2830 1774 llic
2872 1715 3174 1776 Alvernicse
3221 1715 3456 1790 regionis

1866 1789 2134 1858 indigena,
2168 1802 2271 1844 etc.
2308 1789 2452 1844 Idem
2477 1791 2627 1843 habet
2655 1802 2863 1843 sanctus
2895 1790 3203 1857 Antoninus,
3237 1789 3343 1847 etc.

1801 1905 1840 1964 Β
1872 1880 1926 1934 Μ
1932 1882 2150 1936 atthwus
2170 1882 2731 1940 Westmonasteriensis
2751 1883 2804 1935 in
2833 1881 3075 1936 Floribus
3096 1881 3454 1940 historiarum.

1940 1972 2096 2046 Anno
2125 1975 2308 2038 gratia:
2338 1973 2453 2046 δη
2493 1972 2785 2046 Gregorius
2805 1972 3132 2046 Turonensis
3171 1975 3457 2046 episcolms

1867 2043 2148 2097 ordinatus
2176 2043 2465 2098 sanctitate
2499 2044 2710 2098 refulsit
2742 2043 2990 2111 insignis.

1940 2115 2096 2168 Anno
2125 2113 2310 2180 gratiae
2339 2115 2442 2168 598
2471 2114 2650 2167 ﬂoruit
2673 2114 2724 2167 in
2754 2110 2938 2165 Galliis
2969 2113 3258 2182 Gregorius
3278 2114 3454 2168 Turo-

1870 2183 2004 2238 uicae
2031 2183 2262 2237 civitatis
2295 2185 2598 2253 episcopus,
2629 2185 2721 2253 qui
2754 2198 2819 2237 ex
2848 2186 3142 2238 Arvernico
3183 2185 3456 2239 territorio

1867 2254 2066 2315 attulit,
2098 2263 2204 2308 etc.

1868 2341 2168 2400 Bernartius
2199 2343 2368 2399 Guido
2403 2345 2560 2414 episc.
2600 2343 2909 2414 Lodovensis
2939 2345 3001 2398 de
3045 2345 3234 2400 sanctis
3276 2345 3460 2403 Lene-

2245 2413 2457 2470 uicibus.
2490 2416 2672 2479 Labb.,
2705 2425 2745 2468 t.
2780 2413 2832 2480 1,
2864 2432 2917 2481 p.
2947 2416 3071 2468 629.

1941 2503 2001 2561 S.
2032 2504 2313 2574 Pelagia...
2344 2521 2502 2574 quam
2545 2513 2763 2560 sanctus
2800 2503 3093 2574 Gregorius
3126 2507 3459 2566 Turonensis

1874 2576 1932 2631 in
1959 2575 2098 2630 libro
2127 2591 2226 2630 sio
2254 2577 2320 2630 de
2365 2577 2633 2630 Miraculis
2679 2587 2990 2630 sanctorum
3037 2577 3266 2632 collocat
3322 2581 3460 2634 inter

1872 2655 2108 2712 sanctos,
2138 2656 2239 2700 etc.
2280 2646 2528 2698 Iiumdem
2557 2647 2746 2715 passim
2783 2646 3000 2708 laudat,
3033 2649 3161 2700 sicut
3195 2659 3241 2701 et
3274 2648 3460 2704 Petrus

1877 2717 2148 2786 Equilinus
2178 2718 2240 2770 de
2265 2717 2554 2782 Natalibns,
2602 2727 2648 2770 et
2690 2717 2779 2768 alii
2811 2716 2900 2785 qui
2953 2715 3095 2771 Vitas
3149 2717 3462 2774 Sanctorum

1871 2789 2202 2858 collegerunt.
2349 2803 2353 2808 λ

1984 2878 2233 2932 Ilobertus
2261 2877 2526 2950 Guaginus
2549 2876 2679 2931 libro
2715 2892 2751 2931 ll
2785 2876 3032 2932 Historia!
3064 2875 3351 2934 Francicce.

1945 2972 2236 3042 Gregorius
2261 2971 2421 3025 homo
2447 2971 2498 3043 in
2525 2971 2712 3038 primis
2730 2974 3015 3027 sanctitate
3033 2985 3325 3043 spectatus,
3350 2985 3463 3035 etc.

1883 3041 2015 3112 Ejus
2045 3041 2200 3113 opera
2229 3059 2321 3112 pas
2353 3043 2419 3094 im
2444 3041 2646 3095 laudat.

1949 3150 2034 3204 Ex
2061 3151 2340 3205 'I‘rithemio
2373 3151 2501 3205 libro
2532 3152 2596 3206 de
2625 3151 2974 3218 Scriptoribus
3016 3155 3387 3216 ecclesiasticis.

1947 3241 2236 3310 Gregorius
2264 3242 2548 3311 episcopus
2571 3243 2902 3297 Turanensis
2920 3259 2983 3295 ex
3013 3248 3278 3301 monacho
3297 3250 3349 3302 di
3358 3251 3459 3305 sei-

1883 3313 2038 3384 pulus
2084 3313 2368 3384 quondam
2393 3313 2564 3384 sancti
2588 3313 2734 3384 aviti
2781 3313 3024 3384 praemiis
3061 3317 3462 3384 Arvernorum.

1879 3379 1963 3437 uir
1984 3383 2172 3434 doctus
2201 3390 2256 3435 et
2285 3379 2501 3443 nobilis.
2531 3380 2675 3435 mitis
2694 3397 2905 3450 quoque
2930 3392 2984 3436 et
3015 3382 3250 3440 humilis.
3279 3379 3464 3445 Tantae

1882 3453 2180 3508 sanctitatis
2209 3461 2263 3506 et
2291 3452 2532 3520 puritatis
2561 3455 2791 3517 exstitit,
2823 3461 2879 3505 ut
2906 3452 3068 3508 etiam
3094 3471 3144 3508 In
3179 3457 3281 3510 vita
3310 3462 3467 3515 mira-

1882 3522 2015 3578 Culis
2045 3522 2435 3580 coruscaverit.
2470 3534 2576 3575 etc.

1957 3590 2102 3645 Idem
2129 3593 2259 3644 libro
2291 3607 2347 3645 ιιι
2376 3591 2438 3644 de
2467 3593 2585 3644 viris
2619 3591 2903 3644 i'lustribus
2951 3591 3164 3648 Ordinis
3207 3595 3268 3651 S.
3303 3596 3468 3652 Bene-

1883 3663 2042 3726 dicti,
2084 3678 2203 3729 cap.
2243 3662 2330 3714 51.
2373 3663 2730 3730 Gregorius...
2762 3663 2912 3729 cujus
2960 3673 3110 3730 pater
3161 3666 3470 3726 Florentius

1888 3733 2098 3802 Georgii
2121 3734 2565 3802 senatorxslilius,
2578 3735 2666 3802 _v_ir
2689 3742 2743 3784 et
2769 3731 2882 3800 ipse
2899 3733 3178 3790 laudabilis
3198 3746 3252 3791 et
3271 3752 3472 3794 sanctae

1887 3798 2307 3856 cunvﬁrsatlonis
2329 3801 2549 3856 elIulsit.
2578 3798 2730 3856 Unde
2753 3798 2924 3857 bonus
2954 3819 3100 3870 pater
3124 3808 3286 3861 lilium
3312 3824 3469 3867 suum

1889 3873 2204 3942 Gregorium
2225 3875 2285 3942 in
2321 3872 2512 3926 timore
2560 3870 2767 3925 Domini
2801 3875 3104 3939 inStrnens,
3159 3891 3468 3935 sanctorum

1892 3943 1964 4020 illi
1996 3941 2144 4020 gesta
2173 3941 2237 3996 ad
2262 3943 2583 4020 memoriam
2597 3945 3017 4020 commendarit,
3048 3946 3237 4015 quibus
3260 3965 3476 4020 semper

1889 4015 1956 4066 ad
1989 4015 2202 4066 meliora
2252 4014 2512 4066 enituit...
2546 4012 2667 4065 Fuit
2694 4025 2872 4067 autem
2921 4012 3080 4068 homo
3119 4012 3394 4074 cliaritute'
3420 4032 3476 4075 et

1892 4083 2191 4137 humilitate
2219 4084 2505 4153 maximus,
2539 4086 2609 4136 ita
2645 4092 2700 4136 ut
2727 4097 2825 4136 soo
2863 4094 3102 4153 tempore
3133 4089 3184 4141 in
3223 4092 3378 4143 terris
3404 4094 3474 4144 si-

1893 4155 2071 4208 milem
2098 4157 2180 4206 vix
2215 4152 2526 4207 habuerit...
2560 4154 2740 4224 multis
2767 4162 2845 4224 et‘
2871 4155 2922 4206 in
2955 4152 3055 4209 vita
3088 4167 3141 4208 et
3173 4168 3293 4224 post
3333 4177 3477 4213 mor-

1894 4235 2000 4278 tem
2048 4223 2238 4276 claruit
2290 4224 2594 4287 miraculis,
2627 4221 2780 4290 cujus
2823 4221 3012 4276 festum
3057 4221 3250 4280 coliiur
3289 4244 3354 4281 xv
3382 4229 3478 4283 ka-

1899 4294 2088 4349 lendas
2121 4293 2454 4346 Decembris.
2487 4294 2615 4359 Ejus
2650 4293 2762 4343 V’ita
2793 4296 3098 4361 Ctht'l'lpta
3129 4298 3375 4351 habetur.

1969 4362 2114 4416 Idem
2161 4364 2286 4415 libro
2318 4378 2388 4426 II,
2440 4379 2557 4428 mp.
2617 4362 2700 4414 10.
2737 4363 3094 4428 Gregorius...
3141 4366 3226 4418 vir
3263 4378 3479 4423 sanctus

1898 4434 2007 4487 Deo
2037 4444 2090 4487 et
2117 4433 2418 4506 hominibus
2443 4432 2693 4506 dlectus,
2710 4431 2762 4483 in
2785 4433 2951 4486 sacris
2966 4434 3254 4502 Scripturis
3275 4441 3478 4506 optime

1899 4506 2140 4573 peritus;
2173 4505 2224 4573 in
2279 4501 2679 4569 perscrutandis
2723 4507 2888 4571 gestis
2937 4501 3241 4560 sanctorum
3277 4501 3482 4562 siudiu-

1903 4571 2149 4628 siSsimus
2181 4571 2346 4626 fuit...
2391 4573 2482 4640 qui
2513 4589 2632 4626 cum
2664 4582 2808 4625 esstrt
2834 4575 2912 4626 vir
2941 4575 3128 4630 doctus
3157 4586 3210 4630 et
3241 4582 3484 4634 erudiius

1825 4645 1876 4702 D
1904 4645 2117 4710 scripsit
2139 4653 2325 4712 aperto
2357 4657 2604 4712 sermone
2635 4644 2783 4710 plura
2815 4647 3094 4710 epuscnla,
3133 4656 3237 4703 etc.
3269 4649 3482 4703 Catulo-

1907 4732 2022 4782 gum
2045 4711 2300 4767 contexuit
2338 4711 2572 4779 Gregorii
2601 4729 2811 4778 operum
2850 4716 2984 4780 quod
3020 4726 3064 4768 et
3096 4717 3256 4782 fecere
3300 4723 3478 4773 subse-

1937 4793 2381 4857 uentesauctores
2401 4823 2415 4846 ,
2455 4783 2800 4857 Possevinus,
2823 4782 3166 4857 Bellarminus
3181 4830 3196 4853 ,
3250 4787 3484 4857 Vossius,

1951 4855 2153 4909 reviarii
2177 4857 2290 4925 ejus
2320 4853 2448 4907 Vitae
2472 4848 2902 4918 auctor,Labbeus
2919 4894 2936 4919 ,
2962 4848 3303 4922 Gaviusgetc.

1940 4965 2286 5036 Hieronymus
2318 4964 2636 5018 Chlictoveus
2661 4963 3064 5036 Neoportuensis
3089 4967 3141 5020 in
3172 4969 3443 5024 editionem

2364 5037 2621 5088 variorum
2637 5035 3017 5104 opusculorum.

1976 5150 2229 5202 llumanre
2253 5149 2594 5217 eloquentiai,
2621 5158 2751 5214 etc.,
2784 5149 2960 5203 locum
2990 5151 3335 5207 novissimum
3363 5165 3479 5210 tan-

1902 5236 2059 5289 quam
2085 5222 2292 5273 cateris
2315 5220 2722 5272 eminentiorem
2757 5219 3018 5285 Gregorio
3062 5223 3357 5279 Turonensi
3402 5244 3484 5279 rv-

1902 5292 2248 5364 servavimus,
2273 5289 2403 5364 nihil
2430 5290 2737 5364 haesitantes
2767 5289 2839 5342 illi
2875 5305 2984 5364 prie
3014 5296 3224 5347 caeteris
3250 5299 3482 5364 palmam

1904 5377 2024 5416 esse
2047 5359 2468 5422 concedendam,
2502 5375 2599 5413 nec
2630 5360 2717 5412 lini
2765 5362 3198 5428 prairipieudam.

2247 5452 2496 5517 Pra’fatio
2517 5453 2752 5507 editionis
2778 5451 2949 5507 Jodici
2975 5453 3150 5510 Badii.

1972 5544 2106 5600 Cum
2135 5546 2276 5600 beati
2306 5546 2553 5616 Gregorii
2578 5548 2910 5602 Turonensis
2925 5559 2977 5603 et
3006 5549 3207 5603 Adonis
3226 5547 3483 5602 Viennen-

1905 5616 1978 5670 sis
2003 5616 2375 5684 episcoporum
2405 5617 2844 5679 commentarios.
2874 5633 3001 5682 etc.,
3045 5619 3368 5673 auctoritate
3395 5633 3483 5669 Va-

1907 5689 2017 5740 lent
2039 5687 2266 5740 maxima
2296 5704 2309 5741 :
2341 5699 2463 5739 sunt
2492 5689 2689 5742 etenim
2715 5691 2995 5741 sanctitate
3027 5691 3147 5742 vita:
3189 5689 3486 5755 conspicui.

1905 5767 1963 5812 et
1989 5757 2278 5824 episcopaai
2309 5757 2626 5810 Clll‘lSllaaiB
2662 5761 2874 5824 pietatis
2895 5761 3047 5823 apice
3080 5759 3394 5825 praetulgidi,
3429 5774 3483 5812 et

1915 5825 2298 5898 resAplurimas
2322 5841 2448 5898 aise
2477 5829 2617 5880 visas
2643 5837 2700 5880 et
2737 5838 3060 5892 compertas,
3087 5844 3190 5882 non
3223 5831 3485 5898 exquisila

1908 5895 2121 5966 quidem
2152 5897 2438 5966 elegantia,
2467 5898 2559 5951 sed
2583 5899 2787 5951 sincera
2819 5899 3040 5952 veritate
3071 5895 3323 5959 tradunt;
3367 5918 3478 5968 qna-
