3994 6332
352 292 451 348 HIS

1625 286 1949 343 ANNALES
1982 286 2318 343 FRANClCl.

3504 293 3605 345 HG

348 411 595 464 Rhenum
621 408 799 481 sitam,
820 421 946 481 quae
982 416 1107 460 ante
1147 419 1363 481 menses
1401 404 1615 481 circiter
1644 405 1828 481 decem
1874 406 1925 481 in
1957 405 2006 465 A
2034 412 2114 481 ter
2140 404 2379 460 Saxones
2404 407 2600 481 quippe
2630 419 2680 463 et
2711 409 3041 481 Alemannos
3062 426 3203 480 gens
3222 410 3337 481 ejus
3361 426 3465 466 non
3498 422 3607 467 tam

346 489 666 549 potestatem
693 479 924 532 hostium
939 475 1394 532 venerat..lulian.
1421 478 1567 546 epist.
1596 477 1664 528 ad
1680 476 1742 530 S.
1772 475 1839 531 Ρ.
1858 477 1924 544 ρ.

345 550 720 605 Atheniensem.

414 618 545 674 357.
578 619 683 671 DC.
716 615 910 670 Franci
949 618 1002 670 in
1028 615 1240 670 castello
1269 615 1625 685 Menapiorum
1652 632 1684 670 a
1712 615 1928 673 Iuliano

344 691 538 744 obsessi
565 699 613 741 et
637 691 703 741 ad
724 688 1031 741 deditionem
1060 686 1308 755 compulsi
1336 697 1474 739 sunt.

421 761 655 813 Bbemos
685 760 914 813 Severus
962 760 1214 822 magister
1256 756 1491 824 equitum
1536 769 1630 821 per
1682 757 1925 825 Agrippi-

347 845 472 883 nam
505 842 691 897 petens
711 838 765 881 et
793 826 1077 891 Iuliacum,
1098 826 1419 880 Fnsnconun
1444 824 1796 897 validissimus
1818 824 1923 881 cu-

350 914 483 953 neos
508 896 567 952 in
600 898 871 953 sexcentis
891 898 1162 954 velitibus.
1193 908 1251 949 ut
1282 905 1464 962 postea
1504 896 1715 961 claruit,
1760 912 1922 953 vacua

347 970 616 1036 prasidiis
649 968 760 1022 loca
792 976 1061 1020 vastantes
1089 964 1313 1020 offendit
1338 982 1361 1036 ,ε
1397 966 1924 1032 hacOpportunitate

347 1035 401 1093 in
432 1040 607 1093 scelus
628 1038 900 1091 audaciam
926 1037 1181 1104 erigente,
1209 1035 1348 1104 quod
1369 1036 1583 1089 Cesare
1606 1037 1924 1091 Alamanno-

346 1126 465 1163 rum
494 1108 797 1179 secessibus
818 1117 1098 1179 occupato,
1152 1107 1402 1179 nulloque
1444 1115 1653 1179 vetante
1675 1148 1687 1166 .
1721 1107 1919 1179 expleri

344 1196 405 1234 se
453 1193 610 1246 posse
660 1178 958 1246 prmdarum
1012 1176 1287 1243 opimitate
1334 1184 1457 1227 sunt
1486 1176 1765 1246 arbitrati.
1791 1176 1919 1235 'Sed

345 1244 492 1303 metu
511 1251 618 1317 jam
650 1244 848 1301 reversi
875 1248 1159 1308 exercitus,
1186 1244 1537 1319 munimentis
1556 1248 1919 1319 duobus,‘qu:e

343 1320 472 1373 olim
503 1314 773 1373 exinanita
805 1324 944 1375 sunt.
970 1317 1262 1381 occupatis,
1287 1329 1347 1369 se
1368 1314 1540 1381 quoad
1571 1316 1683 1369 fieri
1709 1314 1918 1384 poterat

346 1390 653 1443 tuebantur.
712 1386 823 1442 Hac
848 1385 1090 1441 Julianus
1137 1386 1212 1439 rei
1257 1387 1488 1439 novitate
1528 1388 1823 1453 perculsus,
1863 1403 1919 1445 et

344 1460 645 1527 conjiciens
669 1472 920 1527 quorsum
968 1459 1370 1527 erumperet,si
1411 1455 1595 1527 iisdem
1642 1460 1919 1515 transisset

343 1526 587 1593 intactis,
619 1526 827 1581 retento
851 1527 1015 1580 milite
1036 1526 1439 1579 circumvallare
1459 1526 1743 1595 disposuit,
1761 1539 1913 1584 etc...

341 1600 545 1663 inedia,
576 1610 628 1653 ct
658 1597 876 1667 vigiliis,
906 1605 960 1650 et
1002 1595 1375 1667 desperatione
1405 1605 1673 1663 postrema
1711 1599 1911 1666 lassati,

340 1679 533 1737 sponte
578 1682 639 1723 se
668 1666 879 1735 propria
910 1667 1176 1737 dederunt
1210 1682 1223 1717 :
1254 1666 1543 1737 statimque
1568 1668 1647 1737 ad
1690 1670 1912 1723 comita-

341 1734 455 1829 tum
482 1738 707 1829 μυριεὲί
736 1734 1044 1790 suntmissi.
1077 1737 1155 1788 Ad
1180 1749 1313 1803 quos
1334 1734 1649 1829 eximepdos
1677 1741 1911 1821 periculo
1941 1770 1989 1829 Β

341 1809 628 1863 multitudo
656 1808 978 1861 Fassconun
1002 1820 1236 1874 egressa,
1263 1819 1381 1857 cum
1405 1815 1590 1873 captos
1619 1811 1911 1875 comperis-

341 1889 447 1943 set,
479 1887 532 1932 et
557 1886 886 1946 asportatos,
922 1876 1047 1929 nihil
1095 1876 1319 1946 amplius
1350 1890 1498 1941 ausa,
1546 1880 1818 1943 repedavit
1846 1881 1911 1933 ad

339 1964 456 2001 sua.
486 1945 684 2017 Hisque
711 1946 959 2015 perfectis
981 1955 1215 2017 acturus
1241 1945 1469 1999 hiemem
1513 1947 1729 2003 revertit
1767 1948 1917 2004 Pari-

336 2020 448 2073 sios
472 2015 670 2073 amr.
698 2018 980 2078 Aminiam,
1009 2015 1149 2068 Hist.
1180 2016 1269 2068 lib.
1306 2031 1431 2069 xvtt.

410 2089 539 2144 558.
581 2087 822 2141 Julianus
866 2086 1025 2141 Saliis
1053 2095 1099 2138 et
1125 2082 1393 2138 Chamavis
1436 2085 1620 2138 bellum
1648 2088 1820 2156 infert,
1866 2098 1913 2141 et

339 2168 533 2228 partem
561 2158 822 2213 Saliorum
843 2173 957 2228 qua:
983 2158 1038 2209 in
1068 2156 1291 2210 Galliam
1333 2157 1586 2224 irruperat
1616 2158 1666 2209 in
1699 2159 1913 2213 deditio-

338 2245 453 2281 nem
479 2230 691 2290 accepit.

408 2298 613 2364 Quibus
663 2296 957 2367 (subsidiis)
1002 2297 1219 2364 paratis,
1268 2297 1398 2365 petit
1449 2296 1646 2358 primos
1676 2300 1910 2354 omnium

335 2366 603 2433 Famous,
637 2366 731 2421 e0s
774 2368 1019 2440 videlicet
1058 2383 1194 2440 quos
1235 2370 1563 2440 consuetudo
1602 2369 1913 2440 Sactosrap‘

334 2440 576 2507 pellavit,
608 2450 779 2491 'ausos
808 2439 932 2491 olim
964 2440 1014 2490 in
1056 2436 1299 2507 Romano
1344 2438 1458 2490 solo
1496 2437 1632 2507 apud
1679 2436 1911 2492 'I‘osian-

334 2506 507 2561 driam
540 2512 710 2563 locum
742 2509 1038 2561 habitacula
1070 2506 1168 2561 sibi
1212 2507 1370 2575 ﬁgere
1415 2506 1767 2573 pralicunter.
1815 2509 1911 2562 Cui

333 2594 460 2632 cum
510 2580 753 2641 Tungros
806 2578 1056 2642 venisset,
1103 2578 1333 2630 occurrit
1386 2576 1579 2643 legatio
1634 2580 1911 2645 pradicto-

334 2663 475 2709 rum.
502 2660 607 2704 etc.
632 2648 819 2703 Subito
840 2658 1057 2701 cunctos
1077 2661 1377 2715 aggressus,
1408 2656 1653 2714 tanquam
1678 2645 1912 2705 fulminis

333 2718 497 2771 turbo
531 2717 779 2787 perculsit
808 2736 821 2770 :
852 2717 1067 2785 jamque
1106 2726 1385 2787 precantes
1416 2717 1748 2784 potiusquam
1780 2721 1911 2773 resi-

333 2784 543 2844 stentes
572 2792 621 2842 in
652 2784 1004 2856 opportunam
1034 2784 1329 2841 clementiae
1360 2795 1559 2853 partem
1604 2787 1796 2841 effectu
1834 2790 1912 2842 vi-

333 2862 521 2914 ctoria:
550 2859 709 2919 ﬂexo,
735 2856 994 2912 dedentes
1017 2872 1074 2909 se
1101 2872 1219 2909 cum
1262 2857 1453 2925 Opibus
1482 2856 1771 2926 liberisque
1793 2872 1913 2913 sus-

333 2931 496 2998 cepit.
526 2929 807 2991 Ammian.,
844 2926 985 2981 Hist.
1017 2927 1105 2998 lib.
1134 2941 1259 2981 xvtt.

406 2995 545 3065 Quin
573 3000 828 3053 adversus
855 3011 949 3052 eos
997 2996 1271 3061 barbaros,
1304 2996 1353 3048 id
1384 3004 1468 3048 est
1500 2995 1762 3058 FRANCOS.
1812 2997 1911 3052 SA-

335 3086 451 3125 uos
497 3080 553 3125 et
598 3071 888 3124 (Insanos
935 3068 1226 3121 exercitum
1272 3080 1513 3131 movens,
1551 3066 1907 3134 aspirantibus

2033 474 2134 526 lata
2180 491 2339 542 quam
2384 478 2575 542 valida,
2617 480 2755 544 apud
2798 474 3089 534 historicos
3109 474 3413 546 Germania,
3463 498 3605 538 nunc

2031 558 2158 623 vero
2194 546 2427 599 Fnsscu
2454 551 2719 623 vocatur),
2747 550 2814 604 ab
2837 552 3209 623 antiquo,ltoc
3232 564 3315 606 est
3341 552 3410 606 ab
3432 554 3603 607 infan-

2030 618 2100 692 tia
2135 628 2411 692 possessus
2439 632 2471 692 ξι
2515 618 2781 692 daemone,
2824 622 2913 692 qui
2954 622 3196 674 noctibus
3224 637 3348 675 eum
3373 623 3601 687 ululare,

2032 684 2397 758 ingemiscere.
2433 684 2662 742 fremere
2687 690 2933 743 dentibus
2974 691 3343 758 compellebat,
3388 684 3600 747 secreto

2031 756 2269 827 verohab
2300 756 2621 820 imperatore
2667 760 2998 814 evectionem
3053 756 3222 827 petiit,
3266 776 3507 815 caussam
3547 763 3597 817 ei

2031 823 2636 899 simpliciteniudicaus;
2669 839 2720 881 et
2746 834 2978 895 acceptis
3003 823 3068 882 ad
3097 823 3431 885 coiisularem
3462 846 3595 899 quo~

2025 906 2127 959 que
2156 894 2488 967 lialmstinum
2519 898 2725 957 litteris,
2751 894 3097 967 cum'iugenti
3128 900 3328 953 honore
3358 910 3412 955 et
3431 894 3591 955 comi-

2027 969 2135 1015 tatu
2166 964 2358 1018 Gazam
2386 968 2643 1020 deductus
2682 978 2782 1034 est,
2812 979 2915 1023 etc.
2954 964 3333 1024 Deambulabat
3357 982 3481 1023 tunc
3500 986 3591 1024 se-

2025 1033 2207 1111 nes-in
2239 1037 2417 1111 arenis
2448 1037 2716 1111 mollibus,
2744 1047 2805 1111 et
2844 1053 3027 1093 secum
3076 1040 3141 1093 de
3172 1041 3385 1109 psalmis
3413 1040 3594 1094 nescio

2023 1103 2148 1180 quid
2176 1105 2638 1180 submurmurabat
2664 1125 2676 1159 :
2704 1108 2993 1180 vidensque
3024 1103 3219 1164 tantam
3252 1111 3455 1163 turbam
3502 1126 3592 1164 ve-

2026 1176 2293 1247 trientem,
2307 1176 2576 1247 substitit;
2606 1187 2658 1231 et
2688 1179 2990 1233 resalutatis
3018 1180 3284 1243 omnibus,
3329 1195 3593 1247 manuque

2020 1242 2098 1319 eis
2126 1241 2475 1309 benedicens,
2514 1256 2630 1314 post
2664 1246 2843 1319 horam
2875 1258 3100 1303 caeteros
3144 1241 3291 1304 abire
3319 1241 3589 1317 praecepit,

2022 1312 2168 1364 illurn
2204 1328 2342 1386 _ver0
2386 1312 2705 1386 cum’servis
2735 1320 2845 1372 suis
2892 1332 2945 1373 et
2989 1312 3375 1386 apparitoribus
3419 1312 3589 1373 retna;

2019 1394 2165 1434 nete.
2194 1383 2475 1462 .EX'GCU‘lls
2521 1387 2660 1439 enim
2708 1389 2844 1462 ejus.
2895 1398 2949 1442 et
2993 1383 3159 1462 vultu,
3211 1405 3308 1443 cur
3353 1390 3591 1444 venisset

2017 1454 2251 1527 agnovit.
2284 1454 2469 1527 Statim
2518 1472 2643 1525 ergo
2686 1457 2750 1509 ad
2792 1457 3258 1525 intermgationetu
3300 1473 3591 1527 suspensus

2020 1519 2198 1597 homo,
2239 1524 2334 1597 _vix
2369 1534 2560 1578 terram
2580 1519 2816 1595 'pedibus
2850 1519 3091 1595 tangens,
3141 1541 3192 1584 et
3234 1519 3463 1584 immane
3502 1546 3589 1583 ru—

2016 1594 2187 1669 giens,
2234 1594 2391 1669 S_y_r_o,
2424 1598 2907 1669 quointerrogatus
2946 1594 3141 1664 fuerat,
3183 1614 3430 1653 sermone
3476 1616 3589 1653 res-

2018 1662 2221 1726 pondit.
2257 1663 2476 1735 \lideres
2506 1666 2572 1719 de
2599 1682 2693 1721 ore
2716 1662 2965 1731 barbaro,
2995 1678 3048 1721 et
3077 1662 3163 1735 qui
3192 1671 3447 1724 [πωπω
3474 1681 3591 1722 tan-

2020 1739 2126 1810 turn
2176 1739 2229 1784 et
2279 1732 2517 1787 Latinam
2551 1737 2781 1805 linguam
2832 1732 3234 1810 noverat.'Syra
3283 1743 3347 1793 ad
3397 1756 3586 1807 purum

2018 1800 2176 1879 verba
2207 1816 2487 1879 resonare;
2495 1816 2580 1879 _ttt
2602 1800 2706 1859 non
2752 1809 2970 1879 stridor,
3019 1824 3121 1862 non
3146 1800 3429 1877 aspiratio,
3480 1827 3585 1863 non

2018 1871 2211 1950 idiotna
2250 1874 2461 1943 aliquod
2493 1875 2758 1950 Palmstini
2807 1871 3019 1931 deesset
3048 1871 3266 1946 eloquii.
3299 1871 3591 1934 Confessus

2015 1948 2097 1991 est
2126 1948 2472 2015 itaque,_quo
2515 1948 2566 1997 in
2597 1960 2717 2000 eum
2750 1950 2998 2002 itttrassot
3044 1950 3250 2003 ordine.
3286 1951 3369 2015 Et,
3400 1962 3453 2003 ut
3500 1951 3583 2003 in-

2018 2016 2278 2087 terpretes
2305 2011 2421 2081 ejus
2444 2015 2817 2083 intelligi-rent,
2834 2018 2921 2084 qui
2936 2017 3176 2072 Graecam
3201 2011 3402 2073 tantum
3419 2030 3470 2072 et
3487 2020 3587 2072 La-

2017 2083 2193 2157 tinam
2234 2083 2463 2157 linguam
2496 2095 2771 2157 noverant,
2806 2087 2991 2141 Graece
3017 2103 3228 2157 quoque
3256 2106 3375 2142 eum
3418 2090 3585 2143 inter-

2014 2153 2237 2225 rogavit.
2256 2153 2372 2225 Quo
2388 2154 2632 2208 similiter
2646 2166 2697 2208 et
2721 2157 2771 2208 in
2803 2158 2961 2210 verba
2989 2153 3174 2210 eadem
3198 2160 3581 2225 respondente,

2015 2222 2315 2292 multasque
2357 2223 2771 2278 incantationutn
2802 2228 3127 2292 occasiones,
3157 2237 3211 2282 et
3239 2222 3584 2283 necessitates

2015 2290 2335 2368 magicorum
2370 2294 2562 2368 artium
2591 2296 2912 2368 obtendente
2957 2314 2969 2347 :
3002 2290 3122 2368 Non
3143 2313 3294 2361 curo,
3321 2301 3417 2363 ait,
3446 2315 3583 2368 quo-

2014 2366 2175 2428 modo
2207 2362 2504 2425 intraveris,
2550 2366 2644 2417 sed
2691 2375 2745 2418 ut
2791 2380 2971 2428 exeas,
3023 2366 3073 2419 in
3126 2372 3340 2422 nomine
3372 2362 3581 2421 Domini

2013 2425 2140 2507 Jesu
2170 2430 2364 2507 Christi
2394 2434 2617 2507 impero.
2650 2433 2889 2507 Cumque
2918 2425 3130 2490 curatus
3160 2448 3326 2501 esset,
3370 2438 3581 2507 simpli-

2012 2502 2169 2571 citate
2193 2502 2390 2555 rustica
2404 2504 2588 2557 decem
2614 2505 2728 2559 auri
2764 2502 2924 2558 libras
2950 2507 3199 2571 offerens,
3222 2502 3575 2563 hordeaceam

2012 2569 2080 2621 ab
2106 2584 2171 2623 eo
2204 2586 2391 2639 panem
2423 2575 2646 2641 accepit,
2676 2575 2899 2629 audiens
2929 2576 3065 2643 quod
3098 2569 3194 2646 qui
3218 2580 3303 2631 tali
3336 2578 3453 2631 cibo
3475 2579 3581 2633 ale-

2012 2651 2201 2718 rentur
2242 2657 2432 2718 aurum
2460 2658 2555 2711 pro
2588 2650 2699 2699 luto
2739 2648 3015 2701 ducerent.
3042 2648 3103 2701 S.
3136 2646 3483 2718 Hieronymus
3526 2650 3579 2703 in

2024 2706 2137 2761 Vita
2164 2710 2225 2764 8.
2260 2706 2568 2767 Hilarionis.

2082 2778 2203 2833 363.
2228 2781 2467 2837 Julianus
2490 2785 2701 2837 interiit.
2724 2782 2971 2839 Iovianus
2990 2786 3054 2841 Α.

2045 2916 2054 2928 _
2231 2852 2510 2928 Malaricus
2553 2852 2787 2928 Francus
2828 2857 3171 2926 magisterium
3201 2874 3458 2912 armorum
3488 2874 3578 2927 per

2015 2917 2211 2993 Gallias
2233 2925 2487 2993 suscipere
2509 2935 2727 2979 recusat.
2750 2925 2829 2978 Ex
2861 2917 3149 2993 At'ntuian”
3172 2928 3307 2982 llist.
3325 2931 3417 2982 lib.
3443 2917 3573 2981 xiv.

2080 2989 2433 3066 Jovianusu'A.
2459 2996 2693 3049 moritur.
2734 2994 3119 3049 Valentinianus
3138 2989 3205 3066 'ﬁt
3248 3000 3309 3052 Α.
3344 3008 3452 3058 post
3480 2998 3577 3049 ali-

2009 3069 2129 3140 quot
2160 3064 2265 3140 dies
2325 3064 2581 3140 Valentem
2626 3066 2835 3134 fratrem
2877 3068 2944 3119 Α.
2972 3078 3108 3120 creat
3125 3064 3312 3137 {rique
3354 3070 3581 3123 Orientis

334 3141 461 3204 diis,
488 3141 760 3197 SALIORUI
781 3148 980 3202 partem
1006 3140 1188 3204 excepi
1220 3153 1232 3189 :
1257 3129 1555 3190 Cbamavbs
1578 3129 1777 3205 eipuli,
1801 3149 1905 3193 etc.
1937 3129 1983 3192 C
2012 3129 2277 3205 imperium
2308 3136 2571 3205 permitn‘_t_.

335 3210 535 3265 Julian.
566 3213 713 3280 epist.
742 3208 809 3260 ad
839 3206 899 3262 S.
934 3206 999 3259 P.
1035 3209 1098 3272 ρ.
1130 3206 1501 3280 Atheniensem.

405 3277 648 3335 Julianus
696 3280 974 3335 Chamavos
1006 3278 1192 3345 partim
1229 3277 1398 3337 credit,
1446 3284 1492 3328 et
1536 3278 1719 3343 partim
1774 3278 1910 3333 vivos

334 3360 509 3419 captos
524 3357 574 3405 in
589 3351 791 3404 vincula
806 3348 1053 3419 compegit
1074 3364 1187 3401 cum
1213 3348 1426 3419 illorum,
1438 3362 1553 3419 rege
1577 3345 1628 3398 Ν
1633 3348 1905 3419 ebiogaste,

333 3418 534 3475 reddito
557 3424 605 3475 ei
627 3422 736 3488 ﬁlio
785 3418 1002 3488 captivo,
1026 3428 1074 3473 et
1117 3428 1323 3486 accepta
1351 3418 1461 3471 sola
1488 3418 1598 3483 eius
1626 3427 1786 3471 matre
1814 3418 1906 3471 ob-

331 3492 463 3562 side,
487 3508 660 3562 paoem
681 3491 817 3562 fecit.

404 3556 695 3617 Cn'uuvos'
728 3559 910 3613 itidem
937 3573 1095 3613 ausos
1122 3558 1313 3613 similia
1344 3556 1794 3623 adortusbeadem
1818 3574 1909 3615 ce-

332 3612 784 3700 tenaiépéinin
832 3612 1053 3693 recidit,
1096 3612 1285 3700 partim
1316 3628 1511 3700 acriter
1554 3612 1908 3697 repugnantes

330 3698 604 3771 vivosque
632 3714 815 3769 captos
846 3702 1115 3771 compegit
1158 3702 1207 3771 in
1239 3698 1477 3771 vincula,
1522 3708 1651 3762 etc.,
1682 3715 1908 3771 quorum

332 3767 523 3839 legatis
546 3767 993 3840 butui‘proslratis
1017 3769 1120 3840 sub
1139 3768 1408 3840 obtutibus
1429 3767 1568 3836 ejus,
1600 3784 1782 3837 pacem
1808 3770 1908 3823 hoc

333 3838 520 3896 tribuit
547 3838 726 3907 pacto,
746 3854 802 3898 ut
825 3844 891 3898 ad
918 3856 1010 3895 sua
1035 3839 1270 3894 redirent
1288 3838 1601 3892 incolumes.
1622 3840 1903 3904 Aminiam,

332 3911 472 3965 Hist.
504 3911 595 3965 lib.
627 3928 750 3965 xvn.

399 3984 531 4037 Cum
578 3981 820 4039 Julianus
874 3984 926 4038 in
973 3990 1166 4035 terram
1218 3976 1464 4032 hostilem
1511 3977 1819 4045 irrupiSset,
1852 3988 1907 4033 et

329 4052 957 4122 Cmnvtsupplicarent
980 4062 1034 4105 ut
1058 4048 1201 4119 genti
1226 4058 1472 4116 tanquam
1491 4062 1607 4122 qua;
1620 4064 1712 4102 sua
1737 4058 1901 4122 esset,

331 4135 598 4191 parceret,
624 4117 877 4178 assettsus
902 4134 1002 4183 est,
1034 4117 1089 4173 et
1118 4133 1301 4191 eorum
1335 4132 1515 4185 regem
1536 4117 1608 4191 ad
1635 4132 1693 4171 se
1723 4118 1903 4191 venire

330 4187 505 4261 iussit.
533 4187 600 4248 [lt
625 4196 785 4259 venit,
815 4204 943 4257 etc.,
975 4206 1095 4261 esse
1121 4188 1507 4261 existimantes.
1534 4187 1718 4241 Pacem
1744 4188 1904 4256 igitur

331 4256 483 4325 fecit;
510 4273 565 4318 et
592 4256 780 4318 Solam—
804 4256 1086 4331 Nebogasti
1118 4265 1341 4331 matrem
1385 4256 1553 4324 petiit,
1582 4272 1739 4331 quam
1783 4261 1903 4331 bar-

331 4335 444 4385 bari
469 4332 644 4387 ftedu's
664 4327 1018 4401 approbantes
1038 4329 1215 4385 statim
1243 4327 1646 4401 dederuttt__cum
1674 4329 1902 4401 ejusdem

328 4404 465 4472 regis
494 4405 627 4469 lilio,
654 4396 746 4472 qui
766 4406 817 4456 in
848 4403 1024 4473 pra'lio
1062 4407 1237 4468 captus
1267 4399 1453 4473 fuerat.
1487 4396 1578 4473 llis
1622 4396 1899 4473 confectis,

2083 3201 2209 3257 566.
2234 3203 2488 3258 Charietto
2512 3203 2741 3256 Francus
2770 3221 2857 3269 per
2878 3215 3140 3274 utramque
3154 3206 3477 3262 Germaniam
3492 3226 3577 3261 co-

2012 3286 2115 3345 mes
2145 3282 2323 3345 contra
2370 3274 2684 3345 Alamannos
2738 3291 2973 3345 pugnans
3020 3278 3285 3332 occiditur.
3331 3280 3408 3333 Ex
3451 3284 3575 3333 Ant-

2012 3343 2212 3409 ntiaun,
2239 3342 2373 3397 llist.
2400 3344 2493 3397 lib.
2522 3359 2649 3397 xvn.

2082 3411 2209 3466 567.
2234 3412 2508 3467 Gratianus
2540 3418 2605 3467 A.

2081 3480 2206 3535 568.
2244 3480 2431 3537 Franci
2451 3494 2498 3536 et
2530 3483 2759 3539 Saxones
2779 3494 2973 3537 vastant
2994 3484 3210 3541 Gallias.

2083 3553 2384 3607 Gallicanos
2416 3564 2612 3608 tractus
2651 3553 2849 3608 FBANCI
2879 3568 2928 3609 et
2960 3555 3201 3612 Saxones
3232 3558 3418 3613 iisdem
3449 3574 3576 3614 con-

2011 3621 2172 3705 lines,
2191 3639 2298 3692 quo
2333 3624 2558 3705 quisque
2600 3639 2879 3705 erumpere
2914 3627 3086 3705 potuit
3116 3640 3252 3681 terra
3284 3632 3364 3705 \'_el
3416 3633 3574 3695 mari,

2012 3694 2205 3761 praedis
2231 3694 2436 3749 acerbis
2467 3694 2854 3762 incendiisque,
2876 3706 2929 3748 et
2949 3698 3277 3762 captivorum
3301 3694 3575 3755 funeribus

2013 3763 2283 3817 hominum
2308 3764 2588 3818 violabant.
2625 3767 2812 3830 Amm.,
2851 3764 2981 3817 llist.
3008 3768 3044 3822 ι.
3075 3783 3241 3822 xxvn.

2081 3834 2375 3900 Imperator
2396 3834 2594 3888 Caesar.
2623 3835 2701 3887 ΡΙ.
2729 3836 3577 3895 Valentinianus...Germanicus

2008 3904 2289 3974 Maximus,
2315 3906 2691 3958 Alamannicus
2718 3905 3271 3969 Maximum-Famous
3298 3912 3571 3974 Maximus,

2007 3972 2270 4049 Gotl_t_icus_
2291 3975 2571 4049 lllaxitnus,
2597 3974 2886 4049 tribunitiae
2910 3979 3182 4043 pctestatis
3210 3979 3316 4044 νυ,
3346 3972 3575 4049 impera?

2007 4051 2091 4112 tor
2117 4042 2203 4108 Vl,
2233 4044 2454 4099 Consul.
2488 4044 2551 4098 ll.
2586 4044 2774 4112 Onufr.

2076 4111 2202 4167 569.
2235 4112 2351 4165 Pax
2370 4116 2501 4167 inter
2531 4112 2786 4166 Romanos
2808 4121 2853 4165 et
2883 4113 3133 4170 Francos.

2076 4184 2203 4237 370.
2252 4182 2487 4237 Saxones
2514 4185 2629 4235 victi
2656 4198 2686 4232 a
2718 4183 2971 4236 Romanis.
3008 4185 3061 4236 in
3102 4186 3291 4251 ﬁnibus
3342 4184 3573 4240 Franco-

2005 4269 2156 4317 rum;
2186 4269 2217 4304 a
2241 4251 2419 4320 quibus
2440 4253 2637 4305 nullum
2652 4252 2896 4303 auxilium
2919 4256 3198 4321 praestitum
3220 4265 3292 4309 est
3312 4255 3372 4309 ob
3397 4272 3570 4319 pacem

2002 4340 2117 4377 cum
2156 4323 2415 4376 Romanis.

2074 4395 2315 4463 samues
2343 4392 2465 4446 cresi
2496 4389 2843 4463 adAUsonem,
2874 4390 3176 4463 infregione
3216 4391 3566 4449 Francorum.

330 4460 587 4557 autumno
613 4460 677 4557 ad
712 4460 869 4526 linem
914 4460 1163 4557 vergente
1196 4460 1467 4557 et'ltrtietlne
1506 4468 1718 4557 ineunte
1747 4468 1900 4557 (jam
1933 4497 1981 4557 υ
2008 4462 2446 4557 ἃμξενομμςηω
2470 4460 2822 4557 ἱηΩϐΙιτυηῑσο,
2854 4462 2978 4557 ξη.

404 4546 471 4594 im
522 4543 803 4612 frigebat),
839 4534 1103 4611 prolectus
1133 4547 1236 4594 est.
1278 4536 1359 4590 Ex
1388 4534 1614 4605 Eunapii
1657 4534 1901 4591 Sardiani

364 4611 605 4684 Iacerptis
627 4616 689 4665 de
718 4614 1070 4684 legationibus.

408 4677 531 4738 560.
577 4677 818 4737 Julianus
839 4682 1009 4736 Ctesar
1041 4678 1257 4733 Parisiis
1306 4677 1563 4747 Augustus
1594 4677 1904 4747 appellatur.

333 4753 436 4814 Qui
465 4764 777 4822 transgresso
808 4752 982 4806 Rheno
1010 4753 1265 4820 regionem
1300 4746 1615 4822 Francorum
1639 4746 1904 4822 Attuario-

332 4840 444 4874 rum
475 4818 730 4889 pervadit,
751 4839 834 4877 eos
859 4818 1099 4893 pro/ligat
1125 4832 1171 4876 et
1197 4820 1458 4873 orantibus
1481 4833 1656 4886 pacem
1687 4833 1749 4872 ea:
1773 4818 1904 4871 arbi-

334 4893 431 4945 trio
458 4894 619 4946 dedit.

398 4962 709 5017 Julianus...
740 4972 870 5026 etc.,
893 4978 944 5015 tn
976 4960 1196 5016 limitem
1226 4957 1523 5013 Germaniae
1547 4956 1794 5012 secundae
1816 4966 1899 5013 est

330 5044 647 5100 Egressus...
665 5033 850 5087 ltheno
865 5032 1058 5086 exinde
1075 5043 1408 5098 transmisso,
1433 5031 1705 5100 regionem
1719 5029 1898 5100 subito

332 5097 565 5167 pervasit
588 5102 935 5167 Fntsconuu,
958 5118 1091 5169 quos
1119 5103 1430 5154 ATTUARIOS
1456 5105 1665 5160 vocant,
1696 5097 1903 5165 inquie-

330 5182 504 5225 torum
538 5172 832 5237 hominum,
863 5173 1104 5226 licentius
1133 5173 1294 5224 etiam
1327 5179 1435 5221 tum
1477 5170 1898 5237 percursantium

328 5242 528 5295 extima
557 5242 879 5305 Galliarum,
902 5257 1033 5309 quos
1056 5241 1274 5293 adortus
1300 5239 1477 5309 subito
1503 5238 1633 5291 nihil
1668 5246 1901 5309 metuen-

329 5321 413 5365 tes
440 5311 702 5366 hostile...
735 5306 1005 5379 supera—vit
1027 5311 1238 5378 negotio
1256 5308 1401 5361 'levi:
1435 5309 1708 5374 captisttue
1740 5306 1902 5373 pluri-

327 5383 434 5434 mis
462 5392 517 5434 et
545 5383 759 5448 occisis,
791 5382 1067 5435 orantibus
1093 5381 1212 5433 aliis
1240 5380 1328 5446 qui
1356 5379 1687 5447 superfuere,
1713 5391 1895 5444 pacem

324 5465 395 5504 ex
427 5452 648 5505 arbitrio
678 5450 844 5505 dedit.
870 5452 1152 5511 Aminiam,
1182 5448 1320 5502 Hist.
1354 5449 1441 5500 lib.
1474 5464 1561 5499 xx.

399 5519 638 5575 Francus
662 5537 724 5575 ea:
743 5524 861 5574 aula
888 5520 1167 5575 Constantii
1197 5520 1259 5571 Λ.
1289 5536 1319 5570 a
1342 5520 1568 5572 dwtttone
1590 5532 1678 5585 per
1708 5515 1771 5571 S.
1802 5515 1898 5569 Ili-

324 5590 575 5643 larionem
609 5602 679 5645 est
711 5593 970 5643 liberatus.

400 5661 725 5715 Candidatus
758 5660 1016 5729 (quidam)
1051 5658 1342 5731 Constantii
1383 5657 1736 5731 imperatoris,
1771 5657 1899 5731 ruti-

331 5728 419 5784 lus
445 5746 616 5791 conta.
648 5727 879 5787 candore
907 5727 1146 5798 corporis
1176 5730 1415 5785 indtcaus
1450 5727 1773 5797 provinciam
1797 5727 1897 5796 (ius.

2087 4532 2485 4587 Valentinianus
2534 4534 2795 4597 Saxones,
2843 4542 2949 4586 etc.
2982 4532 3036 4587 lu
3084 4532 3211 4597 ipsis
3253 4532 3576 4591 Fntnconuu

2013 4603 2207 4658 finibus
2226 4602 2508 4669 Oppressit.
2535 4602 2764 4668 Orosius,
2799 4602 2835 4654 l.
2865 4617 2958 4664 vn,
2988 4618 3034 4655 c.
3062 4602 3150 4658 52.

2082 4674 2205 4727 574.
2241 4672 2535 4725 Macrianus
2556 4672 2749 4725 occisus
2775 4688 2806 4723 a
2827 4688 2939 4742 rege
2962 4671 3304 4727 Francorum.

2082 4744 2381 4798 Macrianus
2428 4758 2521 4796 rex
2561 4742 2973 4795 Alamannorum
3007 4743 3162 4811 periit
3208 4743 3260 4796 in
3304 4742 3582 4798 Famem:

2008 4829 2164 4883 quam
2197 4814 2321 4865 dum
2347 4814 2669 4883 internecive
2710 4813 2963 4883 vastando
3008 4814 3301 4881 perrttmpit
3341 4814 3569 4878 avidius,

2009 4881 2231 4952 oppetiit
2262 4883 2605 4952 Mellubaudis
2648 4881 2884 4935 bellicosi
2914 4883 3056 4951 regis
3103 4883 3307 4937 insidiis
3348 4885 3578 4940 circuiu-

2008 4951 2216 5009 ventus.
2242 4955 2521 5016 Ammian.,
2552 4951 2688 5004 Hist.
2719 4952 2756 5006 l.
2789 4954 2875 5006 50.

2072 5026 2199 5079 375.
2231 5022 2625 5077 Valentinianus
2655 5021 2718 5074 Α.
2765 5022 2910 5074 obiit.
2946 5020 3335 5077 Valentinianus
3383 5024 3573 5078 Iunior

2001 5093 2090 5156 A.,
2112 5095 2196 5147 cui
2227 5092 2433 5145 Italiam
2456 5101 2503 5146 et
2530 5093 2753 5160 Africam
2782 5091 3061 5146 Gratianus
3096 5094 3159 5145 Α.
3190 5093 3351 5161 dedit,
3387 5094 3573 5149 Galliis

2003 5165 2096 5217 sibi
2118 5164 2339 5217 retentis.

2074 5234 2197 5286 577.
2233 5232 2510 5285 Gratianus
2541 5233 2603 5283 Α.
2634 5228 3005 5287 Meraubaudes
3036 5232 3271 5287 Francus
3311 5250 3439 5288 coss.
3474 5234 3570 5287 Ri-

2003 5304 2259 5357 cltomeres
2300 5316 2465 5354 comes
2508 5301 2901 5353 domesticorum
2938 5319 2971 5356 a
2998 5303 3248 5359 Gratiano
3278 5306 3493 5357 mittitur
3518 5305 3570 5359 in

2006 5374 2280 5427 Thraciam
2309 5379 2485 5424 contra
2513 5369 2743 5424 Gottltos.

2074 5444 2422 5496 Richomeres
2453 5441 2695 5495 FBANCUS
2720 5455 2903 5496 comes
2939 5444 3419 5499 domesticorum...
3445 5443 3568 5497 Pro-

2001 5512 2181 5568 futuro
2208 5512 2461 5575 sociatur,
2484 5522 2609 5573 etc.,
2637 5512 2891 5580 pertinaci
2915 5515 3310 5568 ceucertatione
3331 5513 3563 5567 nondum

2003 5585 2235 5651 lassataa,
2268 5597 2421 5651 aequo
2465 5580 2628 5635 Marte
2671 5592 2848 5648 partes
2879 5594 3047 5637 semet
3084 5582 3402 5635 altrinsecus
3431 5585 3567 5637 allli-

2002 5656 2261 5716 ctabaut:
2294 5667 2391 5705 nec
2433 5652 2501 5705 de
2529 5653 2701 5720 rigore
2743 5654 2972 5720 genuino
3017 5652 3294 5719 quisquam
3329 5654 3566 5708 remitte-

2006 5727 2112 5790 bat,
2138 5724 2262 5777 dum
2310 5723 2451 5778 vires
2480 5724 2778 5775 animorum
2826 5723 3071 5774 alacritas
3097 5721 3377 5789 excitaret,
3425 5725 3543 5779 dire
