3994 6332
419 345 515 400 M7

1698 340 2018 397 ANNALES
2060 338 2396 396 FRANCICI.

3598 345 3696 401 148

415 466 517 517 mit
568 471 744 517 tamen
785 460 1111 516 interneciva
1166 460 1460 512 certamina
1511 458 1713 513 cedens
1765 472 1995 527 vespero
2027 457 2078 516 Δ
2107 456 2335 527 turbatis
2360 469 2490 523 ergo
2515 453 2794 527 ordinibus
2821 468 2976 509 exesa:
3008 453 3267 523 legiones,
3319 455 3569 511 Heraclio
3594 458 3689 515 Jo-

414 534 553 599 dies,
586 545 763 587 etc....
799 542 916 600 post
940 546 1055 599 quae
1099 531 1348 600 repetivit
1377 529 1581 583 Gallias
1618 529 1993 596 Richomeres,

417 605 490 656 ob
516 598 767 669 majorem
798 598 1101 668 praeliorum
1136 598 1403 652 fremitum
1430 601 1520 667 qui
1560 601 1993 669 exspectabatur,

417 672 544 727 inde
570 668 891 727 adminicula
914 671 1285 741 perducturus.
1305 669 1588 737 Amanum,
1610 668 1752 723 Hist.
1776 671 1814 723 ι.
1841 684 1995 734 xxxi,

417 757 533 795 con.
561 743 593 795 7
622 753 669 795 et
698 743 749 795 8.

478 759 920 867 gléfilgtiauus
948 827 1037 880 per
1065 808 1443 880 blellobaudem
1481 824 1651 879 regem
1672 807 1999 863 Francorum

419 884 808 935 domesticorum
841 878 1073 935 comitem
1095 878 1388 933 Lentienses
1409 881 1582 932 uincit.

492 953 794 1008 Lentiensis
826 954 1201 1006 Alamannicus
1232 952 1530 1018 populus...
1580 963 1836 1019 pagorum
1884 964 2001 1004 om‘

419 1022 566 1077 nium
592 1024 801 1091 populis
833 1025 884 1074 in
913 1037 1074 1075 unum
1103 1021 1366 1082 collectis,
1388 1034 1512 1074 cum
1536 1022 1887 1091 quadraginta
1909 1036 2000 1073 ar-

422 1090 688 1146 matorum
716 1092 945 1147 millibus
975 1095 1055 1146 vel
1101 1092 1459 1160 septuaginta,
1491 1100 1549 1145 ut
1568 1090 1785 1159 quidam
1818 1091 2003 1145 laudes

331 1209 339 1218 .
419 1162 726 1217 extollendo
748 1164 1001 1231 principis
1031 1162 1363 1231 iactitarunt,
1392 1161 1662 1231 sublatiin
1700 1162 2002 1230 superbiam

424 1243 605 1286 nostra
634 1234 992 1288 conﬁdentius
1017 1230 2001 1300 irruperunt;quibusGrati:inus,etc.

424 1302 704 1356 Nannieno
732 1305 998 1366 negotium
1030 1303 1176 1357 dedit
1201 1303 1414 1356 virtutis
1444 1301 1638 1355 sobriae
1662 1301 1782 1355 duci
1808 1320 1821 1355 :
1850 1304 2006 1372 eique

424 1372 808 1428 Mallobaudem
834 1374 1013 1443 junsit
1038 1374 1148 1440 pari
1183 1381 1442 1443 potestate
1471 1372 1729 1441 collegam
1755 1373 2007 1426 domesti-

425 1454 613 1496 eorum
655 1441 903 1498 comitem
934 1458 1220 1509 regemque
1263 1441 1611 1509 Francorum,
1644 1444 1811 1495 virum
1856 1443 2008 1496 belli-

423 1526 607 1565 cosum
651 1523 701 1567 et
733 1516 946 1570 fortem.
992 1512 1268 1567 Nannieno
1298 1515 1454 1579 igitur
1485 1521 1741 1581 pensante
1772 1513 2007 1567 fortuna-

429 1596 547 1635 rum
604 1583 892 1638 versabiles
938 1597 1119 1646 casus,
1184 1584 1412 1650 ideoque
1473 1583 1831 1637 cunctandum
1887 1598 2007 1639 esse

428 1663 712 1718 censente;
748 1654 1108 1708 Mallobaudes
1133 1654 1241 1707 alta
1274 1654 1537 1722 pugnandi
1572 1656 1863 1721 cupiditate
1886 1668 2008 1723 rap-

424 1731 586 1792 tatus,
614 1733 1056 1788 utronsucverat,
1086 1723 1165 1777 ire
1194 1724 1245 1777 in
1290 1725 1498 1777 hosretn
1530 1723 1805 1777 differendi
1840 1723 2006 1792 impu-

423 1790 899 1863 tiensangebutur.
937 1793 1166 1849 Proinde
1204 1794 1453 1847 horritico
1484 1794 1766 1847 adversum
1797 1790 2007 1859 fragore

426 1870 683 1933 terrente,
720 1864 943 1931 primum
998 1864 1136 1932 apud
1169 1867 1538 1933 Argentariam
1569 1865 1718 1930 signo
1752 1879 1846 1932 per
1888 1878 2007 1918 cor-

426 1931 633 1988 nicines
682 1935 806 1986 dato
840 1931 1085 1988 concurri
1129 1945 1210 1987 est
1242 1931 1545 2001 emptum...
1594 1949 1697 1989 nou
1730 1931 2004 2003 plusquam

425 2002 660 2071 quinque
688 2004 849 2058 millia
879 2013 935 2059 ut
964 2005 1331 2057 τηειὶιιιθὺςσῑυγ
1355 2012 1661 2069 evaserunt,
1695 2015 1801 2058 etc.
1825 2020 1838 2069 ;
1867 2002 2009 2059 inter

425 2074 731 2143 complures
756 2078 888 2129 alios
918 2075 1149 2128 audaces
1179 2083 1231 2127 et
1260 2072 1426 2129 fortes
1464 2090 1587 2143 rege
1614 2090 1827 2143 quoque
1855 2076 2007 2129 Pria-

398 2142 509 2200 rio
555 2142 858 2212 interfecto,
909 2145 1198 2199 exitialium
1230 2144 1501 2198 concitore
1536 2142 1869 2213 pugnarum,
1900 2154 2003 2201 etc.

425 2212 727 2268 Conversus
760 2216 883 2269 illuc
927 2230 1046 2269 cum
1094 2216 1332 2267 exercitu
1359 2212 1644 2269 Gratianus
1674 2220 1860 2269 eadem
1903 2232 2005 2283 qua

425 2292 579 2353 antea
609 2283 916 2339 fmtitndine
945 2284 1163 2339 semitas
1189 2284 1445 2338 ducentes
1474 2285 1538 2337 ad
1571 2287 1737 2339 ardua
1765 2288 2006 2353 quaerita-

426 2352 563 2404 bat:
606 2369 766 2422 quem
814 2355 1127 2411 Lentienses
1174 2354 1433 2407 intentum
1470 2354 1670 2425 iugulis
1701 2352 1810 2408 suis
1860 2355 2005 2409 onini

428 2426 801 2490 perseverandi
833 2428 1009 2479 studio
1036 2427 1482 2491 contemplantes,
1516 2436 1632 2492 post
1657 2425 2002 2490 deditionem,

426 2504 583 2560 quam
615 2494 971 2561 impetravere
1013 2496 1236 2566 supplici
1260 2509 1439 2563 prece,
1486 2496 1663 2549 oblata
1695 2497 1777 2566 (ut
1804 2512 2005 2565 praece-

426 2572 571 2634 ptum
596 2572 698 2629 est)
724 2567 1003 2633 juventnte
1045 2565 1217 2629 valida
1247 2568 1445 2620 nostris
1478 2566 1737 2620 tirociniis
1780 2567 2008 2634 permis-

425 2633 614 2705 cenda,
649 2636 712 2689 ad
743 2637 1003 2705 genitales
1028 2649 1195 2692 terras
1219 2636 1420 2689 innoxii
1465 2638 1542 2691 ire
1570 2633 1815 2705 permissi
1860 2645 2002 2692 sunt.

425 2702 710 2770 Aminiam,
745 2702 883 2760 Hist.
918 2709 955 2760 l.
984 2723 1129 2767 xxxt,
1153 2721 1200 2761 ε.
1232 2705 1319 2760 10.

505 2772 693 2830 Valens
722 2778 784 2829 Α.
834 2777 901 2831 In
944 2795 1117 2849 pugna
1146 2793 1261 2830 cum
1302 2775 1505 2829 Gotthis
1548 2776 1689 2829 vivus
1715 2791 1746 2831 η
1777 2776 2006 2834 barbaris

426 2853 494 2895 est
522 2854 748 2900 exustus.

496 2915 621 2968 379.
654 2915 823 2971 Bauto
852 2927 898 2970 et
917 2918 1218 2988 Arbogastes
1242 2913 1433 2988 Franci
1454 2917 1594 2969 missi
1621 2933 1651 2969 a
1672 2914 1923 2973 Gratiano
1939 2920 2002 2974 Α.

426 2998 543 3036 cum
562 2987 719 3053 copiis
730 2988 796 3039 ad
818 2987 1156 3042 Theodosium
1176 2989 1228 3041 in
1245 2987 1603 3041 Macedoniam
1625 2998 1672 3041 et
1685 2988 2005 3045 Thessaliam

426 3066 603 3108 contra
627 3057 884 3112 barbaros.

498 3129 566 3179 At
612 3126 913 3199 Gratianus,
968 3128 1153 3182 harum
1210 3141 1391 3183 rerum
1437 3129 1624 3183 nuntio
1668 3144 1771 3183 non
1818 3146 2000 3199 parum

427 3198 784 3268 perturbatus,
818 3200 948 3253 satis
994 3214 1212 3268 magnas
1246 3199 1427 3264 c0pias
1479 3199 1709 3268 ablegat,
1769 3198 2005 3257 Baudoni
2033 3198 2082 3265 C

427 3266 548 3319 duci
579 3270 798 3339 traditas
825 3286 838 3322 :
869 3284 990 3324 cum
1021 3266 1123 3337 quo
1153 3279 1206 3323 et
1252 3266 1624 3339 Αώοςειειεηῐ
1645 3272 1809 3324 misit.
1842 3273 2007 3328 Erant

426 3344 602 3391 autem
644 3338 809 3393 ambo
850 3340 1067 3394 natione
1097 3339 1316 3404 Fama,
1347 3338 1684 3394 amicissimis
1726 3343 1777 3394 in
1810 3341 2008 3399 Roma-

426 3420 525 3480 nos
554 3408 769 3476 animis,
812 3411 879 3464 ab
900 3409 1123 3463 avaritia
1172 3411 1430 3477 'loiiisqne
1470 3411 1747 3480 captandis
1791 3427 2008 3480 prorsus

425 3478 709 3547 immunes,
742 3482 796 3533 in
824 3481 1030 3535 bell:cis
1074 3480 1234 3533 rebus
1273 3478 1556 3547 prudentia
1586 3478 1805 3547 pariter'
1830 3497 1893 3537 ac
1912 3498 2010 3538 Eru-

424 3546 554 3601 bore
584 3560 916 3615 praestantes.
950 3551 1235 3618 Postquam
1270 3546 1323 3601 lii
1373 3563 1493 3602 cum
1536 3552 1777 3604 exercitu
1820 3553 1871 3605 in
1903 3554 2010 3606 Ma-

424 3617 702 3672 cedoniam
737 3617 1179 3688 Thessaliamque
1210 3619 1603 3687 pervenissent,
1635 3622 1725 3686 qui
1758 3636 1845 3675 res
1887 3625 2006 3679 istic

425 3688 655 3759 agebant
683 3689 920 3759 Scythaa,
954 3698 1082 3752 etc.,
1125 3690 1189 3742 ad
1220 3692 1600 3759 imperatorem
1647 3690 2006 3748 Theodosium

427 3758 665 3823 mittunt,
700 3758 791 3828 qui
835 3768 887 3815 et
935 3759 1362 3815 benevolentiam
1390 3770 1442 3813 et
1490 3762 1819 3827 societatem,
1851 3773 1901 3816 et
1930 3763 2008 3817 fa-

427 3837 696 3900 cturosse
740 3832 997 3899 quidquid
1046 3830 1383 3900 imperasset,
1420 3829 1820 3898 pollicerentur.
1853 3832 2007 3889 Zosi-

424 3909 555 3960 mus,
586 3897 729 3955 Hist.
759 3897 845 3955 lib.
876 3916 949 3955 tv.

497 3967 814 4041 Theodosius
840 3988 871 4024 a
902 3969 1152 4025 Gratiano
1185 3970 1248 4024 Α.
1279 3970 1338 4038 ﬁt
1366 3974 1645 4041 Augustus.

494 4036 635 4112 582‘.
658 4041 896 4112 Priamus
924 4050 1111 4111 regnat
1136 4041 1188 4093 in
1222 4036 1477 4097 Fnsucta'.
1507 4040 1752 4112 Prosperi
1794 4042 2005 4099 ‘Chroni

424 4124 539 4161 cum
559 4109 915 4165 Pithazanum.
991 4109 1037 4171 “,

493 4177 618 4234 585.
674 4180 1005 4236 Merobaudes
1055 4181 1139 4235 11.
1185 4183 1505 4239 Saturninus
1560 4198 1690 4236 coss.
1744 4182 2006 4240 Maximus

421 4249 693 4318 imperium
750 4254 966 4309 invadit.
1020 4252 1324 4307 Gratianum
1382 4252 1618 4324 Lugduni
1670 4256 1792 4308 dolo
1848 4256 2005 4312 inter-

420 4331 620 4395 ceptum
650 4340 741 4395 per
769 4326 1175 4395 Andragathium
1202 4325 1378 4377 ducem
1406 4326 1611 4380 occidit.

491 4393 618 4445 584.
654 4393 975 4449 Richomeres
1002 4394 1240 4447 Francus
1267 4395 1541 4449 Clearchus
1566 4411 1695 4449 coss.

489 4461 617 4517 385.
645 4464 896 4517 Arcadius
934 4466 997 4517 A.
1030 4465 1196 4516 Bauto
1226 4462 1462 4517 Francus
1493 4481 1622 4518 coss.

492 4531 627 4602 Cum
670 4548 770 4602 ego
800 4533 1152 4588 Mediolanum
1204 4541 1328 4586 ante
1384 4534 1679 4588 Bautonem
1723 4539 1997 4593 consulem

419 4601 681 4667 venerim,
713 4601 868 4672 eique
895 4603 1099 4657 consuli
1131 4602 1372 4657 kalendis
1417 4605 1680 4658 Januariis
1711 4610 1916 4662 laudem
1943 4610 1995 4665 in

421 4680 574 4725 tanto
611 4684 886 4745 conventu
937 4682 1333 4745 conspectuque
1380 4675 1674 4740 hominum,
1731 4694 1828 4745 pro
1878 4695 1995 4736 mea

422 4752 549 4794 tunc
580 4743 842 4819 rhetorica
863 4743 1617 4819 _profe_ssione_recilaverim:
1636 4747 1698 4802 S.
1728 4743 1996 4819 Augustin.

420 4820 600 4884 contra
630 4813 826 4884 litteras
856 4812 1195 4876 Priscilliani;
1217 4814 1305 4867 lib.
1336 4830 1412 4882 tu,
1441 4831 1559 4884 cap.
1590 4817 1675 4869 5t).

492 4880 617 4955 Q88.
647 4883 878 4937 Maximo
901 4887 1037 4952 apud
1059 4884 1341 4953 Aquileiam
1358 4880 1487 4939 victo
1506 4880 1559 4938 et
1590 4889 1777 4955 occiso,
1803 4891 1998 4947 Franci

420 4959 468 5004 et
499 4952 727 5008 Saxones
754 4956 839 5024 qui
866 4957 1031 5009 nauali
1058 4952 1252 5009 militia:
1275 4957 1490 5011 Maximi
1518 4952 1772 5013 merebant
1791 4966 1994 5019 victori-

422 5024 513 5075 bus
541 5039 593 5075 se
615 5027 891 5079 sociarant.

494 5093 587 5148 Ille
618 5094 917 5166 (Maximus)
942 5094 1101 5163 igitur
1119 5096 1296 5166 statim
1320 5108 1347 5149 s
1363 5095 1591 5153 Fassus
1606 5109 1659 5153 et
1685 5113 1711 5151 a
1733 5100 1999 5162 Saxonum

420 5173 599 5238 gente,
627 5170 679 5220 in
705 5165 907 5238 Sicilia,
939 5168 1144 5238 Siscim,
1182 5165 1489 5238 Petai'ione,
1517 5170 1709 5238 ubique
1741 5183 1998 5234 terrarum

421 5235 595 5307 victus
620 5245 729 5307 est.
754 5236 815 5291 S.
847 5236 1165 5302 Ambrosius,
1194 5237 1357 5307 Epist.
1385 5237 1454 5292 40
1483 5241 1550 5292 ad
1585 5235 1836 5297 Theodos.

503 5302 677 5359 Victor
697 5306 838 5384 ﬁlius
867 5307 1081 5360 Maximi
1112 5302 1282 5362 Cwsar
1302 5310 1367 5362 ab
1385 5311 1664 5383 Arbogaste
1686 5315 1898 5384 imperio
1923 5319 2001 5373 de-

414 5373 576 5442 iectus
597 5387 645 5429 et
675 5379 888 5431 occisus.

444 5507 459 5529 ~
490 5443 845 5529 (fenobaldus,
896 5446 1260 5529 Marcomerrs,
1315 5461 1362 5504 et
1395 5449 1574 5529 Sirmio
1620 5452 1910 5529 irrumpunt
1945 5461 1997 5512 in

415 5510 634 5571 Gallias.
667 5510 907 5573 Nannius
941 5527 988 5572 et
1017 5510 1290 5582 Quintinus
1321 5524 1553 5582 magistri
1574 5510 1797 5577 militaui
1816 5510 1995 5582 contra

415 5598 500 5635 eos
530 5590 805 5666 exercitum
846 5591 1061 5666 ducunt.
1095 5591 1372 5653 Quintiuus
1408 5590 1687 5649 Fnaucutu
1737 5596 1995 5666 ingressus

417 5667 653 5774 tuatgnam
675 5660 871 5713 cladem
897 5662 1101 5726 accipit.
1793 5660 1827 5691 "

516 5724 569 5774 Συ
600 5735 843 5774 temnnm
878 5729 1207 5774 (Ipnnlmliln-
1264 5730 1604 5774 lim-mmora
1638 5744 1688 5774 nl
1736 5737 1827 5774 Rm

516 5724 569 5801 in
600 5735 843 5801 tempore
878 5724 1209 5796 Genobaldo,
1263 5730 1607 5798 Marcomere,
1638 5744 1693 5789 et
1736 5737 1993 5795 Sunuonc

417 5788 662 5857 ducibus,
699 5788 895 5854 linum
920 5801 972 5854 in
1003 5788 1341 5857 Germaniam
1370 5788 1683 5872 prorupere,
1712 5788 1812 5864 etc.

2032 4565 2081 4624 D

2102 526 2439 583 vinianorum
2473 526 2709 588 tribuno,
2747 539 2811 579 ac
2853 538 2988 591 pene
3030 528 3279 579 omnibus
3305 529 3394 594 qui
3426 530 3688 585 militibus

2102 596 2716 667 praaerant,_exstinctis,
2764 596 2947 667 paucis
2996 594 3249 667 eil‘ugiutn
3295 607 3463 651 tntum
3497 614 3598 653 nox
3631 608 3690 655 et

2105 664 2324 724 latibula
2378 665 2635 719 silvarum
2706 664 3030 729 pt‘mstitere.
3084 665 3341 730 Sulpitius
3394 670 3693 725 Alexander

2104 740 2195 793 lib.
2223 752 2279 790 ιιι
2318 735 2514 809 Hister.
2544 735 2673 809 Lege
2702 735 3165 809 locum_iutegrurn
3204 740 3344 805 apud
3382 737 3691 809 Gregorium

2102 809 2300 863 Turon.
2333 806 2422 859 lib.
2454 821 2513 860 tu
2544 804 2704 870 Hist.;
2731 821 2847 873 eap.
2872 804 2925 868 8,
2949 805 3049 859 col.
3075 806 3165 861 57.

2174 878 2297 933 38L).
2330 877 2519 930 Franci
2556 875 2761 947 gellius
2790 879 3057 943 infestant.
3093 878 3400 947 Arbogastes
3431 878 3690 936 Romanos

2104 950 2159 1004 in
2189 965 2274 1002 eos
2302 948 2509 1001 excitat.
2556 945 2950 1001 Valentinianus
2981 963 3085 1015 pax
3109 945 3357 1001 eum'illis
3384 950 3496 1003 init.

2178 1021 2255 1074 Eo
2279 1028 2520 1088 tempore
2548 1017 2821 1071 Charietto
2861 1025 2918 1070 et
2945 1017 3111 1088 Syrus
3144 1020 3197 1071 in
3233 1021 3403 1072 locum
3445 1020 3688 1074 Nauneni

2105 1090 2374 1159 subrogati
2399 1088 2453 1141 in
2482 1086 2773 1159 Germania
2789 1101 2910 1140 cum
2932 1086 3170 1142 exercitu
3193 1091 3441 1156 opposito
3461 1090 3691 1146 FBANCIS

2107 1157 2537 1225 diversibantur,
2583 1167 2690 1214 etc.
2730 1157 3000 1221 'Sulpitius
3027 1158 3329 1214 Alexander
3360 1162 3399 1214 l.
3444 1175 3495 1215 tv
3545 1160 3689 1216 Hist.

2108 1227 2811 1301 apudAGregoriumgTuron.
2836 1228 3016 1301 litigii,
3040 1230 3139 1283 col.
3174 1228 3263 1284 59.

2179 1299 2303 1356 502.
2344 1298 2731 1372 Valentinianus
2778 1298 2843 1351 Α.
2884 1297 3095 1372 Vienna:
3136 1301 3351 1354 occisus.
3382 1302 3692 1372 Arbogastes

2111 1373 2394 1438 Eugenium
2424 1369 2491 1421 ad
2518 1369 2787 1433 imperium
2806 1369 2988 1422 evehit.

2184 1444 2314 1495 Dum
2341 1441 2550 1493 diversa
2580 1440 2633 1493 in
2662 1438 2881 1493 Oriente
2909 1454 2998 1507 per
3042 1438 3279 1494 Thracas
3301 1452 3584 1508 geruntur,
3633 1445 3688 1498 in

2112 1511 2283 1583 Gallia
2326 1520 2494 1583 status
2542 1510 2785 1583 publicus
2831 1512 3190 1583 perturbatur,
3242 1518 3295 1563 et
3320 1513 3505 1567 clauso
3543 1516 3687 1583 apud

2114 1582 2370 1636 Viennam
2400 1580 2579 1648 palatii
2626 1580 2828 1633 aedibus
2863 1580 3101 1648 principe
3132 1579 3525 1642 Valentiniano.
3572 1579 3685 1640 etc.

2113 1652 2370 1717 Sutpitius
2396 1647 2854 1721 Alexandergapud
2877 1647 3093 1721 (Ζηθοῃ
3125 1651 3162 1704 t.
3204 1667 3236 1703 ιι
3268 1650 3437 1719 11531.,
3466 1653 3567 1708 σοι,
3599 1656 3691 1711 59,

2184 1723 2506 1791 Arbogastes
2526 1719 2772 1791 oriunda:
2802 1735 2833 1774 e
2858 1719 3019 1788 gente
3049 1720 3394 1787 Fnsncouuu,
3424 1740 3587 1790 quem
3605 1739 3693 1780 se-

2114 1794 2345 1846 cundum
2378 1808 2409 1862 a
2442 1792 2691 1844 ltaudune
2718 1790 2865 1862 duce,
2882 1791 3054 1845 locum
3084 1792 3371 1845 Gratianus
3402 1794 3694 1862 imperator

2040 1843 2089 1903 Β
2117 1843 2361 1917 obtinere
2384 1860 2638 1929 jusiterat,
2674 1843 2763 1913 illo
2795 1843 2958 1914 rebus
2995 1843 3242 1914 humanis
3262 1843 3695 1930 dicamini—ri;

2116 1941 2204 1987 tus
2233 1931 2491 1985 industria
2537 1945 2655 2000 sua,
2688 1931 2818 1984 citra
2865 1931 3120 1999 principis
3157 1933 3526 1987 auctoritatem
3578 1952 3696 1991 ma-

2115 2003 2393 2074 gisterium
2430 2001 2845 2074 tuilituindinﬂse
2898 2004 3265 2074 transtulerat,
3318 2014 3420 2058 etc.
3454 2004 3692 2061 Tandem

2125 2071 2880 2145 Valentinianus...__libell_um
2913 2073 3153 2145 porrigit,
3202 2088 3308 2145 quo
3335 2075 3383 2128 ei
3412 2077 3694 2145 magistra-

2114 2151 2224 2197 lum
2254 2141 2563 2211 abrogabat.
2601 2141 2711 2196 Hoc
2758 2141 2849 2195 ille
2899 2142 3174 2209 perlecta:
3215 2141 3327 2198 Nec
3372 2141 3693 2209 palestatem

2110 2217 2239 2268 mihi
2269 2212 2485 2276 dedisti,
2517 2213 2611 2274 sit.
2648 2226 2744 2265 nec
2771 2211 2982 2279 eripere
3028 2214 3251 2280 poteris.
3280 2214 3484 2280 Quibus
3516 2219 3692 2282 prola-

2114 2287 2203 2349 tis,
2235 2284 2611 2352 discerptoque
2640 2282 2849 2345 libello,
2879 2290 2934 2335 et
2958 2284 3008 2335 in
3043 2291 3236 2336 terram
3266 2286 3475 2352 abiecto
3515 2286 3692 2342 disce-

2112 2356 2212 2420 dit,
2239 2368 2353 2427 etc.
2383 2352 3122 2427 QuapropterlArbogastes)
3166 2355 3565 2422 imperatorem,
3599 2359 3692 2427 qui

2109 2426 2252 2491 apud
2296 2425 2551 2493 oppidum
2616 2422 2802 2478 Galliae
2863 2422 3118 2477 Viennam
3187 2422 3690 2483 commorabatur...

2110 2495 2329 2548 adortus
2362 2494 2626 2548 letbaliter
2652 2494 2901 2547 vulnerat
2925 2503 2979 2546 et
3024 2495 3299 2548 iuterlicil.
3332 2495 3464 2549 Cum
3503 2512 3693 2555 omnes

2111 2566 2260 2619 taciti
2285 2565 2488 2636 [acinus
2531 2563 2821 2636 admissum
2854 2562 3077 2627 ferrent,
3107 2564 3179 2617 ob
3207 2565 3301 2619 viri
3349 2566 3689 2636 dignitatem,

2107 2647 2162 2688 et
2194 2634 2560 2689 fortitudinem
2592 2635 2859 2700 bellicam,
2903 2647 2973 2705 ac
3005 2646 3284 2701 praeterea,
3333 2634 3473 2705 quod
3516 2634 3692 2692 homié

2106 2718 2231 2759 nem
2258 2720 2445 2779 magna
2475 2704 2842 2759 benevolentia
2861 2703 3066 2779 milites
3097 2703 3575 2779 prosequerentur,
3597 2711 3693 2779 qui

2110 2777 2391 2843 pecuniam
2420 2785 2788 2845 contemneret
2812 2789 2827 2826 :
2859 2773 3155 2845 Eugenium
3185 2773 3563 2845 insperatorem
3588 2773 3689 2834 τιέ-

2108 2847 2295 2907 clarat,
2327 2858 2431 2899 etc.
2464 2844 2697 2898 Zosimus
2724 2845 2765 2899 t.
2803 2859 2852 2897 Iv
2882 2843 3092 2897 Hister.
3265 2843 3276 2845 “
3312 2876 3317 2881 ι

2179 2918 2483 2984 Arbogasles
2506 2916 2696 2971 bellant
2724 2917 2881 2984 infert
2924 2911 3145 2969 Francis
3169 2925 3215 2968 et
3246 2926 3424 2986 postea
3463 2935 3577 2973 cum
3617 2923 3692 2979 ei:

2143 3003 2283 3040 acem
2316 2988 2460 3053 facit.

2108 3005 2548 3111 pagoTltii‘haa‘nno
2584 3057 2908 3126 Arbogastes
2949 3055 3257 3110 Sunnonem
3290 3067 3347 3113 et
3399 3060 3693 3117 Marcome-

2110 3142 2224 3181 retu
2278 3127 2592 3197 subregulos
2654 3127 2975 3181 FRANCORUM
3025 3128 3315 3195 gentilibus
3373 3132 3510 3184 odiis
3548 3134 3690 3187 inse-

2110 3209 2303 3265 ctans,
2345 3206 2451 3252 etc.
2494 3196 2749 3267 Sutpitius
2788 3198 3077 3250 Alexander
3114 3201 3253 3269 apud
3309 3198 3527 3271 Gregor.
3571 3203 3609 3257 ι.
3657 3218 3693 3261 ιι

2115 3266 2283 3322 Ηὶδι..
2319 3268 2419 3322 col.
2464 3268 2553 3322 60.

2173 3271 2283 3331 ist.,
2319 3270 2419 3323 col.
2464 3270 2553 3322 60.

2185 3339 2287 3394 Per
2313 3340 2470 3412 idem
2485 3350 2587 3392 tem
2596 3338 2758 3412 ρης-Δ
2768 3338 3250 3412 rbogstescomes
3294 3340 3548 3396 adversus
3569 3356 3693 3412 gen~

2114 3419 2219 3465 tem
2252 3423 2427 3484 suam,
2460 3410 2560 3462 hoc
2575 3420 2658 3463 Bal
2686 3408 3027 3484 Pnanconuu,
3050 3409 3246 3484 bellum
3272 3415 3495 3479 paravit,
3528 3408 3693 3484 atque

2108 3480 2402 3551 pugnando
2446 3494 2551 3533 non
2600 3494 2818 3547 parvam
2870 3479 3265 3533 multitudinem
3294 3496 3472 3551 manu
3512 3479 3689 3551 ludit;

2112 3566 2233 3604 cum
2266 3549 2495 3603 residuis
2523 3565 2649 3605 vero
2681 3564 2864 3616 pacem
2899 3551 3151 3602 ﬁrmavit.
3198 3550 3307 3603 Sed
3331 3566 3451 3605 cum
3485 3556 3535 3606 in
3563 3549 3693 3609 con;

2108 3621 2251 3675 vivio
2280 3634 2310 3673 a
2341 3621 2555 3688 regibus
2580 3620 2755 3690 gentis
2772 3633 2886 3673 suae
2914 3620 3350 3688 interrogaretur,
3380 3633 3557 3677 utrum
3582 3629 3693 3679 sci-

2111 3704 2194 3745 ret
2223 3691 2587 3754 Ambrosium,
2618 3699 2673 3743 et
2700 3691 3084 3759 respondisset
3124 3705 3282 3745 nosse
3308 3706 3368 3746 se
3400 3694 3592 3757 virum,
3637 3707 3695 3751 et

2105 3761 2258 3829 diligi
2284 3764 2352 3815 ab
2379 3774 2464 3825 eo,
2489 3773 2649 3828 atque
2687 3758 2997 3828 frequenter
3018 3775 3135 3813 cum
3170 3763 3261 3814 illo
3302 3764 3575 3819 convivari
3602 3782 3694 3820 so.

2108 3832 2283 3895 litum,
2307 3832 2506 3884 audivit
2549 3847 2563 3885 :
2597 3831 2721 3884 Ideo
2752 3833 2919 3885 vincis
2948 3845 3157 3895 omnes,
3181 3832 3303 3895 quia
3347 3835 3415 3887 ab
3456 3836 3545 3888 illo
3574 3837 3693 3894 viro

2106 3902 2377 3971 diligeris,
2406 3903 2492 3968 qui
2524 3902 2658 3955 dicit
2682 3901 2805 3967 soli,
2835 3913 2915 3955 sta
2943 3912 2994 3955 et
3026 3909 3154 3955 stat.

2109 3974 2173 4029 S.
2198 3971 2470 4025 Ambrosii.

2180 4042 2303 4097 595.
2336 4041 2529 4112 Franci
2553 4043 2605 4094 in
2627 4042 2849 4095 exercitu
2878 4040 3124 4112 Eugenii.

2186 4113 2391 4185 Dehinc
2436 4111 2704 4185 Eugenius
2734 4111 3014 4185 tyrannus.
3039 4124 3287 4184 suscepto
3311 4117 3691 4183 expeditionali

2110 4186 2413 4255 procinctu,
2438 4183 2615 4236 Rheni
2642 4183 2877 4238 limitem-
2910 4185 3060 4252 petit,
3106 4195 3163 4255 ut
3194 4201 3314 4239 cum
3361 4190 3691 4243 Alamanno-

2112 4253 2228 4309 rum
2246 4264 2299 4308 et
2320 4253 2643 4308 ansconuu
2668 4256 2881 4323 regini-8
2905 4257 3127 4308 vetustis
3141 4254 3432 4310 lmderibus
3451 4272 3515 4311 ex
3541 4274 3693 4316 more

2108 4326 2280 4397 initis,
2322 4325 2661 4397 immensum
2674 4338 2736 4397 ea
2766 4335 3086 4397 tempestate
3117 4329 3411 4380 exercitum
3438 4330 3692 4397 gentibus

2108 4396 2177 4450 fer
2192 4399 2236 4449 is
2265 4404 2596 4469 ostentaret.
2627 4395 2882 4469 sulpitius
2904 4396 3195 4450 Alexander
3223 4398 3363 4467 apud
3394 4395 3548 4469 ang.
3585 4400 3693 4453 Tu-

2105 4484 2224 4520 ran.
2256 4466 2294 4518 l.
2328 4480 2363 4517 tt
2392 4465 2558 4529 Hist.,
2587 4468 2687 4517 col.
2717 4468 2805 4519 liti.
3262 4465 3268 4467 ’
3436 4482 3445 4493 '

2178 4537 2303 4593 394.
2346 4536 2660 4589 Theodosius
2797 4534 3082 4607 Eugenium
3110 4538 3262 4591 vincit
3288 4548 3336 4592 et
3356 4540 3561 4594 occidit.
3594 4542 3693 4593 Ar-

2104 4608 2335 4673 bogastes
2362 4609 2585 4673 seipsum
2604 4594 2865 4673 intlrrﬁcit.

2220 4677 2419 4732 utentia
2452 4676 2566 4740 Dei,
2601 4692 2704 4729 non
2751 4676 2943 4733 liducia
2976 4676 3230 4741 hominis,
3260 4680 3517 4735 victorem
3542 4695 3689 4735 sem-

2102 4762 2203 4819 per
2220 4749 2460 4802 extitisse
2481 4747 2857 4811 Theodosium,
2882 4748 3205 4816 Arhogastes
3231 4749 3332 4804 iste
3362 4755 3691 4819 praecipuum

2104 4821 2158 4872 in
2184 4826 2406 4887 utroque
2433 4819 2814 4870 documentum
2837 4826 2945 4871 est:
2974 4821 3390 4886 qui...collectis
3413 4820 3691 4877 Gallorum

2108 4889 2541 4961 Fnsncouuuoue
2565 4889 2771 4942 viribus
2796 4889 3109 4956 exundavit,
3152 4891 3308 4945 nixus
3345 4896 3508 4945 etiam
3552 4908 3693 4961 prte-

2106 4962 2262 5029 cipuo
2289 4963 2435 5013 cultu
2466 4958 2749 5023 idolorum,
2782 4973 2974 5029 magna
3004 4968 3181 5013 tamen
3224 4961 3476 5018 facilitate
3499 4958 3692 5016 succu-

2108 5031 2245 5084 buit.
2293 5030 2559 5100 Eugenius
2619 5038 2778 5097 atque
2820 5032 3144 5100 Arhogastes
3197 5031 3482 5087 inatructas
3537 5034 3689 5090 acies

2110 5101 2311 5169 campis
2336 5098 2700 5163 exiiedierant,
2725 5108 2832 5154 etc.
2856 5101 2925 5154 At
2949 5098 3074 5153 vero
3104 5100 3440 5157 Theodosius
3462 5105 3511 5157 in
3538 5119 3694 5159 sum—

3248 3904 3455 3957 aulinus
3486 3906 3538 3959 in
3570 3904 3692 3961 Vita

2110 5174 2213 5225 niis
2240 5170 2466 5239 Alpibus
2493 5174 2833 5234 constitutus,
2885 5185 3079 5238 expers
3130 5171 3240 5225 cibi
3295 5187 3358 5226 ac
3410 5178 3687 5233 somni....

2108 5256 2336 5310 corpore
2360 5241 2506 5294 humi
2536 5240 2709 5304 lusus,
2740 5250 2919 5295 mente
2942 5243 3085 5295 caelo
3122 5242 3283 5306 tisus,
3321 5245 3532 5299 orabat.
3580 5245 3692 5301 De-

2104 5312 2232 5366 hinc
2259 5324 2537 5381 postquam
2579 5310 2878 5365 insomnem
2922 5322 3133 5366 noctem
3160 5327 3375 5380 precum
3398 5316 3692 5369 continua-

2109 5384 2252 5437 tione
2282 5384 2555 5450 transegit,
2584 5391 2714 5447 etc.,
2747 5395 2894 5435 arma
2924 5384 3180 5450 corripuit
3206 5385 3354 5439 solus
3381 5402 3394 5437 :
3420 5388 3599 5440 sciens
3620 5401 3689 5443 se

2101 5466 2221 5507 esse
2245 5468 2351 5506 non
2374 5452 2549 5506 solum
2578 5453 2730 5521 signo
2769 5453 2944 5507 crucis
2975 5453 3253 5519 tuendum,
3303 5455 3399 5509 sed
3440 5466 3495 5512 et
3524 5466 3691 5512 victo-

2102 5523 2235 5595 riam
2267 5529 2605 5595 adepturum,
2637 5524 2789 5592 signo
2826 5524 3002 5577 crucis
3045 5537 3105 5595 se
3152 5525 3423 5592 muniens,
3465 5528 3685 5595 signum

2107 5593 2347 5669 victi-rite
2384 5593 2533 5669 dedit
2563 5598 2651 5661 (ac
2680 5595 2833 5660 signo
2850 5596 3029 5669 crucis
3050 5593 3262 5664 signum
3282 5598 3466 5663 prarlio
3487 5593 3685 5669 dedit),

2099 5678 2163 5734 ac
2205 5678 2265 5716 se
2310 5664 2364 5734 in
2410 5663 2631 5728 bellum,
2682 5666 2892 5734 etiamsi
2939 5663 3476 5734 nemo’sequeretur,
3506 5663 3688 5725 victor

2099 5731 2308 5786 futurus
2332 5732 2571 5800 immisit,
2594 5744 2699 5789 etc.
2731 5733 3000 5801 Eugenius
3024 5731 3393 5805 captus—atque
3425 5731 3687 5793 interfec-

2102 5815 2183 5859 tus
2202 5814 2303 5861 est.
2355 5807 2677 5875 Arbogastts
2708 5820 2801 5860 sua
2824 5820 2883 5861 sc
2924 5823 3083 5863 manu
3115 5809 3361 5877 perculit.
3397 5809 3466 5863 lta
3509 5808 3677 5868 etim:
