3994 6332
620 906 748 977 1-2
776 901 1109 967 Decedente,
1143 909 1301 969 atque
1330 909 1357 938 ι
1384 899 1548 956 immo
1576 900 1751 969 potius
1783 906 2042 969 pereunte
2088 899 2155 954 ab
2181 899 2398 954 urbibus
2428 898 2711 954 Gallicanis
2746 899 3043 954 liberalium
3073 900 3279 954 cultura
3308 899 3603 953 litterarum
3628 938 3643 963 ,
3670 911 3826 966 cum

546 996 814 1051 nonnullae
844 1008 929 1048 res
950 1004 1266 1060 gererentur
1295 991 1380 1045 vel
1404 999 1569 1056 recte,
1602 989 1685 1044 vel
1709 990 1972 1058 improbe,
1997 1004 2059 1043 ac
2086 988 2268 1044 feritas
2295 991 2532 1057 gentium
2559 989 2865 1051 deszeviret.
2891 1006 3073 1060 regum
3107 992 3253 1046 furor
3279 999 3578 1052 acueretur.
3608 988 3802 1044 Eccle-

545 1089 640 1142 siae
660 1088 1095 1155 impugnarentur
1121 1082 1190 1136 ab
1216 1081 1503 1148 luereticis,
1537 1096 1565 1134 a
1595 1081 1875 1136 catholicis
1904 1090 2230 1150 tegerentur,
2270 1080 2502 1136 ferveret
2526 1080 2721 1136 Christi
2752 1081 2885 1138 ﬁdes
2915 1083 2968 1137 in
3002 1081 3264 1151 plurimis,
3296 1082 3661 1154 refrigesceret
3684 1078 3713 1118 δ
3746 1080 3802 1134 in

549 1184 843 1243 nonnullis.
878 1183 1007 1250 ipsa;
1036 1196 1248 1251 quoque
1275 1181 1521 1235 ecclesiae
1543 1178 1627 1233 vel
1652 1179 1949 1233 ditareutur
1971 1194 2001 1232 a
2022 1178 2253 1248 devotis,
2281 1179 2366 1234 vel
2390 1180 2715 1235 nudarentur
2742 1197 2769 1233 a
2801 1183 3047 1253 perfidis:
3080 1198 3182 1238 nec
3209 1185 3429 1253 reperiri
3451 1190 3631 1254 posset
3655 1183 3804 1251 quis-

546 1289 705 1342 quam
739 1275 941 1343 peritus
973 1275 1023 1327 in
1053 1284 1168 1328 arte
1217 1270 1491 1327 dialectica
1517 1269 1894 1337 grammaticus
1913 1309 1926 1332 ,
1952 1268 2043 1339 qui
2067 1270 2180 1323 lucc
2207 1276 2297 1322 aut
2324 1269 2462 1339 Ston
2488 1269 2748 1337 prosaico,
2774 1281 2867 1325 aut
2907 1271 3128 1327 metrico
3163 1272 3469 1343 depingeret
3506 1286 3683 1327 versu.
3712 1273 3804 1327 ln-

546 1366 911 1436 gemiscebant
934 1364 1129 1431 saepius
1158 1362 1395 1432 plerique
1429 1370 1474 1425 ε,
1498 1360 1735 1414 dicentes
1760 1375 1774 1412 :
1806 1359 1893 1412 Va:
1921 1359 2108 1413 diebus
2145 1357 2363 1424 nostris,
2394 1358 2514 1428 quia
2547 1358 2705 1428 periit
2736 1359 2971 1414 studium
3002 1360 3296 1417 litterarum
3325 1377 3353 1415 a
3385 1362 3557 1425 nobis,
3584 1376 3683 1415 nec
3709 1376 3802 1417 re-

551 1456 756 1524 peritur
777 1456 828 1509 in
860 1454 1086 1523 populis,
1115 1451 1205 1521 qui
1235 1461 1379 1519 gesta
1412 1452 1689 1519 praesentia
1719 1450 2053 1520 promulgare
2079 1451 2248 1519 possit
2281 1450 2331 1504 iu
2362 1450 2590 1520 paginis.
2650 1448 2752 1505 Ista
2794 1451 2990 1506 etenim
3029 1464 3189 1523 atque
3231 1454 3312 1509 his
3357 1455 3549 1508 similia
3599 1454 3802 1525 jugiter

549 1547 760 1602 intuens
780 1546 883 1599 dici
911 1544 969 1610 ά,
1002 1558 1097 1611 pro
1119 1544 1629 1597 commemoratione
1673 1541 2060 1607 praeteritorum
2082 1582 2096 1607 ,
2141 1547 2197 1593 ut
2224 1540 2464 1593 notitiam
2514 1538 2833 1609 attingerent
2870 1541 3224 1609 venientium,
3250 1542 3349 1597 etsi
3381 1543 3577 1597 inculto
3606 1544 3799 1608 aifatu,

548 1638 764 1707 nequivi
796 1644 970 1690 tamen
1002 1635 1254 1704 obtegere
1274 1636 1355 1689 vel
1378 1632 1666 1688 certamina
1698 1632 2100 1701 ﬂagitiosnrum,
2134 1631 2219 1686 vel
2246 1632 2409 1686 vitam
2467 1640 2613 1686 recte
2651 1630 2961 1687 viventium.
3013 1632 3079 1687 Et
3129 1634 3422 1701 praesertim
3471 1633 3552 1687 his
3575 1633 3798 1689 illicitus

547 1728 795 1793 Stimulis,
829 1726 967 1795 quod
998 1743 1027 1781 a
1052 1728 1249 1781 nostris
1275 1725 1373 1778 fari
1402 1726 1715 1795 plerumque
1763 1725 1985 1778 miratus
2032 1737 2172 1787 sum,
2220 1721 2341 1792 quia
2387 1722 2849 1791 philosophantem
2881 1723 3148 1778 rhetorem
3182 1723 3482 1790 intelligunt
3510 1723 3684 1791 pauci,
3719 1722 3800 1777 lo-

547 1832 796 1893 quentem
844 1821 1098 1876 rusticum
1132 1817 1310 1883 multi;
1346 1819 1493 1873 libuit
1533 1819 1693 1872 etiam
1725 1816 1949 1879 animor
1976 1824 2034 1869 ut
2074 1830 2171 1883 pro
2200 1815 2579 1886 supputatione
2615 1808 2876 1871 annorum
2906 1817 2973 1872 ab
3016 1816 3132 1883 ipso
3161 1815 3345 1871 mundi
3372 1814 3631 1884 principio
3676 1814 3800 1870 libri

548 1913 703 1984 primi
727 1921 1014 1982 poneretur
1033 1911 1243 1965 initium
1272 1926 1284 1962 :
1316 1908 1466 1976 cujus
1495 1908 1723 1976 capitula
1753 1909 1998 1964 deorsum
2021 1905 2244 1975 subjeci.

1193 2081 1747 2155 INCIPIUNT
1830 2079 2382 2154 CAPITULA
2450 2081 2737 2155 LIBRI
2820 2084 3163 2158 PRIMI.

550 2253 603 2325 I.
636 2256 711 2309 De
733 2257 983 2310 creatione
1006 2256 1131 2309 Ade:
1159 2253 1375 2319 et‘Evar,
1405 2264 1452 2307 et
1477 2256 1538 2308 de
1560 2253 1685 2307 Adw
1712 2264 1853 2325 typo.

549 2324 637 2395 II.
666 2325 732 2380 Ut
755 2325 880 2379 Cain
905 2326 1086 2378 occidit
1117 2325 1240 2378 Abel
1268 2330 1487 2395 fratrem;
1501 2339 1671 2379 suum.

551 2393 671 2469 II.
701 2396 878 2469 _I:.'noch
892 2392 1368 2469 justushquom'otlo
1393 2412 1423 2445 a
1452 2392 1565 2469 Deo
1585 2393 1868 2469 transIatus
1890 2403 1983 2448 est.

552 2463 663 2519 IV.
692 2466 764 2519 De
788 2463 996 2529 diluvio,
1029 2463 1250 2531 de‘Noe,
1276 2466 1339 2518 de
1361 2480 1505 2529 arca,
1533 2467 1594 2518 de
1615 2465 1692 2516 ira
1723 2466 1816 2516 Dei
1847 2474 1893 2535 et
1923 2466 2280 2535 supputatione
2309 2473 2711 2533 generationum.

563 2534 621 2589 V.
652 2535 730 2588 De
755 2537 1078 2603 generatione
1104 2534 1217 2588 Noe
1244 2545 1290 2589 el
1319 2536 1544 2603 ﬁliorum
1572 2537 1707 2605 ejus,
1730 2534 1981 2604 prcccipue
2001 2534 2062 2589 de
2084 2536 2219 2590 Chus
2246 2536 2355 2605 ﬁlio
2376 2536 2534 2592 Cham
2561 2535 2741 2607 magiw
2760 2542 2807 2589 et
2834 2534 3139 2590 idololatria:
3166 2536 3440 2607 inraptore
3457 2546 3503 2591 et
3532 2549 3794 2594 uwentore

651 2607 894 2659 staticuli.

555 2672 633 2727 VI
645 2716 657 2727 .
692 2675 767 2728 De
791 2686 927 2728 turre
947 2673 1260 2743 Babylonica
1283 2686 1329 2729 et
1358 2676 1649 2743 linguarum
1671 2675 1988 2743 confusione.

556 2743 694 2814 III.
724 2744 803 2799 De
830 2756 964 2814 ortu,
996 2746 1255 2798 nativitate
1274 2756 1320 2799 et
1340 2745 1746 2814 interpretatione
1771 2743 2007 2810 Abrahte,
2037 2743 2098 2799 de
2129 2743 2290 2800 Nino.

553 2812 722 2867 VIII.
753 2815 825 2869 De
854 2813 1020 2877 Isaac,
1053 2814 1193 2867 Esau
1222 2826 1266 2868 et
1296 2817 1417 2882 ﬁliis
1442 2812 1570 2882 ejus,
1595 2822 1641 2865 et
1664 2813 1785 2866 Job.

551 2883 771 2955 I_X._De
790 2886 950 2937 Jacob
976 2894 1023 2938 et
1052 2884 1172 2952 ﬁliis
1200 2889 1330 2955 ejus,
1358 2893 1411 2955 et
1428 2883 1618 2949 Ioseph
1643 2884 1695 2935 in
1722 2882 1974 2955 Αἴθωνα).

552 2952 623 3008 Χ.
650 2953 725 3008 De
749 2954 860 3007 Nili
888 2965 1089 3013 natura,
1123 2962 1169 3006 et
1203 2952 1358 3008 maris
1389 2953 1548 3006 Rubri
1573 2954 1807 3007 transitu.

552 3022 663 3096 XII
684 3024 761 3096 De
784 3026 905 3093 ﬁliis
935 3024 1100 3096 Israel
1123 3024 1175 3096 in
1204 3040 1391 3090 eremo,
1417 3033 1463 3079 et
1486 3025 1549 3076 de
1578 3024 1804 3093 ingressu
1823 3038 2005 3077 eorum
2029 3024 2082 3077 in
2108 3032 2294 3079 terram
2313 3025 2683 3096 promissionis,
2714 3031 2762 3079 et
2791 3022 2974 3079 Iosue.

552 3091 687 3163 XII.
722 3091 795 3148 De
814 3096 1011 3163 regibus
1032 3092 1063 3145 .l
1074 3094 1358 3146 udworum.

552 3161 725 3217 XIII.
756 3164 829 3217 De
851 3161 1123 3219 Salomone
1148 3171 1196 3215 et
1217 3164 1391 3232 ternpli
1412 3162 1767 3232 testiﬁcatione.
3732 3216 3749 3224 ,

551 3232 631 3286 XI
647 3233 711 3311 V_.
747 3234 1012 3311 Quomodo
1049 3250 1259 3311 regnum
1285 3232 1451 3288 Israel
1480 3235 1548 3287 sit
1577 3234 1795 3287 divisum
1823 3241 2031 3304 propter
2054 3233 2296 3289 duritiam
2324 3232 2533 3301 Robote,
2565 3244 2613 3289 et
2638 3234 2702 3289 de
2725 3233 3012 3306 captivitate
3032 3232 3366 3306 Babylonica,
3391 3244 3439 3290 et
3477 3237 3541 3291 de
3566 3240 3785 3311 prophe-

656 3304 720 3356 tis
744 3305 883 3357 illius
912 3306 1171 3368 temporis.

547 3368 599 3445 X
610 3370 775 3445 [λὶς
799 3376 966 3428 reditu
993 3373 1291 3427 Judazorum
1317 3392 1345 3428 e
1373 3373 1634 3445 Babylone
1657 3389 1812 3441 usque
1841 3374 1909 3445 ωι
1931 3373 2121 3429 Christi
2143 3374 2473 3430 nativitatem.

546 3441 598 3513 X
612 3441 810 3513 YI._De
834 3446 1145 3512 reliquarum
1172 3446 1396 3513 gentium
1414 3441 1615 3513 regibus
1643 3453 1687 3496 et
1712 3444 1899 3513 regnis.

547 3463 590 3495 Λ
617 3463 641 3495 V
658 3463 707 3496 Ι.
733 3463 810 3495 ue
834 3463 1145 3512 rettquarunt
1206 3463 1396 3497 enuum
1414 3463 1615 3513 regibus
1643 3463 1687 3496 ει
1712 3463 1899 3513 7891118.

547 3510 599 3583 X
614 3511 758 3583 XIII
778 3512 850 3566 De
873 3463 1260 3579 imperatorigus
1291 3513 1555 3566 Romanis.
1589 3514 1700 3577 Quo
1728 3523 1949 3583 tempore
1974 3512 2255 3583 Lugdunus
2283 3515 2349 3567 sit
2376 3512 2600 3566 condita.

547 3581 599 3654 _X_
614 3580 778 3654 VIII:
815 3583 890 3654 De
918 3584 1181 3636 nativitate
1212 3583 1497 3636 Saluatoris
1518 3583 1700 3654 nostri.
1732 3579 1808 3634 De
1831 3579 2121 3654 muneribus
2149 3598 2413 3654 magorum
2440 3594 2487 3636 et
2515 3596 2635 3635 nece
2662 3581 2936 3653 infantum.

547 3649 708 3705 XIX.
742 3651 819 3705 De
847 3652 1039 3706 Christi
1065 3654 1441 3717 praedicatione,
1468 3652 1726 3706 miraculis
1754 3660 1801 3704 et
1830 3652 2081 3716 passione.

546 3719 689 3793 XX._
707 3721 784 3793 De
810 3722 1001 3793 Joseph
1024 3723 1087 3776 ab
1115 3723 1421 3789 Arimathia,
1449 3724 1538 3793 qui
1560 3737 1674 3777 eum
1693 3722 1944 3790 sepelivit.

548 3789 650 3861 X
660 3789 721 3861 II
742 3791 815 3844 De
834 3789 1014 3846 Jacobi
1043 3793 1262 3861 apostoli
1288 3801 1421 3846 voto.

548 3858 740 3913 XXII.
772 3862 847 3915 De
866 3864 947 3916 die
967 3858 1344 3917 resurrectionis
1370 3860 1668 3917 Dominicte.

548 3928 777 3987 XXIII.
806 3933 882 3986 De
909 3934 1198 3987 ascensione
1220 3931 1446 3995 Domini,
1475 3943 1521 3985 et
1550 3933 1613 3986 de
1634 3933 1840 3984 interitu
1871 3930 2029 3985 Pilati
2046 3940 2093 3984 et
2121 3931 2357 3987 Herodis.

548 3997 686 4122 XXII
702 4001 762 4055 V.
795 4001 874 4056 De
910 4003 1068 4126 Petrlo
1093 4004 1178 4125 yui
1208 4002 1420 4057 Romam
1445 4002 1607 4068 venit,
1638 4012 1686 4056 et
1715 4011 1993 4072 martyrum
2042 4001 2242 4057 Christo
2274 4001 2554 4073 perhibuit,
2591 4010 2640 4057 et
2680 4001 2746 4059 de
2785 4001 3024 4072 Nerone;
3052 4004 3116 4059 de
3140 4001 3353 4072 Iacobo,
3386 3999 3589 4072 Marco,
3620 4015 3670 4060 et
3695 4004 3780 4063 .lo

688 4088 818 4125 anne
846 4089 1028 4126 evanae
1051 4091 1093 4126 IS
1116 4090 1168 4126 a.

688 4088 818 4125 anne
846 4075 1168 4127 evanaelista.

654 4091 818 4125 nanne
846 4091 1168 4139 evangeusta.

546 4136 652 4215 X
757 4141 834 4215 De
855 4144 1198 4208 persecutione
1216 4142 1313 4215 sub;
1328 4143 1549 4213 Trojano
1569 4142 1814 4215 principe.

545 4208 651 4264 XX
668 4210 764 4266 VI.
798 4212 875 4267 De
896 4214 1145 4267 haresum
1172 4222 1219 4268 et
1240 4208 1579 4269 schismatum'
1595 4225 1733 4269 ortu.

544 4278 650 4354 XX
668 4279 808 4354 ._
826 4283 902 4354 IIe
924 4282 1147 4338 Pot/tino
1176 4295 1220 4336 et
1241 4282 1438 4338 Irena'o
1460 4284 1787 4354 martyribus.

545 4347 648 4424 X
668 4350 829 4424 γλιι.
856 4351 931 4424 De
951 4363 1292 4417 persecutione
1320 4355 1410 4407 sub
1441 4347 1616 4418 Decio,
1640 4357 1703 4408 de
1726 4364 1911 4424 septem
1938 4353 2057 4407 viris
2082 4353 2133 4406 in
2152 4349 2351 4406 Gallias
2370 4350 2438 4404 ad
2457 4351 2837 4421 praedicandum
2858 4353 3044 4411 missis.

547 4417 648 4471 XX
665 4420 763 4475 IX.
795 4424 864 4474 De
886 4421 1273 4476 Bituricensium
1302 4417 1646 4476 conversione.

544 4486 726 4557 XXX.
756 4489 829 4544 De
860 4494 1201 4557 persecutione
1228 4494 1320 4543 sub
1356 4492 1628 4546 Valeriano
1647 4499 1691 4544 et
1713 4490 1967 4546 Gallieno.
1987 4489 2064 4545 De
2085 4490 2280 4546 Chroco
2305 4501 2351 4547 et
2377 4491 2441 4545 de
2465 4490 2675 4546 delubro
2698 4493 2944 4548 Arverno.

546 4554 739 4628 XXXI
746 4596 771 4628 ,γ
787 4554 869 4613 De
887 4561 1003 4613 aliis
1027 4560 1353 4628 martyribus.

545 4623 805 4701 XXIII
825 4628 901 4701 De
922 4631 1113 4693 privato
1140 4623 1361 4701 martyre
1389 4640 1437 4686 et
1456 4630 1659 4701 _Cltroco
1686 4640 1924 4701 tyranno.

547 4694 828 4752 XXXIII.
862 4698 937 4751 De
964 4694 1301 4764 persecutione
1328 4702 1418 4754 sub
1441 4694 1780 4755 Diocletiano.

547 4764 811 4841 XXXIV.
841 4769 914 4823 De
941 4770 1272 4825 Constantino
1295 4770 1505 4841 Magno,
1531 4769 1674 4825 beato
1701 4770 1945 4837 Martino,
1968 4779 2015 4823 et
2037 4768 2214 4824 Crucis
2238 4768 2518 4826 Dominicte
2543 4770 2853 4827 inventione.

546 4832 781 4911 X
814 4841 889 4896 De
910 4842 1197 4896 Constantis
1225 4832 1454 4911 imperio.

546 4905 701 4961 XXX
718 4910 812 4964 Vl.
850 4913 924 4964 De
941 4914 1157 4964 adventu
1180 4905 1342 4965 sancti
1368 4910 1600 4963 Martini.
1633 4910 1711 4965 De
1740 4909 1967 4963 Melania
1990 4919 2244 4965 matrona.

545 4975 843 5049 XVII.
882 4982 956 5033 De
982 4983 1187 5033 interitu
1219 4979 1438 5034 Valentis
1460 4981 1799 5049 imperatoris.

545 5046 700 5120 XXX
714 5050 878 5104 VIII.
915 5050 989 5105 De
1020 5049 1303 5104 Theodosio
1329 5062 1374 5104 et
1398 5052 1508 5117 ejus
1532 5046 1767 5117 imperio.
1802 5049 1877 5102 De
1904 5049 2109 5104 interitu
2134 5049 2348 5105 Maximi
2368 5050 2590 5120 tyranni.

545 5115 701 5190 XX
742 5120 790 5173 X
798 5160 811 5174 .
848 5122 922 5173 De
951 5120 1136 5173 Urbica
1158 5122 1391 5190 episc0po
1418 5115 1659 5174 Arverno.

546 5185 670 5264 X
698 5189 776 5264 D_e
801 5200 974 5243 sancto
1000 5185 1240 5264 IIillidio,
1274 5185 1451 5264 et'ejus
1475 5190 1848 5264 in_episcopatu
1874 5204 2182 5264 successore.

541 5253 706 5329 XI
730 5259 806 5329 De
825 5270 997 5312 sancto
1028 5253 1312 5329 Nepotiano
1339 5253 1488 5315 e'tiam
1512 5253 1847 5313 Aruernorum
1868 5262 2123 5327 episcopo.

543 5324 733 5398 XIJI.
765 5328 838 5398 De
862 5329 1088 5381 Duarum
1108 5324 1405 5383 'Amantium
1434 5331 1665 5384 castitate
1684 5340 1732 5383 et
1757 5324 2036 5398 sepultura.

541 5394 764 5452 XLIII.
795 5397 871 5451 De
901 5399 1031 5451 beati
1057 5398 1266 5453 Martini
1288 5401 1523 5455 transitu.

612 5516 639 5546 ⁸
672 5506 865 5582 Aliqui,
900 5506 1208 5582 Recede_nte;
1236 5511 1352 5582 cod.
1383 5506 1584 5582 Casin.,
1616 5506 1899 5582 Decettente
1944 5508 2129 5576 itaque.
2182 5507 2442 5561 Caeterum
2487 5509 2605 5563 hazc
2652 5510 2889 5580 praefatio
2936 5510 3086 5565 deest
3130 5509 3182 5565 in
3234 5509 3507 5582 plerisQUe
3540 5512 3710 5572 editis
3746 5530 3822 5577 es

542 5595 674 5636 mss.
712 5579 838 5631 Eam
870 5587 1044 5630 tamen
1070 5577 1418 5643 Fredegarius
1453 5580 1709 5645 integram
1740 5577 1941 5632 retulit.

614 5649 639 5687 δ
672 5649 771 5702 Alii
792 5662 913 5701 cum
940 5645 1183 5717 Fredeg.,
1213 5655 1495 5715 tepesceret.

617 5728 640 5789 ς
672 5717 890 5789 Fredeg.
923 5717 1075 5789 edit.,
1099 5714 1299 5789 clerici,-
1323 5718 1513 5789 _in_ms.
1540 5723 1723 5789 tamen
1746 5714 2035 5789 habebatur
2053 5715 2310 5789 clericus;
2338 5716 2431 5772 sed
2469 5718 2680 5788 antiqua
2712 5734 2870 5774 manu
2900 5720 3239 5776 emendatum
3268 5729 3345 5776 eat
3368 5761 3386 5789 ,
3417 5720 3609 5776 clerici.

611 5784 639 5824 ‘
659 5787 791 5842 Cod.
822 5786 1020 5848 Casitt.,
1051 5787 1202 5841 duxi'
1238 5796 1289 5840 et
1320 5784 1452 5839 infra
1483 5799 1580 5854 pro
1601 5784 1825 5853 illicitus,
1864 5784 2018 5841 habet
2047 5785 2263 5839 illectus.
