3994 6332
209 408 3482 472 m

406 626 547 851 S.
651 617 1349 891 GEliliGll
1442 613 2349 849 l‘lAlliliN’l‘ll
2458 610 3289 846 ΗΜΕίὲοΚἰί

710 1005 1629 1155 EPISCOPI
1725 1005 2983 1153 TURONENSIS

522 1299 1163 1407 HISTORUE
1242 1296 2275 1407 ECCLESIASTICIE
2351 1296 3155 1402 FBANCOBUM

1201 1542 1714 1655 LIBRI
1815 1541 2482 1654 DECEM.
2584 1576 2593 1585 ‘

1077 1776 2593 1830 ψ-

1208 1931 1704 2045 LIBER
1779 1929 2444 2052 PBLMUS.

1597 2299 2057 2412 protegas.

275 2547 329 2619 5
361 2545 673 2615 Scripturus
701 2542 839 2600 bella
878 2556 1061 2612 regum
1084 2554 1206 2597 cum
1233 2540 1482 2612 gentibus
1527 2538 1789 2607 adversis,
1819 2546 1871 2604 Α
1897 2540 1998 2595 dus
2029 2540 2338 2610 redemptus
2390 2548 2502 2607 est;
2544 2551 2597 2598 et
2655 2543 3064 2611 ltumanitttlem,
3098 2561 3199 2599 non
3228 2547 3478 2602 deitatem

202 2650 501 2709 martyrum
531 2651 651 2692 cum
685 2634 925 2706 paganis,
958 2633 1320 2689 Ecclesiarum
1346 2647 1466 2688 cum
1498 2630 1789 2699 haereticis,

202 2730 354 2799 prius
383 2728 543 2783 ﬁdem
573 2740 745 2780 meam
777 2724 1013 2794 proferre
1042 2722 1235 2791 cupio,
1265 2731 1324 2777 ut
1352 2721 1441 2793 qui
1470 2722 1676 2789 legerit,
1706 2734 1794 2776 me

202 2837 309 2875 non
333 2820 547 2874 dubitet
571 2834 693 2874 esse
720 2816 1065 2874 catholicum.
1094 2814 1227 2869 Illud
1255 2814 1415 2869 etiam
1444 2813 1640 2882 placuit
1670 2828 1796 2881 pro-

204 2920 326 2980 pter
349 2925 447 2967 eos
468 2954 485 2980 ,
517 2909 607 2979 qui
638 2908 1097 2979 appropinquante
1125 2904 1309 2984 mundi
1338 2904 1441 2959 line
1482 2903 1789 2972 desperant,

204 3011 263 3056 ut
291 3001 520 3055 collecta
549 3015 643 3069 per
668 2997 951 3053 chronicas
978 3004 1005 3033 ει
1047 2994 1132 3049 vel
1164 3009 1259 3064 per
1287 2993 1535 3050 historias
1560 2997 1794 3049 anterio-

205 3106 324 3146 rum
352 3100 621 3145 annorum
653 3087 682 3127 δ
707 3102 917 3142 summa
942 3126 959 3154 ,
997 3086 1313 3156 explanetur
1353 3096 1536 3155 aperte
1571 3095 1703 3155 Quot
1726 3085 1796 3141 ab

202 3180 432 3237 exordio
461 3179 644 3235 mttndi
672 3181 781 3233 sint
795 3178 945 3234 anni.
968 3176 1070 3233 Sed
1097 3178 1244 3244 prius
1277 3177 1485 3232 veniam
1514 3192 1543 3230 a
1573 3179 1796 3248 legenti-

207 3272 309 3326 bus
333 3285 549 3340 precor,
577 3271 623 3325 si
648 3279 738 3324 aut
768 3270 819 3322 in
844 3268 1057 3334 litteris,
1088 3277 1179 3321 aut
1211 3270 1265 3325 in
1288 3266 1508 3338 syllabis
1534 3282 1795 3338 gramma-

206 3363 369 3418 ticam
401 3372 571 3416 artem
612 3374 916 3426 excessero,
963 3357 1032 3412 de
1084 3372 1186 3428 qua
1235 3356 1462 3425 adplene
1490 3367 1513 3395 ο
1539 3372 1643 3410 non
1675 3372 1794 3412 sum

208 3454 469 3508 imbutus.
498 3451 628 3505 Illud
662 3459 865 3505 tantum
897 3448 1139 3513 studens,
1190 3455 1250 3501 ut
1289 3448 1429 3517 quod
1468 3449 1519 3499 in
1553 3446 1794 3501 Ecclesia

204 3544 353 3600 credi
390 3542 731 3611 praedicatur,
766 3540 883 3594 sine
910 3539 1088 3606 aliquo
1116 3535 1237 3591 fuco
1279 3546 1369 3615 aut
1407 3534 1586 3589 cordis
1637 3534 1795 3589 ha:si-

207 3636 415 3689 talione
444 3636 702 3690 retineam
729 3650 744 3685 :
775 3631 897 3700 quia
928 3629 1043 3685 scio
1083 3628 1312 3698 peccatis
1359 3628 1669 3691 obnoxium,
1702 3643 1797 3695 per

205 3727 583 3782 credulitatem
629 3740 816 3795 puram
872 3723 1119 3778 obtinere
1177 3734 1337 3793 posse
1392 3720 1602 3776 veniam
1656 3718 1797 3789 apud

206 3831 455 3876 nostrum
485 3818 628 3888 pium
662 3816 943 3871 Dominum
975 3811 1026 3868 α.

1897 2630 2228 2700 subjacuisse
2252 2632 2484 2700 passioni
2514 2634 2695 2687 credo.
2725 2635 2900 2687 Credo
2926 2652 3046 2688 eum
3091 2636 3178 2691 die
3220 2641 3370 2690 tertia
3401 2652 3483 2690 re-

1896 2722 2217 2785 surrexisse,
2244 2722 2514 2777 hominem
2544 2723 2805 2789 perditum
2836 2725 3093 2780 liberasse
3114 2767 3129 2789 ,
3178 2728 3483 2781 uso-tulisse

1898 2813 1950 2867 iu
1979 2813 2165 2878 ctelos,
2192 2812 2382 2869 sedere
2410 2814 2477 2867 ad
2523 2814 2796 2869 dexteram
2848 2817 3039 2882 Patris,
3086 2827 3367 2871 venturum
3419 2834 3483 2874 ac

1892 2908 2252 2977 iudicaturum
2286 2909 2435 2963 vivos
2473 2918 2527 2963 et
2557 2924 2817 2963 mortuos.
2867 2911 3043 2965 Credo
3088 2925 3332 2965 sanctum
3364 2913 3482 2981 Spi-

1898 3000 2058 3052 ritum
2106 3013 2137 3052 a
2184 2997 2344 3053 Patre
2385 3008 2440 3053 et
2470 2998 2605 3053 Filio
2640 2997 2660 3035 ί
2698 3002 3045 3068 processisse,
3103 3019 3206 3055 non
3239 3004 3288 3072 7
3317 3004 3484 3055 ιιιίηο-

1897 3102 2037 3153 rem,
2067 3098 2121 3143 et
2143 3087 2294 3157 quasi
2324 3099 2446 3144 ante
2472 3105 2575 3143 non
2608 3100 2774 3158 esset,
2801 3091 2892 3145 sed
2925 3094 3203 3157 aequalem,
3247 3104 3299 3146 et
3343 3110 3484 3147 svm-

1900 3192 1995 3247 per
2033 3194 2153 3233 cum
2183 3178 2344 3234 Patre
2374 3190 2428 3233 et
2481 3180 2616 3235 Filio
2660 3192 2982 3235 comternum
3030 3184 3219 3248 Deum,
3252 3159 3484 3240 consub—

1899 3269 2201 3322 Stantialem
2237 3278 2450 3334 natura,
2483 3273 2739 3339 mqualem
2785 3276 3197 3341 omnipotentia,
3231 3292 3481 3331 consem-

1901 3359 2166 3427 piternum
2197 3359 2451 3422 essentia,
2479 3370 2534 3413 ut
2559 3376 2825 3430 nunquam
2856 3362 2972 3415 sine
3021 3364 3177 3419 Patre
3203 3365 3365 3421 fuisse
3400 3370 3483 3421 vel

1898 3449 2056 3514 Filio,
2102 3464 2272 3518 neque
2313 3451 2574 3504 minorem
2633 3450 2789 3505 Patre
2838 3455 2919 3506 vel
2967 3453 3319 3509 Filio.t;redo
3350 3458 3485 3513 hanc

1898 3540 2210 3595 Trinitatem
2238 3551 2478 3595 sanctam
2513 3544 2562 3596 in
2593 3542 2936 3599 di-tinc1ione
2981 3545 3272 3601 subsistere
3301 3536 3505 3615 μετέδωκ’

1900 3648 2086 3686 narum
2106 3649 2121 3697 ;
2145 3643 2200 3687 et
2226 3634 2383 3686 aliam
2415 3634 2629 3703 quidem
2662 3650 2941 3698 personam
2974 3636 3147 3690 Patris
3168 3678 3184 3705 ,
3215 3641 3370 3693 aliam
3401 3640 3487 3693 Fi-

1901 3724 1977 3787 lii,
2007 3723 2165 3777 aliam
2192 3724 2421 3792 Spiritus
2449 3724 2638 3777 sancti.
2662 3722 2721 3777 In
2750 3741 2852 3794 qua
2880 3726 3141 3782 Trinitate
3186 3744 3341 3783 unam
3374 3730 3487 3785 dei-

1904 3821 2088 3882 tatem,
2123 3830 2282 3868 unam
2316 3817 2627 3881 potentiam,
2656 3831 2816 3870 unam
2869 3820 3154 3872 essentiam
3202 3834 3324 3874 esse
3361 3835 3489 3875 con-

277 3907 532 3980 6Credo
577 3922 705 3977 ergo
751 3908 803 3960 in
860 3905 1028 3960 Deum
1086 3904 1297 3959 Patrem
1348 3904 1792 3972 omnipotentem.
1825 3905 1872 3965 Β
1902 3906 2081 3961 titeor.
2131 3906 2304 3961 Credo
2334 3916 2359 3954 ι
2390 3908 2595 3962 beatam
2644 3909 2885 3975 Mariam,
2944 3921 2998 3965 ut
3047 3913 3307 3982 virg‘nem
3361 3922 3489 3970 ante

204 3999 385 4057 Credo
413 4001 467 4054 in
494 3999 673 4055 Jesum
695 3996 963 4051 Christum
997 3995 1161 4049 illium
1195 3995 1313 4064 ejus
1341 3990 1795 4059 unicum,’Domi-

209 4108 340 4149 num
393 4091 560 4147 Denm
617 4097 878 4155 nostrum,
929 4095 1111 4141 natum
1146 4086 1384 4151 a.Patre,
1417 4101 1522 4140 non
1566 4087 1791 4153 laetum;

210 4203 319 4243 non
350 4194 472 4256 post
500 4194 773 4252 tempora,
811 4182 904 4236 sed
945 4190 1067 4237 ante
1098 4189 1349 4233 cunctum
1397 4190 1626 4247 tempus,
1654 4194 1797 4234 sem-

208 4292 308 4349 per
336 4276 500 4330 fuisse
528 4288 648 4327 cum
681 4271 857 4325 Patre.
881 4269 993 4326 Nec
1031 4270 1175 4324 enim
1216 4269 1373 4324 Pater
1399 4268 1504 4323 dici
1530 4279 1795 4339 potuerat,

209 4370 313 4424 nisi
343 4368 566 4422 haberet
604 4364 827 4429 Filium;
874 4378 1049 4432 neque
1092 4362 1259 4417 Filius
1306 4370 1470 4428 esset,
1510 4364 1555 4416 si
1586 4362 1794 4417 Patrem

211 4460 400 4528 utique
438 4472 547 4511 non
602 4453 843 4510 haberet.
897 4453 1019 4507 Illos
1064 4466 1194 4506 vero
1233 4452 1324 4521 qui
1376 4453 1578 4519 dicunt,
1615 4463 1638 4490 ο
1671 4454 1799 4507 Erat

212 4552 429 4617 quando
462 4563 568 4601 non
596 4554 736 4611 erat,
770 4544 1175 4600 exsecrabiliter
1199 4558 1387 4610 renuo,
1414 4552 1471 4599 et
1515 4545 1584 4600 ab
1614 4545 1797 4599 Eccle-

212 4641 293 4693 sia
320 4637 592 4708 segregari
633 4644 927 4690 contestor.
968 4633 1144 4689 Credo
1193 4632 1462 4689 Chiismm
1494 4635 1635 4689 hunc
1667 4635 1801 4689 Ver-

214 4733 337 4786 bum
369 4745 491 4784 esse
520 4728 712 4793 Patris,
744 4742 840 4794 per
877 4742 1035 4795 quem
1082 4725 1221 4782 facta
1266 4735 1392 4781 sunt
1414 4728 1611 4782 omnia.
1647 4729 1799 4785 llunc

216 4819 448 4875 Verbum
473 4832 688 4873 carnem
718 4815 915 4872 factum
950 4815 1138 4882 credo,
1180 4816 1335 4888 cujus
1374 4820 1623 4887 passione
1644 4835 1797 4873 mun-

1901 4007 2132 4067 partum,
2167 4000 2235 4052 ita
2265 4000 2520 4067 virginem
2544 4011 2597 4056 et
2640 4012 2757 4070 post
2793 4011 3018 4069 partum.
3055 4004 3229 4060 Credo
3255 4007 3486 4060 animam

1903 4087 2281 4155 immortalem,
2327 4106 2424 4144 ncc
2456 4102 2631 4146 tamen
2662 4105 2865 4160 partem
2900 4093 3095 4149 habere
3142 4095 3376 4150 deitatis.
3417 4096 3487 4150 Et

1901 4181 2079 4232 omnia
2105 4168 2221 4248 qua:
2243 4197 2271 4233 a
2296 4183 2547 4236 trecentis
2573 4183 2758 4236 decem
2781 4193 2835 4237 et
2856 4195 2978 4237 octo
3009 4186 3273 4254 episcopis
3293 4186 3486 4241 Nicmae

1902 4260 2189 4324 constituta
2230 4282 2373 4332 sunt.
2405 4273 2568 4327 credo
2614 4272 2868 4327 ﬁdeliter.
2901 4273 2977 4328 De
3010 4277 3112 4328 line
3143 4290 3272 4329 vero
3303 4277 3486 4330 mundi

1902 4375 1967 4415 ea
1994 4363 2169 4416 sentio
2197 4377 2315 4432 qua:
2348 4378 2377 4416 a
2403 4364 2667 4432 prioribus
2692 4363 2875 4418 didici.
2922 4366 3279 4420 Antichristus
3300 4364 3329 4403 ιι
3356 4381 3486 4421 vero

1902 4453 2131 4521 primum
2161 4454 2623 4511 circumcisionem
2684 4455 2918 4523 inducet,
2973 4472 3032 4512 se
3069 4472 3313 4514 asserens
3332 4458 3488 4515 Chri-

1900 4558 2041 4602 stum
2072 4566 2086 4602 :
2114 4549 2309 4605 deinde
2339 4552 2390 4603 in
2425 4552 2622 4620 templo
2650 4550 3035 4624 Hierosolymis
3064 4565 3294 4608 statuam
3336 4570 3488 4612 suam

1901 4640 2187 4693 collocabit
2210 4642 2559 4707 adorandum,
2591 4643 2727 4698 sicut
2758 4642 2776 4681 ί
2812 4643 3095 4699 Dominum
3118 4645 3321 4702 dixisse
3350 4646 3488 4716 legi-

1902 4749 2023 4789 mus
2047 4752 2059 4786 :
2103 4734 2346 4790 Videbitfs
2371 4737 2795 4793 abominationem
2830 4739 3164 4792 desolatiom's
3187 4748 3405 4793 stantem
3432 4740 3487 4795 in

1902 4823 2014 4878 loco
2041 4836 2215 4880 sancto
2249 4825 2461 4898 (Matth.
2495 4843 2644 4893 κων,
2672 4828 2781 4898 lii).
2812 4829 2916 4883 Sed
2942 4830 3084 4885 diem
3122 4830 3266 4885 illam
3322 4830 3489 4885 omni-

289 4991 313 5016 ⁸
334 4981 425 5053 Sic
450 4981 572 5035 Bec.
603 4990 658 5053 et
697 4978 853 5048 Reg.;
872 4975 1289 5053 alii,_c(tranica.
1318 4975 1478 5031 Certe
1513 4976 1648 5034 infra
1678 4992 1795 5033 om-
1826 4982 1871 5045 C
1904 4990 2061 5047 runt,
2093 4997 2231 5053 cum
2274 4982 2502 5050 primum
2556 4981 2825 5053 symbolo;
2867 4979 3483 5053 Constantinopolitano,

219 5066 315 5106 nes
337 5051 553 5112 habent,
578 5047 831 5104 chronica
863 5047 1085 5101 Eusebii.

290 5122 315 5160 ⁵
342 5123 404 5176 In
430 5122 549 5175 cod.
577 5121 736 5175 Corb.
760 5121 906 5174 deest
939 5132 1212 5171 annorum.

292 5202 314 5229 ε
339 5191 470 5245 Cod.
496 5192 657 5263 Reg,
689 5190 752 5243 de
771 5206 871 5258 qua
894 5189 1059 5256 plene.
1082 5186 1286 5252 Casin.,
1308 5188 1540 5259 adprime
1567 5206 1670 5245 non
1685 5206 1799 5244 sum

216 5264 508 5316 instructus.

289 5330 316 5370 Α
348 5333 475 5385 Mss.
500 5342 556 5386 et
580 5331 783 5400 aliquot
803 5328 955 5393 editi,
977 5328 1118 5395 apud
1140 5327 1322 5400 Deum.

297 5413 321 5441 ο
354 5403 465 5457 Hoc
493 5398 753 5455 advenins
799 5400 1039 5469 Arianos
1075 5399 1320 5469 symbolo
1350 5414 1448 5454 suo
1474 5398 1799 5469 addiderunt

218 5472 407 5527 Patres
433 5472 631 5525 Nicaeui
659 5487 673 5523 :
704 5471 865 5535 unde,
896 5472 946 5522 ui
976 5468 1149 5535 Fallor,
1181 5481 1298 5539 post
1324 5471 1438 5525 haec
1460 5471 1640 5537 verba,
1667 5468 1797 5525 Erat

214 5543 423 5610 quando
445 5558 547 5596 non
569 5550 695 5600 erat.
726 5540 1024 5595 addendum
1049 5547 1154 5604 est,
1184 5549 1279 5594 etc.
1430 5565 1435 5568 ο

292 5611 314 5651 ί
352 5614 501 5666 Hanc
533 5611 845 5678 particulam
879 5608 1119 5677 Filioque
1146 5611 1340 5664 habent
1366 5625 1555 5665 omnes
1583 5609 1710 5665 editi
1742 5621 1799 5666 et

220 5698 349 5753 tuas.
384 5697 506 5735 cum
540 5682 723 5753 codice
744 5680 1073 5753 Corbeiensi.
1107 5681 1168 5753 Et
1197 5683 1406 5753 quidem
1428 5682 1537 5748 jam
1579 5697 1607 5734 a
1631 5696 1798 5735 saecu-

216 5750 273 5804 In
305 5768 334 5802 ν
361 5761 420 5822 et
440 5766 518 5815 VI,
551 5754 602 5804 in
636 5751 757 5804 lidei
787 5750 1206 5822 proiessionibus
1230 5752 1418 5818 legitur
1445 5754 1495 5805 in
1531 5752 1799 5822 llistiauizn

212 5820 459 5888 synodia.
502 5821 816 5891 Quanquam
858 5821 1054 5876 seculo
1096 5836 1149 5876 ix
1198 5828 1365 5878 turba:
1410 5820 1652 5879 excitata:
1684 5824 1770 5877 {ue

1902 5053 2042 5175 θρῖα
2088 5052 2229 5107 inter
2274 5053 2552 5107 Missarum
2588 5050 2861 5107 solemnia
2909 5052 3254 5119 cantabatur,
3302 5050 3481 5111 addita

1926 5138 1974 5175 ut
2006 5160 2022 5175 .

1926 5138 2022 5175 ιιιι.

1975 5201 2001 5264 ᾳ
2034 5193 2152 5264 llaec
2183 5207 2350 5264 usque
2371 5192 2436 5245 ad
2468 5208 2589 5259 cap.
2623 5195 2642 5245 l
2677 5193 2866 5264 desunt
2901 5192 2953 5245 in
2984 5192 3107 5248 cod.
3140 5192 3326 5264 Regio.

1976 5259 2004 5297 h
2038 5262 2168 5315 Cod.
2192 5259 2398 5325 CaSin.,
2439 5265 2594 5316 didici
2619 5262 2975 5316 antichristum
3000 5265 3141 5330 prius
3182 5259 3290 5318 es}:
3316 5276 3490 5319 uentu-

1904 5348 2041 5396 rum,
2070 5333 2159 5401 qui
2184 5348 2235 5385 se
2263 5349 2510 5399 asserens,
2538 5346 2643 5387 elc.
2670 5332 2724 5386 lu
2763 5332 2927 5388 Corb.
2963 5343 3081 5400 post
3109 5343 3373 5387 venturum
3400 5352 3489 5388 se-

1907 5405 2117 5457 tnilinea
2148 5404 2338 5457 detrita
2360 5416 2463 5470 est,
2482 5415 2759 5475 postquam
2788 5404 2877 5457 sed
2896 5420 3116 5475 primum
3148 5406 3487 5459 circumcisio-

1904 5488 2035 5527 nem.

1983 5543 2001 5580 ί
2039 5543 2189 5597 Hunc
2214 5544 2388 5598 locum
2420 5543 2488 5600 de
2512 5543 2823 5600 anticltristo
2866 5546 3003 5601 inter
3043 5544 3176 5598 alios
3208 5542 3485 5596 intellexe-

1904 5624 2028 5667 runt
2077 5616 2184 5667 duo
2232 5615 2521 5669 Gallienum
2571 5616 2827 5671 Ecclesiae
2879 5613 3221 5670 illustrissimi
3284 5621 3485 5679 patres,

1903 5684 2263 5755 lrcutcusisub
2295 5686 2451 5738 titiem
2473 5686 2591 5755 libri
2622 5702 2674 5755 v,
2727 5699 2781 5744 et
2813 5686 3039 5742 Hilarius
3066 5686 3119 5738 iu
3145 5684 3487 5738 Commenta-

1896 5755 1998 5833 riis
2026 5758 2081 5811 in
2112 5754 2295 5809 Matth.
2325 5769 2444 5826 cap.
2475 5754 2562 5812 25s
