3994 6332
548 389 651 446 Ἠῖδ

1549 400 1606 457 S.
1645 402 1969 459 GREGORII
2011 402 2314 459 EPISCOPI
2352 404 2772 463 TUBONENSIS

3620 413 3784 470 -164

544 501 643 556 bus
683 500 984 558 hominibus
1052 504 1311 573 ignorari,
1347 510 1461 580 ipse
1509 514 1764 571 Dominus
1809 516 2113 571 manifestat
2138 519 2186 575 Α
2213 517 2282 570 ab
2328 518 2564 586 angelica
2628 519 2793 583 sede,
2858 518 3039 573 mundi
3097 518 3366 575 laboribus
3442 532 3781 592 deputantur.

543 594 727 646 dicens
751 606 764 646 ε
798 591 874 646 De
899 595 984 649 die
1008 609 1174 651 autem
1195 599 1287 653 illa
1315 611 1360 654 et
1387 600 1516 656 liora
1541 622 1686 659 nemo
1712 607 1825 672 scit,
1849 622 2008 677 neque
2027 623 2121 660 att-

543 684 639 755 geli
659 679 919 749 calorum,
946 703 1104 757 neque
1124 687 1311 755 Filius,
1336 694 1433 746 nisi
1454 693 1611 748 Pater
1628 700 1769 749 solus
1789 698 1976 755 (Marc.
2002 712 2114 764 xm,

2290 606 2350 663 lL
2380 606 2597 677 Cognita
2640 618 2816 663 autem
2862 621 2892 663 a
2941 610 3168 665 satellite
3213 608 3239 648 ά
3281 612 3473 666 mulier
3515 618 3781 686 concepit,

2219 700 2535 768 peperitque
2560 699 2696 753 duos
2726 697 2882 755 ﬁlios.
2914 699 3017 756 Sed
3050 701 3176 755 dum
3210 701 3348 757 Deus
3382 706 3538 760 unius
3582 710 3784 763 sacriﬁ-

540 770 654 842 52).
702 774 807 831 Sed
839 785 894 830 et
924 777 1011 833 hic
1061 782 1500 849 respondebimus
1550 789 1837 854 hareticis,
1881 790 1970 858 qui
2021 804 2121 845 nos
2217 791 2355 842 cium
2384 788 2668 859 dignanter
2693 790 2937 858 suscipit,
2990 792 3123 845 alter
3176 793 3375 848 invidia
3426 795 3785 855 inflammante

542 865 891 936 impugnaut,
934 883 1235 928 asserentes
1271 876 1529 931 minorem
1559 893 1680 934 esse
1710 880 1901 935 Filium
1934 883 2113 949 Patre,

537 956 627 1019 qui
655 954 791 1010 hanc
814 957 953 1013 diem
987 960 1215 1029 ignoret.
1238 966 1573 1034 Cognoscant
1600 983 1729 1039 ergo
1756 972 1897 1025 hunc
1926 964 2116 1027 Filium

2220 881 2485 939 tumescit.
2533 890 2587 934 et
2632 882 2683 934 in
2731 880 2946 935 fraterni
2979 883 3249 951 sanguinis
3278 885 3589 942 eﬂ‘usionem
3620 904 3786 945 novus

2219 969 2483 1038 parricida
2509 972 2565 1041 θ
2591 985 2916 1041 οοιιειιτθθηε
2951 981 2999 1038 ⁸,
3030 975 3245 1028 fratrem
3290 977 3559 1046 opprimit,
3604 981 3781 1048 vincit,

538 1042 905 1101 Ctristianum
968 1053 1217 1118 populum
1268 1068 1650 1125 nuncupatum,
1696 1060 1761 1114 de
1806 1076 1910 1128 quo
1944 1076 1975 1116 a
2008 1063 2119 1119 Deo
2216 1058 2488 1113 Ῐιιιεΐίωίι-

539 1126 844 1201 prwdicitur
874 1153 889 1189 :
922 1137 1033 1208 Ego
1056 1157 1143 1195 ero
1168 1144 1269 1197 illis
1300 1146 1349 1197 in
1378 1155 1594 1215 patrem,
1626 1159 1673 1202 et
1698 1150 1800 1216 ipsi
1820 1126 1968 1203 erunt
1990 1152 2118 1204 milii

2290 1149 2371 1203 lll.
2415 1150 2482 1204 Et
2523 1150 2713 1205 exhinc
2741 1160 2987 1206 cunctum
3018 1168 3184 1222 genus
3223 1155 3272 1208 itt
3307 1155 3511 1211 facinus
3540 1175 3784 1215 exsecra-

535 1225 591 1279 ξη
628 1229 763 1295 ﬁlios
793 1229 877 1295 (11
904 1230 1022 1288 Cor,
1057 1251 1128 1303 γι,
1161 1236 1271 1304 is),
1301 1237 1356 1292 Si
1403 1241 1544 1294 enim
1576 1243 1689 1297 ιηεε
1732 1244 1801 1299 (ιθ
1845 1246 2117 1312 υηίεεηίιο
2218 1238 2323 1293 bile
2354 1241 2478 1305 ruit,
2504 1250 2694 1307 praeter
2720 1242 2904 1296 Enocb
2927 1242 3153 1312 justum,
3182 1246 3270 1314 qui
3300 1247 3579 1303 ambulans
3609 1251 3660 1303 in
3688 1252 3784 1306 viis

541 1316 675 1372 Filio
705 1321 1057 1387 praedixisset,
1080 1342 1365 1396 numquam
1399 1332 1445 1384 ei
1468 1332 1687 1402 angelos
1716 1339 2111 1403 praeposuisset.

537 1406 628 1461 Sic
656 1410 796 1463 enim
829 1414 901 1466 ait
936 1432 949 1466 :
988 1415 1166 1485 Neque
1199 1422 1369 1490 angeli
1407 1425 1649 1477 cwlorum
1675 1464 1691 1491 ,
1721 1443 1881 1496 neque
1910 1426 2114 1493 Filius;

536 1503 828 1556 ostendens
860 1518 963 1557 ιιοιι
994 1506 1060 1560 de
1093 1508 1397 1578 Unigeuito,
1427 1512 1518 1566 sed
1543 1513 1611 1568 de
1637 1516 1889 1584 adoptivo
1912 1518 2114 1585 populo

538 1586 654 1643 haec
675 1590 875 1647 dixisse
904 1603 951 1649 ⁸.
984 1596 1176 1652 Noster
1226 1616 1353 1655 vero
1394 1604 1531 1670 linis,
1582 1605 1696 1675 ipse
1744 1605 1983 1661 Christus
2010 1618 2110 1672 est.

538 1682 624 1748 qui
656 1684 808 1738 nolis
834 1690 993 1740 vitam
1017 1700 1296 1759 aeternam,
1330 1693 1377 1747 si
1408 1695 1473 1748 ad
1512 1710 1632 1751 eum
1662 1698 1909 1753 cenVersi
1952 1698 2111 1754 fueri-

538 1789 677 1839 mus,
711 1775 853 1846 larga
882 1778 1205 1850 benignitate
1232 1786 1521 1852 praestabit.

2218 1326 2333 1390 Dei,
2375 1328 2441 1382 ab
2471 1329 2585 1395 ipso
2616 1330 2842 1383 Domino
2865 1344 3079 1399 propter
3102 1328 3365 1399 justitiam
3393 1349 3694 1406 ISSIltltplttS
3719 1342 3785 1396 de

2218 1417 2393 1470 medio
2422 1417 2689 1485 peccantis
2720 1420 2901 1488 populi
2934 1421 3211 1507 liberatur.
3243 1422 3330 1478 Sic
3351 1426 3491 1478 enim
3525 1428 3781 1496 legimus:

2215 1507 2500 1562 Atttbulavit
2547 1507 2729 1563 Enoclt
2757 1526 2873 1563 cum
2902 1510 3041 1575 Deo,
3089 1523 3136 1566 et
3174 1530 3275 1568 non
3306 1521 3623 1589 comparuit,
3669 1525 3785 1590 quia

2170 1610 2175 1625 ‘
2216 1596 2356 1650 Deus
2385 1599 2499 1651 tulit
2530 1616 2642 1651 eum
2681 1599 2831 1670 (Gen.
2862 1617 2915 1667 v,
2946 1600 3060 1672 24).

2284 1688 2370 1741 ιν.
2407 1689 2660 1743 Dominus
2687 1706 2814 1759 ergo
2839 1700 3139 1746 commotus
3159 1705 3341 1749 contra
3366 1696 3670 1767 iniquitates
3695 1717 3787 1771 po-

2213 1777 2320 1846 puli
2353 1793 2456 1832 non
2490 1778 2541 1832 in
2572 1781 2683 1833 suis
2707 1781 2910 1835 semitis
2952 1782 3245 1850 gradientis
3269 1826 3286 1852 ,
3332 1788 3591 1843 diluvium
3616 1795 3787 1847 immi-

608 1863 680 1917 lie
706 1870 1079 1933 supputatione
1111 1888 1235 1926 vero
1266 1873 1422 1942 hujus
1444 1878 1623 1932 mundi
1640 1880 1917 1936 evidenter
1935 1881 2101 1936 Chro-

2211 1868 2315 1936 sit,
2362 1878 2718 1938 cunctamque
2776 1873 3007 1926 animant
3065 1875 3326 1931 viventem
3379 1879 3446 1934 de
3505 1883 3786 1950 superﬁcie

532 1954 666 2006 nica:
700 1956 910 2011 Eusebii
937 1959 1283 2018 Caesariensis
1332 1968 1388 2037 8
1428 1969 1663 2037 episcopi
1709 1985 1772 2026 ac
1801 1971 2109 2043 Hieronymi

532 2046 829 2115 presbyteri
881 2052 1286 2121 proloquuntur,
1341 2066 1395 2111 et
1449 2060 1709 2114 rationem
1764 2062 1830 2116 de
1869 2064 2107 2118 omnium

528 2150 789 2191 annorum
845 2142 984 2194 serie
1027 2146 1281 2211 pandunt.
1318 2147 1446 2200 Nam
1482 2159 1533 2204 et
1562 2150 1784 2206 Orosius
1813 2152 2110 2221 diligentis-

530 2226 668 2279 sime
700 2227 813 2283 haec
838 2231 1127 2298 inquirens,
1158 2250 1373 2290 omnem
1407 2254 1685 2294 numerum
1730 2258 1991 2299 annorum
2042 2246 2109 2299 ab

534 2314 687 2369 initio
714 2320 895 2374 mundi
927 2337 1092 2392 usque
1118 2324 1182 2378 ad
1214 2342 1368 2381 suum
1401 2337 1607 2398 tempus
1638 2330 1688 2385 in
1743 2347 1905 2388 unum
1950 2337 2114 2390 colle-

538 2405 634 2473 git.
664 2407 772 2462 Hoc
797 2410 955 2465 etiam
982 2425 1033 2467 et
1059 2415 1342 2483 Victorius,
1391 2433 1509 2474 cum
1564 2420 1804 2477 ordinem
1836 2424 2108 2482 Paschalis

532 2498 888 2557 solemnitatis
937 2492 1247 2575 inquireret,
1302 2511 1445 2565 fecit.
1504 2513 1640 2581 Ergo
1669 2524 1721 2570 et
1751 2530 1849 2572 nos
1877 2517 2107 2587 scripto—

528 2604 646 2645 rum
676 2607 831 2661 supra
864 2607 1277 2654 memoratorum
1305 2604 1633 2672 exemplaria
1679 2621 1983 2675 sequentes,
2013 2623 2108 2664 cu-

530 2683 706 2748 pimus
736 2699 763 2736 a
795 2686 952 2753 primi
983 2688 1215 2747 hominis
1266 2694 1595 2762 conditione,
1654 2696 1698 2750 si
1730 2697 1984 2752 Dominus
2020 2699 2106 2753 di-

528 2772 780 2839 gnabitur
852 2791 1007 2832 suum
1074 2784 1415 2839 commodare
1484 2787 1768 2854 auxilium,
1826 2804 1991 2859 usque
2039 2793 2105 2846 ad

533 2877 775 2922 nostrum
809 2880 1016 2941 tempus
1044 2886 1289 2930 cunctam
1319 2893 1580 2935 annorum
1619 2884 1922 2951 congeriem
1959 2896 2108 2938 com-

531 2967 738 3023 putare.
770 2960 919 3026 Quod
952 2962 1161 3020 facilius
1190 2968 1329 3023 adim
1370 2969 1613 3037 labimus,
1645 2973 1690 3027 si
1714 2973 1782 3027 ab
1807 2974 1921 3044 ipso
1935 2976 2104 3031 Adam

531 3062 804 3103 sumamus
833 3054 1133 3109 exordium.

597 3137 638 3190 Ι.
676 3137 735 3193 In
789 3143 1049 3212 principio
1100 3146 1351 3202 Dominus
1406 3152 1600 3206 ctelum
1649 3162 1845 3209 terram
1887 3171 1997 3224 ue,
2046 3154 2101 3211 in

2213 1968 2370 2015 terra:
2407 1959 2611 2015 diluvio
2648 1964 2942 2020 inuttdante
2970 1967 3204 2027 delevit;
3250 1977 3557 2038 tantumque
3585 1972 3697 2027 Noe
3727 1977 3786 2028 ft-

2210 2048 2543 2104 delissimum
2574 2066 2637 2106 ac
2665 2047 2987 2122 peculiarem
3019 2058 3140 2122 sibi,
3170 2058 3358 2127 suique
3400 2062 3508 2131 typi
3551 2066 3783 2130 speciem

2212 2140 2606 2208 praeferentem,
2637 2158 2754 2196 cum
2786 2158 2878 2197 sua
2907 2155 2960 2199 et
2985 2149 3142 2201 trium
3175 2158 3419 2205 natorum
3446 2153 3782 2224 conjugibus,

2213 2231 2533 2299 posteritatis
2566 2235 2873 2301 reparanda).
2905 2240 3096 2303 gratia,
3130 2239 3180 2292 in
3211 2256 3330 2294 arca
3363 2245 3673 2300 reservavit.
3701 2248 3784 2302 ln-

2210 2332 2429 2379 crenant
2458 2338 2556 2376 nos
2588 2323 2671 2377 hic
2700 2324 2954 2391 ιιευιθιὶοὶ,
2986 2342 3079 2383 cur
3110 2330 3380 2399 Srriptura
3423 2349 3573 2389 sacra
3606 2336 3785 2393 Domi-

2211 2430 2334 2467 num
2374 2414 2594 2469 dixisset
2626 2416 2837 2470 iratum.
2871 2416 3210 2487 Cognoscant
3238 2437 3396 2492 ergo,
3439 2430 3562 2494 quia
3608 2427 3784 2482 Domi-

2211 2520 2311 2559 nos
2354 2518 2572 2573 noster,
2620 2522 2727 2561 non
2779 2518 2835 2562 ut
2885 2510 3043 2563 homo
3092 2513 3381 2568 irascitur:
3415 2531 3784 2576 commovetur

2209 2594 2385 2659 enim,
2432 2603 2492 2648 ut
2532 2605 2762 2661 terreat;
2802 2598 2975 2665 pellit,
3021 2610 3077 2653 ut
3115 2614 3359 2669 revocet;
3404 2605 3681 2677 irascitur,
3726 2623 3785 2668 ut

2207 2686 2476 2738 emendet.
2532 2684 2637 2739 Sed
2669 2700 2767 2740 nec
2814 2686 2916 2741 hoc
2960 2690 3209 2759 ambigo,
3256 2695 3395 2761 quod
3439 2699 3645 2763 Species
3690 2699 3783 2753 illa

2206 2791 2348 2831 arca:
2380 2788 2559 2846 typum
2585 2780 2775 2833 matris
2802 2783 3023 2849 gesserit
3056 2782 3311 2838 Ecclesiae
3343 2803 3356 2838 :
3391 2802 3502 2855 ipsa
3531 2790 3672 2845 enim
3700 2790 3784 2847 in-

2210 2878 2290 2923 ter
2318 2869 2511 2923 ﬂuctus
2558 2879 2611 2924 et
2634 2872 2890 2939 scopulos
2935 2872 3091 2941 hujus
3120 2877 3301 2931 saeculi
3346 2880 3643 2948 transiens,
3684 2898 3782 2939 nos

2206 2960 2275 3014 ah
2324 2960 2726 3018 imminentibus
2772 2962 2929 3018 malis
2968 2976 3208 3019 materno
3235 2971 3529 3034 gestamine
3555 2971 3781 3042 fovens,

2206 3054 2296 3124 pio
2319 3054 2563 3122 amplexu
2593 3069 2653 3110 ac
2684 3055 3010 3124 protectione
3049 3057 3304 3113 (tetendit.

2276 3144 2360 3198 Ab
2381 3145 2546 3198 Adam
2573 3159 2701 3214 ergo
2727 3160 2892 3214 usque
2914 3147 2981 3201 ad
3009 3148 3118 3203 Noe
3145 3160 3268 3205 sunt
3295 3157 3665 3220 generationes
3685 3160 3784 3216 ἀε-

529 3224 741 3283 Christo
770 3245 889 3295 suo,
922 3235 1009 3301 qui
1053 3246 1135 3291 est
1182 3241 1414 3294 omnium
1467 3245 1806 3314 principium,
1854 3248 1907 3302 id
1940 3250 2102 3302 estin

2211 3251 2326 3291 cem
2359 3253 2373 3289 ε
2405 3236 2454 3289 id
2484 3245 2566 3290 est
2593 3237 2791 3301 Adam,
2840 3237 3003 3304 Seth,
3044 3240 3221 3305 Eoos,
3252 3244 3475 3310 Caiuan,
3521 3248 3780 3316 Malaleel.

528 3316 662 3371 Filio
689 3335 786 3374 suo
811 3321 1080 3390 formavit,
1112 3329 1200 3396 qui
1228 3340 1351 3397 post
1395 3345 1574 3386 creata
1604 3337 1788 3391 mundi
1816 3338 2101 3406 elementa,

524 3410 733 3478 glebam
760 3428 1040 3471 assumens
1069 3420 1271 3487 fragilis
1313 3422 1422 3477 limi
1448 3422 1494 3493 δ,
1533 3427 1798 3483 hominem
1837 3430 1904 3484 ad
1952 3446 2100 3485 suam

527 3498 810 3567 imaginem
858 3505 1368 3580 similitudinemque
1396 3514 1677 3581 plasmavit
1696 3561 1710 3585 ,
1735 3528 1786 3571 et
1815 3520 2105 3576 insufﬂavit

530 3589 583 3642 in
605 3588 796 3646 faciem
824 3595 937 3658 ejus
966 3600 1289 3667 spiraculum
1322 3605 1463 3672 tite,
1493 3617 1547 3661 et
1587 3606 1759 3664 factus
1797 3620 1881 3666 est
1906 3613 1954 3666 in
1986 3615 2102 3666 ani-

524 3696 667 3735 mam
697 3683 1003 3742 viventem:
1044 3690 1126 3744 cui
1179 3692 1462 3750 dormienti
1511 3697 1684 3752 ablata
1715 3709 1881 3766 costa,
1911 3701 2105 3757 mulier

530 3773 638 3826 Eva
668 3785 846 3829 creata
876 3788 977 3833 est.
1011 3779 1118 3836 Nec
1161 3784 1375 3839 dubium
1407 3789 1547 3842 enim
1581 3801 1679 3856 est,
1714 3792 1854 3861 quod
1888 3792 1972 3846 hic
1994 3795 2097 3861 pri-

529 3880 649 3918 tuus
708 3866 867 3922 homo
919 3870 1109 3937 Adam,
1157 3886 1439 3946 antequam
1489 3891 1751 3948 peccaret,
1789 3892 1966 3951 typum
1996 3883 2103 3937 Do-

530 3955 662 4009 mini
718 3961 884 4013 nostri
945 3962 1316 4033 Redemptoris
1346 3971 1685 4037 prmtulisset.
1731 3972 1846 4040 Ipse
1875 3974 2015 4027 enim
2047 3975 2098 4030 in

530 4060 727 4113 sopore
772 4052 1028 4116 passionis
1084 4056 1450 4122 obdormiens,
1495 4062 1561 4113 de
1612 4060 1776 4116 lati-re
1828 4077 1924 4116 suo
1973 4062 2098 4118 dum

527 4152 717 4205 aquam
770 4155 1122 4214 cruoremque
1199 4150 1473 4214 produxit,
1535 4145 2101 4220 virginem'immacu-

530 4228 799 4301 latamque
828 4233 1119 4295 Ecclesiam
1151 4239 1253 4293 sibi
1304 4242 1567 4306 exhibuit,
1624 4246 1948 4314 redemptam
1979 4261 2101 4300 ssn-

523 4322 706 4389 guine,
754 4325 910 4380 latice
949 4331 1310 4396 emundatam,
1362 4347 1469 4386 non
1525 4334 1806 4388 habentem
1840 4337 2096 4393 maculam

524 4421 617 4465 aut
637 4426 855 4480 rugam;
881 4416 930 4468 id
954 4427 1036 4470 est
1063 4420 1296 4486 lymphis
1323 4422 1555 4475 ablatam
1581 4431 1795 4491 propter
1813 4426 2095 4494 maculam,

526 4499 579 4555 in
604 4518 763 4557 cruce
784 4514 1056 4562 cxtensam
1083 4518 1299 4577 propter
1329 4528 1536 4581 rugam.
1578 4514 1639 4566 lli
1668 4529 1797 4583 ergo
1820 4517 1979 4584 primi
2007 4518 2094 4571 bo-

529 4590 698 4644 mines
726 4593 864 4646 inter
894 4610 1101 4649 amtena
1136 4600 1363 4664 paradisi
1395 4610 1418 4639 ο
1451 4604 1601 4657 beate
1628 4605 1881 4668 viventes,
1912 4610 2096 4677 anguis

528 4692 647 4736 astu
703 4684 899 4761 illecti,
958 4687 1136 4742 divina
1186 4704 1450 4763 praecepta
1479 4697 1799 4754 transiliunt.
1823 4697 2096 4771 Ejeetique

603 4871 627 4900 η
656 4861 903 4943 Diversus
926 4866 1057 4920 alias
1094 4867 1264 4943 hujus
1306 4873 1405 4926 loci
1453 4873 1918 4943 interpretationes
1962 4880 2093 4936 all'e-

528 4942 645 5018 [ιιιιι
674 4934 1068 5018 εειιιᾳιξΡειιιςξ,
1094 4934 1232 4994 inter
1246 4956 1377 5010 quas
1393 4958 1454 4997 ea
1479 4954 1560 5018 est
1579 4934 1939 5018 communior,
1954 4934 2092 5018 quod

526 5002 674 5077 illum
717 5004 954 5077 quidem
991 5007 1131 5062 diem
1182 5002 1277 5064 ex'
1303 5023 1489 5067 natura
1532 5013 1873 5071 humanitatis
1916 5002 2093 5077 sint;

529 5071 759 5126 hominis
816 5075 1084 5151 nescierit,
1126 5095 1294 5151 quem
1353 5090 1532 5137 tamen
1588 5086 1750 5151 probe
1777 5071 2095 5147 Deushotno

530 5155 768 5226 noverat.
821 5144 1212 5226 Velmnesciebat
1264 5151 1364 5205 sub
1393 5144 1599 5226 ratione
1622 5171 1721 5224 qua
1754 5160 1958 5226 legatus
1982 5144 2096 5214 erat

527 5212 592 5263 ad
622 5210 891 5298 hqmines.‘
908 5213 1022 5269 Non
1042 5220 1184 5273 enim
1213 5233 1329 5275 erat
1357 5237 1420 5298 es
1454 5224 1553 5277 illis
1604 5210 2093 5298 veritati'busﬁq'uas

528 5295 647 5367 cum
673 5281 974 5367 hominibus
1002 5300 1117 5367 erat
1145 5293 1651 5367 communicaturus,
1702 5307 1783 5367 et,
1811 5300 1877 5350 de
1904 5281 2094 5367 quibus

524 5350 659 5404 alias
686 5352 819 5433 dixit
843 5370 854 5404 :
889 5356 1072 5433 Omnia
1108 5370 1227 5414 nota
1258 5359 1321 5415 fet
1342 5362 1536 5433 igvohis
1557 5350 1669 5433 quae
1689 5350 1860 5419 audivi
1888 5350 2094 5423 a‘paiié

529 5436 672 5501 meo,
696 5422 743 5473 id
775 5433 858 5501 est
885 5428 1065 5501 omnia
1087 5444 1204 5495 qua:
1233 5446 1296 5484 ex
1327 5431 1441 5501 ejus
1476 5422 1623 5494 uarie
1654 5436 1803 5487 vobis
1835 5422 2089 5497 habebam

526 5490 864 5569 ttotiqcattda.
890 5493 1014 5569 ilice
1041 5490 1374 5567 Augustinus
1394 5512 1445 5553 et
1468 5490 1753 5569 Gregorius
1784 5504 1856 5561 Μ.

596 5558 625 5641 ξ
649 5561 745 5641 ξῒίς
762 5563 883 5641 ιξοάἶ
906 5564 1084 5619 Casin.
1103 5558 1257 5633 .Valxi,
1288 5558 1639 5641 [ιαςίἰιὶιιιαῆι.

601 5639 626 5707 ξ
658 5631 796 5707 ξξᾴιιί
826 5672 841 5697 ,
863 5636 915 5686 in
939 5653 1134 5689 timuiita
1155 5631 1413 5707 paradiso.

599 5695 629 5771 ξι
662 5701 751 5754 Sic
776 5695 905 5758 mss.
939 5710 1075 5758 sicut
1104 5695 1165 5759 ρι’
1186 5709 1324 5762 intra
1368 5724 1471 5763 non
1499 5710 1687 5767 semel.
1738 5713 1879 5770 Editi
1921 5724 2097 5771 tamen

530 5766 744 5834 habent,
774 5775 978 5839 cognita
1007 5785 1174 5829 autem
1194 5794 1223 5831 a
1252 5792 1502 5835 consorte.
1527 5766 1685 5838 Curh.
1726 5766 2102 5842 sicut-etaiam

2204 3328 2385 3396 Jared,
2412 3328 2620 3394 Enocb,
2651 3328 2985 3396 Matusalam,
3018 3330 3268 3399 Lamech,
3300 3334 3433 3390 Noe.
3460 3336 3515 3391 ltt
3541 3338 3625 3395 his
3645 3357 3779 3411 ergo

2204 3420 2391 3474 decem
2439 3420 2901 3486 generationibus,
2950 3422 3294 3478 inveniuntur
3330 3428 3454 3480 anni
3486 3430 3632 3485 mille
3674 3434 3779 3486 du-

2203 3514 2343 3565 centi
2372 3512 2721 3581 quadraginta
2753 3512 2878 3569 duo.
2912 3513 3079 3568 Atiam
3107 3531 3234 3569 vero
3262 3517 3312 3571 in
3351 3527 3490 3573 terra
3522 3520 3781 3581 Euachim

2199 3603 2463 3670 sepultum
2489 3642 2503 3666 ,
2551 3619 2670 3670 quae
2697 3605 2847 3672 prius
2876 3605 3055 3659 Ebron
3106 3607 3423 3674 vocabatur,
3472 3611 3608 3667 liber
3649 3613 3781 3671 Jesu

2199 3692 2346 3749 Nave
2376 3693 2651 3747 evidenter
2675 3694 2927 3763 explanat
2957 3694 3095 3764 (les.
3127 3713 3245 3763 xrv,
3283 3699 3389 3770 15).

2274 3785 2336 3841 V.
2366 3785 2602 3839 Habebat
2624 3802 2751 3856 ergo
2772 3787 2882 3841 Noe
2904 3798 3020 3857 post
3040 3789 3292 3846 diluvium
3316 3800 3425 3849 tres
3447 3794 3585 3851 lilios
3625 3798 3780 3869 Sent,

2199 3872 2388 3941 Cham,
2414 3887 2472 3932 et
2499 3876 2697 3931 theth.
2734 3878 2805 3931 De
2832 3877 3003 3933 Jafeth
3033 3895 3261 3947 egressae
3288 3896 3408 3936 sunt
3436 3896 3657 3954 gentes,
3706 3891 3778 3945 si-

2200 3969 2394 4023 militer
2419 3976 2474 4023 et
2500 3970 2566 4022 de
2592 3968 2790 4034 Cham,
2833 3980 2888 4025 et
2926 3970 2993 4025 de
3032 3972 3181 4027 Sem.
3213 3976 3297 4041 Et,
3328 3979 3470 4033 sicut
3519 3979 3591 4033 ait
3619 3992 3779 4038 vetus

2203 4060 2458 4123 historia,
2491 4058 2558 4114 ab
2604 4058 2688 4112 his
2714 4059 3114 4115 disseminatum
3142 4072 3224 4116 est
3268 4080 3436 4134 genus
3480 4069 3777 4127 humanum

2190 4150 2295 4204 sub
2327 4149 2573 4203 universo
2612 4140 2770 4205 cmlo.
2804 4151 3196 4222 Primogenitus
3230 4170 3356 4210 vero
3383 4156 3573 4224 Citam,
3602 4158 3773 4218 Chus.

2202 4237 2296 4293 llic
2324 4239 2421 4293 fuit
2464 4240 2627 4294 totius
2668 4242 2802 4296 artis
2833 4244 3082 4311 magicas,
3127 4245 3675 4318 imbueutediabolo,
3720 4264 3778 4310 et

2200 4331 2401 4399 primus
2446 4331 2762 4409 idololatriae
2791 4334 3122 4389 adiuventur.
3158 4336 3258 4423 llic
3291 4340 3493 4406 primus
3524 4352 3779 4400 statuun-

2198 4422 2372 4477 culam
2406 4420 2425 4459 τ
2459 4422 2783 4476 adorandatn
2840 4424 3034 4479 diaboli
3080 4420 3415 4495 instigationis
3454 4435 3781 4489 constituit;

2198 4515 2287 4583 qui
2317 4523 2371 4569 et
2396 4515 2611 4582 stellas,
2649 4525 2705 4569 et
2736 4516 2908 4585 ignem
2945 4519 3047 4588 ιο
3072 4519 3138 4573 de
3171 4516 3314 4574 c'telo
3360 4523 3586 4590 cadere,
3640 4526 3781 4588 falsa

2126 4589 2175 4648 Ῑ)
2202 4606 2413 4669 virtute,
2436 4606 2743 4662 hominibus
2763 4610 3094 4664 ostendebat.
3121 4611 3214 4664 Hic
3236 4612 3301 4665 ad
3328 4613 3517 4668 Persas
3536 4620 3778 4673 transiit.

2196 4697 2349 4753 Hunc
2373 4697 2552 4753 Persae
2578 4699 2878 4754 vocitavere
2920 4700 3255 4757 Zoroastrem
3286 4711 3311 4749 Β
3331 4741 3347 4768 ,
3389 4702 3442 4759 id
3460 4712 3549 4759 est
3588 4708 3780 4763 viven-

2197 4892 2342 4954 smpe
2366 4879 2649 4933 accusandi
2685 4889 2987 4935 casmutens
3010 4895 3108 4951 pro
3135 4891 3306 4949 sexto,
3337 4886 3666 4954 cognitum...
3695 4906 3778 4942 sa.

2198 4949 2325 5001 tellit
2336 4963 2435 5003 em.

2271 5028 2294 5055 ο
2338 5017 2474 5071 Editi
2494 5059 2507 5083 ,
2540 5018 2593 5071 in
2618 5023 2829 5089 fratrem
2852 5021 3231 5090 sanguinis.....
3257 5024 3527 5092 fratricida
3564 5041 3781 5082 causari

2233 5103 2336 5141 eus.

2198 5104 2469 5235 ge’isklii,
2518 5157 2906 5235 stratttuculam.
2939 5158 3069 5235 hlss.
3100 5161 3244 5225 Beco.
3276 5161 3408 5235 Beg-
3454 5174 3508 5220 θῑ
3558 5166 3779 5235 Βθεηιοι

2196 5229 2539 5282 statuuculum
2582 5230 2916 5282 adorandum.
2949 5229 3135 5294 Corb.,
3183 5229 3484 5287 staticulum.
3517 5229 3783 5294 Μοτὲιιυᾱ

2196 5313 2532 5375 quoque,“
2573 5299 2759 5351 eodem
2791 5312 2892 5352 ms.
2923 5300 2979 5354 S.
3005 5300 3213 5375 Martini
3260 5302 3608 5370 Turonensis,
3640 5308 3779 5375 legit

2198 5368 2562 5443 statuttcttlum,
2591 5382 2747 5443 quam
2776 5382 2959 5443 vocem
2987 5371 3067 5423 sic
3096 5381 3283 5424 neutro
3318 5386 3514 5440 genere
3540 5368 3602 5428 in
3622 5368 3780 5443 frag-

2200 5448 2380 5490 tnento
2408 5437 2643 5490 Petronii
2675 5452 2841 5504 nuper
2869 5439 3014 5493 edito
3045 5437 3349 5508 usurpatam
3383 5444 3543 5497 fuisse
3585 5437 3781 5500 oh-e'r-

2200 5509 2340 5560 vavit
2388 5509 2689 5577 Altisserra,
2736 5510 2827 5575 qui
2877 5509 2993 5577 ejus
3023 5513 3181 5563 verba
3224 5509 3391 5564 refert
3418 5530 3435 5566 :
3461 5511 3548 5567 Ita
3575 5530 3639 5568 ea:
3683 5516 3785 5572 hac

2206 5593 2373 5655 massa
2400 5576 2532 5644 fabri
2559 5576 2971 5644 sustulerunt,“
2991 5582 3217 5649 fecerunt
3253 5582 3429 5635 catilla
3467 5592 3513 5638 et
3540 5600 3783 5655 paropsi-

2204 5644 2311 5707 des,
2340 5659 2706 5709 s'rnuncou,
2737 5656 2842 5701 etc.

2278 5722 2302 5761 Β
2346 5716 2421 5787 De
2448 5714 2749 5787 Zoroastre.
2783 5731 2942 5783 quem
2989 5718 3218 5787 primum
3251 5719 3650 5778 Bactrianorum
3693 5735 3784 5779 re-

2203 5799 2321 5853 gem
2354 5783 2516 5839 fuisse
2542 5785 2737 5851 volunt,
2767 5787 2914 5853 plura
2942 5783 3103 5842 habet
3130 5789 3351 5845 Plinius.
