3994 6332
460 372 563 429 167

1484 357 1542 413 S.
1583 350 1908 412 GREGORII
1946 349 2251 405 Ειηδηοῐιι
2293 349 2724 405 TURONENSIS

3618 356 3717 408 168

459 494 618 539 neme
663 488 842 536 autem
871 475 1040 539 fame,
1085 485 1206 527 cum
1234 468 1635 525 descendissent
1669 467 1722 521 hi
1750 467 1803 519 in
1834 464 2035 534 Egyp-
2065 463 2115 520 Α
2143 475 2247 529 quo
2277 462 2502 514 transitu
2526 461 2708 523 multa,
2742 469 2797 513 ut
2824 460 2954 524 dixi,
2988 468 3309 515 narrantur:
3342 461 3435 517 sed
3459 476 3559 516 nos
3581 465 3728 532 quod

459 588 601 639 tum,
632 570 829 637 cogniti
879 576 999 622 sunt
1046 580 1075 620 a
1101 563 1329 632 Joseph,
1360 576 1460 614 nec
1487 572 1664 613 tamen
1696 558 1797 624 ipsi
1841 554 2039 621 Joseph

457 668 838 734 cognoverunt.
874 658 995 727 Ipse
1028 666 1204 710 tamen
1244 668 1303 707 se
1332 654 1414 707 his
1464 659 1585 720 post
1619 651 1815 704 muhas
1855 661 2040 703 eorum

457 754 825 823 fatigationes,
870 759 923 803 et
969 746 1201 801 adducto
1251 743 1559 811 Benjamin,
1600 740 1892 793 declaravit
1927 754 1940 790 :
1976 735 2043 790 de

458 843 655 899 Rachel
684 843 824 895 enim
857 848 1024 893 matre
1050 851 1144 890 sua
1177 844 1333 889 natus
1361 842 1415 887 et
1440 831 1527 885 hic
1554 831 1744 884 fuerat.
1776 827 1902 881 Post
1929 825 2044 879 InI-c

458 933 787 990 descendunt
815 928 996 984 cuncti
1026 927 1279 981 Israelita:
1310 925 1364 978 in
1413 923 1721 992 Egyptum,
1753 930 1807 975 et
1838 934 1929 987 per
1953 917 2043 973 Jo-

456 1027 590 1093 seph
644 1022 937 1078 Pharaonis
975 1019 1142 1088 gratia
1189 1026 1430 1070 utuntur.
1481 1014 1646 1069 Jacob
1697 1021 1872 1066 autem
1922 1020 2044 1079 post

460 1115 773 1171 benedictos
823 1112 961 1166 ﬁlios
988 1124 1115 1163 suos
1143 1111 1195 1161 in
1225 1108 1459 1177 [Egypto
1490 1106 1750 1168 moritur,
1776 1111 1828 1157 et
1874 1102 1926 1156 in
1958 1116 2043 1156 se-

459 1205 645 1273 pulcro
675 1212 701 1239 ⁸
734 1203 901 1272 patris
927 1202 1007 1253 sui
1041 1200 1186 1252 Isaae
1216 1198 1473 1266 sepelitur
1499 1196 1550 1249 in
1585 1204 1723 1248 terra
1766 1193 2041 1248 Chanaan.

463 1296 669 1349 Mortuo
717 1304 893 1346 autem
926 1291 1122 1357 Joseph
1154 1300 1314 1358 atque
1345 1288 1623 1343 Pharaone
1649 1286 1678 1324 ι’
1702 1326 1717 1350 ,
1763 1285 2044 1355 subjicitur

461 1358 653 1439 cuncta
679 1382 953 1452 generatio
985 1381 1250 1445 servituti,
1280 1395 1397 1448 qua:
1431 1394 1523 1445 per
1550 1379 1766 1446 Moysen
1797 1386 1913 1444 post
1952 1376 2044 1431 de-

462 1491 578 1530 cem
612 1476 792 1542 plagas
823 1471 1039 1542 .Egypti
1074 1470 1350 1535 liberatur,
1384 1467 1633 1523 demerso
1663 1465 1941 1521 Pharaone
1990 1464 2044 1519 in

462 1567 599 1622 mari
642 1564 843 1619 Rubro.

537 1657 608 1711 X.
643 1657 711 1709 Et
734 1654 986 1725 quoniam
1011 1653 1076 1707 de
1106 1651 1208 1707 hoc
1234 1651 1398 1705 maris
1426 1650 1649 1703 transitu
1678 1648 1858 1718 plures
1882 1646 2044 1701 multa

463 1748 733 1811 dixerunt,
764 1747 936 1800 visum
965 1754 1069 1810 est,
1101 1752 1161 1797 ut
1188 1744 1256 1797 de
1286 1742 1390 1796 situ
1421 1742 1521 1795 loci
1553 1741 1721 1805 illius,
1766 1739 1849 1793 vel
1882 1739 2045 1808 ipsius

2143 565 2171 604 a
2200 553 2547 619 sapientibus,
2579 560 2637 607 et
2661 561 2809 607 certe
2839 552 2943 607 illis
2972 551 3299 617 hominibus,
3326 554 3414 616 qui
3446 554 3498 609 in
3529 556 3729 610 eodem

2144 643 2262 699 loco
2289 654 2660 709 accesserant,
2709 660 2891 700 verum
2933 646 3282 715 cognovimus
3309 685 3326 711 ,
3374 659 3437 701 ea
3488 647 3736 703 inserere

2151 734 2451 789 studuimus
2508 736 2732 803 paginae.
2766 735 2930 789 Aiunt
2976 735 3119 788 enim
3150 736 3362 799 sulcos,
3414 751 3551 805 quos
3594 722 3732 790 roie

2141 837 2396 878 curruum
2427 826 2693 891 fecerant,
2726 838 2894 891 usque
2927 824 3085 879 hodie
3116 840 3452 894 permanere,
3480 837 3534 880 et
3562 841 3731 895 quan-

2144 923 2251 967 tum
2282 918 2422 968 acies
2452 914 2726 968 oculorum
2750 914 2931 970 videre
2958 923 3152 983 potest,
3186 916 3238 969 in
3272 916 3535 985 pro'undo
3556 918 3726 972 cerni.

2142 1004 2287 1070 Quos
2334 1006 2380 1059 si
2434 1005 2701 1060 modicum
2749 1009 3037 1060 commotio
3084 1009 3247 1061 maris
3292 1008 3587 1073 obtexerit,
3636 1008 3735 1062 illo

2142 1097 2477 1163 quiescente,
2511 1112 2719 1151 rursum
2751 1096 3007 1152 divinitus
3036 1106 3361 1152 renovantur
3392 1107 3450 1152 ut
3496 1099 3725 1153 fuerant.

2148 1188 2334 1243 Dicunt
2383 1188 2496 1255 alii,
2529 1190 2670 1257 quod
2714 1188 2781 1243 ad
2808 1190 2974 1259 ipsam
3006 1192 3198 1259 ripam,
3231 1190 3369 1245 facto
3399 1193 3608 1245 modico
3636 1206 3731 1261 per

2144 1294 2291 1333 mare
2319 1278 2546 1332 circuitu
2572 1320 2587 1345 ,
2643 1279 2785 1333 unde
2834 1281 3059 1349 ingres~i
3093 1280 3301 1335 fuerant
3323 1325 3335 1343 ,
3367 1283 3473 1336 sint
3504 1284 3729 1338 reversi.

2144 1368 2249 1422 Alii
2277 1382 2404 1422 vero
2432 1378 2714 1434 asserunt,
2771 1384 2931 1423 unum
2964 1372 3170 1423 cunctis
3217 1372 3514 1440 ingressum
3549 1388 3564 1424 :
3598 1387 3732 1425 non-

2146 1458 2299 1524 nulli,
2331 1459 2611 1529 unicuique
2642 1459 2799 1513 tribui
2823 1474 2972 1514 suam
3005 1462 3240 1525 patuisse
3267 1462 3439 1532 viam,
3475 1462 3602 1516 illud
3650 1473 3734 1517 te-

2147 1553 2452 1606 stimonium
2477 1553 2719 1607 Psalterii
2736 1553 3058 1609 adducentes
3076 1564 3099 1591 ο
3120 1571 3135 1607 :
3160 1555 3262 1621 Qui
3283 1554 3449 1608 divisit
3472 1572 3611 1608 mare
3630 1555 3732 1607 Ru-

2149 1645 2295 1699 brum
2337 1646 2390 1699 in
2430 1646 2698 1701 divisiones
2740 1645 2913 1715 (Psat.
2953 1662 3153 1713 cxxxv,
3196 1648 3303 1718 l3),
3339 1648 3440 1718 14,
3458 1664 3590 1717 quas
3633 1665 3732 1704 nos

2112 1798 2127 1815 ᾧ
2147 1736 2437 1791 divisiones
2462 1736 2795 1806 spiritaliter,
2825 1745 2881 1791 et
2928 1753 3032 1792 non
3059 1738 3350 1793 secundum
3383 1740 3613 1794 litteram
3646 1742 3730 1795 in-

464 1839 719 1904 transitu,
767 1836 943 1905 aliqua
996 1835 1117 1889 huic
1171 1835 1404 1889 inseram
1454 1832 1691 1886 lectioni.
1743 1831 1893 1884 Nilus
1945 1844 2041 1898 per
2078 1817 2120 1874 Β
2150 1830 2389 1899 telligere
2412 1839 2646 1899 oportet.
2678 1830 2813 1885 Sunt
2841 1833 2981 1886 enim
3011 1839 3067 1885 et
3111 1832 3163 1885 in
3213 1831 3314 1887 hoc
3338 1834 3556 1897 smculo,
3589 1832 3730 1900 quod

463 1935 778 2004 Egyptum,
805 1932 943 1985 sicut
969 1929 1167 1998 optime
1198 1929 1390 1996 nostis,
1418 1925 1676 1989 decurrit,
1703 1934 1757 1978 et
1786 1926 1903 1990 ipse
1928 1938 2045 1977 eam

464 2029 667 2095 impetu
708 2038 805 2079 suo
833 2023 1054 2092 irrigat:
1085 2021 1226 2076 unde
1247 2029 1301 2074 et
1336 2018 1574 2089 Atgyptii
1605 2016 1841 2071 Nilicolas
1869 2016 2049 2084 appel-

465 2116 661 2170 lantur.
689 2111 852 2181 Cujus
881 2126 1019 2164 nunc
1066 2110 1243 2163 littora
1287 2109 1439 2161 muiti
1472 2107 1711 2160 locorum
1756 2105 2050 2173 perlustra-

465 2217 629 2269 tores,
664 2203 858 2259 referta
889 2202 1056 2256 sacris
1099 2198 1446 2252 monasteriis
1489 2197 1676 2249 dicunt
1704 2208 1846 2249 esse.
1878 2193 2052 2261 Super

467 2300 637 2366 ripam
668 2309 797 2348 vero
825 2294 944 2359 ejus
990 2305 1097 2345 non
1144 2288 1465 2359 Babylonia,
1516 2287 1584 2342 de
1614 2301 1718 2357 qua
1749 2299 1911 2353 supra
1942 2299 2053 2338 nte-

468 2389 753 2449 minimus,
805 2383 898 2437 sed
944 2381 1232 2453 Babylonia
1264 2380 1434 2434 altera
1461 2378 1655 2433 civitas
1686 2387 1706 2414 ε
1741 2377 2051 2441 collocatur,

475 2482 529 2536 in
558 2494 659 2549 qua
705 2476 902 2545 Joseph
934 2476 1122 2528 horrea
1152 2473 1289 2528 miro
1318 2487 1479 2543 opere
1521 2472 1588 2526 de
1618 2470 1883 2539 lapidibus
1924 2484 2057 2538 qua-

470 2572 584 2626 dris
614 2580 668 2625 et
697 2576 961 2622 cremento
989 2565 1275 2619 aedificavit
1302 2580 1316 2617 ι
1350 2564 1421 2617 ita
1452 2572 1510 2618 ut
1538 2562 1603 2617 ad
1647 2561 1867 2616 fundum
1897 2576 2056 2629 capa-

470 2662 614 2717 ciora
634 2699 650 2725 ,
681 2659 746 2713 ad
775 2672 1039 2711 summum
1071 2670 1197 2710 vero
1222 2655 1507 2709 constricta
1543 2654 1642 2724 13
1678 2653 1821 2718 sint‘,
1865 2661 1920 2707 ut
1964 2667 2057 2720 per

472 2751 748 2819 parvulum
794 2749 1034 2803 foramen
1079 2746 1275 2800 ibidem
1308 2746 1538 2799 triticum
1582 2746 1853 2812 jaceretur
1879 2783 1895 2808 ,
1938 2758 2057 2811 quas

471 2842 661 2897 horrea
695 2855 862 2909 usque
909 2836 1071 2892 hodie
1114 2846 1426 2890 cernuntur.
1463 2835 1537 2889 De
1575 2834 1677 2889 hac
1720 2835 1933 2888 civitate
1964 2848 2056 2888 rex

472 2933 539 2988 ad
589 2929 1016 3001 persequendum
1071 2928 1364 2991 llebrazos,
1412 2941 1532 2979 cum
1564 2926 1887 2980 exercitibus
1936 2940 2058 2978 cur-

473 3038 652 3087 ruum,
683 3037 745 3075 ac
762 3020 938 3073 multa
965 3017 1195 3088 pedestri
1227 3032 1386 3071 manu
1414 3015 1648 3071 directus
1677 3025 1777 3070 est.
1814 3016 1952 3069 Ante
1980 3014 2059 3068 di-

476 3124 596 3169 ctus
624 3128 751 3168 vero
781 3112 974 3165 fluvius
1004 3111 1072 3164 ab
1104 3109 1322 3163 Oriente
1367 3110 1615 3174 veniens,
1650 3107 1714 3162 ad
1751 3108 2057 3162 occidenta-

2152 1920 2439 1990 figuraliter
2468 1936 2613 1973 mare
2650 1920 2866 1987 dicitur,
2896 1922 3075 1976 multa;
3100 1923 3390 1977 divisiones
3415 1939 3430 1977 ε
3461 1938 3563 1976 non
3586 1925 3729 1979 enim
3806 1952 3819 1962 -

2150 2013 2426 2081 aequaliter
2470 2023 2731 2082 possunt,
2783 2023 2876 2068 aut
2929 2031 3022 2081 per
3071 2030 3227 2069 unam
3265 2015 3402 2069 viam
3453 2000 3519 2070 ad
3568 2017 3729 2095 vitam

2150 2096 2327 2159 cuncti
2370 2103 2619 2159 transire.
2664 2105 2764 2158 Alii
2795 2114 2970 2160 autem
3004 2116 3279 2161 transeunt
3316 2108 3365 2161 in
3401 2108 3583 2164 horam
3627 2109 3732 2177 pri-

2153 2211 2293 2250 mam
2319 2212 2333 2251 :
2362 2196 2414 2249 id
2446 2205 2526 2251 est
2554 2197 2642 2263 qui
2674 2198 2845 2251 renati
2887 2213 2979 2268 per
3018 2199 3355 2267 baptismum,
3406 2202 3732 2255 immaculati

2154 2287 2223 2341 ab
2262 2287 2407 2342 omni
2459 2288 2864 2357 inquinamento
2907 2292 3085 2347 carnis
3117 2286 3406 2361 perdurare
3457 2308 3626 2363 usque
3667 2294 3731 2347 ad

2154 2377 2278 2431 vita:
2321 2379 2600 2446 praesentis
2638 2381 2836 2434 exitum
2877 2392 3119 2450 possunt.
3168 2383 3269 2437 Alii
3300 2383 3366 2437 ad
3398 2381 3582 2437 horam
3630 2394 3735 2438 ter-

2158 2466 2319 2531 tiam,
2355 2467 2602 2522 videlicet
2628 2469 2716 2537 qui
2767 2470 2956 2538 majori
3008 2478 3165 2525 a'tate
3193 2482 3596 2527 convertuntur.
3633 2473 3734 2527 Alii

2160 2559 2225 2629 ad
2270 2572 2498 2625 sextam,
2542 2560 2631 2630 qui
2661 2561 2883 2616 luxuriae
2914 2562 3179 2618 fervorem
3231 2573 3519 2619 coercent:
3550 2574 3603 2617 et
3644 2580 3738 2633 per

2158 2651 2257 2706 has
2299 2667 2536 2721 quasque
2582 2652 2779 2720 horas,
2828 2654 2964 2708 sicut
3015 2654 3352 2725 Evangelista
3391 2655 3601 2727 (Matth.
3638 2659 3735 2726 xx)

2158 2753 2562 2808 commemorat,
2592 2743 2656 2797 ad
2682 2758 2901 2813 operam
2931 2745 3215 2801 dominicae
3242 2746 3413 2800 viuere
3442 2748 3737 2802 secundum

2160 2833 2317 2888 Ildem
2362 2835 2631 2903 propriam
2679 2836 3069 2890 conducuntur.
3096 2837 3216 2890 ~lla:
3259 2847 3385 2891 sunt
3411 2838 3739 2908 divisiones,

2159 2925 2350 2995 quibus
2399 2942 2494 2994 per
2535 2926 2636 2981 hoc
2669 2942 2817 2982 mare
2861 2929 3136 2981 transitur.
3171 2927 3311 2981 Illud.
3340 2944 3468 2982 vero
3491 2930 3627 2998 quod
3672 2931 3740 2987 ad

2161 3030 2308 3071 mare
2339 3004 2507 3085 usque
2548 3018 2825 3072 venientes
2845 3057 2862 3082 ,
2907 3016 3052 3073 littus
3082 3019 3253 3088 stagni
3282 3028 3521 3099 tenentes
3562 3037 3742 3077 rever-

2165 3114 2376 3173 tuntur,
2428 3107 2558 3161 illud
2602 3119 2683 3161 est
2723 3107 2864 3176 quod
2908 3109 3162 3163 Dominus
3192 3110 3257 3164 ad
3302 3111 3519 3183 Moysen
3565 3112 3740 3169 dixit:

474 3207 576 3261 lem
604 3204 809 3274 plagam
834 3216 1017 3258 versus
1040 3200 1278 3254 Rubrum
1303 3214 1448 3254 mare
1473 3200 1612 3253 vadit
1645 3215 1662 3254 :
1687 3200 1754 3253 ab
1777 3200 2063 3255 Oecidente
2087 3178 2134 3241 ο
2170 3199 2377 3252 Reuersi
2405 3208 2573 3252 castra
2599 3209 2850 3252 metantur
2875 3216 2901 3253 e
2931 3201 3134 3270 regione
3174 3199 3502 3267 Phiahfroth,
3534 3219 3646 3269 qua:
3669 3215 3743 3257 est

474 3311 602 3349 vero
633 3304 877 3363 stagnum
922 3292 1034 3347 sive
1064 3291 1339 3344 brachium
1373 3289 1442 3343 de
1472 3290 1603 3342 mari
1632 3288 1813 3343 Rubro
1844 3304 2064 3359 progre-

473 3386 651 3451 ditur,
698 3393 753 3439 et
800 3384 944 3437 vadit
991 3392 1179 3437 contra
1205 3381 1515 3445 Orientem,
1572 3380 1775 3435 habens
1818 3381 1869 3434 in
1903 3381 2063 3450 longo

475 3479 643 3533 millia
671 3476 883 3530 circiter
910 3473 1322 3542 quinquaginta;
1351 3472 1401 3524 in
1429 3471 1534 3524 lato
1559 3481 1764 3537 autem,
1793 3470 1977 3525 decem
2010 3482 2064 3528 et

481 3579 625 3624 octo.
663 3568 716 3621 In
746 3567 902 3635 hujus
940 3566 1115 3630 stagni
1154 3565 1328 3628 capite
1366 3563 1581 3633 Clysma
1623 3563 1817 3617 civitas
1841 3560 1868 3599 ἀ
1897 3563 2063 3616 rediti-

483 3668 599 3711 cata
628 3664 731 3720 est,
767 3670 871 3708 non
903 3662 1123 3720 prepter
1152 3652 1479 3705 fertilitatem
1529 3651 1649 3715 loci,
1687 3666 1805 3705 cum
1837 3651 1968 3705 nihil
1996 3651 2066 3706 sit

485 3751 605 3819 plus
635 3747 849 3811 sterile,
880 3744 972 3800 sed
1001 3753 1219 3813 propter
1250 3757 1458 3812 portum
1493 3761 1505 3795 :
1536 3745 1659 3814 quia
1687 3758 1849 3798 naves
1878 3747 1945 3799 ab
1976 3745 2064 3798 ln-

480 3840 582 3894 diis
605 3841 903 3903 venientes,
930 3837 1124 3891 ibidem
1148 3836 1216 3888 ob
1241 3844 1425 3903 portus
1446 3836 1894 3904 opportunitatem
1918 3836 2066 3904 quie-

477 3940 669 3995 scunt;
714 3929 783 3983 ibi
831 3936 1157 3995 comparata:
1202 3940 1407 3980 merces
1456 3942 1550 3993 per
1579 3935 1743 3980 totam
1775 3926 2063 3998 Egyptum

478 4022 849 4089 deportantur.
883 4018 962 4072 Ad
995 4016 1095 4070 hoc
1121 4027 1367 4087 stagnum
1400 4031 1497 4083 per
1525 4015 1799 4070 desertum
1850 4016 2065 4070 Hebraei

477 4112 777 4175 tendentes,
823 4123 990 4177 usque
1039 4107 1105 4161 ad
1139 4107 1311 4173 ipsum
1343 4119 1488 4160 mare
1524 4115 1817 4174 venerunt,
1872 4106 2062 4160 inven-

477 4204 649 4272 tisque
677 4200 922 4256 dulcibus
952 4201 1104 4268 aquis
1132 4209 1306 4253 castra
1341 4197 1525 4252 mctati
1553 4207 1695 4251 sunt.
1727 4198 1781 4251 In
1816 4198 1915 4254 hoc
1936 4214 2065 4269 ergo

478 4304 630 4347 arcto
658 4293 811 4356 loco,
861 4302 966 4344 tam
995 4291 1061 4344 ab
1091 4304 1276 4344 eremo
1306 4304 1462 4357 quam
1490 4288 1557 4340 ab
1590 4288 1704 4355 ipso
1732 4290 1862 4342 mari
1882 4331 1895 4354 ,
1937 4303 2066 4343 con-

477 4388 756 4447 sederunt,
788 4384 925 4438 sicut
966 4384 1223 4450 scriptum
1256 4390 1338 4435 est
1365 4398 1379 4435 :
1405 4383 1627 4434 Audiens
1668 4380 1898 4445 Pharao,
1928 4382 2064 4450 quod

477 4477 801 4529 conclusisset
831 4490 915 4526 eos
946 4488 1087 4524 mare
1116 4482 1268 4540 atque
1314 4474 1585 4534 desertum,
1616 4488 1705 4524 nec
1735 4482 1860 4525 esset
1888 4473 1959 4525 eis
1988 4474 2064 4525 via

2170 3290 2301 3341 inter
2330 3287 2626 3359 Magdalum
2649 3300 2694 3341 et
2718 3304 2856 3343 utare
2875 3300 3054 3343 contra
3079 3290 3384 3359 Beelsephon
3408 3291 3601 3363 (Exod.
3627 3310 3739 3360 XIV,

2166 3378 2245 3448 Ξ).
2276 3379 2382 3433 Nec
2407 3380 2546 3433 enim
2577 3379 2795 3432 dubium
2825 3390 2926 3444 εει,
2959 3379 3100 3449 quod
3144 3382 3398 3436 transitus
3426 3383 3517 3438 ille
3558 3383 3740 3452 maris,

2166 3469 2249 3523 vel
2300 3469 2542 3522 columna
2594 3471 2748 3524 nubis
2790 3480 2969 3541 typum
3012 3473 3279 3540 gesserint
3323 3474 3491 3528 nostri
3543 3475 3745 3542 baptis-

2168 3560 2345 3627 matis,
2376 3560 2587 3615 dicente
2616 3563 2770 3614 beato
2814 3561 2979 3617 Paulo
3006 3562 3246 3630 apostolo
3272 3578 3285 3615 :
3312 3561 3450 3618 Noto
3480 3579 3567 3617 vos
3594 3565 3746 3635 igno-

2167 3669 2301 3715 rare,
2350 3657 2567 3720 fratres,
2609 3654 2728 3724 quia
2759 3664 2930 3722 patres
2961 3654 3119 3708 nostri
3143 3671 3315 3708 omnes
3358 3656 3450 3707 sub
3477 3656 3606 3708 nube
3632 3656 3745 3725 {ue-

2166 3754 2307 3807 runt,
2333 3755 2379 3797 et
2406 3762 2576 3799 omnes
2621 3745 2674 3799 in
2707 3745 2915 3815 Moysen
2948 3746 3191 3812 baptizati
3216 3754 3333 3799 sunt
3359 3746 3411 3798 in
3441 3748 3572 3798 nube
3610 3756 3659 3800 et
3690 3748 3744 3800 in

2168 3838 2297 3890 mari
2329 3836 2380 3908 (I
2412 3836 2529 3891 Cor.
2581 3852 2643 3902 x,
2689 3837 2739 3901 I,
2771 3837 2850 3905 2).
2890 3835 3145 3890 Columna
3201 3852 3329 3892 vero
3380 3836 3515 3906 ignis
3560 3846 3745 3907 typum

2168 3930 2337 3984 sancti
2378 3929 2612 3998 Spiritus
2644 3928 2892 3996 praztulit.

2242 4022 2287 4074 A
2310 4022 2582 4074 nativitate
2609 4035 2737 4090 ergo
2768 4019 2996 4074 Abrahae
3023 4034 3190 4089 usque
3220 4019 3285 4075 ad
3306 4035 3577 4089 egressum
3612 4020 3748 4075 filio-

2168 4125 2284 4165 rum
2318 4110 2474 4164 Israel
2507 4126 2574 4165 ex
2620 4110 2869 4180 Aﬂgypto,
2926 4110 3007 4164 vel
3041 4109 3317 4164 transitum
3350 4109 3508 4165 maris
3540 4111 3698 4165 [iulxri
3726 4150 3744 4177 ,

2168 4201 2258 4271 qui
2289 4201 2385 4256 fuit
2426 4202 2596 4272 Moysi
2635 4202 2993 4271 octogesimus
3021 4217 3212 4269 annus,
3242 4212 3594 4273 supputautur
3620 4204 3748 4258 anni

2169 4307 2394 4347 numero
2423 4291 2548 4345 462.

2240 4383 2332 4437 XI.
2364 4383 2566 4437 Exinde
2609 4398 2705 4453 per
2740 4382 3083 4452 quadraginta
3105 4398 3273 4436 annos
3298 4382 3545 4437 Israelita!
3564 4396 3749 4437 eremo

2170 4488 2411 4541 utuntur,
2444 4478 2751 4531 imbuuntur
2796 4476 3038 4547 legibus;
3074 4475 3384 4545 probantur,
3415 4473 3750 4543 victibusque

479 4581 581 4631 qua
632 4571 833 4629 possant
885 4577 1133 4631 pergere,
1183 4560 1250 4612 ad
1297 4562 1701 4631 persequendum
1751 4577 1836 4616 eos
1884 4564 2067 4616 direxit
2095 4552 2150 4612 D
2176 4573 2463 4634 pascuntur
2490 4567 2763 4634 angelicis.
2817 4566 3077 4636 Deinceps
3118 4567 3258 4621 enim
3310 4574 3430 4634 post
3474 4573 3750 4634 acceptam

479 4654 679 4721 (Exod.
714 4668 822 4719 xiv,
850 4653 928 4721 ὅ).
960 4653 1197 4720 Cumque
1224 4650 1637 4706 imminentibus
1672 4653 1754 4706 his
1782 4654 1947 4724 Moysi
1978 4669 2071 4720 po-

487 4746 644 4815 pulus
671 4744 1042 4808 acclamasset,
1071 4743 1363 4798 secundum
1389 4748 1593 4813 jussum
1625 4747 1926 4802 Divinitatis
1950 4762 2069 4817 pro-

476 4838 613 4908 jeeta
663 4837 807 4903 virga
860 4849 1023 4903 super
1071 4848 1252 4900 mare,
1283 4833 1512 4890 divisum
1558 4845 1672 4901 est;
1722 4836 1933 4906 illisque
1974 4853 2066 4906 per

477 4928 621 4983 sicca
647 4925 1035 4996 gradientibus,
1062 4938 1141 4989 et,
1178 4935 1235 4979 ut
1264 4927 1537 4995 Scriptura
1566 4928 1635 4982 ait
1665 4945 1680 4982 :
1709 4928 1862 4983 Maro
1900 4947 2063 4999 aqua-

479 5035 592 5073 rum
622 5020 845 5088 undique
898 5020 1075 5071 vallati
1109 5016 1305 5088 (Exod.
1341 5036 1449 5087 stv,
1479 5019 1571 5088 2‘2)
1594 5063 1608 5085 ,
1655 5022 1706 5074 in
1736 5022 1881 5077 littus
1909 5022 2061 5088 illud,

479 5109 620 5179 quin]
664 5117 748 5164 est
789 5118 977 5163 contra
1008 5119 1242 5163 montem
1273 5111 1413 5180 Syna
1440 5151 1455 5176 ,
1495 5111 1646 5165 illaesi
1676 5127 1917 5180 prorsus,
1966 5113 2063 5168 de-

481 5200 676 5257 mersis
719 5200 1015 5270 tEgyptiis,
1049 5201 1230 5271 Moyse
1274 5202 1413 5257 duce
1461 5204 1943 5275 transgrediuntur.
1987 5205 2065 5261 De

553 5345 596 5413 I_
618 5333 755 5387 Cod.
786 5333 993 5413 Regii)...
1024 5336 1078 5387 in
1098 5337 1340 5413 sepulcro
1381 5355 1476 5393 suo
1503 5357 1537 5394 a
1563 5339 1780 5408 Joseph.
1830 5341 2062 5413 Utraque

476 5405 635 5462 lectio
662 5419 788 5459 vera
817 5420 885 5456 ex
919 5402 1136 5458 Genesi.

553 5473 601 5551 δ’
622 5475 755 5531 Cod.
790 5473 1001 5543 Regm.,
1032 5492 1063 5527 a
1088 5474 1365 5532 Pharaone
1408 5478 1707 5551 subjicitur,
1756 5497 1874 5549 quae
1899 5483 2059 5537 etiam

478 5546 638 5600 lectio
673 5559 799 5599 vera
833 5556 936 5597 est.

557 5616 744 5701 illam
769 5614 929 5701 hpdie
953 5615 1167 5701 cairum
1188 5618 1503 5701 appellatur,
1529 5619 1664 5701 urbs
1686 5619 1908 5701 IEgyptj
1928 5638 2064 5701 prae:

483 5682 637 5763 cip_ua
667 5687 731 5763 ad
778 5684 953 5763 N__ilu_r_n
997 5682 1408 5763 ﬂuvinmtolim
1459 5682 2062 5763 sultanorumHA'Igypti

484 5752 664 5817 sedes,
707 5755 869 5811 hodie
891 5755 1080 5813 Turcis
1117 5752 1346 5813 subdita.

2174 4657 2391 4725 Legem,
2427 4666 2868 4726 transgressaque
2889 4673 3007 4711 cum
3038 4658 3162 4723 Jesu
3195 4657 3339 4713 Nave
3366 4657 3618 4725 Jordane,
3643 4666 3753 4712 ter-

2173 4766 2287 4807 ram
2328 4751 2757 4820 repromissionis
2790 4752 3074 4819 accipiunt.

2246 4842 2356 4896 XII.
2398 4843 2523 4895 Post
2562 4845 2713 4911 cujus
2753 4844 3057 4906 transitum,
3089 4842 3214 4895 dum
3266 4852 3530 4912 prtecepla
3572 4843 3753 4900 divina

2173 4942 2522 5003 postponunt,
2564 4949 2707 5002 saepe
2751 4934 2803 4987 in
2846 4932 3259 5005 alienigenarum
3305 4936 3521 4988 servitio
3562 4935 3753 5004 subju-

2171 5038 2385 5096 gantur.
2435 5026 2536 5081 Sed
2590 5040 2711 5080 cum
2743 5027 2990 5083 conversi
3043 5026 3431 5097 ingemiscunt,
3487 5028 3754 5083 tribuente

2170 5120 2420 5188 Domino,
2457 5135 2552 5189 per
2595 5120 2829 5174 virorum
2875 5119 3090 5172 fortium
3122 5118 3394 5173 brachium
3434 5119 3751 5175 liberantur.

2170 5211 2412 5266 Posthaec
2457 5226 2551 5280 per
2578 5209 2900 5277 Samuelem,
2932 5224 3135 5280 regem,
3156 5211 3294 5264 sicut
3324 5209 3544 5278 reliquae
3564 5220 3755 5279 gentes

2246 5345 2273 5382 ἀ
2314 5344 2463 5411 Apud
2511 5344 2853 5398 Ptolemzeum
2895 5344 3195 5411 prmsidium
3235 5351 3319 5398 est
3361 5345 3414 5398 in
3454 5361 3574 5400 sinu
3621 5346 3756 5399 Ara-

2172 5416 2291 5470 bico
2336 5416 2516 5468 situm.
2568 5416 2803 5468 Lisinum
2834 5428 2953 5469 esse
2997 5413 3250 5469 Antonini
3293 5424 3441 5484 putat
3486 5418 3758 5472 Snnlerus

2170 5486 2309 5554 apud
2339 5485 2619 5538 Orteliurn.

2244 5565 2266 5592 °
2310 5555 2489 5609 Codex
2515 5554 2716 5607 Turon.
2744 5553 2880 5622 apud
2913 5554 3189 5608 Morelium
3216 5554 3375 5610 habet
3403 5555 3761 5608 testimonium

2169 5625 2396 5691 psalterii
2424 5625 2707 5686 abutentes,
2735 5634 2985 5693 quartum
3019 5624 3244 5679 fortasse
3268 5640 3449 5679 casum
3476 5640 3567 5693 pro
3594 5635 3755 5679 sexto

2168 5693 2449 5766 adhibens.
2494 5694 2713 5766 Videtur
2740 5696 2935 5766 quippe
2963 5694 3255 5766 Gregorius
3297 5710 3481 5750 eorum
3523 5704 3756 5750 senten-

2172 5762 2295 5818 tiam
2320 5766 2386 5819 de
2417 5779 2518 5834 qua
2551 5763 2636 5820 hic
2680 5762 2931 5833 loquitur,
2965 5762 3429 5831 non'apprubarc.
