3994 6332
297 273 400 336 171
1308 322 1325 340 κ

1370 258 1430 317 S.
1470 251 1828 315 GREGORII
1867 246 2200 310 EPISCOPI
2238 250 2710 313 TURONENSIS

3688 259 3800 319 172

297 398 547 470 cundus,
576 395 941 461 Octavianus,
958 387 1099 449 Julii
1122 384 1362 445 Caesaris
1382 398 1582 456 nepos,
1611 396 1784 455 quem
1801 378 2061 449 Augu-A
2080 379 2385 449 militibus,
2426 380 2522 437 hic
2547 381 2621 439 ab
2645 380 2787 453 ipsis
2813 379 3202 438 sacerdotibus
3226 381 3635 441 custodiretur.
3672 383 3801 442 Sed

298 494 455 550 stum
473 492 700 555 vocant,
729 500 762 541 a
781 496 895 556 quo
928 484 983 536 et
1006 475 1230 535 mensis
1255 474 1557 546 Augustus
1582 476 1665 529 est
1694 470 1995 556 vocitatus.

300 579 482 652 Cujus
511 590 663 635 nono
693 555 915 629 decimo
934 563 1166 639 imperii
1194 576 1369 632 anno,
1400 558 1762 652 Lugdunum.
1788 555 2001 615 Gallia-

299 643 433 727 rum
458 664 663 723 urbem
716 656 1007 717 conditam
1058 646 1531 710 manifestissime
1582 643 1950 716 reperimusa
1984 658 1996 697 :

296 773 429 832 qua:
452 758 645 829 postea
673 749 960 808 illustrata
980 748 1304 815 martyrum
1316 730 2000 810 sanguine,Nobilissima

290 850 683 922 nuncupatur.

367 966 583 1028 XVIII.
638 964 811 1022 Anno
848 951 1289 1033 quadragesimo
1352 943 1821 1019 tertiobimperii
1876 941 2001 999 Au-

295 1058 470 1133 gusti,
504 1052 789 1114 Dominus
814 1052 1007 1107 noster
1018 1045 1047 1104 J
1055 1039 1601 1133 esus‘Chri_stus,_ut
1621 1034 1903 1133 diximus,
1926 1046 2001 1088 ex

295 1121 525 1218 virgine
555 1140 737 1200 Maria
775 1138 837 1195 in
865 1133 1164 1194 Bethleem
1186 1128 1371 1188 David
1399 1125 1629 1218 oppido,
1671 1121 1995 1218 secundum

294 1211 531 1294 carnem
558 1236 733 1289 natus
764 1232 883 1285 est:
926 1224 1094 1296 cujus
1142 1220 1499 1277 immensum
1532 1213 1692 1272 sidus
1721 1212 1876 1284 magi
1928 1211 2001 1268 ab

296 1323 530 1383 Oriente
555 1322 875 1385 cernentes,
930 1326 1064 1370 cum
1095 1307 1441 1367 muneribus
1470 1302 1735 1370 veniunt,
1771 1306 1826 1356 et
1854 1312 2000 1371 pue-

293 1428 431 1474 rum
460 1407 749 1481 supplices
785 1400 991 1462 ohlatis
1039 1396 1207 1455 donis
1247 1394 1505 1453 adorant.
1553 1390 1809 1449 Herodes
1862 1402 1998 1481 vero

295 1505 371 1563 ob
400 1476 594 1560 zelum
635 1495 799 1568 regni
827 1492 942 1563 sui,
972 1490 1113 1549 dum
1149 1488 1337 1545 Deum
1385 1483 1686 1542 Christum
1733 1476 1999 1554 persequi

296 1588 526 1657 nititur,
554 1580 829 1657 parvulos
858 1579 1110 1637 infantes
1135 1570 1434 1631 interimit.
1454 1571 1582 1644 Ipse
1599 1572 1830 1643 quoque
1841 1571 1995 1641 post-

292 1677 535 1738 modum
568 1675 659 1737 18
680 1667 1128 1744 judiciodivino
1169 1677 1474 1737 percussus
1504 1666 1608 1718 est.

367 1795 523 1855 XIX.
553 1791 805 1852 Domino
849 1792 1041 1846 autem
1070 1786 1187 1843 Deo
1213 1788 1409 1840 nostro
1437 1779 1467 1837 J
1472 1794 1576 1837 esu
1605 1774 1837 1836 Christo
1875 1789 2000 1847 poe-

294 1886 603 1946 nitentiam
650 1881 1017 1956 praedicante,
1076 1870 1348 1947 baptismi
1393 1868 1637 1943 gratiam
1689 1866 1995 1956 tribuente,

292 1975 387 2036 vel
429 1954 669 2032 caeleste
703 1983 949 2043 regnum
1005 1963 1229 2022 cunctis
1284 1957 1555 2033 gentibus
1607 1954 1995 2043 promittente,

293 2068 467 2137 atque
504 2042 791 2134 prodigia,
820 2062 875 2114 et
905 2054 1070 2127 signa
1120 2066 1224 2124 per
1249 2047 1495 2137 populos
1525 2050 1838 2137 operante;
1890 2042 2000 2137 hoc

292 2131 398 2223 est,
427 2131 570 2208 dum
615 2131 686 2205 de
714 2145 883 2219 aquis
928 2142 1065 2201 vina
1110 2138 1344 2213 profert,
1379 2136 1520 2193 dum
1560 2132 1751 2223 febres
1774 2131 1996 2223 exstin-

291 2220 441 2314 guit,
481 2238 625 2297 dum
654 2237 820 2294 caecis
846 2233 1047 2290 lumen
1077 2227 1304 2298 tribuit,
1358 2225 1500 2282 dum
1549 2222 1789 2314 sepultis
1820 2220 2001 2314 vitam

293 2310 567 2399 restituit,
599 2327 743 2385 dum
773 2324 1031 2382 obsessos
1054 2320 1128 2377 ab
1156 2315 1477 2375 immundis
1527 2312 1828 2387 spiritibus
1856 2310 1998 2369 libe-

293 2428 405 2492 rat,
435 2418 579 2477 dum
608 2415 859 2487 leprosos
890 2406 1208 2468 miserabili
1227 2410 1521 2478 turpentes
1546 2410 1677 2461 cute
1696 2401 1995 2459 reformat:

296 2491 424 2570 haec
452 2509 598 2566 dum
617 2511 673 2563 et
701 2503 816 2561 alia
848 2500 1012 2575 signa
1044 2497 1231 2555 multa
1260 2496 1495 2564 iaciens,
1530 2491 2001 2551 manifestissime

296 2615 359 2659 se
388 2598 573 2657 Deum
603 2593 831 2668 populis
861 2606 985 2649 esse
1013 2585 1370 2647 declarat.In
1401 2584 1621 2644 Judmis
1652 2584 1738 2641 ira
1756 2598 2003 2643 succen-

288 2686 467 2756 ditur,
507 2682 730 2740 invidia
760 2678 1110 2750 exagitatur,
1148 2690 1213 2732 ac
1244 2688 1410 2731 mens
1442 2673 1512 2729 de
1549 2671 1834 2743 sanguine
1863 2684 2001 2756 pro-

196 2843 199 2845 ,
294 2755 605 2848 phetarum
644 2774 825 2841 pasta,
859 2772 924 2823 ut
962 2765 1198 2823 Justum
1246 2761 1545 2819 interimat
1593 2759 1809 2831 injuste
1838 2755 2003 2848 moli-

296 2846 414 2921 tur.
441 2859 592 2933 Ergo
619 2863 684 2917 ut
713 2862 975 2914 veterum
1001 2858 1202 2912 vatum
1229 2849 1656 2924 complerentur
1682 2846 1937 2915 oracula,
1968 2862 2001 2904 a

299 2948 583 3023 discipulo
609 2945 871 3017 traditur,
922 2961 956 3002 a
985 2940 1361 3016 pontificibus
1410 2939 1615 3012 inique
1646 2936 2001 2995 condemna-

298 3049 414 3114 tur,
466 3056 500 3098 a
551 3037 769 3097 Judaeis
801 3033 1090 3103 illuditur,
1124 3047 1257 3091 cum
1287 3030 1508 3105 iniquis
1559 3026 1939 3099 crucifigitur,
1967 3042 2000 3085 a

296 3113 587 3188 militibus
616 3124 827 3183 emisso
853 3122 1059 3195 spiritu
1094 3119 1441 3178 custoditur.
1498 3116 1602 3173 His
1630 3115 1811 3187 igitur
1838 3113 2001 3185 actis,
2019 3119 2061 3179 C

299 3219 555 3280 tenebrae
601 3232 775 3290 super
801 3215 1143 3274 universum
1200 3209 1492 3269 mundum
1529 3209 1693 3265 factae
1758 3212 1914 3274 sunt,
1949 3211 2007 3263 et

297 3309 471 3369 multi
521 3304 787 3366 conversi
840 3301 1305 3377 ingemiscentes,
1372 3298 1575 3357 Jesum
1628 3295 1847 3355 Filium
1902 3292 2006 3352 Dei

299 3397 550 3458 confessi
576 3399 730 3456 sunt.

371 3525 497 3585 XX.
530 3522 943 3597 Apprehensus
979 3522 1175 3577 autem
1204 3522 1260 3573 et
1294 3514 1530 3588 Joseph,
1569 3511 1671 3585 qui
1699 3525 1837 3568 eum
1874 3524 2003 3567 aro-

300 3615 557 3676 matibus
584 3611 882 3671 conditum
915 3608 977 3666 in
1007 3622 1112 3666 suo
1138 3610 1517 3664 monumento
1562 3599 1904 3671 recondidit,
1944 3599 2005 3656 in

302 3705 573 3766 cellulam
599 3701 918 3761 recluditur
948 3710 986 3771 ο,
1017 3705 1072 3757 et
1105 3697 1179 3755 ab
1208 3694 1353 3770 ipsis
1383 3693 1746 3752 sacerdotum
1788 3690 2009 3764 princi-

301 3794 476 3870 pibus
526 3791 865 3862 custoditur,
916 3789 1193 3862 majorem
1232 3786 1295 3843 in
1347 3799 1484 3842 eum
1535 3782 1813 3840 habentes
1845 3778 2011 3837 szevi-

301 3868 466 3954 tiam,
499 3886 564 3939 ut
590 3879 761 3938 Gesta
788 3877 959 3935 Pilati
982 3877 1056 3935 ad
1084 3874 1383 3933 Tiberium
1408 3873 1812 3948 imperatorem
1834 3868 2010 3926 missa

304 3974 566 4036 referunt
593 3974 641 4045 ιι,
674 3988 849 4048 quam
882 3970 946 4029 in
981 3969 1176 4043 ipsum
1205 3967 1545 4036 Dominum,
1573 3971 1639 4024 ut
1663 3979 1800 4024 cum
1826 3961 1926 4020 ille
1976 3978 2012 4020 a

372 4177 712 4241 tUtrnmque
772 4175 917 4240 quod
978 4172 1066 4225 hic
1128 4186 1158 4224 a
1232 4168 1491 4233 Gregorio
1551 4168 1749 4219 dicitur
1812 4163 2012 4219 falsum

310 4263 435 4308 esse
481 4240 633 4315 putat
686 4248 925 4301 Valesius
973 4248 1029 4299 in
1081 4244 1271 4298 Notitia
1326 4243 1630 4295 Galliarum.
1676 4242 1822 4299 Nam,
1858 4240 2014 4315 teste

312 4311 503 4387 Dione;
547 4326 608 4375 ιιι
800 4327 999 4403 auctor
1038 4319 1323 4403 obﬁrvat,‘
1371 4316 1728 4403 Lugdunumh
1752 4326 1815 4403 ιι-
1854 4311 2014 4403 Inicio

311 4403 508 4456 Planco
558 4398 833 4450 conditum
862 4401 947 4449 est
983 4388 1164 4459 jussu'
1174 4396 1414 4453 senatus,
1439 4389 1731 4444 metuentis
1752 4399 1821 4439 ne
1857 4388 2014 4439 Plan-

2083 475 2421 543 resurgente
2448 470 2715 541 Domino,
2743 470 3079 530 custodibus
3107 471 3332 531 visione
3363 472 3628 545 angelica
3664 480 3792 532 ter—

2082 559 2229 630 ritis,
2262 574 2545 618 cumtnon
2575 560 2939 619 inveniretur
2979 562 3041 618 in
3064 560 3314 632 tumulo,
3343 570 3508 621 nocte
3532 564 3798 636 parietes

2082 647 2153 705 de
2177 648 2408 719 cellula,
2440 648 2502 705 in
2557 664 2672 722 qua
2718 648 2931 723 Joseph
2980 649 3299 720 tenebatur,
3351 653 3799 726 suspenduntur

2081 736 2145 794 in
2175 737 2459 804 sublimi;
2494 739 2616 811 ipse
2655 753 2787 797 vero
2842 737 2913 796 de
2971 739 3248 812 custodia,
3303 742 3637 800 absolvente
3688 732 3798 800 an-

2080 828 2229 902 gelo,
2263 827 2559 899 liberatur,
2600 829 2917 902 parietibus
2965 830 3243 889 restitutis
3268 830 3332 889 in
3359 832 3554 891 locum
3584 828 3789 892 suum.

2082 916 2344 994 Cumque
2381 920 2685 994 pontifices
2727 919 3063 979 custodibus
3094 922 3532 994 exprobrarent,
3577 929 3635 980 et
3663 938 3793 980 san-

2083 1017 2243 1068 ctum
2273 1025 2481 1083 corpus
2507 1010 2581 1068 ab
2610 1009 2827 1067 eisdem
2866 1010 3149 1068 instanter
3172 1012 3552 1084 requirerent,
3582 1012 3793 1069 dicunt

2084 1099 2169 1157 eis
2198 1099 2441 1157 milites:
2473 1099 2712 1157 Reddite
2743 1105 2834 1162 19
2884 1115 2987 1157 vos
3031 1100 3264 1174 Joseph,
3319 1108 3375 1158 et
3430 1114 3533 1159 nos
3596 1100 3787 1158 reddi.

2083 1206 2215 1249 mus
2235 1190 2565 1249 Christum:
2603 1189 2702 1248 sed
2729 1196 2793 1248 ut
2813 1204 3019 1247 verum
3046 1189 3436 1262 agnoscimus,
3470 1205 3663 1264 neque
3682 1188 3791 1247 vas

2080 1282 2503 1341 benefactorem
2551 1280 2672 1351 Dei,
2739 1296 2930 1353 neque
2967 1296 3072 1338 nos
3126 1280 3339 1339 Filium
3390 1280 3496 1338 Dei
3550 1280 3790 1339 reddere

2082 1388 2241 1432 nunc
2271 1374 2551 1432 valemus.
2586 1376 2747 1431 Tunc
2794 1370 2914 1428 illis
2946 1370 3223 1441 confusis,
3265 1370 3478 1429 milites
3530 1370 3640 1429 sub
3678 1371 3789 1428 hac

2082 1460 2456 1521 excusatione
2483 1461 2834 1520 liberantur.

2151 1550 2306 1610 XXI.
2354 1550 2559 1608 Fertur
2609 1551 2857 1610 Jacobus
2916 1549 3225 1625 apostolus,
3287 1565 3420 1610 cum
3469 1549 3788 1609 Dominum

2075 1642 2198 1715 jam
2248 1648 2545 1701 mortuum
2592 1642 2832 1701 vidisset
2875 1644 2936 1700 in
2986 1657 3173 1714 cruce,
3214 1643 3519 1701 detestasse
3547 1652 3569 1679 ο
3613 1646 3789 1712 atque

2011 1746 2059 1807 Β
2075 1732 2320 1807 jurasse,
2350 1749 2653 1807 nunquam
2680 1749 2740 1791 se
2763 1738 3155 1792 comesturum
3181 1748 3413 1806 panem,
3442 1731 3559 1789 nisi
3586 1729 3787 1789 Domi-

2085 1839 2231 1881 num
2270 1830 2527 1882 cerneret
2576 1831 2995 1899 resurgentem.
3054 1822 3243 1883 Tertia
3280 1822 3519 1881 demum
3568 1822 3662 1880 die
3696 1836 3785 1880 re-

2084 1914 2249 1973 diens
2278 1916 2585 1987 Dominus,
2636 1915 2875 1989 spoliato
2911 1920 3120 1973 tartara
3162 1929 3297 1972 cum
3342 1912 3656 1985 triumpho,
3696 1911 3788 1969 Ja-

2083 2004 2224 2063 cobo
2254 2021 2315 2064 se
2343 2006 2672 2075 ostendens,
2717 2006 2829 2064 ait:
2887 2006 3070 2079 Surge
3101 2004 3334 2073 Jacobe,
3360 2003 3614 2073 comede,
3647 2001 3787 2076 quia

2078 2093 2199 2167 jam
2253 2110 2286 2151 a
2342 2094 2587 2153 mortuis
2639 2094 2950 2152 resurrexi.
2998 2093 3107 2150 Hic
3151 2098 3237 2151 est
3288 2090 3534 2151 Jacobus
3586 2089 3788 2149 Justus

2082 2194 2256 2254 quem
2278 2181 2510 2240 fratrem
2538 2182 2774 2239 Domini
2806 2183 3209 2255 nuncupant‘,
3263 2197 3365 2255 pro
3413 2196 3480 2239 eo
3505 2180 3658 2257 quod
3682 2180 3785 2240 Jo-

2082 2270 2220 2343 seph
2252 2270 2423 2329 fuerit
2452 2270 2607 2329 filius
2640 2288 2711 2329 ex
2740 2271 2855 2329 alia
2884 2287 3067 2329 uxore
3092 2272 3450 2345 progenitus.

2154 2359 2337 2419 XXII.
2370 2360 2732 2420 Dominicam
2787 2378 2922 2420 vero
2982 2362 3484 2433 resurrectionem,
3544 2361 3637 2419 die
3665 2362 3788 2435 pri-

2084 2466 2179 2509 ma
2201 2452 2407 2509 factam
2433 2452 2742 2523 credimus,
2798 2468 2916 2511 non
2956 2453 3198 2526 septima
3254 2454 3405 2512 sicut
3456 2452 3626 2511 multi
3674 2467 3788 2525 pu-

2085 2544 2226 2598 tant.
2256 2539 2366 2598 Hic
2395 2541 2627 2607 est,dies
2654 2542 3093 2601 resurrectionis
3146 2542 3383 2600 Domini
3433 2542 3614 2600 nostri
3647 2542 3785 2599 Jesu

2084 2626 2318 2698 Christi,
2372 2645 2546 2701 quem
2577 2645 2682 2688 nos
2732 2631 2960 2704 proprie
3011 2630 3395 2701 Dominicam,
3436 2646 3538 2703 pro
3592 2635 3788 2688 saneta

2085 2720 2211 2791 ejus
2243 2720 2666 2779 resurrectione
2698 2737 2994 2780 vocamus.
3032 2722 3144 2780 Hic
3174 2722 3398 2797 primus
3426 2721 3616 2780 lucem
3645 2721 3786 2780 vidit

2086 2808 2149 2867 in
2174 2810 2485 2883 principio,
2539 2816 2595 2868 et
2627 2810 2723 2868 hic
2764 2812 2990 2885 primus
3040 2812 3351 2871 Dominum
3386 2818 3786 2885 resurgentem

2086 2898 2462 2972 contemplari
2490 2899 2703 2958 meruit
2728 2900 2799 2958 de
2822 2901 3104 2973 sepulcro.
3154 2900 3177 2949 ί

2156 2986 2207 3042 Α
2268 2986 2595 3059 captivitate
2676 3002 2810 3045 vero
2858 2987 3275 3062 Hierosolyma:
3329 2991 3385 3045 et
3439 2986 3790 3045 desolatione

2087 3077 2307 3150 templi,
2367 3094 2555 3163 usque
2614 3079 2686 3136 ad
2751 3078 3080 3153 passionem
3129 3078 3364 3137 Domini
3412 3079 3594 3136 nostri
3652 3078 3789 3161 Jesu

2088 3166 2320 3237 Christi,
2355 3167 2416 3226 id
2447 3158 2531 3225 eat
2560 3184 2745 3243 usque
2796 3170 2868 3227 ad
2899 3170 3119 3229 Tiberii
3158 3171 3470 3243 septimum
3497 3158 3790 3226 decimum

2089 3269 2333 3324 annum,
2360 3264 2746 3329 supputantur
2766 3257 2908 3315 anni
2936 3257 3041 3316 668
3063 3268 3109 3317 ε.

2159 3342 2371 3401 XXIII.
2427 3345 2757 3418 Resurgens
2814 3353 3010 3405 autem
3065 3346 3370 3417 Dominus,
3426 3360 3528 3420 per
3554 3342 3791 3417 quadra-

2087 3433 2247 3506 ginta
2279 3434 2402 3494 dies
2429 3452 2565 3495 cum
2590 3436 2893 3509 discipulis
2918 3438 2987 3495 de
3010 3452 3187 3511 regno
3215 3435 3318 3493 Dei
3348 3435 3673 3508 disputans,
3694 3433 3786 3491 vi-

2087 3525 2359 3585 dentibus
2403 3526 2522 3585 illis
2550 3528 2613 3585 in
2667 3527 2822 3586 nube
2853 3534 3172 3600 susceptus,
3222 3531 3567 3607 evectusque
3597 3524 3660 3580 in
3685 3538 3796 3580 coe-

2089 3615 2194 3687 los,
2263 3617 2333 3675 ad
2390 3618 2575 3676 Patris
2627 3619 2921 3676 dexteram
2976 3616 3185 3675 residet
3213 3615 3516 3691 gloriosus.
3576 3610 3795 3670 Pilatus

2088 3712 2285 3764 autem
2317 3706 2484 3766 Gesta
2510 3708 2581 3766 ad
2614 3708 2911 3767 Tiberium
2940 3707 3223 3766 Caesarem
3254 3704 3448 3774 mittit,
3494 3706 3551 3759 et
3582 3701 3637 3758 ei
3674 3708 3791 3757 tam

2090 3794 2161 3854 de
2190 3795 2505 3855 virtutibus
2533 3797 2768 3870 Christi,
2813 3813 2991 3871 quam
3021 3797 3092 3853 de
3120 3795 3386 3870 passione
3414 3792 3508 3851 vel
3541 3804 3793 3849 resurre-

2090 3886 2279 3944 ctione
2303 3887 2428 3959 ejus
2448 3888 2725 3948 insinuat.
2756 3888 2901 3958 Quze
2930 3888 3100 3947 Gesta
3122 3886 3144 3915 ¹¹
3171 3887 3322 3961 apud
3376 3901 3482 3945 nos
3504 3883 3678 3943 hodie
3710 3897 3795 3939 re-

2093 3976 2355 4037 tinentur
2378 3981 2608 4055 scripta.
2640 3981 2911 4042 Tiberius
2960 3986 3155 4040 autem
3194 3980 3305 4037 hoc
3355 3978 3425 4036 ad
3482 3973 3793 4036 senatumi

2096 4179 2306 4243 Christi,
2349 4180 2418 4233 de
2470 4181 2591 4245 ejus
2636 4177 2926 4232 virtutibus
2975 4180 3029 4232 et
3068 4178 3135 4231 iis
3177 4190 3298 4244 quas
3347 4189 3444 4242 per
3472 4175 3644 4240 ipsius
3690 4172 3797 4225 dis-

2096 4252 2305 4317 cipulos
2326 4252 2382 4302 in
2412 4252 2533 4315 ejus
2560 4252 2780 4303 nomine
2809 4249 3027 4312 ﬂebant,
3063 4253 3166 4301 etc.

2158 4334 2180 4362 ε
2209 4324 2346 4376 Editi
2391 4323 2591 4376 habent
2647 4323 2975 4376 detestatum
3029 4334 3153 4374 esse.
3205 4320 3354 4371 Hanc
3414 4320 3596 4371 autem
3642 4317 3801 4369 histo-

2096 4395 2231 4447 riam
2290 4408 2359 4449 ex
2420 4394 2767 4447 Hebraeorum
2851 4394 3138 4457 Evangelia
3202 4391 3385 4444 laudat
3445 4391 3802 4453 Hieronymus

312 4486 433 4551 cus
466 4474 706 4551 armatus
743 4460 1858 4551 {Illonig110?“,EPIPIIBHC?ALS§P}:£§F2
1888 4469 2161 4551 sei-senta
2189 4467 2456 4551 ‘Catalogo
2514 4467 2761 4520 virorum
2823 4465 3135 4520 illustrium.
3188 4463 3261 4518 De
3312 4475 3378 4517 ea
3429 4468 3485 4516 et
3545 4461 3802 4527 vulgatus

313 4542 692 4607 coniungeret.
757 4537 1022 4600 Secundo,
1088 4536 1427 4607 Lugdunum,
1467 4531 1864 4607 nobilissimum
1897 4531 2074 4607 _di-“
2095 4538 2291 4592 Abdias
2318 4531 2457 4591 libro
2483 4551 2559 4590 γι,

315 4602 462 4669 ctum
508 4602 621 4663 non
660 4611 747 4662 est
778 4621 808 4659 a
835 4613 1136 4672 martyrum
1166 4605 1524 4663 multitudine,
1562 4602 1660 4655 sed
1707 4604 1775 4655 ob
1827 4603 2015 4667 splen-

318 4688 511 4741 dorem
565 4685 619 4734 et
684 4682 979 4746 potentiam
1040 4681 1289 4740 coloniae,
1356 4689 1477 4742 quae
1524 4676 1683 4727 etiam
1735 4680 2016 4730 senatores

316 4757 513 4812 curiaa‘
531 4752 863 4808 conferebat.
918 4754 979 4806 In
1024 4752 1215 4807 eadem
1249 4748 1385 4802 urbe
1431 4749 1591 4801 natus
1643 4749 1723 4800 est
1773 4748 2019 4802 Claudius

317 4832 605 4895 Augustus.
976 4835 985 4845 '

382 4904 410 4940 δ
434 4902 559 4953 Cod.
615 4902 789 4964 Corb.,
862 4911 1008 4954 anno
1081 4896 1498 4965 quadragesimo
1575 4898 1772 4959 quarto
1850 4896 2020 4961 impe-

324 4973 423 5033 rii,
479 4977 582 5029 etc.
642 4974 828 5027 Caeteri
893 4972 1085 5037 scripti
1125 4969 1325 5023 habent
1374 4967 1783 5033 quadragesimo
1838 4969 2019 5032 tertio,

322 5049 381 5100 ut
414 5044 561 5098 editi.

391 5117 544 5170 cHoc
604 5130 673 5170 ex
731 5116 1041 5183 apocrypha
1104 5113 1378 5168 Nicodemi
1427 5110 1737 5174 Evangelia,
1806 5114 1897 5164 aut
1951 5124 2021 5165 ex

321 5188 506 5254 aliqua
560 5189 805 5253 ejusdem
852 5189 1039 5240 farinae
1098 5193 1319 5239 auctore
1370 5184 1662 5246 descripsit
1712 5185 2022 5250 Gregorius,

322 5274 429 5317 nec
468 5263 734 5327 majorem
786 5260 949 5311 fidem
992 5264 1269 5311 merentur
1311 5259 1465 5311 Gesta
1520 5257 1694 5319 Pilati,
1740 5258 2025 5321 quaeinter

323 5337 641 5401 apocrypha
674 5332 952 5394 deputavit
994 5329 1238 5383 Gelasins
1269 5331 1407 5395 Papa
1447 5330 1505 5381 in
1548 5329 1801 5393 Catalogo
1850 5328 2021 5383 libro-

319 5418 443 5464 rum
468 5404 923 5473 apocryphorum.

383 5480 793 5533 d'l'ertullianus
849 5477 905 5527 in
959 5476 1300 5540 Apologetico
1360 5475 1500 5529 idem
1549 5477 1798 5538 testatur,
1860 5477 1915 5527 et
1947 5488 2016 5529 ex

322 5567 391 5609 eo
438 5552 632 5605 Euseb.
674 5550 769 5604 lib.
817 5562 859 5603 ιι
896 5549 1161 5610 Historiae,
1212 5560 1330 5612 cap.
1372 5550 1421 5600 2.
1481 5548 1636 5603 Plura
1686 5547 1847 5600 habet
1888 5548 2013 5601 Oro-

320 5628 441 5680 sius
493 5625 631 5678 libro
682 5635 783 5687 vri,
834 5635 952 5689 cap.
1001 5623 1049 5683 2,
1097 5622 1191 5675 ubi
1235 5622 1310 5674 ait
1359 5622 1594 5676 Pilatum
1645 5623 1901 5675 retulisse
1948 5625 2017 5678 ad

318 5700 591 5758 Tiberium
666 5701 722 5755 et
772 5702 1021 5756 senatum
1067 5697 1138 5753 de
1194 5698 1448 5763 passione
1501 5702 1557 5755 et
1613 5699 2016 5756 resurrectione

2162 4611 2181 4649 ί
2205 4611 2327 4670 Quae
2382 4611 2687 4677 sequuntur
2739 4608 2807 4661 ad
2854 4610 3017 4674 caput
3063 4606 3127 4658 22
3177 4605 3373 4658 desunt
3421 4603 3477 4655 in
3528 4604 3648 4657 cod.
3693 4605 3801 4659 Re-

2099 4683 2207 4748 gio.
2253 4676 2510 4736 Iacobum
2543 4681 2763 4745 Josephi
2803 4693 2871 4733 ex
2917 4681 3022 4733 alia
3066 4690 3242 4732 uxore
3280 4677 3450 4728 ﬁlium
3494 4676 3662 4731 tuisse
3711 4678 3801 4730 di-

2100 4758 2231 4808 cunt
2281 4756 2529 4821 plerique
2573 4758 2754 4818 patres
2787 4752 2952 4805 Grmci
2992 4755 3047 4805 et
3091 4749 3277 4813 Latini,
3327 4761 3465 4812 quos
3519 4750 3803 4814 impugnat

2101 4820 2485 4892 Hieronymus.
2540 4827 2599 4879 Et
2652 4826 2869 4891 quidem
2918 4822 3100 4876 Jacobi
3152 4827 3326 4874 mater
3387 4832 3505 4885 quae
3551 4820 3805 4874 laudatur

2101 4903 2159 4954 in
2246 4899 2553 4964 Evangelia,
2618 4901 2866 4961 tempore
2946 4895 3220 4961 passionis
3304 4892 3490 4944 Christi
3564 4895 3805 4947 nondum

2104 4975 2334 5037 obierat;
2393 4975 2580 5038 sicque
2624 4971 2822 5035 Joseph
2860 4972 2952 5021 aut
2998 4980 3119 5020 eam
3172 4965 3488 5029 repudiasse
3542 4967 3809 5021 dicendus

2104 5050 2207 5108 est,
2260 5050 2320 5098 ut
2361 5046 2577 5097 Mariam
2628 5043 2871 5102 duceret,
2927 5044 3018 5093 aut
3068 5041 3204 5093 duas
3249 5049 3453 5091 uxores
3504 5038 3667 5092 simul
3702 5038 3809 5092 ha-

2104 5118 2306 5172 buisse.
2361 5117 2508 5177 Quod
2560 5117 2851 5181 utrumque
2897 5113 3252 5166 falsissimum
3307 5121 3430 5162 esse
3487 5122 3648 5163 nemo
3694 5125 3820 5173 non,

2103 5192 2339 5317 “Eiiéec
2389 5273 2657 5315 annorum
2707 5257 3042 5313 enumeratio
3089 5256 3145 5307 in
3199 5251 3320 5307 cod.
3356 5250 3509 5304 Carb:
3546 5266 3658 5307 non
3705 5254 3812 5308 ha-

2101 5334 2276 5389 betur.

2164 5408 2374 5461 hGesta
2436 5404 2589 5457 Pilati
2647 5403 2831 5457 laudat
2885 5402 3129 5454 Justinus
3201 5398 3431 5461 martyr,
3483 5396 3705 5461 Apolog.
3761 5402 3813 5461 ρ,

2099 5496 2217 5549 quae
2265 5494 2366 5534 suo
2428 5482 2671 5542 tempore
2736 5480 2790 5528 in
2842 5476 3083 5528 omnium
3134 5469 3381 5549 manibus
3430 5468 3813 5549 habebantur:

2099 5543 2220 5621 quae
2270 5564 2402 5607 vero
2453 5552 2521 5603 ad
2562 5562 2666 5602 nos
2712 5561 3037 5614 pervenere,
3073 5543 3350 5621 vulgoque
3392 5554 3541 5621 nunc
3571 5544 3819 5621 circum-

2098 5614 2366 5685 feruntur,
2396 5624 2540 5675 inter
2572 5623 2758 5687 spuria
2791 5620 3142 5676 monumenta
3174 5614 3418 5680 reputari
3444 5614 3663 5671 debent.

2158 5698 2175 5739 ι
2202 5697 2324 5754 Cod.
2356 5695 2530 5761 Corb.,
2557 5699 2851 5753 senatores.
