3994 6332
244 397 351 454 177

1262 388 1623 450 HISTORIA
1664 386 2142 448 FBANCORUM.
2185 384 2409 445 LIBER
2446 383 2745 445 PRIMUS.

3566 338 3575 351 Χ
3636 368 3741 430 178

240 538 361 580 nus
410 521 616 587 factus,
653 518 896 575 domum
942 530 1108 574 suam
1150 514 1281 573 fecit
1318 513 1636 571 ecclesiam.
1691 514 1828 572 Haec
1871 516 2013 573 estA
2034 517 2244 581 motus,
2290 511 2468 571 credit
2507 510 2752 579 Christo,
2800 505 3134 579 relictisque
3175 498 3441 561 fanaticis
3468 493 3738 555 sordibus

240 624 404 667 nunc
441 608 681 665 ecclesia
737 605 888 678 apud
945 594 1231 675 Biturigas
1280 602 1483 661 urbem
1543 603 1751 675 prima,
1806 603 1954 661 miro

238 715 414 772 opere
460 696 791 771 composita,
837 702 892 751 et
936 694 1112 765 primi
1169 694 1440 765 martyris
1493 692 1765 766 Stephani
1816 693 1953 750 reli-

240 788 401 861 quiis
429 787 712 843 illustrata
742 797 785 841 ³.
1755 850 1761 857 ⁹
1864 826 1873 831 ,

323 882 423 937 25
467 874 641 931 XXX.
692 872 988 943 Vigesimo
1026 868 1267 942 septimo
1326 869 1469 938 loco,
1508 866 1847 927 Valerianus
1896 877 1953 928 et

241 962 549 1023 Gallienus
576 964 908 1020 Romanum
941 958 1255 1032 imperium
1288 964 1423 1015 sunt
1449 958 1657 1030 adepti,
1690 960 1791 1033 qui
1828 976 1952 1029 gra-

244 1070 378 1111 vem
424 1061 621 1111 contra
662 1051 1017 1110 Christianos
1065 1047 1521 1121 persecutionem
1562 1065 1665 1107 suo
1702 1058 1952 1123 tempore

242 1148 704 1200 commoverunt.
741 1141 906 1198 Tunc
950 1140 1193 1197 Romam
1227 1137 1527 1195 Cornelius
1553 1144 1595 1208 δ,
1629 1138 1952 1211 Cyprianus

243 1231 654 1303 Carthaginem
676 1230 826 1287 felici
849 1229 1133 1301 sanguine
1154 1226 1538 1285 illustrarunt.
1568 1228 1791 1285 Horum
1816 1236 1952 1286 tem-

244 1337 385 1394 pore
439 1328 498 1377 et
536 1320 791 1377 Chrocus
845 1318 944 1376 ille
993 1317 1455 1375 Alamannorum
1500 1333 1624 1385 rex,
1668 1325 1950 1376 commoto

244 1410 531 1477 exercitu,
597 1409 809 1467 Gallias
870 1407 1221 1482 pervagavit.
1284 1407 1394 1465 Hic
1450 1413 1643 1465 autem
1699 1407 1951 1466 Chrocus

246 1499 451 1556 multa:
488 1498 832 1569 arrogantiae
876 1498 1055 1555 fertur
1099 1496 1317 1554 fuisse:
1352 1496 1453 1569 qui
1499 1512 1632 1553 cum
1668 1496 1951 1555 nonnulla

2036 618 2100 660 ac
2132 601 2413 674 baptismo
2458 605 2838 667 consecratus,
2888 610 3134 669 magnus
3186 592 3247 648 in
3289 590 3568 647 virtutum
3596 599 3735 656 ope-

2036 693 2257 751 ratione
2301 694 2529 751 enituit.
2586 692 2700 749 Nec
2746 688 2931 747 multo
2975 692 3101 759 post
3135 700 3234 756 per
3278 678 3642 751 martyrium,
3673 676 3741 732 ut

2034 783 2316 852 diximus,
2354 784 2413 840 in
2449 781 2614 839 terris
2650 779 2868 849 sociati,
2916 776 2987 834 ad
3034 772 3283 831 coelestia
3322 768 3534 843 pariter
3561 777 3740 837 regna

2034 871 2436 941 migraverunt
2460 879 2505 925 ε.
3584 940 3591 941 ί
3634 940 3637 941 ν
3732 906 3749 909 -

2106 940 2342 1017 XXXII.
2374 957 2742 1015 Irruentibus
2788 960 2982 1013 autem
3024 947 3370 1037 Alamannis
3401 945 3464 1002 in
3496 940 3734 1037 Gallias,

2034 1056 2265 1106 sanctus
2324 1047 2588 1103 Privatus
2638 1044 2993 1102 Gabalitanis
3041 1040 3201 1098 urbis
3260 1035 3564 1109 episcopus
3596 1028 3639 1098 ’³,
3672 1028 3737 1084 in

2034 1144 2229 1210 crypta
2256 1132 2688 1192 Memniatensis
2716 1133 2944 1200 montis,
2974 1130 3074 1188 ubi
3091 1126 3335 1202 jejuniis
3354 1118 3737 1212 orationibus:

2039 1240 2151 1297 que
2196 1224 2451 1293 vacabat,
2505 1222 2805 1295 reperitur,
2866 1219 3076 1293 pupulo
3127 1210 3515 1275 Gredonensis
3567 1210 3739 1264 castri

2039 1318 2101 1374 in
2141 1316 2465 1375 munitione
2509 1314 2779 1372 concluso
2808 1314 2841 1370 ί.
2882 1310 2994 1369 Sed
3037 1310 3179 1386 dium
3219 1320 3352 1363 oves
3384 1315 3517 1359 suas
3549 1298 3738 1352 bonus

2036 1410 2227 1476 pastor
2252 1403 2405 1475 lupis
2432 1402 2649 1459 tradere
2683 1416 2797 1457 non
2845 1395 3149 1464 consentit,
3187 1388 3493 1449 daemoniis
3524 1386 3737 1441 immo-

2036 1494 2153 1551 lare
2188 1493 2574 1565 compellitur.
2622 1491 2785 1560 Quod
2820 1502 3095 1562 spurcum
3134 1484 3233 1541 ille
3276 1489 3388 1539 tam
3429 1488 3738 1565 exsecraris

156 1640 159 1643 ,
242 1587 452 1659 inique
480 1564 765 1659 gessisset,
804 1602 905 1660 per
933 1585 1264 1655 consilium,
1299 1564 1572 1656 ut-aiunt,
1602 1586 1800 1643 matris
1833 1586 1949 1645 ini-
2033 1596 2209 1653 quam
2242 1564 2521 1649 refutans,
2554 1570 3331 1666 tandiutustibuscaaditur,
3359 1564 3739 1666 quoadusque

242 1695 400 1751 quae,
429 1679 748 1747 collectam,
776 1687 839 1736 ut
861 1678 1623 1748 diximus,Alamannorum
1654 1684 1881 1749 gentem
1908 1690 1948 1749 ο,
2036 1676 2333 1742 putaretur
2389 1668 2699 1726 exanimis.
2761 1664 2869 1723 Sed
2919 1682 2991 1722 ex
3045 1664 3170 1736 ipsa
3227 1663 3613 1751 quassatione,
3646 1666 3736 1707 ln-

240 1748 552 1824 universas
583 1766 798 1825 Gallias
828 1774 1195 1840 pervagatur,
1230 1774 1579 1839 cunctasque
1611 1748 1784 1837 aedes,
1818 1748 1949 1840 qua:
2036 1760 2321 1832 terpositis
2362 1760 2560 1832 paucis
2585 1759 2807 1825 diebus,
2843 1757 3108 1830 spiritum
3135 1751 3449 1813 exhalavit.
3482 1748 3738 1805 Chrocus

236 1855 568 1927 antiquitus
603 1856 893 1914 fabricatas
926 1855 1175 1923 fuerant,
1210 1871 1243 1911 a
1278 1856 1671 1914 fundamentis
1699 1857 2009 1936 subver-B
2034 1865 2168 1906 vero
2211 1850 2362 1921 apud
2416 1848 2813 1937 Arelatensem
2858 1847 3179 1937 Galliarum
3226 1843 3439 1937 urbem
3478 1849 3735 1937 compre-

239 1945 325 2001 tit.
380 1926 634 2003 Veniens
692 1962 823 2003 vero
873 1949 1186 2018 Arvernos,
1220 1946 1532 2003 delubrum
1584 1946 1753 2017 illud,
1790 1926 2271 2018 quoduhellSllS.
2333 1936 2578 1993 diVL‘I‘SiS
2630 1936 2867 1992 83901115
2914 1932 3233 2005 511139110113,
3288 1928 3479 2002 gladio
3531 1926 3733 2021 Ver-[Bcf

236 2034 461 2093 Gallica
506 2036 703 2109 lingua
744 2037 924 2095 Vasso
968 2037 991 2073 ά
1034 2012 1250 2095 Galatm
1292 2043 1513 2106 vocant,
1546 2012 1823 2106 incendit,
1852 2038 1941 2094 di-
2031 2032 2189 2083 Palus
2224 2026 2464 2095 interiit,
2508 2039 2623 2081 U011
2654 2022 2943 2083 immerito
2980 2036 3182 2095 13031133
3217 2035 3362 2093 quas
3393 2016 3601 2073 δδίιείίδ
3630 2012 3733 2069 Dei

234 2122 377 2192 ruit,
423 2130 595 2197 atque
638 2126 938 2185 subvertit.
984 2125 1128 2183 Miro
1174 2124 1331 2183 enim
1381 2120 1551 2197 Opere
1592 2126 1806 2184 factum
1835 2125 1944 2183 fuit
2030 2115 2324 2186 intulerat,
2356 2116 2544 2173 luens.

235 2219 413 2283 atque
442 2194 761 2284 ﬁrmatum,
806 2215 977 2288 cujus
1015 2214 1202 2287 paries
1246 2194 1461 2287 duplex
1494 2222 1631 2272 erat,
1666 2216 1754 2272 Ab
1784 2214 1944 2274 intus
2102 2203 2367 2262 XXXIII.
2400 2204 2520 2263 Sub
2551 2204 2926 2272 Diocletiano,
2970 2202 3071 2277 qui
3104 2198 3389 2259 tricesimo
3421 2195 3585 2288 tertio
3610 2194 3734 2252 loco

233 2300 394 2357 enim
424 2301 495 2358 de
530 2302 755 2361 minuto
790 2287 978 2377 lapide
1008 2326 1019 2371 ;
1051 2319 1084 2360 a
1114 2304 1252 2361 foris
1280 2319 1417 2361 vero
1449 2304 1687 2377 quadris
1716 2304 1947 2376 scalptis
2029 2295 2364 2355 Romanum
2394 2296 2545 2353 rexit
2572 2296 2907 2370 imperium,
2932 2295 3123 2367 gravis
3152 2298 3348 2349 contra
3378 2287 3733 2345 Christianos

234 2389 584 2448 fabricatum
623 2392 751 2449 fuit.
800 2392 1019 2450 Habuit
1061 2393 1219 2449 enim
1265 2393 1449 2466 paries
1480 2393 1577 2449 ille
1610 2394 1947 2451 crassitudi-
2029 2403 2128 2459 per
2166 2403 2348 2446 annos
2378 2390 2663 2460 quatuor’
2701 2384 3020 2459 persecutio
3064 2381 3350 2454 exagitata
3397 2384 3480 2435 est
3513 2394 3523 2431 :
3562 2377 3639 2434 ita
3667 2380 3734 2466 ut

241 2492 379 2534 nem
424 2478 596 2550 pedes
647 2479 897 2549 triginta.
961 2465 1312 2537 intrinsecus
1362 2493 1495 2535 vero
1544 2494 1827 2536 marmore
1881 2495 1946 2535 ac
2029 2478 2277 2549 quadam
2308 2478 2433 2534 vice
2464 2478 2523 2534 in
2554 2476 2678 2549 ipso
2712 2474 3096 2533 sacratissimo
3120 2472 3212 2529 die
3246 2470 3499 2537 Paschze,
3532 2465 3731 2538 magni

242 2566 475 2624 musivo
524 2567 807 2624 variatum
858 2576 977 2625 erat
1022 2581 1064 2625 ο.
1109 2569 1512 2625 Pavimentum
1542 2582 1772 2640 quoque
1803 2566 1945 2624 tedis
2031 2567 2483 2625 Christianorum
2530 2565 2729 2640 populi
2766 2566 2839 2623 ob
2890 2563 3013 2621 veri
3050 2562 3153 2619 Dei
3191 2559 3413 2618 cultum
3445 2555 3731 2614 interﬁce-

240 2669 529 2711 marmore
561 2661 827 2725 stratum,
854 2655 1099 2728 desuper
1126 2670 1261 2711 vero
1297 2654 1533 2726 plumbo
1564 2661 1797 2711 tectum.
2031 2661 2251 2711 rentur.
2297 2655 2379 2713 Eo
2420 2662 2694 2727 tempore,
2747 2650 3028 2721 Quirinus
3060 2648 3362 2707 Sisciensis
3390 2646 3418 2684 ιι
3463 2641 3733 2701 Ecclesiae

312 2742 519 2809 XXXI.
551 2744 729 2801 Juxta
756 2745 774 2779 ί
814 2745 963 2802 hanc
993 2744 1198 2802 urbem
1222 2743 1533 2812 Liminius,
1563 2742 1942 2801 Antolianus-
2031 2744 2293 2801 sacerdos
2342 2744 2659 2815 gloriosum
2700 2758 2803 2816 pro
2844 2740 3055 2799 Christi
3105 2737 3341 2797 nomine
3388 2733 3733 2807 martyrium

235 2849 355 2906 que
384 2840 665 2907 martyres
701 2834 1089 2908 requiescunt.
1140 2833 1228 2891 Ibi
1278 2833 1484 2891 Cassus
1514 2849 1577 2889 ac
1606 2832 1944 2892 Victorinus
2033 2832 2185 2903 tulit;
2218 2850 2392 2907 quem
2422 2834 2594 2907 ligato
2622 2835 2693 2891 ad
2718 2834 2933 2891 collum
2952 2831 3155 2889 molari
3185 2843 3347 2896 saxo,
3370 2825 3432 2883 in
3470 2823 3732 2883 ﬂuminis

240 2927 299 2982 in
333 2925 641 2982 dilectione
685 2922 895 2981 Christi
947 2924 1197 2982 fraterno
1240 2924 1448 2981 affectu
1484 2922 1701 2993 sociati,
1732 2939 1833 2997 per
1857 2924 1944 2981 ef-
2028 2924 2314 2997 gurgitem
2372 2925 2590 2983 saevitia
2648 2923 2879 2996 impulit
2920 2934 3296 2996 paganorum.
3356 2914 3541 2989 Igitur
3594 2928 3731 2971 cum

239 3015 529 3072 fusionem
559 3013 785 3071 cruoris
806 3013 1041 3087 proprii,
1069 3015 1349 3072 caelorum
1379 3031 1551 3088 regna
1571 3013 1784 3087 pariter
1812 3021 1947 3072 sunt
2027 3015 2323 3073 cecidisset
2374 3015 2434 3071 in
2481 3020 2575 3078 27
2613 3014 2924 3087 gurgitem,
2961 3013 3064 3071 diu
3097 3026 3269 3083 super
3311 3022 3489 3082 aquas
3528 3002 3728 3062 divina

236 3104 449 3176 adepti.
505 3103 648 3160 Nam
702 3104 876 3161 refert
911 3103 1245 3178 antiquitas,
1294 3102 1657 3161 Victorinum
1709 3120 1944 3162 servum
2030 3103 2243 3162 virtute
2270 3103 2588 3171 ferebatur;
2618 3120 2723 3162 nec
2755 3103 3273 3173 sorbebantaquze,
3308 3112 3481 3173 quem
3502 3092 3731 3166 pondus

242 3193 422 3249 fuisse.
448 3200 582 3249 ante
616 3192 752 3249 dicti
782 3192 975 3264 templi
1021 3192 1351 3250 sacerdotis.
1379 3193 1487 3261 Qui
1516 3193 1657 3251 dum
1686 3194 1943 3267 plerum-

236 3298 351 3354 que
400 3283 615 3352 vicum,
668 3298 841 3356 quem
889 3281 1347 3341 Christianorum
1398 3292 1621 3354 vocant,
1651 3286 1719 3340 ad
1750 3301 1942 3357 perse-

235 3370 501 3444 quendus
543 3370 902 3429 Christianos
930 3373 1070 3443 adit,
1102 3372 1365 3431 Cassium
1396 3375 1605 3446 reperit
1641 3380 1733 3438 26
1774 3375 1941 3433 Chri-

234 3458 496 3518 stianum
551 3482 565 3517 :
618 3460 785 3533 cujus
842 3460 1353 3532 przedicationihus
1414 3470 1589 3535 atque
1647 3461 1943 3520 miraculis

298 3649 317 3669 ·
353 3638 635 3705 Hodieque
736 3643 916 3705 major
1021 3641 1255 3693 ecclesia
1372 3641 1667 3705 Biturigum
1758 3646 1941 3694 sancto

233 3708 511 3832 Stephano
552 3725 724 3775 sacra,
775 3715 963 3777 paucis
1010 3716 1065 3765 in
1114 3714 1280 3766 Gallia
1330 3716 1503 3767 sacris
1558 3714 1797 3767 aediﬁciis
1848 3726 1942 3766 ce—

300 3855 321 3881 δ
358 3855 644 3911 Cornelius
683 3863 863 3912 tamen
907 3857 1040 3909 obiit
1091 3870 1235 3909 anno
1283 3857 1396 3918 252,
1458 3858 1557 3910 sub
1602 3860 1748 3912 Decii
1795 3860 1945 3924 prin-

237 3928 441 3989 cipatu,
487 3931 539 3979 et
584 3932 825 3993 quidem,
876 3932 936 3982 ut
968 3928 1323 3980 verisimilius
1370 3932 1467 3988 est,
1505 3931 1650 3994 apud
1694 3931 1943 3982 Centum—

236 3999 430 4056 cellas,
470 3998 561 4051 ubi
613 4015 735 4055 cum
778 4001 953 4067 gloria
984 4000 1369 4052 dormitionem
1404 4002 1623 4065 accepit,
1661 4006 1718 4053 ut
1747 4003 1945 4065 legitur

236 4073 293 4123 in
351 4074 717 4127 vetustissimo
790 4072 1085 4140 pontificali
1145 4073 1493 4138 Bucheriauo.
1583 4076 1693 4126 Non
1749 4076 1942 4128 desunt

234 4148 423 4195 tamen
475 4146 566 4207 qui
605 4159 730 4198 eum
780 4148 957 4200 Romae
1006 4156 1229 4208 passum
1266 4150 1619 4197 asseverent:
1664 4147 1761 4197 sed
1794 4147 1943 4199 nulla

237 4219 323 4267 est
367 4215 512 4266 circa
559 4218 805 4281 martyrii
856 4220 1072 4280 tempus
1122 4216 1439 4279 opinionum
1488 4216 1796 4268 diversitas.
1833 4218 1938 4281 Cy-

236 4288 466 4349 prianus
545 4300 675 4339 vero
750 4300 889 4339 anno
949 4288 1041 4337 258
1114 4300 1284 4351 prope
1343 4286 1714 4348 Carthaginem
1766 4289 1940 4351 capite

238 4360 442 4422 plexus
470 4363 571 4419 est,
603 4360 883 4412 Valeriano
914 4363 967 4412 et
995 4358 1233 4411 Gallieno
1272 4358 1706 4425 imperatoribus.

303 4440 320 4459 ε
356 4431 473 4483 Bec.
532 4433 586 4483 et
628 4431 839 4493 Regm.,
884 4432 1184 4483 collecta...
1235 4436 1418 4494 gente;
1475 4442 1596 4493 quae
1640 4430 1798 4482 lectio
1840 4432 1940 4481 etsi

2028 3198 2291 3256 criminis
2320 3214 2433 3255 non
2463 3198 2777 3269 premebat.
2802 3196 2964 3266 Quod
3006 3196 3219 3253 factum
3250 3192 3543 3249 admirans
3580 3185 3728 3246 mul-

2028 3289 2211 3346 titudo
2264 3289 2460 3361 populi
2517 3286 2966 3355 circumstantis,
2998 3285 3261 3357 despecto
3305 3282 3495 3339 furore
3535 3276 3727 3351 genti-

2026 3378 2193 3447 lium,
2256 3379 2327 3455 ad
2383 3377 2752 3434 liberandum
2802 3378 3109 3448 properant
3160 3368 3529 3455 sacerdotem.
3590 3364 3729 3455 Haec

2026 3466 2125 3525 ille
2156 3450 2418 3537 cernens,
2459 3482 2575 3523 non
2602 3481 2804 3539 passus
2842 3469 2927 3521 est
2965 3479 3024 3520 se
3066 3476 3098 3518 a
3126 3458 3401 3531 martyrio
3440 3450 3724 3523 subtrahi,

2024 3646 2153 3697 liani
2206 3659 2267 3699 ac
2310 3648 2666 3710 Astrebundii,
2731 3648 3069 3711 aliorumque
3124 3645 3485 3711 sanctorum,‘
3514 3636 3606 3711 qui
3666 3632 3724 3711 in

2027 3730 2090 3769 ea
2132 3718 2266 3770 urbe
2316 3720 2559 3771 coronati
2608 3708 2842 3777 fuerunt,
2888 3708 3174 3782 passiones
3208 3727 3240 3764 a
3272 3712 3430 3789 beato
3462 3708 3723 3789 Praejecto

2028 3790 2329 3853 descriptas
2397 3790 2565 3843 fuisse
2616 3775 2835 3841 narrat»
2872 3775 3146 3841 secundus
3194 3775 3725 3860 ejusdemfrmjecti

2029 3860 2156 3913 Vitae
2211 3866 2398 3914 auctor
2455 3864 2513 3913 iu
2565 3864 2767 3915 Saecula
2816 3875 2857 3914 Il
2921 3860 3282 3913 Benedictino.
3342 3855 3415 3906 De
3463 3853 3551 3904 his
3595 3853 3723 3900 item

2030 3932 2320 4004 Gregorius
2382 3935 2501 3985 aliis
2558 3935 2614 3984 in
2679 3934 2810 3985 locis
2878 3932 3087 4004 scribit.
3154 3928 3337 4004 Sancti
3391 3924 3599 4004 Cassius
3657 3921 3723 4004 et

2030 4003 2332 4056 Victorinus
2386 4005 2743 4069 quiescebant
2787 4005 2841 4056 in
2895 4001 3126 4054 ecclesia
3172 3999 3340 4051 sancti
3391 3996 3723 4069 Cassii,_qu_a:

2026 4073 2186 4127 hodie
2248 4064 2576 4139 parochialis
2652 4080 2769 4138 est;
2835 4074 3147 4127 Antolianus
3194 4083 3322 4122 vero
3381 4069 3436 4118 in
3486 4064 3723 4139 ecclesia

2026 4150 2196 4198 sancti
2249 4136 2401 4207 Galli,
2455 4162 2523 4201 ex
2568 4148 2706 4200 libro
2744 4136 2863 4199 ide
2897 4140 3423 4197 Claromonteusibus
3471 4136 3723 4190 ecclesiis

2023 4230 2053 4269 a
2101 4220 2373 4273 Savarone
2422 4221 2635 4281 vulgato
2681 4233 2799 4281 cap.
2852 4220 2881 4267 9
2926 4220 2978 4268 et
3023 4217 3068 4265 8.
3116 4214 3368 4264 Liminius
3412 4213 3592 4259 autem
3649 4221 3721 4261 ex

2025 4291 2282 4351 Gregorio
2336 4293 2451 4353 ipso
2508 4291 2599 4342 lib.
2654 4290 2720 4341 de
2777 4289 2951 4341 Gloria
2995 4285 3257 4345 Confess,
3299 4295 3420 4343 cap.
3485 4281 3564 4340 36,
3600 4292 3721 4332 ser-

2024 4361 2248 4412 vabatur
2282 4364 2333 4413 in
2358 4361 2589 4413 ecclesia
2614 4361 2790 4412 sancti
2817 4357 3132 4411 Venerandi.

2086 4434 2107 4464 δ
2148 4435 2271 4497 Ejus
2333 4435 2530 4487 festum
2601 4438 2686 4487 die
2756 4437 2811 4487 2t
2892 4431 3123 4496 Augusti
3200 4427 3479 4478 recolitur.
3555 4424 3720 4476 Sedes

237 4505 453 4562 melior,
512 4517 621 4555 non
694 4508 874 4556 tamen
918 4505 1206 4557 sincerior.
1256 4504 1568 4577 Gregorius?
1608 4503 1825 4567 quippe,
1874 4500 2270 4577 utDepiscopi
2315 4508 2622 4570 Gabalitani,
2674 4520 2794 4571 quae
2848 4507 2978 4558 olim
3028 4503 3167 4577 apud
3214 4500 3533 4577 Anderttu‘m
3585 4501 3719 4577 erat.

242 4578 363 4640 ipse
387 4578 601 4639 fatetur,
631 4580 831 4643 saepius
862 4579 1152 4631 accusandi
1172 4590 1355 4629 casum
1373 4590 1470 4641 pro
1489 4575 1720 4629 ablativo
1746 4576 1939 4640 posuit.

240 4649 395 4706 Quod
458 4650 626 4702 semel
698 4651 973 4702 monuisse
1028 4651 1273 4703 sufﬁciat.
1335 4650 1521 4717 Chroci
1589 4649 1942 4714 irruptionem

240 4723 333 4773 alii
373 4724 557 4775 saeculi
592 4724 763 4789 quinti
788 4724 937 4775 initio
972 4725 1313 4788 consignant.

305 4797 327 4826 ⁸
364 4798 484 4849 Cod.
565 4799 771 4860 Regm.,
841 4800 993 4850 Vasa.
1053 4798 1163 4849 Hoc
1235 4798 1454 4851 nomine
1512 4799 1731 4852 Martem
1782 4797 1944 4849 deum

240 4871 309 4921 ab
336 4870 570 4933 antiquis
600 4868 761 4920 Gallis
784 4869 1123 4933 designatum
1160 4868 1329 4921 fuisse
1359 4872 1563 4923 volunt.

305 4952 327 4978 ε
366 4943 484 5000 Quae
554 4945 859 5006 sequuntur
912 4942 981 4993 ad
1057 4954 1207 4995 num.
1271 4953 1389 5005 seq.
1447 4941 1641 4995 desunt
1712 4947 1765 4997 in
1822 4947 1941 4998 cod.

244 5017 430 5078 Regm.
494 5015 605 5067 Hoc
665 5017 845 5079 ipsum
922 5012 1183 5079 templum
1242 5014 1503 5065 Mercurio
1571 5022 1946 5069 consecratum

244 5089 413 5140 fuisse
467 5084 689 5153 conjicit
737 5087 1024 5143 Alteserra,
1068 5086 1212 5150 quod
1255 5085 1454 5137 Plinius
1506 5086 1598 5137 lib.
1642 5101 1719 5147 lli,
1758 5102 1876 5151 cap.
1916 5091 1947 5140 7

239 5163 461 5221 scribat,
512 5174 613 5212 sua
674 5162 829 5210 aetate
888 5158 1032 5221 apud
1101 5161 1376 5209 Arvernos
1433 5158 1632 5210 factum
1694 5161 1861 5213 fuisse
1915 5173 1947 5211 a

238 5235 520 5285 Zenodoro
593 5233 789 5293 ingens
854 5228 1102 5281 Mercurii
1168 5230 1536 5281 simulacrum.
1624 5232 1747 5283 Haec
1822 5235 1949 5283 sunt

240 5306 411 5356 verba
448 5304 631 5355 Plinii:
682 5302 867 5353 Verum
911 5314 1125 5351 omnem
1160 5300 1583 5364 amplitudinem
1626 5306 1943 5355 statuarum

236 5383 357 5443 ejus
400 5376 609 5440 generis
643 5373 793 5432 vicit,
843 5376 1000 5426 aetate
1047 5376 1256 5433 nostra,
1304 5372 1631 5432 Zenodorus,
1690 5377 1949 5427 Mercurio

236 5456 404 5516 facta,
436 5450 497 5500 in
529 5450 751 5501 civitate
800 5443 983 5499 Galliae
1014 5446 1292 5507 Arvernis,
1328 5459 1425 5509 per
1462 5459 1632 5498 annos
1666 5446 1844 5500 decem
1874 5450 1949 5501 HS

235 5541 367 5580 cccc
400 5538 572 5578 manu
598 5524 790 5588 pretio.

302 5604 321 5639 ι
358 5601 469 5651 Hoc
528 5602 689 5661 caput
750 5609 877 5649 cum
951 5599 1185 5661 quatuor
1250 5594 1605 5659 sequentibus
1678 5593 1834 5645 deest
1898 5596 1956 5647 in

234 5676 393 5728 Corb.
427 5673 633 5725 codice.

300 5761 325 5794 ι
365 5748 566 5799 Horum
644 5746 949 5808 martyrum
1043 5742 1182 5793 festa
1265 5741 1486 5803 antiqua
1566 5737 1955 5801 martyrologia

233 5821 690 5877 commemorant.
776 5819 1091 5871 Sanctorum
1171 5814 1359 5873 Cassii,
1441 5811 1713 5869 Victorini,
1791 5813 1954 5862 Anto-

2026 4570 2292 4630 Mimatum
2346 4582 2607 4632 transla'a
2651 4570 2794 4631 circa
2830 4579 3086 4631 saeculum
3125 4574 3410 4633 decimum,
3455 4570 3524 4619 ibi
3559 4570 3719 4621 etiam

2022 4662 2168 4701 nunc
2199 4656 2527 4714 perseverat.

2086 4712 2238 4775 iSic.
2309 4727 2427 4777 cod.
2480 4726 2693 4789 Regm.;
2736 4724 2825 4777 alii
2875 4733 2997 4773 cum
3053 4718 3228 4779 editis,
3282 4716 3465 4781 papuli
3518 4712 3719 4789 Gredo-

2022 4795 2202 4845 nemis
2235 4798 2405 4849 castri
2452 4782 2754 4849 munitione
2803 4793 3095 4846 conclusus.
3147 4790 3319 4841 Gredo
3349 4793 3527 4839 autem
3563 4782 3723 4851 ptita-

2026 4871 2114 4916 tur
2171 4880 2291 4919 esse
2343 4872 2496 4921 vicus
2542 4870 2607 4920 ad
2654 4869 2863 4919 radices
2913 4862 3110 4914 montis
3153 4864 3307 4920 situs,
3347 4858 3506 4921 vulgo
3548 4860 3725 4910 dictus

2030 4934 2212 4989 Greze.
2270 4941 2356 4991 Est
2413 4947 2593 4992 tamen
2652 4942 2723 4991 in"
2764 4938 2995 4990 Gabalis
3032 4932 3441 4984 vicecomitatus
3516 4932 3722 4982 Credo-

2026 5012 2252 5102 nensis,
2281 5016 2335 5064 et
2378 5014 2497 5102 cod:
2546 5015 2726 5076 Regm.
2781 5024 2903 5063 cum
2942 5007 3067 5060 edit.
3126 5005 3353 5057 Badiana
3402 5002 3565 5055 habet
3597 5000 3724 5055 Gre-

2026 5082 2298 5208 άοὶηῗίῗιῆἲζ
2366 5116 2524 5219 pacto
2606 5152 2921 5208 Diocletiani
3004 5147 3314 5215 persecutio
3406 5148 3475 5198 ad
3554 5159 3726 5198 annos

2029 5232 2259 5290 quatuor
2308 5232 2551 5281 revocari
2602 5232 2791 5295 potest.
2834 5226 2903 5277 De
2942 5225 3043 5277 hac
3077 5236 3137 5276 re
3180 5223 3301 5273 vide
3359 5220 3726 5285 praefationem

2031 5304 2267 5351 nostram
2291 5302 2344 5351 in
2366 5305 2492 5352 Acta
2518 5307 2817 5365 martyrum
2847 5299 3077 5349 sincera.

2090 5374 2110 5402 ¹ι
2147 5372 2228 5423 Sic
2276 5376 2423 5424 recte
2472 5374 2627 5425 (που.
2664 5364 2828 5432 Ἐθα,
2883 5370 3006 5429 Reg.
3068 5370 3120 5420 et
3172 5369 3353 5429 Regm.
3396 5364 3525 5414 Editi
3567 5374 3728 5412 men-

2033 5444 2183 5498 dose,
2236 5442 2531 5495 Sistiensis.
2588 5445 2753 5494 Siscia
2812 5443 3012 5505 quippe
3066 5438 3198 5490 urbs
3240 5441 3354 5488 erat
3403 5433 3731 5497 episcopalis

2037 5521 2090 5570 iu
2146 5519 2426 5570 Pannonia
2482 5520 2770 5583 superiori,
2823 5516 2917 5567 ubi
2969 5527 3164 5578 passus
3220 5514 3298 5562 est
3350 5509 3616 5571 Quirinus,
3661 5510 3729 5575 de

2036 5605 2143 5657 quo
2212 5590 2536 5643 Prudentius
2602 5591 2802 5654 hymno
2859 5589 2907 5651 7,
2979 5589 3047 5639 de
3098 5583 3336 5657 Coronis.
3407 5583 3532 5657 Ejus
3593 5584 3731 5635 Acta

2034 5654 2157 5717 vide
2203 5664 2342 5716 inter
2416 5666 2630 5718 sincera
2694 5664 3012 5726 martyrum,
3064 5667 3185 5721 pag.
3234 5654 3343 5717 552,
3395 5656 3463 5708 ad
3527 5667 3732 5709 annum

2035 5738 2146 5791 309.
