3994 6332
206 278 309 337 179
1287 277 1349 336 S.
1392 276 1749 337 GREGOBII
1787 272 2120 336 EPISCOPI
2161 273 2632 336 TURONENSIS
3596 276 3704 337 180

210 400 311 459 sed
338 400 540 459 erectis
576 400 649 458 ad
690 401 903 461 coelum
933 399 1136 472 oculis,
1178 400 1258 458 ait
1288 421 1300 459 :
1332 400 1471 460 Jesu
1509 401 1775 474 Domine,
1813 399 1977 475 quiA
2005 400 2287 475 novisque
2325 399 2663 474 lampadum
2708 398 2887 458 radiis
2916 397 3102 458 Gallia
3130 397 3516 472 perlustratur
3545 416 3558 457 :
3591 398 3709 459 hoc

213 490 501 563 gloriosus
531 489 745 547 resides
768 490 837 545 ad
867 489 1165 547 dexteram
1192 489 1396 563 Patris,
1433 506 1507 548 ne
1556 491 1794 565 patiaris
1821 506 1913 548 me
1997 501 2102 564 est,
2134 509 2201 551 eo
2228 502 2483 567 tempore
2519 491 2886 551 beatissimus
2913 490 3197 549 Martinus
3225 490 3289 547 in
3316 489 3520 549 Galliis
3546 506 3708 564 prie-

213 581 286 638 ab
336 581 445 638 hoc
496 579 676 636 stadio
728 581 1053 651 removeri;
1117 581 1215 638 sed
1276 580 1598 654 suscipiens
1654 583 1913 641 animam
1997 580 2189 638 dicare
2233 595 2475 639 exorsus
2516 586 2620 650 est,
2675 578 2777 651 qui
2829 577 3127 635 Christum
3174 576 3276 634 Dei
3324 576 3543 634 Filium
3600 590 3709 649 per

213 687 423 740 meam,
485 669 839 743 conjungere
898 685 991 727 me
1048 670 1160 728 tuis
1203 672 1552 743 martyribus
1598 673 1659 730 in
1716 673 1915 745 requie
1998 672 2183 729 multa
2229 670 2512 729 miracula
2562 686 2766 728 verum
2797 670 2986 727 Deum
3017 669 3077 725 in
3110 669 3342 742 populis
3371 670 3706 740 declarans,

215 758 565 831 sempiterna
621 758 881 831 dignare.
930 759 1036 817 His
1087 760 1270 829 dictis,
1314 760 1561 817 reddidit
1622 760 1910 834 spiritum.
2000 760 2309 833 gentilium
2348 760 2809 818 incredulitatem
2857 759 3081 817 avertit.
3112 759 3223 816 Hic
3250 760 3408 817 enim
3436 760 3570 817 fana
3597 759 3709 817 de-

220 850 400 922 Cujus
452 864 661 921 corpus
691 864 722 905 a
751 846 1095 907 Christianis
1136 856 1467 923 susceptum
1516 850 1920 908 venerabiliter
2002 848 2232 918 struxit,
2284 849 2555 909 hmresim
2607 848 2907 922 oppressit,
2955 845 3224 906 ecclesias
3263 848 3589 919 aediﬁcavit,
3649 855 3711 908 et

215 936 527 1008 sepultura:
563 936 902 994 mandatum
929 941 1031 994 est.
2003 954 2139 997 cum
2185 937 2316 997 aliis
2364 937 2570 996 multis
2616 937 2930 996 virtutibus
2968 936 3295 1009 refulgeret,
3327 939 3399 995 ad
3425 953 3707 997 consum-

284 1024 546 1083 XXXIV.
567 1025 960 1085 Romanorum
988 1025 1314 1085 tricesimus
1344 1032 1585 1100 quartus
1608 1027 1920 1101 imperium
2003 1027 2285 1086 mandum
2335 1026 2524 1085 laudis
2573 1042 2695 1084 sum
2740 1025 2994 1095 titulum,
3024 1031 3137 1083 tres
3167 1033 3425 1084 mortuos
3446 1026 3583 1085 vitae
3606 1042 3709 1084 re-

217 1112 470 1172 obtinuit
513 1111 947 1185 Constantinus,
997 1116 1167 1172 annis
1216 1114 1450 1188 triginta
1497 1132 1743 1190 regnans
1788 1117 1920 1175 feli-
2007 1118 2211 1176 stituit.
2245 1117 2457 1186 Quarto
2488 1115 2879 1174 Valentiniani
2906 1122 2961 1172 et
2989 1115 3246 1173 Valentis
3268 1131 3442 1187 anno,
3471 1122 3711 1175 sanctus

218 1202 381 1261 citer.
414 1203 607 1277 Hujus
635 1203 867 1278 imperii
911 1220 1065 1263 anno
1114 1206 1441 1276 undecimo,
1483 1222 1617 1264 cum
1663 1215 1788 1281 post
1816 1224 1923 1266 ex-
2006 1208 2267 1267 Hilarius
2311 1205 2466 1280 apud
2518 1205 2799 1276 Pictavos,
2859 1205 3071 1279 plenus
3122 1205 3417 1263 sanctitate
3467 1212 3523 1262 et
3568 1204 3710 1275 ﬁde,

225 1306 455 1349 cessum
511 1291 852 1351 Diocletiani
916 1309 1029 1366 pax
1102 1294 1325 1352 reddita
1372 1295 1577 1353 fuisset
1632 1295 1924 1368 Ecclesiis,
2010 1298 2211 1357 multis
2230 1296 2492 1370 undique
2519 1294 2834 1360 virtutibus
2862 1294 3050 1365 editis,
3074 1294 3345 1366 migravit
3370 1294 3440 1351 ad
3465 1294 3639 1353 ccelos
3668 1293 3711 1353 τ.

222 1381 594 1439 beatissimus
632 1383 845 1456 praesul
876 1376 1160 1441 Martinus
1185 1383 1337 1457 apud
1372 1382 1671 1443 Sabariam
1703 1398 1726 1424 ι
1761 1385 1924 1443 Pan-
2010 1388 2155 1446 Nam
2183 1392 2239 1444 et
2273 1385 2394 1458 ipse
2424 1384 2639 1457 legitur
2668 1389 2928 1443 mortuos
2957 1382 3280 1441 suscitasse.

227 1470 422 1528 nonize
453 1472 743 1529 civitatem
776 1473 1049 1543 nascitur,
1080 1473 1417 1547 parentibus
1446 1475 1779 1547 gentilibus,
1812 1491 1927 1533 non
2084 1477 2333 1536 Melania
2396 1490 2533 1534 vero
2594 1480 2856 1531 matrona
2909 1473 3141 1543 nobilis,
3196 1477 3250 1530 et
3304 1471 3491 1530 incola
3548 1470 3718 1530 urbis

228 1564 422 1616 tamen
480 1558 720 1617 infimis.
754 1560 865 1617 Hic
892 1560 1300 1620 Constantinus
1331 1578 1485 1620 anno
1515 1563 1790 1621 vicesimo
1818 1564 1929 1621 im-
2018 1569 2322 1635 Romanae,
2355 1562 2753 1638 Hierosolyma
2792 1562 2864 1619 ob
2895 1562 3260 1620 devotionem
3287 1561 3447 1633 abiit,
3481 1561 3732 1631 Urbano,

229 1645 376 1718 Perii
404 1647 520 1718 δαί»
540 1646 807 1720 Crispum
837 1649 1026 1707 ﬁlium
1058 1666 1303 1722 Veneno.
1329 1651 1603 1709 Faustam
1627 1653 1933 1726 coniugem
2016 1658 2141 1717 filio
2191 1658 2393 1727 Romae
2420 1656 2639 1713 relicto.
2673 1654 2815 1724 Quae
2852 1653 2930 1711 ita
2957 1669 3017 1711 se
3043 1652 3105 1710 in
3133 1660 3341 1711 cuncta
3367 1652 3620 1710 bonitate
3650 1666 3723 1709 ac

230 1736 450 1795 calente
520 1738 727 1797 balneo
793 1741 1098 1813 interfecit,
1156 1742 1372 1801 scilicet
1412 1744 1567 1818 quod
1618 1736 1996 1817 proditoresB
2020 1747 2321 1806 sanctitate
2370 1742 2647 1803 omnibus
2689 1741 2956 1816 prmbuit,
2988 1748 3050 1800 ut
3080 1741 3287 1801 Thecla
3315 1746 3618 1801 vocaretur
3644 1739 3722 1798 ab

230 1828 396 1899 regni
425 1827 549 1900 ejus
578 1844 701 1886 esse
759 1829 1093 1888 voluissent.
1148 1829 1343 1905 Hujus
1395 1837 1649 1905 tempore
1694 1850 1938 1893 venera-
2011 1834 2238 1894 incolis.

229 1916 347 1973 bile
396 1918 585 1976 crucis
630 1918 950 1978 Dominicze
987 1920 1214 1991 lignum
1258 1938 1361 1995 per
1408 1924 1669 1981 studium
1697 1925 1938 1984 Helenae
2085 1924 2376 1984 XXXVII.
2408 1923 2541 1981 Post
2575 1927 2816 1980 mortem
2843 1927 3034 1981 autem
3063 1920 3473 1991 Valentiniani,
3508 1918 3725 1979 Valens

234 2008 434 2065 matris
474 2010 598 2082 ejus
650 2017 943 2083 repertum
991 2018 1097 2082 est,
1150 2012 1426 2085 prodente
1469 2013 1618 2071 Juda
1665 2014 1935 2088 Hebraeo,
2015 2012 2231 2087 integri
2287 2026 2581 2069 successor
2655 2009 2907 2085 imperii,
2961 2010 3273 2068 monachos
3324 2008 3397 2067 ad
3448 2007 3722 2068 militiam

236 2099 341 2174 qui
385 2106 509 2173 post
550 2101 905 2173 baptismum
946 2102 1252 2172 Quiriacus
1289 2110 1373 2161 est
1400 2106 1701 2165 vocitatus.
1744 2107 1938 2182 Usque
2025 2106 2152 2179 cogi
2218 2104 2403 2178 jubet,
2482 2103 2741 2161 nolentes
2792 2101 3041 2161 fustibus
3095 2100 3356 2175 praecipit
3406 2098 3721 2159 verberari.

236 2189 347 2247 hoc
377 2194 601 2264 tempus
630 2192 1128 2266 historiographus
1160 2194 1221 2252 in
1253 2195 1553 2255 Chronicis
1591 2197 1790 2255 scribit
1820 2198 1941 2257 Eu-
2028 2196 2310 2265 Posthzec,
2350 2193 2571 2252 bellum
2627 2191 3017 2251 saevissimum
3068 2191 3132 2249 in
3182 2190 3427 2249 Thracia
3477 2187 3730 2247 Romani

240 2277 455 2335 sebius.
504 2280 555 2335 A
600 2279 876 2338 vicesimo
922 2281 1111 2354 primo
1142 2282 1299 2340 enim
1338 2285 1463 2358 ejus
1507 2286 1737 2359 imperii
1767 2303 1941 2360 anno,
2026 2276 2252 2359 gessere
2280 2294 2305 2329 ε
2338 2302 2350 2341 :
2406 2288 2501 2346 29
2555 2283 2615 2341 in
2667 2298 2782 2356 quo
2823 2289 2981 2339 tanta
3006 2286 3222 2353 strages
3257 2280 3387 2351 fuit,
3421 2284 3485 2337 ut
3513 2277 3735 2335 Roma-

240 2368 637 2441 Hieronymus
684 2371 980 2443 presbyter
1027 2370 1267 2443 addidit,
1318 2372 1583 2433 indicans
1614 2376 1943 2436 Juvencum
2028 2374 2111 2444 ni,
2174 2374 2388 2431 amisso
2443 2387 2724 2446 equorum
2788 2370 3076 2443 praesidio,
3143 2368 3387 2442 pedibus
3446 2367 3733 2437 fugerent.

244 2456 650 2531 presbyterum
696 2459 1015 2533 Evangelia
1056 2461 1324 2520 versibus
1372 2465 1796 2540 conscripsisse,
1848 2484 1941 2527 ro-
2036 2465 2297 2537 Cumque
2321 2479 2354 2520 a
2393 2462 2619 2521 Gotthis
2650 2460 3039 2517 internecione
3068 2458 3328 2517 maxima
3355 2456 3734 2524 caederentur,

242 2542 412 2622 gante
444 2549 769 2622 supradicto
792 2549 1153 2621 imperatore.
2033 2558 2089 2610 et
2110 2550 2319 2608 Valens
2349 2551 2569 2622 fugeret
2597 2549 2799 2620 sagitta
2822 2546 3129 2616 sauciatus,
3158 2560 3402 2620 parvum
3432 2540 3737 2613 tugurium

314 2634 549 2693 XXXV.
610 2635 732 2694 Sub
782 2635 1108 2695 Constantis
1152 2642 1343 2696 autem
1395 2639 1663 2715 imperio,
1700 2644 1947 2705 Jacobus
2034 2643 2357 2715 ingressus,
2390 2641 2842 2698 imminentibus
2890 2639 3173 2707 hostibus,
3204 2652 3377 2711 super
3408 2650 3468 2692 se
3497 2632 3737 2690 incensa

246 2726 562 2785 Nisibenus
587 2726 607 2754 ¹³
630 2726 759 2799 fuit,
789 2726 859 2783 ad
884 2733 979 2789 28
1008 2729 1176 2801 cujus
1216 2744 1411 2801 preces
1460 2733 1753 2793 inclinatae
1781 2751 1950 2795 aures
2037 2734 2253 2806 casula,
2281 2738 2472 2806 optata
2522 2731 2706 2790 caruit
2756 2728 3076 2803 sepultura.
3130 2727 3338 2802 Sicque
3363 2723 3508 2783 ultio
3534 2720 3737 2779 divina

248 2814 477 2885 divinze
492 2814 832 2886 clementiae,
866 2816 1050 2875 multa
1100 2817 1355 2887 pericula
1382 2834 1415 2893 a
1444 2819 1672 2879 civitate
1699 2825 1827 2897 ejus
1855 2840 1948 2881 re-
2034 2825 2108 2883 ob
2165 2829 2494 2880 sanctorum
2536 2821 2789 2879 eil‘usum
2835 2819 3201 2892 sanguinem,
3255 2813 3485 2876 tandem
3524 2810 3738 2869 emissa

251 2903 543 2975 pulerunt.
578 2902 690 2961 Sed
742 2910 798 2961 et
854 2904 1213 2963 Maximinus
1241 2906 1624 2969 Treverorum
1650 2911 1950 2988 episcopus
2036 2912 2328 2989 processit.
2376 2912 2510 2970 Huc
2562 2926 2745 2984 usque
2792 2910 3187 2983 Hieronymus
3243 2930 3256 2964 :
3312 2905 3383 2963 ab
3436 2903 3543 2961 hoc
3596 2914 3739 2959 vero

228 3000 449 3068 'potens
476 2994 536 3052 in
570 2994 730 3052 omni
758 2996 1055 3054 sanctitate
1079 2999 1382 3072 reperitur.
2034 3012 2311 3077 tempore,
2336 3000 2574 3060 Orosius
2598 3000 2899 3075 presbyter
2926 3000 3059 3073 plus
3081 2997 3326 3072 scripsit.

324 3086 489 3144 Nono
519 3086 744 3144 decimo
776 3085 1094 3147 Constantii
1122 3100 1143 3127 ο
1163 3090 1418 3163 junioris
1450 3107 1625 3164 anno,
1661 3077 2008 3155 AntoniusC
2107 3091 2426 3152 XXXVIII.
2458 3091 2645 3166 Igitur
2667 3106 2803 3150 cum
2833 3090 3141 3149 Gratianus
3165 3089 3476 3161 imperator
3503 3080 3742 3141 destitu-

257 3176 578 3234 monachus
629 3176 876 3249 transiit,
926 3178 1244 3237 centesimo
1286 3179 1493 3253 quinto
1536 3182 1561 3217 ἀ
1604 3184 1789 3242 aetatis
1829 3202 1953 3245 sum
2035 3190 2151 3242 tam
2176 3183 2479 3241 hcerneret
2537 3198 2660 3239 esse
2716 3181 3157 3254 rempublicam,
3200 3176 3588 3237 Theodosium
3617 3170 3742 3231 col-

255 3268 836 3327 anno.Beatissimus
886 3268 1147 3327 Hilarius
1199 3266 1578 3332 Pictaviensis
1632 3276 1949 3351 episcopus,
2038 3274 2225 3345 legam
2278 3270 2509 3345 imperii
2562 3270 2713 3329 facit.
2744 3270 2854 3329 Hic
2885 3269 3244 3329 Theodosius
3296 3280 3530 3327 omnem
3578 3275 3746 3336 spem

260 3373 435 3417 suasu
487 3357 893 3417 hmreticorum
927 3358 1136 3417 exsilio
1164 3360 1471 3435 deputatur
1503 3379 1515 3413 :
1550 3362 1746 3439 ibique
1780 3366 1957 3426 libros
2041 3379 2205 3422 suam
2263 3370 2435 3436 atque
2486 3361 2760 3420 fiduciam
2808 3362 2872 3419 in
2912 3362 3013 3421 Dei
3048 3357 3501 3419 misericordiam
3555 3352 3743 3429 ponit.

257 3461 389 3518 pro‘
414 3444 528 3501 ﬁde
581 3446 856 3504 catholica
909 3446 1185 3531 scribens,
1243 3448 1575 3507 Constantio
1628 3453 1803 3523 misit,
1854 3456 1959 3528 qui
2041 3453 2151 3523 Qui
2176 3452 2391 3511 multas
2414 3458 2610 3525 gentes
2642 3467 2759 3511 non
2807 3458 2924 3511 tam
2972 3452 3184 3526 gladio,
3217 3465 3394 3526 quam
3443 3446 3661 3519 vigiliis
3687 3448 3749 3531 et

261 3539 464 3608 quarto
494 3536 688 3593 exsilii
733 3550 885 3593 anno
932 3552 1067 3595 eum
1111 3536 1332 3596 absolvi
1354 3540 1586 3613 jubens,
1633 3544 1705 3601 ad
1731 3548 1961 3620 propria
2043 3542 2372 3615 operatione
2410 3542 2779 3614 compescuit,
2835 3542 3249 3616 rempublicam
3297 3533 3665 3597 conﬁrmavit
3701 3530 3744 3605 ί,

258 3624 446 3683 redire
472 3624 751 3697 permisit.
1153 3644 1160 3650 '
2045 3632 2605 3706 Constantinopolim
2629 3633 2837 3692 urbem
2867 3634 3050 3692 victor
3073 3633 3369 3706 ingressus
3397 3634 3499 3688 est.

333 3712 597 3772 XXXVI.
638 3714 805 3773 Tunc
824 3725 846 3751 °
895 3715 1016 3788 jam
1036 3720 1115 3809 .et
1158 3716 1360 3776 lumen
1390 3724 1653 3779 nostrum
1680 3716 1960 3796 exoritur,
2070 3694 2089 3733 ’
2118 3725 2412 3784 Maximus
2428 3694 2573 3783 vero
2620 3740 2755 3785 cum
2782 3740 2885 3799 per
2911 3694 3278 3799 tyrannidem
3305 3719 3589 3797 oppressis
3612 3716 3749 3776 Bri-

328 3893 569 3976 ‘_I_10<}je,
610 3895 669 3946 ut
714 3894 952 3976 petantp
977 3895 1242 3976 oppidum
1285 3900 1368 3949 est
1427 3899 1737 3976 Hungariae,
1787 3905 1966 3958 Szom-
2048 3906 2253 3959 obiisse
2326 3905 2671 3959 verisimilius
2734 3908 2833 3959 est.
2889 3904 3153 3958 Morinum
3224 3903 3487 3955 infantem
3515 3975 3520 3976 ί
3545 3898 3612 3976 ab
3677 3908 3750 3949 eo

270 3967 411 4048 b6“?!
462 3967 677 4048 άίθίιξωι
714 3966 1537 4048 ﬂ1i33§lamﬂmx4ngmgin
1572 3975 1829 4048 comitatu
1868 3978 1965 4030 Ca-
2049 3984 2364 4035 suscitatum
2432 3983 2604 4035 refert
2666 3982 2987 4035 Fortunatus
3036 3984 3092 4033 in
3155 3983 3276 4045 ejus
3341 3980 3467 4031 Vitas
3512 3975 3753 4048 libromr.

273 4035 657 4119 St’_i.fe”e“3i°_.
711 4037 985 4119 Clu'eKiPs
1065 4041 1255 4119 ίδιξιβη,
1330 4043 1608 4119 ,(ῗΧίδῖίωεί
1694 4047 1967 4101 Sabariam
2048 4068 2198 4109 num.
2249 4057 2323 4107 12.
2378 4054 2452 4108 De
2499 4055 2603 4109 hoc
2649 4059 2836 4109 sancto
2884 4035 3345 4119 Gregorius-item
3397 4051 3507 4113 agit
3543 4048 3599 4098 in
3652 4042 3750 4119 lib.

275 4111 547 4175 antiquam
588 4111 716 4192 91i_m
765 4111 1057 4192 833t_m§593
1106 4112 1197 4192 ubi
1241 4113 1402 4167 h0die
1445 4118 1527 4192 ξεῖ
1573 4120 1809 4172 castrum
1838 4119 1972 4173 δαν·
2034 4118 2122 4182 Δ(Ιθ
2171 4127 2347 4181 Gloria
2390 4128 2655 4192 Confess.,
2718 4140 2835 4192 cap.
2899 4128 2953 4176 2.
2988 4111 3255 4179 "Melaniae
3312 4111 3500 4176 laudas
3550 4118 3754 4182 praeter

276 4195 413 4266 tear,
460 4186 609 4266 quod
649 4186 895 4266 Germani
939 4184 1273 4266 Rothenturn
1307 4189 1601 4266 appellant,
1633 4192 1806 4245 tribus
1848 4195 1907 4245 le'

2083 4202 2442 4266 iieronymum
2498 4184 2653 4254 fuse.
2689 4184 3092 4266 prosequuntur
3157 4198 3245 4250 alii
3315 4194 3487 4248 sancti
3547 4192 3752 4266 Patres.

274 4259 356 4341 gis
383 4254 540 4341 intra
590 4261 907 4341 praedictum
943 4262 1218 4325 oppidum,
1256 4263 1323 4315 ad
1377 4264 1713 4319 conﬂuentes
1744 4268 1973 4322 Sabariae
2056 4254 2288 4327 Valentis
2343 4278 2586 4337 tempore
2630 4254 2884 4325 maxime.
2929 4272 3120 4325 enituit
3162 4271 3217 4323 in
3264 4267 3514 4341 fovendis
3566 4266 3625 4341 et
3653 4260 3751 4341 ab-

270 4331 500 4414 ﬂuy1i__i_n
524 4338 869 4414 Λΐῐθδοξξεέξηο
1036 4406 1051 4414 _
1346 4407 1361 4414 _
1604 4409 1662 4414 __
1844 4411 1854 4414 _
2057 4348 2252 4400 dendis
2296 4331 2725 4407 confessoribus,
2780 4358 2917 4411 quos
2956 4346 3046 4397 ille
3091 4340 3541 4414 persequebatur.
3593 4332 3750 4414 Οιιὶοτ

346 4405 615 4489 fAliquot
680 4408 850 4489 editi.
892 4406 1173 4489 mendose,
1240 4407 1568 4489 Niebenyslv
1604 4409 1699 4489 llic
1765 4411 1907 4489 quip]

2083 4437 2164 4489 [ne
2211 4421 2600 4473 monachorum
2660 4405 2831 4474 millia
2881 4419 3055 4473 semel
3095 4405 3207 4483 per
3256 4414 3496 4469 triduum
3528 4405 3751 4489 tyranni

400 4452 615 4489 ”’”¹“’“’ἶ
684 4452 810 4458 “’””’
893 4452 1173 4486 -’-“ἷ””
1240 4452 1523 4489 ””’⁷””’Σ””
1559 4480 1568 4488 .
1604 4452 1698 4489 ζ’““’
1766 4452 2032 4511 ‘1‘"I’I’VD
2058 4452 2164 4489 quc
2211 4452 2600 4473 ωυυαυμυιυιιι
2662 4452 2831 4474 annuus
2881 4452 3055 4473 οιιιισι
3111 4452 3199 4483 pun
3260 4452 3496 4469 u-uuuu-
3532 4452 3749 4472 -δ---η-

277 4481 363 4560 est.
418 4480 656 4560 c9191)“.
709 4476 937 4560 “comas
999 4488 1303 4560 8135029118.
1369 4491 1459 4541 (illi
1513 4480 1745 4560 Nisibam
1778 4481 1970 4560 ﬂeso-
2055 4496 2279 4549 insidias
2320 4494 2640 4558 fugientium
2691 4495 2855 4557 pavit.
2901 4492 3027 4544 Vide
3096 4494 3144 4544 S.
3192 4489 3396 4542 Paulini
3459 4481 3749 4560 epistolam

276 4552 524 4631 potamiae
575 4549 768 4601 urbem
807 4550 1108 4631 aUSaporis
1158 4549 1445 4631 Persarum
1490 4551 1639 4631 regis
1692 4549 1971 4631 ρὺεῖάἱοηθ
2055 4573 2123 4623 ad
2170 4549 2445 4631 Severum,
2499 4567 2625 4619 olim
2681 4549 2755 4629 1'0,
2808 4568 2866 4618 in
2912 4578 3055 4618 nova
3106 4565 3232 4617 edit.
3277 4562 3358 4613 20.
3411 4561 3595 4631 Monet
3622 4557 3751 4631 R98:-

277 4624 541 4710 Iiberavit,
595 4638 790 4710 ‘anno‘
834 4624 1448 4710 350.7‘C’3eterumﬂnisi
1502 4626 1653 4710 ipse.
1684 4628 1974 4710 Gregorius
2053 4645 2302 4710 weydus,
2362 4624 2831 4691 in'notanonibus
2900 4638 2969 4689 ad
3026 4626 3751 4710 peregrinationemdinﬂni

277 4701 558 4763 erraxerit,
594 4698 886 4761 legendum
913 4699 994 4749 est
1028 4693 1350 4755 Constantii.
1375 4710 1472 4761 pro
1495 4696 1823 4751 Constantis.

342 4713 368 4749 Γ
439 4713 558 4763 ent,
594 4713 886 4761 legendum
913 4713 994 4749 BS!
1028 4713 1350 4755 vonszanm.
1376 4713 1472 4761 pro
1495 4713 1823 4751 uonszanus.

520 4772 641 4825 cod.
685 4770 868 4833 Regm.
912 4768 1027 4829 Alii,
1080 4765 1446 4821 Constantini.
1496 4770 1600 4821 Sed
1667 4771 1967 4837 mendose;

276 4856 402 4895 nam
440 4849 634 4908 quarto
696 4844 779 4895 sui
834 4843 1046 4909 imperii
1089 4855 1233 4895 anno
1275 4846 1488 4895 occisus
1526 4846 1608 4895 est
1662 4842 1967 4895 Constanti-

277 4928 379 4966 nus
424 4918 626 4980 junior.
673 4916 1041 4967 Constantium
1088 4913 1173 4965 hic
1229 4916 1501 4978 juniorem
1557 4915 1792 4979 appellat
1838 4916 1968 4967 Gre-

274 4991 480 5054 gorius,
517 4991 654 5042 forte
678 4992 733 5041 ut
763 4991 941 5052 ipsum
967 5002 997 5041 a
1031 4989 1332 5041 Constantio
1354 4986 1543 5039 Chloro
1568 4987 1874 5049 distinguat.

335 5064 356 5094 ⁴
392 5062 525 5115 Editi
568 5073 690 5114 cum
742 5062 862 5114 cod.
916 5060 1098 5125 Regio,
1159 5060 1642 5129 annocentesimo.
1676 5057 1773 5111 sed
1812 5069 1967 5110 men-

271 5138 514 5268 dofeilaec
576 5222 752 5275 usque
817 5207 884 5260 ad
935 5207 1173 5261 Melania
1222 5222 1367 5272 vero,
1415 5210 1611 5263 desunt
1664 5206 1721 5257 in
1779 5205 1967 5259 codice

269 5298 473 5414 re'glgis
541 5363 627 5415 est
682 5358 826 5410 inter
882 5358 1136 5409 auctores
1194 5356 1260 5409 de
1310 5358 1397 5410 die
1443 5358 1497 5409 et
1557 5367 1718 5417 anno,
1770 5352 1969 5418 quibus

267 5451 315 5521 Sy.
360 5448 593 5499 Hilarius
642 5443 879 5499 excessit
925 5454 955 5495 e
988 5443 1117 5494 vita.
1159 5443 1230 5495 De
1255 5442 1355 5496 hac
1397 5455 1457 5495 re
1479 5441 1653 5493 fusius
1682 5439 1969 5492 disseritur

268 5533 324 5582 in
378 5530 549 5593 ipsius
617 5529 746 5590 Vita,
799 5539 917 5594 quae
972 5528 1092 5591 ejus
1158 5526 1416 5590 operibus
1474 5535 1668 5576 recens
1703 5535 1733 5573 a
1768 5523 1965 5575 nostris

267 5602 429 5655 editis
499 5604 854 5665 praemittitur,
928 5612 1076 5652 num.
1135 5601 1218 5651 113
1274 5604 1325 5652 et
1373 5612 1490 5663 seq.
1536 5597 1663 5661 Ejus
1706 5594 1964 5646 festivitas

266 5676 447 5728 Idibus
494 5673 732 5727 Januarii
785 5678 841 5728 in
901 5672 1135 5741 antiquis
1191 5675 1243 5725 et
1287 5670 1596 5725 recentibus
1636 5670 1956 5734 martyrolo-

267 5750 375 5817 giis
424 5746 745 5815 celebratur,
802 5761 907 5813 qua
967 5750 1054 5804 die
1125 5748 1179 5802 et
1221 5746 1439 5813 quidem
1491 5755 1636 5801 anno
1681 5743 1775 5797 368
1834 5753 1959 5797 eum

2054 4721 2109 4770 et
2144 4702 2407 4774 Melania,
2455 4710 2770 4783 Gregorium
2803 4712 2889 4763 hic
2926 4702 3139 4783 lapSum
3186 4720 3332 4783 esse,
3388 4702 3751 4783 quiMelanize

2054 4789 2224 4841 ﬁlium
2270 4784 2560 4851 appellavit
2614 4781 2905 4841 Urbanum,
2961 4795 3031 4833 ex
3089 4782 3210 4833 loco
3266 4775 3509 4851 Chronici
3560 4774 3748 4851 Hiero-

2052 4862 2204 4925 nymi
2248 4844 2390 4911 male
2431 4856 2720 4915 intellecto,
2774 4856 2864 4907 ubi
2905 4854 3266 4917 Hieronymus
3308 4845 3596 4925 parvulum
3639 4844 3751 4895 Me-

2049 4923 2210 4988 laniae
2260 4934 2432 4984 ﬁlium
2480 4934 2767 4995 praetorem
2828 4941 3111 4987 URBANUM,
3158 4927 3211 4978 id
3240 4928 3322 4977 est
3353 4923 3602 4975 Romanae
3660 4931 3752 4995 ιιι-τ

2052 5008 2159 5069 bis,
2223 4993 2499 5059 exstitisse
2546 5004 2825 5068 memorat,
2896 5001 3042 5065 quod
3094 5000 3175 5051 sic
3230 4995 3615 5074 interpretatus
3669 4993 3759 5043 est

2052 5066 2341 5144 Gregorius
2363 5077 2517 5141 quasi
2548 5066 2805 5127 eluamus
2842 5085 3045 5146 nomen
3077 5067 3301 5146 parvuli
3316 5066 3497 5118 fuerit.
3635 5135 3673 5146 ﬁ

2115 5135 2395 5216 elliquot'
2440 5149 2617 5208 codd.,
2694 5145 2971 5198 Thracias.
3045 5140 3306 5197 Nonnulli
3376 5150 3513 5216 cum
3588 5135 3755 5187 editis

2055 5208 2307 5280 Thracas.
2374 5222 2607 5274 Valentis
2668 5218 3109 5285 persecutionem
3178 5227 3282 5290 ac“
3327 5208 3759 5290 orthodoxoruln

2049 5299 2341 5361 praeclaras
2423 5281 2802 5346 confessiones
2868 5290 3003 5364 fuse
3082 5281 3758 5364 describuntuGregorius

2049 5353 2343 5436 Nyssenus,
2409 5369 2760 5425 Sozomenus,
2806 5360 3311 5436 i'l‘heodoritushet
3370 5353 3461 5436 alii
3515 5354 3755 5436 passim.

2049 5422 2409 5496 iexﬂcontra
2459 5422 2760 5491 monachos
2802 5435 3049 5495 habetur,
3099 5434 3133 5484 ι.
3184 5432 3265 5491 26,
3314 5441 3359 5479 ο.
3405 5424 3469 5475 de
3501 5422 3758 5475 Βιθυνίο-

2047 5516 2219 5568 nibus.
2261 5516 2395 5566 Obiit
2454 5512 2541 5564 die
2590 5513 2618 5562 9
2671 5507 2895 5571 Augusti
2946 5518 3087 5558 anno
3122 5504 3232 5567 378,
3281 5511 3405 5554 cum
3454 5497 3616 5562 paulo
3644 5506 3759 5549 am.

2043 5591 2191 5655 plius
2226 5600 2387 5653 quam
2416 5595 2587 5637 annos
2613 5582 2668 5633 15
2692 5582 2993 5645 regnasset.

2104 5662 2127 5693 δ
2157 5664 2280 5715 Cod.
2314 5661 2513 5723 Regm.,
2547 5656 2895 5708 destructum.

2099 5736 2113 5769 ί
2151 5736 2275 5793 Cod.
2299 5722 2504 5800 Regm.,
2526 5741 2741 5794 remque
2760 5724 3034 5792 publicam
3049 5722 3395 5787 conﬁrmans.
