3994 6332
210 394 306 454 181

1218 405 1579 469 HISTORIA
1617 410 2103 478 FRANCORUM.
2146 416 2371 479 LIBER
2413 417 2712 479 PRIMUS.

3605 418 3712 482 182

208 518 403 576 tannis
434 522 779 618 sumpsisset
807 524 1131 618 victoriam,
1186 544 1220 587 a
1273 530 1560 592 militibus
1612 536 1983 610 imperatorA
2002 541 2151 602 mitu
2180 559 2244 601 ac
2270 543 2543 617 lacrymis
2570 559 2701 618 quae
2727 542 3091 603 commiserat
3120 544 3373 615 diluens,
3402 543 3475 603 ad
3497 544 3706 604 urbem
3750 606 3755 609 ,

205 619 433 703 creatus
462 621 567 671 est.
628 615 695 673 In
754 617 898 675 urbe
942 618 1246 678 Treverica
1291 624 1486 683 sedem
1536 628 1845 689 instituens
1873 645 1916 703 α,

204 700 551 761 Gratianum
603 704 1007 779 imperatorem
1059 712 1526 775 circumventum
1557 719 1705 777 dolis
1737 700 1921 779 inter;

203 789 359 847 fecit.
394 793 482 849 Ad
534 794 693 853 hunc
722 796 1043 856 Maximum
1088 800 1290 861 beatus
1320 804 1603 867 Martinus
1637 809 1759 880 jam
1794 811 1917 884 epi-

204 896 416 954 scopus
444 886 624 944 venit.
658 886 730 945 In
778 887 901 947 loco
928 906 1063 963 ergo
1102 894 1377 966 Gratiani,
1413 898 1768 960 Theodosius
1816 902 1916 961 ille

204 970 309 1064 qui
343 977 523 1064 totam
574 992 732 1064 spem
782 976 843 1037 in
888 979 1077 1039 Deum
1129 992 1419 1055 posuerat,
1458 993 1639 1046 totum
1678 990 1918 1064 suscipit

202 1059 543 1133 imperium.
562 1062 674 1133 Qui
691 1065 962 1142 deinceps
986 1070 1203 1130 divinis
1224 1073 1494 1135 affatibus
1510 1080 1711 1151 fretus,
1738 1059 1915 1139 Maid-

207 1166 377 1208 mum
414 1154 725 1226 spoliatum
760 1159 1003 1233 imperio
1034 1162 1375 1224 interfecit”.

276 1243 545 1304 XXXIX.
601 1249 772 1322 Apud
817 1254 1112 1313 Arvernos
1169 1272 1305 1315 vero
1340 1264 1467 1332 post
1520 1258 1915 1321 Stremonium

206 1334 541 1431 episcopum
587 1341 1151 1420 praediadoremque,
1205 1349 1429 1422 primus
1456 1352 1757 1428 episcopus
1804 1355 1915 1413 Ur-

208 1419 377 1481 bicus
402 1424 532 1493 fuit,
560 1442 633 1485 ex
666 1432 1025 1491 senatoribus
1043 1419 1385 1509 Conversus,
1403 1419 1909 1516 uxoremhabens,

205 1527 342 1585 quae
357 1516 528 1587 juxta
568 1524 1052 1582 consuetudinem
1094 1526 1555 1602 ecclesiasticam,
1620 1540 1835 1592 remota
1878 1552 1912 1594 a

205 1606 497 1664 consortio
542 1611 849 1670 sacerdotis
878 1619 972 1676 30
1018 1614 1285 1687 religiose
1330 1618 1579 1678 vivebat.
1627 1622 1912 1683 Vacabant

206 1694 370 1788 enim
417 1700 591 1758 ambo
635 1703 903 1775 orationi,
959 1707 1360 1783 eleemosynis,
1412 1717 1584 1784 atque
1638 1716 1910 1788 operibus

203 1784 395 1844 bonis.
434 1788 700 1864 Cumque
743 1794 863 1853 haec
886 1805 1140 1869 agerent,
1174 1799 1322 1857 livor
1348 1799 1590 1875 inimici,
1617 1784 1721 1878 qui
1754 1821 1909 1863 sem-

2000 631 2293 704 propriam
2344 638 2427 689 est
2454 648 2759 702 reversus;
2789 633 2892 707 qui
2930 632 3169 706 impleto
3204 632 3339 690 vitae
3367 647 3544 691 cursu
3586 633 3701 692 mi-

1998 720 2183 793 gravit
2222 737 2255 778 a
2286 720 2516 779 smculo.
2545 721 2688 778 Nata
2719 728 2802 779 est
2832 720 2987 779 enim
3013 722 3085 779 ab
3116 722 3222 779 hoc
3250 722 3699 787 concubitueﬁ-

1999 813 2093 883 lia,
2127 828 2257 885 quae
2284 812 2345 870 in
2367 812 2644 885 religione
2663 813 2996 885 permansit.
3030 812 3156 885 Ipse
3182 827 3415 887 quoque
3438 812 3700 871 sacerdos

1999 918 2133 961 cum
2162 904 2404 977 conjuge
2430 908 2484 959 et
2516 901 2637 959 ﬁlia
2666 902 2725 959 in
2755 909 2949 975 crypta
2981 901 3447 959 Cantobennensi
3469 903 3507 973 ί,
3526 902 3698 975 juxta

1997 1006 2264 1064 aggerem
2310 990 2608 1063 publicum
2635 1000 2661 1035 ε
2695 997 2779 1048 est
2806 990 3084 1063 sepultus.
3123 990 3189 1047 In
3240 989 3407 1063 cujus
3433 992 3557 1050 loco
3587 990 3697 1049 Le-

1996 1096 2105 1154 gon
2116 1097 2186 1139 us
2202 1080 2223 1107 ¹³
2252 1080 2550 1153 epiSCOpus
2576 1079 2939 1151 subrogatur.

2067 1169 2187 1227 XL.
2237 1168 2360 1238 Quo
2397 1168 2685 1237 defuncto,
2724 1174 2951 1225 sanctus
2980 1168 3257 1227 Hillidius
3285 1168 3575 1239 successit,
3606 1169 3698 1226 vir

1999 1257 2239 1315 eximite
2268 1255 2583 1321 sanctitatis
2608 1270 2675 1313 ac
2704 1256 2991 1327 praeclaras
3026 1256 3279 1327 virtutis,
3311 1257 3414 1330 qui
3444 1257 3511 1314 in
3541 1261 3697 1313 tanta

1998 1346 2296 1403 sanctitate
2330 1343 2587 1414 emicuit,
2623 1348 2687 1402 ut
2718 1344 2869 1400 fama
2898 1343 3023 1416 ejus
3057 1344 3233 1402 etiam
3269 1351 3576 1403 extraneos
3596 1343 3686 1399 31

1997 1437 2141 1494 lines
2168 1437 2385 1493 adiret:
2413 1435 2567 1493 unde
2618 1435 2833 1492 factum
2872 1440 2975 1504 est,
3008 1432 3113 1491 uti
3162 1435 3527 1508 imperatoris
3552 1435 3692 1493 Tre-

1996 1526 2172 1584 verici
2224 1524 2405 1582 tiliam
2443 1524 2734 1597 expetitus
2788 1540 2822 1580 a
2870 1522 3077 1597 spiritu
3117 1524 3421 1583 immundo
3450 1532 3695 1596 curaret,

1995 1614 2149 1688 quod
2177 1615 2238 1672 in
2278 1614 2424 1672 libro
2455 1614 2575 1685 illo,
2611 1630 2785 1688 quem
2815 1613 2885 1671 de
2913 1614 3039 1686 ejus
3066 1613 3197 1671 Vita
3225 1613 3692 1687 conscripsimus,

1994 1704 2464 1763 memoravimus.
2496 1705 2633 1763 Fuit
2659 1711 2874 1775 autem,
2906 1710 2973 1763 ut
3020 1704 3173 1762 fama
3202 1704 3395 1775 refert,
3422 1703 3589 1764 valde
3614 1719 3697 1761 se-

1992 1808 2109 1850 nex
2139 1798 2194 1850 et
2220 1794 2425 1867 plenus
2453 1793 2699 1863 dierum,
2733 1794 3060 1867 plenusque
3086 1792 3252 1851 bonis
3276 1792 3563 1865 operibus,
3595 1792 3697 1865 qui

204 1886 307 1943 per
333 1882 419 1932 est
449 1878 703 1937 aemulus
730 1884 1038 1955 sanctitati,
1068 1895 1464 1948 commovetur
1493 1892 1553 1947 in
1592 1892 1849 1951 feminan

2025 1882 2146 1939 elici
2171 1881 2691 1949 consummatione,
2716 1880 2851 1939 vitae
2868 1882 3047 1953 hujus
3076 1881 3417 1954 perfunctus
3444 1879 3692 1951 tramite,

205 1975 386 2052 quam
432 1964 495 2022 in
534 1970 1059 2042 concupiscentiam
1119 1976 1231 2033 viri
1284 1979 1655 2052 succendens,
1698 1998 1910 2042 novam

206 2049 613 2148 Evamefticit.
645 2058 792 2148 Nam
808 2076 1085 2122 succensa
1114 2067 1327 2126 mulier
1349 2086 1383 2127 a
1416 2049 1682 2144 libidine,
1716 2081 1911 2148 operta

204 2142 417 2237 peccati
450 2146 718 2217 tenebris,
754 2152 939 2223 pergit
965 2153 1037 2210 ad
1059 2154 1298 2213 domum
1326 2159 1583 2220 ecclesia;
1608 2142 1710 2237 per
1741 2142 1909 2222 tene-

204 2230 337 2289 bras
370 2237 572 2293 noctis.
606 2240 872 2316 Cumque
913 2243 1172 2303 obserata
1199 2250 1394 2307 omnia
1424 2230 1745 2325 reperisset,
1773 2256 1907 2327 pul-

204 2340 330 2423 sare
362 2328 512 2423 fores
534 2333 790 2393 ecclesiae
818 2336 1029 2395 domus
1059 2342 1250 2414 coepit,
1282 2360 1347 2401 ac
1379 2361 1544 2406 voces
1574 2349 1908 2423 hujusmodi

202 2412 377 2511 dare:
432 2417 745 2493 Quousque
791 2428 1051 2485 sacerdos
1103 2412 1364 2490 dormis?
1408 2412 1713 2511 quousque
1766 2442 1909 2500 ostia

201 2504 398 2595 clausa
428 2523 547 2565 non
579 2512 833 2570 reseras?
863 2530 967 2571 cur
990 2532 1094 2573 con
1098 2519 1297 2591 jugem
1323 2532 1343 2557 ο
1365 2504 1589 2595 spernis
1613 2504 1638 2584 ἶ)
1668 2545 1773 2588 cur
1799 2531 1907 2588 ob-

201 2589 694 2693 duratispuribus
746 2600 916 2660 Pauli
946 2589 1225 2681 prmcepta
1254 2625 1369 2668 non
1396 2589 1618 2674 audis?
1671 2618 1911 2693 Scripsit

199 2694 389 2739 enim:
424 2688 781 2744 Recerttmini
829 2694 903 2746 ad
953 2697 1296 2761 alterutrum,
1348 2718 1413 2755 ne
1440 2709 1603 2760 tentet
1634 2725 1722 2763 ros
1751 2688 1910 2767 sata-

197 2788 317 2867 nas.
368 2772 510 2867 Ecce
541 2793 645 2849 ego
677 2780 748 2837 ad
792 2786 843 2838 te
874 2791 1145 2855 revertor,
1182 2803 1287 2846 nec
1312 2790 1382 2847 ad
1414 2800 1776 2867 extraneum,
1809 2802 1906 2858 sed

196 2860 265 2918 ad
291 2866 591 2937 proprium
628 2885 727 2927 vas
764 2888 1015 2934 recurro.
1048 2876 1185 2935 Haec
1213 2884 1268 2936 et
1300 2878 1391 2937 his
1427 2882 1642 2943 similia
1672 2860 1773 2945 diu
1803 2890 1903 2947 dc-

198 2951 477 3047 clamanti
500 2958 571 3047 ά,
605 2962 836 3020 tandem
868 2966 1175 3025 sacerdotis
1208 2971 1438 3042 tepescit
1476 2973 1695 3047 religio.
1732 2978 1903 3038 Jubet

197 3056 323 3139 eam
344 3043 612 3139 cubiculo
642 3048 966 3139 intromitti,
997 3071 1255 3130 ususque
1285 3043 1610 3122 concubitu“
1638 3067 1763 3139 ejus
1793 3071 1904 3129 dis-

198 3132 398 3190 cedere
440 3134 626 3205 jubet.
648 3138 883 3228 _Dehinc
934 3146 1151 3206 tardius
1196 3150 1268 3207 ad
1317 3167 1377 3209 se
1427 3132 1712 3228 reversus,
1748 3161 1901 3219 etde

1993 1968 2267 2043 migravit
2315 1969 2385 2027 ad
2438 1968 2757 2041 Christum,
2790 1968 3167 2042 sepultusque
3216 1968 3277 2025 in
3307 1974 3525 2041 crypta,
3553 1967 3695 2025 sub-

1994 2060 2219 2117 urbano
2241 2060 2254 2097 ³
2280 2058 2528 2116 civitatis
2552 2058 2731 2116 illius.
2761 2058 2978 2117 Habuit
3022 2064 3218 2115 autem
3254 2064 3308 2114 et
3336 2057 3692 2114 archidiaco-

1992 2164 2158 2220 num,
2191 2147 2427 2206 nomine
2457 2154 2513 2205 et
2540 2150 2746 2206 merito
2775 2147 3009 2205 Justum
3029 2146 3078 2216 ιι,
3097 2146 3198 2219 qui
3222 2151 3277 2203 et
3303 2160 3541 2204 cursum
3559 2145 3695 2204 vitae

1990 2240 2161 2297 bonis
2190 2254 2608 2297 consummans
2636 2236 2927 2311 cperibus,
2960 2236 3220 2308 magistri
3250 2236 3477 2294 tumulo
3508 2236 3692 2294 socia-

1992 2335 2107 2388 tur.
2146 2328 2274 2387 Jam
2331 2344 2467 2387 vero
2506 2334 2633 2400 post
2689 2327 2999 2385 transitum
3026 2327 3178 2385 beati
3208 2326 3435 2385 Hillidii
3466 2328 3693 2385 confes-

1991 2418 2156 2489 soris,
2202 2418 2274 2477 ad
2303 2418 2623 2492 gloriosum
2678 2418 2803 2489 ejus
2858 2416 3190 2491 sepulcrum
3248 2422 3419 2475 tantae
3451 2417 3694 2477 virtutes

1989 2520 2283 2587 apparent,
2318 2520 2386 2571 ut
2413 2530 2519 2571 nec
2550 2514 2722 2572 scribi
2758 2515 2981 2587 integre
3010 2522 3245 2588 queant,
3278 2530 3383 2573 nec
3413 2514 3693 2573 memoria

1992 2603 2246 2662 retineri.
2278 2603 2429 2661 Huic
2459 2610 2691 2662 sanctus
2730 2604 3082 2678 Nepotianus
3108 2603 3403 2662 successit.

2060 2694 2211 2752 XLI.
2270 2694 2455 2767 Igitur
2502 2694 2655 2767 apud
2712 2697 3007 2753 Arvernos
3054 2700 3286 2752 sanctus
3334 2694 3693 2768 Nepotianus

1988 2792 2229 2855 quartus
2260 2783 2618 2842 1habebatur
2644 2783 2963 2857 episcopus.
2995 2785 3046 2841 A
3073 2782 3339 2841 Treveris
3354 2798 3490 2840 vero
3519 2782 3690 2856 legati

1988 2870 2051 2929 in
2073 2870 2417 2944 Hispaniam
2449 2872 2857 2931 mittebantur:
2901 2887 2975 2929 ex
3003 2870 3220 2944 quibus
3240 2869 3540 2929 Artemius
3568 2871 3690 2945 qui-

1988 2960 2142 3029 dam,
2172 2961 2535 3019 admirabilis
2574 2962 2871 3035 sapientia:
2926 2966 3097 3034 atque
3122 2960 3594 3032 pulchritudinis,
3633 2966 3689 3019 et

1988 3052 2172 3124 prima
2201 3057 2366 3109 zetate
2418 3052 2645 3120 florens,
2706 3052 2765 3109 vi
2796 3052 3046 3111 febrium
3076 3056 3161 3108 est
3184 3057 3497 3125 correptus.
3532 3051 3687 3110 Prte-

1986 3143 2324 3203 cedentibus
2346 3159 2483 3202 vero
2508 3144 2659 3214 aliis,
2688 3143 2780 3201 hic
2814 3144 2967 3218 apud
2997 3145 3290 3200 Arvernos
3314 3148 3566 3215 :egrotus
3594 3159 3688 3201 re-

195 3227 519 3323 perpetrato
547 3225 761 3285 scelere
816 3233 1147 3305 condolens,
1196 3244 1433 3298 acturus
1479 3225 2293 3323 pmnitentiam,clianilUI‘-
2348 3237 2494 3293 Nam
2539 3251 2606 3293 ρο
2638 3242 2892 3307 tempore
2922 3234 3073 3307 ill)ud
3102 3234 3383 3292 Τίόνθτοε
3432 3234 3687 3307 Sponsa“

196 3308 464 3371 diCBCBSiS
493 3329 613 3373 sum
644 3323 1061 3382 monasterium
1102 3328 1320 3399 expetit
1346 3348 1358 3386 ;
1410 3308 1607 3405 ibique
1637 3350 1771 3393 cum
1796 3308 1900 3408 ge.
1918 3308 1959 3323 υ
1980 3331 2099 3382 erat
2131 3326 2365 3385 vinculo
2395 3341 2605 3384 nexus.
2658 3327 2708 3383 A
2737 3331 2933 3383 sancto
2968 3330 3161 3382 autem
3193 3324 3510 3398 Nepotiano
3538 3323 3684 3383 visi-

255 3507 275 3535 δ
309 3507 657 3600 liii-desinit
709 3516 850 3600 liber
890 3533 912 3600 r_
964 3520 1018 3572 in
1068 3524 1185 3575 cod.
1243 3507 1423 3593 Regio.
1483 3534 1679 3589 Caetera
1724 3547 1895 3600 usque

192 3579 541 3671 librum
620 3590 939 3671 indesunt,
1004 3600 1202 3657 pmter
1261 3579 1895 3671 c1§ﬁ§hi££712z§ti£ii

192 3652 324 3736 liber
348 3669 368 3707 ι
393 3671 427 3707 a
449 3661 723 3724 principio
744 3666 939 3717 mundi
958 3652 1123 3733 usque
1142 3673 1221 3722 ad
1241 3652 1891 3735 transitum—sanciti’lfar:

192 3730 314 3807 lini.
368 3738 759 3796 computantur
788 3740 927 3790 anni
957 3730 1098 3793 5546.
1136 3742 1194 3794 In
1221 3749 1339 3801 cod.
1376 3730 1893 3807 verotlorbro—m‘it-

191 3802 379 3881 tuntur
438 3812 667 3881 quatuor
719 3813 1004 3875 sequentia
1059 3816 1312 3881 capitula,
1368 3802 1893 3878 sedihabetur—ul-

189 3873 507 3963 timum.Lln
555 3873 813 3963 Vaticano:
844 3882 1031 3963 codice
1061 3873 1251 3963 eadem
1285 3873 1745 3961 quatuoricﬁapita,
1773 3873 1891 3963 quae

188 3944 725 4035 popjabetncodex
774 3953 1134 4035 Corbeiensis,
1168 3944 1889 4035 desideranturiiriicwpdr—rwo

188 4014 661 4101 adnotarenliceat
722 4027 966 4101 quaedam
1018 4014 1130 4079 alia.
1175 4034 1350 4095 capita
1394 4014 1889 4101 qu'aé"iH"e3&'e}£

188 4088 379 4177 (adice
447 4094 693 4177 \laticano
745 4100 944 4151 desunt
994 4102 1073 4177 in_
1104 4088 1376 4166 prioribus
1412 4088 1668 4174 'Gregorii
1704 4088 1885 4177 illi};

190 4163 351 4246 quod.
405 4168 646 4246 catalogo
695 4184 883 4246 eorum
935 4163 1170 4227 nondum
1204 4185 1441 4246 recepto,
1489 4163 1561 4237 ea
1596 4163 1885 4243 suisloci—s'

188 4241 467 4321 assignare
516 4241 603 4321 tas
647 4256 759 4295 non
814 4244 1004 4321 fuerit.
1055 4246 1237 4313 Itaque
1287 4241 1478 4315 prmter
1526 4264 1754 4321 quatuor
1784 4241 1881 4313 ca;

191 4312 311 4392 prta.
346 4318 643 4392 memorata
693 4326 813 4379 qua:
840 4319 921 4392 _in
950 4317 1096 4392 libro
1117 4312 1298 4392 primo
1326 4338 1435 4376 non
1466 4312 1747 4392 habentur,
1784 4312 1877 4386 de-

190 4382 416 4461 suntAin
454 4382 595 4461 libro
640 4396 682 4435 ιι
732 4387 906 4449 capita
962 4388 1034 4449 14,
1081 4382 1157 4452 15,
1218 4392 1288 4450 16,
1347 4396 1420 4455 17,
1470 4397 1546 4457 21,
1601 4399 1681 4460 22,
1712 4382 1883 4461 23,56

188 4453 237 4529 et
290 4452 379 4510 39,-
437 4457 609 4529 capita
656 4470 790 4509 vero
852 4461 870 4510 t
920 4463 973 4511 et
1020 4461 1049 4511 li
1091 4474 1202 4514 non
1256 4452 1473 4529 quidem
1523 4452 1735 4522 exstant
1776 4452 1881 4527 suo

189 4522 322 4597 loco,
370 4527 464 4578 sed
504 4528 558 4578 in
600 4529 707 4581 fine
740 4529 864 4583 libri
892 4530 1175 4587 habentur.
1203 4522 1435 4594 In'libro
1471 4552 1527 4593 1v
1559 4543 1756 4597 desunt
1783 4522 1878 4597 £51

1979 3452 2403 3506 Claromontensi
2456 3451 2704 3505 saeculari
2755 3454 2878 3515 toga
2934 3452 3129 3503 donato
3183 3451 3430 3514 regulam
3461 3452 3681 3515 eiurare

1976 3525 2287 3577 noluerunt.
2341 3526 2399 3576 In
2456 3524 2648 3577 eodem
2698 3527 2883 3575 tamen
2937 3524 3141 3585 libello,
3196 3536 3313 3586 cap.
3357 3524 3406 3582 8,
3459 3525 3683 3575 sanctus

1978 3598 2201 3649 Urbicus
2249 3597 2494 3661 sepultus
2552 3598 2748 3648 dicitur
2795 3597 2851 3647 in
2902 3596 3136 3649 ecclesia
3188 3594 3359 3646 sancti
3394 3594 3546 3655 Galli,
3582 3593 3682 3646 sed

1976 3672 2088 3734 jam
2137 3670 2277 3723 forte
2327 3669 2445 3722 loco
2495 3672 2674 3722 motus
2726 3668 2918 3720 fuerat.
2969 3670 3027 3721 Et
3082 3668 3299 3733 quidem
3347 3669 3539 3731 postea
3569 3666 3677 3719 ite-

1978 3754 2100 3794 rum
2142 3742 2435 3795 translatus
2474 3746 2557 3795 est
2600 3742 2655 3793 in
2697 3742 2984 3794 ecclesiam
3029 3742 3200 3794 sancti
3224 3738 3398 3792 lllidii.
3431 3739 3505 3789 De
3536 3739 3677 3790 Can-

1978 3817 2301 3868 tobennensi
2368 3818 2699 3879 monasterio
2746 3815 2925 3879 agitur
2976 3815 3117 3867 infra
3167 3814 3260 3866 lib.
3314 3825 3373 3871 ll,
3427 3824 3545 3876 cap.
3595 3811 3676 3865 21.

1978 3884 2242 3940 Bobertus
2300 3888 2467 3940 abbas
2519 3877 2932 3940 Cintinobensis
2983 3890 3315 3941 memoratur
3368 3886 3423 3935 in
3466 3888 3676 3946 appen-

1979 3958 2100 4013 dice
2161 3961 2229 4012 ad
2291 3961 2579 4012 Historiam
2628 3959 2993 4012 translationis
3035 3962 3081 4012 S.
3130 3956 3489 4012 Austremouii
3532 3954 3676 4021 apud

1977 4028 2133 4087 Labb.
2164 4037 2291 4084 tom.
2331 4032 2375 4082 ΙΙ
2410 4031 2646 4083 Biblioth.
2674 4044 2845 4088 novae,
2876 4044 2998 4095 pag.
3025 4033 3135 4084 506.

2038 4117 2062 4151 8
2096 4106 2230 4157 Editi
2299 4104 2404 4156 duo
2470 4103 2684 4161 habent,
2754 4103 3105 4156 Publianum.
3176 4104 3401 4167 Aggeris

1972 4180 2191 4229 nomine
2217 4177 2569 4238 designantur
2593 4177 2695 4227 via:
2721 4176 2950 4240 publica:
2974 4189 3071 4228 seu
3091 4176 3371 4227 militares.

2032 4248 2055 4277 ¹ι
2087 4250 2161 4298 An
2214 4251 2433 4298 sanctus
2480 4247 2793 4307 Linguinus,
2840 4248 2933 4310 qui
2978 4247 3033 4297 in
3076 4246 3309 4298 ecclesia
3352 4246 3524 4297 sancti
3574 4247 3669 4300 Ve-

1966 4319 2195 4371 nerandl
2238 4318 2482 4383 sepultus
2527 4318 2724 4369 dicitur
2774 4329 2893 4380 cap.
2950 4319 3005 4369 iO
3058 4318 3182 4369 libri
3231 4331 3248 4368 ι
3300 4317 3367 4368 de
3421 4316 3689 4372 ecclesiis‘

1966 4392 2384 4446 Claromontens.
2458 4390 2608 4441 Hunc
2679 4390 2858 4453 potius
2921 4402 3045 4443 esse
3114 4390 3394 4443 Liminium
3460 4394 3667 4454 marty.

1964 4479 2077 4520 rem
2130 4465 2283 4530 putat
2334 4464 2550 4522 Savaro,
2602 4462 2655 4512 et
2706 4460 2922 4525 quidem
2975 4462 3066 4514 lib.
3104 4473 3315 4526 II,('ap.
3352 4463 3427 4523 i8,
3457 4474 3666 4515 memo—
3718 4460 3723 4465 ’

1962 4540 2113 4590 ratur
2184 4533 2419 4588 ecclesia
2487 4533 2660 4584 sancti
2729 4532 3022 4596 Leogontii,
3080 4532 3173 4584 ubi
3227 4534 3370 4585 idem
3425 4536 3665 4594 sanctus,

3468 4101 3672 4167 publici

189 4596 296 4683 pila
349 4603 592 4680 quatuor,
644 4602 882 4683 scili_cet_
906 4606 1143 4683 5,A6,‘:7,
1188 4610 1280 4683 712.
1338 4610 1397 4661 In
1454 4614 1637 4672 quinto
1694 4596 1849 4670 desiit

2025 4622 2124 4683 tem
2196 4607 2438 4670 Gregorii
2498 4605 2768 4669 Legonum
2824 4617 2949 4658 esse
3001 4607 3150 4671 putat
3202 4608 3418 4667 Savaro,
3470 4604 3667 4657 dicitur

186 4668 458 4755 tredecim,
504 4686 702 4755 Peiupe
753 4679 807 4755 5,
852 4677 901 4755 7_,
942 4668 1004 4755 ρ,
1058 4678 1130 4737 10,
1180 4682 1255 4741 12,
1306 4682 1383 4743 33,
1431 4668 1510 4745 3‘1,
1563 4686 1641 4745 38,
1678 4668 1874 4755 41,13,

185 4740 259 4797 46,
287 4743 364 4801 47,
396 4746 474 4796 49.
500 4746 698 4800 Caetera
727 4750 843 4801 suis
865 4750 1001 4802 locis
1026 4740 1367 4805 annotantur.

218 4823 259 4891 ,ε
301 4814 416 4867 Bec.
456 4822 507 4868 et
538 4819 743 4883 Regm.,
778 4834 877 4872 cur
905 4822 1195 4875 satellitem
1223 4828 1490 4887 spernis...
1522 4841 1621 4879 cur
1653 4829 1879 4881 obtura-

188 4885 267 4963 t_is,
318 4891 440 4963 etc.;
478 4903 655 4963 supra
695 4904 814 4956 cap.
866 4894 913 4952 2,
968 4896 1054 4946 vir
1109 4885 1316 4947 satelles
1346 4899 1667 4963 appellatur.
1692 4900 1878 4954 Codex

187 4953 374 5009 Turon.
401 4953 574 5015 habet
593 4953 879 5015 etiam—cur
906 4966 1213 5029 satellitem,
1244 4973 1343 5019 etc.

245 5028 418 5109 ‘_‘.Q_od.
476 5034 620 5109 Reg.,
674 5036 1029 5109 declamante,
1089 5028 1311 5092 tandem
1364 5042 1610 5109 sacerdos
1662 5047 1877 5108 tepescit

186 5100 475 5168 religiosus;
521 5108 782 5174 jubetque
831 5123 953 5162 eam
986 5108 1289 5164 caliculum
1320 5102 1569 5168 ἱηῢοίγε.
1601 5100 1726 5178 ροδί
1746 5131 1876 5170 con—

182 5178 413 5233 cubitum
440 5195 567 5233 vcro
599 5183 884 5236 discedere.

239 5264 258 5289 ε
292 5254 382 5307 Ed.
440 5260 495 5308 et
562 5256 703 5317 Bec.,
781 5263 1055 5322 conceptu.
1134 5261 1533 5313 Observandum
1594 5260 1681 5314 hic
1731 5265 1867 5315 reti-

176 5326 345 5385 gionis
395 5340 587 5380 vocem
632 5330 700 5381 ad
751 5331 1165 5393 exprimendum
1210 5334 1329 5383 vitae
1360 5333 1641 5383 sanctioris
1674 5336 1871 5389 statum

177 5398 471 5451 adhibitam,
499 5400 645 5459 Quod
676 5404 729 5452 et
754 5402 954 5464 saepius
984 5402 1272 5465 Gregorius
1299 5404 1427 5456 facit
1462 5404 1678 5466 passim.

236 5475 254 5510 ι
289 5475 413 5528 Cod.
498 5476 647 5538 Reg,
727 5473 1154 5539 Catabennensi;
1230 5477 1371 5535 Bad.,
1457 5474 1864 5538 Cantobonemi,

178 5548 335 5611 vulgo
370 5546 661 5605 Chantoin,
698 5547 790 5599 ubi
821 5550 1028 5600 exstitit
1060 5554 1251 5615 postea
1285 5550 1673 5601 monasterium
1711 5550 1870 5614 puel-

174 5619 357 5677 larum,
404 5623 565 5684 cujus
618 5619 856 5671 ecclesia
910 5620 1082 5672 dicata
1139 5622 1237 5673 fuit
1264 5625 1449 5673 sancto
1478 5620 1656 5680 Petro,
1684 5625 1742 5674 ut
1768 5623 1869 5675 ha-

174 5689 322 5743 betur
402 5693 456 5742 in
516 5688 762 5754 catalogo
843 5692 1199 5744 ecclesiarum
1257 5693 1780 5744 Claromontensium
1841 5706 1874 5745 a

174 5764 435 5819 Savarone
511 5764 678 5825 edito,
754 5763 851 5816 lib.
930 5778 967 5827 ι,
1036 5777 1155 5831 cap.
1212 5766 1291 5818 26.
1348 5766 1461 5817 Huc
1522 5766 1874 5818 secesserunt

174 5838 415 5891 canonici
465 5836 756 5902 regulares
808 5838 1056 5894 ecclesiae
1107 5837 1456 5901 cathedralis,
1498 5837 1590 5903 qui
1636 5836 1871 5902 capitulo

1962 4682 2268 4747 quiescere.

2022 4753 2158 4805 ‘Sic
2198 4752 2319 4805 cod.
2362 4750 2543 4813 Regm.
2601 4752 2654 4811 et
2706 4749 2834 4801 edit.
2888 4750 3033 4813 Bad.;
3090 4749 3289 4807 caeteri,
3341 4752 3400 4801 ut
3459 4749 3525 4801 ab
3558 4748 3663 4801 im-

1962 4824 2227 4888 peratoris
2262 4821 2530 4874 Treverici
2568 4820 2685 4885 ﬁlia
2720 4822 3000 4885 expetitus,
3032 4826 3092 4873 ut
3122 4819 3343 4885 spiritu,
3373 4822 3475 4872 etc.

2019 4899 2035 4944 i
2080 4898 2172 4949 Ed.
2211 4896 2334 4949 Bad.
2367 4894 2822 4953 habetsuburbio;
2856 4895 2975 4946 cod.
3013 4894 3213 4957 Regm.,
3239 4891 3567 4945 suburbana.

2022 4969 2043 4998 “
2080 4968 2400 5020 Memoratur
2446 4968 2586 5017 inter
2635 4970 2853 5017 sanctos
2903 4967 2995 5029 qui
3050 4966 3104 5017 in
3168 4965 3400 5017 ecclesia
3446 4967 3495 5020 S.
3549 4965 3667 5017 llli-
3720 4969 3731 4981 ‘

1960 5040 2033 5092 dii
2086 5038 2460 5105 quiescebant,
2507 5037 2599 5089 lib.
2647 5050 2665 5089 ι
2718 5037 2785 5089 de
2835 5038 3032 5091 eccles.
3076 5036 3417 5101 Claromont.,
3448 5050 3567 5103 cap.
3602 5051 3661 5098 ii,

1961 5126 2270 5179 quanquam
2330 5114 2621 5176 episcopus
2680 5111 2941 5163 mendose
2998 5112 3053 5164 in
3105 5114 3455 5177 inscriptione
3517 5114 3659 5166 dici-

1960 5190 2064 5238 tur.
2126 5184 2233 5236 Nisi
2292 5184 2431 5236 Iorte
2482 5185 2588 5236 duo
2643 5185 2753 5234 sint
2813 5184 3170 5243 Justi,.unus
3229 5185 3660 5246 archidiaconus,

1960 5263 2013 5310 et
2067 5256 2201 5308 alter
2245 5257 2552 5319 episcopus.
2607 5255 2734 5305 Nam
2779 5259 2831 5305 et
2882 5256 2937 5307 in
2986 5257 3177 5309 eodem
3222 5257 3379 5315 libro,
3430 5270 3548 5321 cap.
3584 5260 3657 5320 14,

1958 5331 2144 5381 Justus
2186 5330 2239 5380 in
2291 5328 2525 5381 ecclesia
2572 5327 2623 5377 S.
2687 5327 2861 5390 Cyrici
2908 5330 3193 5394 quiescere
3228 5329 3519 5381 dicitur.V.
3551 5329 3659 5381 Sir-

1957 5400 2138 5455 mond.
2182 5400 2236 5451 in
2285 5412 2374 5465 cp.
2426 5413 2485 5457 ιι,
2544 5398 2637 5451 lib.
2691 5410 2765 5448 iv.
2814 5401 3011 5454 Sidonii
3062 5402 3196 5454 Justi
3227 5401 3425 5453 festum
3463 5401 3517 5451 in
3546 5400 3659 5451 lili-

1960 5474 2134 5526 dianis
2187 5471 2382 5525 tabulis
2432 5472 2522 5524 die
2581 5471 2635 5521 12
2688 5471 2797 5523 Kal.
2852 5474 3169 5528 Novembris
3206 5476 3553 5524 memoratur.
3586 5473 3660 5527 De

1959 5552 2008 5603 S.
2063 5547 2235 5599 lllidio
2282 5548 2438 5610 plura
2486 5546 2728 5597 dicemus
2783 5547 2850 5598 ad
2899 5552 3021 5613 ejus
3054 5548 3235 5608 Vitam,
3264 5557 3383 5609 qua
3408 5549 3661 5601 estinter

1955 5622 2095 5672 Vitas
2119 5620 2365 5678 Patrum,
2394 5631 2508 5683 cap.
2540 5619 2590 5669 2.

2016 5692 2236 5743 lEtiam
2281 5692 2433 5754 juxta
2496 5690 2741 5754 Gregorii
2796 5689 3063 5742 calculum
3114 5688 3435 5751 Nepotianus
3486 5690 3656 5756 quin-

1954 5766 2040 5816 tus
2085 5766 2168 5815 est
2209 5763 2578 5813 Arvernorum
2623 5762 2929 5826 episcopus.
2964 5760 3035 5813 De
3083 5761 3204 5823 ejus
3243 5760 3496 5825 sepulcro
3530 5761 3657 5815 vide

1953 5836 2048 5890 lib.
2080 5836 2148 5890 de
2181 5835 2357 5890 Gloria
2380 5834 2639 5894 Cantus,
2663 5845 2780 5898 cap.
2806 5835 2886 5887 37.
