3994 6332
257 350 362 410 183

1329 304 1788 432 scansoria
1827 345 2159 406 EPISCOPI
2198 344 2668 406 TURONENSIS

3638 347 3745 407 184

254 479 424 547 tatus,
457 480 628 552 atque
660 474 784 532 oleo
813 477 1007 532 sancto
1029 478 1362 545 perunctus,
1399 473 1683 534 tribuente
1709 473 2016 536 DominoA
2037 472 2218 532 buere
2242 477 2536 546 parentes,
2567 475 2622 530 et
2643 471 2713 529 ad
2740 471 3167 546 propagandam
3187 472 3612 543 generationem
3642 480 3746 539 33

254 565 517 625 redditur
539 563 791 622 sanitati.
821 563 936 633 Qui
981 578 1115 621 cum
1157 562 1230 620 ab
1258 564 1460 622 eodem
1491 570 1684 622 sancto
1704 563 1953 622 verbum
2034 567 2380 638 conjungere
2414 564 2742 635 voluerunt,
2773 579 2848 621 ne
2875 563 3274 622 recedentibus
3310 564 3394 622 eis
3420 564 3490 622 de
3519 565 3747 624 mundo

255 655 678 728 praedicationis
719 653 1048 727 accepisset,
1071 653 1285 714 oblitus
1318 661 1428 712 tam
1475 670 1745 728 sponsam
1773 658 1954 712 terre-

256 762 414 818 nam,
469 761 647 818 quam
702 746 1001 804 facultates
1045 746 1322 818 proprias,
1383 751 1592 802 sancire
1654 744 1954 817 copulatur

261 834 548 906 Ecclesize,
581 836 881 910 factusque
933 834 1178 893 clericus
1237 835 1299 892 in
1352 840 1508 904 tanta
1563 835 1836 908 praelatus
1869 839 1954 891 est

253 925 574 995 sanctitate,
637 929 702 982 ut
753 923 914 982 beato
969 925 1287 997 Nepotiane
1344 940 1634 982 successor
1687 925 1958 982 existeret

253 1011 323 1067 ad
356 1013 636 1082 regendas
666 1013 855 1085 gregis
879 1013 1162 1071 Dominici
1193 1013 1389 1072 caulas
1411 1027 1454 1069 θ.

324 1102 507 1160 XLII.
539 1104 648 1162 Per
687 1104 840 1162 idem
881 1111 1104 1178 tempus
1134 1107 1463 1181 Injuriosus
1507 1105 1745 1180 quidam
1770 1107 1839 1164 de
1867 1121 1948 1164 se-

253 1191 557 1251 natoribus
581 1194 880 1265 Arvernis,
914 1211 1050 1253 cum
1077 1197 1303 1269 magnis
1331 1196 1537 1268 opibus
1563 1195 1814 1252 similem
1846 1193 1957 1252 sibi

201 1289 203 1292 ‘
252 1275 315 1332 in
345 1278 613 1352 conjugio
644 1280 900 1352 puellam
932 1283 1190 1354 expetiit,
1211 1285 1457 1358 datoque
1483 1283 1784 1351 arrabone,
1803 1281 1955 1340 diem

253 1369 556 1428 constituit
584 1373 940 1446 nuptiarum.
975 1374 1108 1432 Erat
1132 1382 1328 1432 autem
1360 1381 1604 1446 uterque
1629 1372 1837 1430 unicus
1865 1388 1957 1444 pa-

256 1458 346 1514 tri.
379 1458 740 1518 Adveniente
773 1476 909 1520 vero
939 1462 1051 1533 die,
1077 1462 1356 1519 celebrata
1387 1460 1724 1534 nuptiarum
1753 1459 1956 1518 solem-

253 1545 451 1618 nitate,
509 1547 570 1604 in
625 1565 742 1608 uno
791 1557 968 1608 strato
1023 1568 1097 1608 ex
1160 1567 1319 1608 more
1378 1550 1657 1610 locantur.
1715 1557 1810 1614 32
1843 1551 1953 1610 Sed

254 1638 447 1710 puella
473 1640 725 1711 graviter
754 1641 1110 1713 contristata,
1141 1657 1341 1702 aversa
1365 1640 1435 1697 ad
1468 1641 1763 1713 parietem,
1792 1658 1950 1699 ama-

253 1726 481 1784 rissime
507 1728 694 1785 ﬂebat.
733 1729 838 1788 Cui
873 1730 1010 1788 ille:
1064 1730 1233 1801 Quid,
1267 1730 1478 1803 inquit,
1529 1729 1775 1786 turbaris
1799 1730 1824 1784 ‘2
1852 1729 1952 1787 In-

2037 656 2363 714 succcderet
2384 655 2574 714 haeres
2597 661 2931 714 cxtraneus.
2973 654 3082 712 Cui
3116 653 3216 711 illa
3240 678 3251 712 :
3275 653 3434 711 Nihil
3462 660 3751 714 08111100-

2037 744 2167 814 dus,
2196 743 2346 801 nihil
2371 752 2508 802 sunt
2529 744 2768 816 divitiae,
2802 743 2954 802 011111
2969 749 3054 801 est
3073 759 3286 816 pompa
3314 743 3514 800 sazculi
3537 744 3745 817 hujus,

2040 833 2190 891 nihil
2218 834 2445 892 estvita
2475 835 2598 906 ipsa
2627 851 2740 907 qua
2790 835 3070 893 fruimur:
3106 834 3202 891 sed
3256 833 3357 891 illa
3399 835 3586 907 magis
3620 835 3749 894 vita

2039 924 2349 997 qumrenda
2377 927 2480 993 est,
2516 939 2648 996 qum
2674 929 2856 981 morte
2890 924 3234 982 terminante
3260 920 3378 980 non
3427 922 3746 994 clauditur,

2038 1030 2169 1088 quae
2201 1014 2329 1070 labe
2350 1013 2468 1072 ulla
2496 1027 2614 1069 non
2639 1013 2903 1084 solvitur,
2930 1027 3038 1069 nec
3065 1013 3259 1086 aliquo
3279 1026 3483 1070 occasu
3513 1012 3744 1085 ﬁnitur,

2038 1104 2139 1161 ubi
2177 1104 2352 1161 homo
2408 1104 2468 1161 in
2530 1102 2884 1160 beatitudine
2929 1109 3144 1160 {eterna
3194 1116 3559 1175 permanens,
3609 1100 3744 1160 luce

2043 1211 2152 1252 non
2189 1194 2478 1252 occidente
2508 1192 2669 1252 vivit.
2703 1192 2790 1263 Et,
2821 1192 2972 1267 quod
2998 1191 3187 1264 majus
3215 1197 3297 1249 est
3325 1190 3418 1248 1118
3443 1189 3739 1262 omnibus,

2038 1285 2224 1359 ipsius
2289 1284 2521 1343 Domini
2573 1283 2895 1358 praesentia,
2947 1282 3075 1357 jugi
3130 1284 3432 1356 perfruens
3477 1289 3741 1340 contem-

2036 1375 2310 1448 platione,
2372 1375 2443 1435 ,111
2501 1374 2762 1448 angelico
2821 1373 3128 1430 translatus
3186 1377 3356 1443 statu,
3415 1371 3741 1430 indissolu-

2036 1463 2140 1520 bili
2167 1463 2365 1520 lmtitia
2396 1461 2622 1534 gaudet.
2661 1461 2748 1519 Ad
2769 1459 3019 1518 1111101110
3049 1478 3060 1516 :
3094 1458 3468 1528 Dulcissimis,
3521 1458 3753 1531 inquit,

2037 1551 2282 1622 eloquiis
2311 1549 2424 1607 tuis
2452 1556 2667 1607 (eterna
2695 1547 2840 1606 mihi
2869 1548 2986 1605 vita
3032 1554 3306 1619 tanquam
3334 1561 3612 1618 magnum
3635 1546 3741 1618 ju-

2037 1640 2138 1697 bar
2174 1637 2391 1707 illuxit,
2425 1643 2479 1695 et
2508 1637 2635 1694 ideo
2687 1637 2736 1694 si
2786 1637 2874 1694 vis
2906 1652 2939 1692 a
2969 1634 3183 1693 carnali
3211 1633 3497 1692 abstinere
3520 1649 3738 1692 concu-

2037 1728 2335 1804 piscentia,
2374 1729 2655 1802 particeps
2685 1733 2799 1792 tuae
2828 1726 3040 1784 mentis
3083 1725 3316 1782 efﬁciar.
3365 1723 3472 1782 Illa
3500 1739 3738 1797 respon-

254 1815 400 1886 (11011,
441 1831 663 1890 quaeso,
695 1817 863 1875 mihi.
916 1818 1138 1893 Illaque
1172 1817 1393 1887 silente,
1429 1818 1634 1892 adjecit
1684 1818 1802 1878 vir:
1836 1817 2011 1896 Ob-B
2036 1819 2120 1876 dit
2149 1837 2161 1873 :
2196 1816 2439 1874 Diﬂicile
2466 1823 2551 1874 081
2571 1832 2779 1875 sexum
2802 1814 3031 1873 virilem
3057 1813 3405 1872 mulieribus
3432 1812 3540 1870 ista
3593 1827 3747 1885 prae-

252 1921 407 1962 secro
438 1911 490 1962 te
528 1921 630 1978 per
675 1905 874 1964 Jesum
930 1906 1223 1966 Christum
1273 1905 1488 1964 Filium
1537 1907 1659 1980 Dei,
1713 1913 1777 1967 ut
1809 1907 1956 1965 1111111

251 1994 390 2066 quid
424 1994 618 2052 doleas
666 1993 954 2068 sapienter
1008 2012 1286 2069 exponas.
1342 1997 1502 2054 Tunc
1543 1995 1643 2053 illa
1681 2012 1957 2056 conversa

251 2083 324 2140 ad
348 2099 502 2152 eum,
528 2085 606 2142 ait
635 2105 646 2142 :
687 2084 746 2144 Si
779 2086 1056 2168 omnibus
1085 2087 1290 2144 diebus
1329 2085 1464 2144 vitae
1495 2101 1642 2144 mem
1659 2087 1954 2163 plangam,

257 2171 524 2245 nunquid
545 2176 718 2229 tantae
742 2177 915 2230 erunt
942 2172 1235 2246 lacrymae,
1262 2179 1325 2230 ut
1345 2180 1558 2247 queant
1583 2174 1816 2233 abluere
1840 2183 1955 2236 tam

248 2256 605 2315 immensum
636 2259 879 2332 pectoris
912 2260 1024 2318 mei
1067 2259 1374 2319 dolorem?
1420 2260 1740 2320 Statueram
1775 2263 1954 2336 enim,

251 2355 316 2406 ut
347 2350 758 2423 corpusculum
791 2366 987 2409 meum
1010 2351 1453 2412 immaculatum
1483 2352 1706 2411 Christo
1738 2370 1772 2411 a
1801 2355 1958 2412 virili

261 2444 413 2496 tactu
444 2453 772 2496 servarem:
830 2441 926 2496 sed
957 2456 1046 2498 vae
1075 2440 1243 2510 mihi,
1286 2457 1421 2513 quae
1454 2439 1642 2499 taliter
1668 2440 1740 2499 ab
1769 2457 1836 2500 eo
1862 2457 1956 2499 re-

251 2524 385 2582 licta
415 2540 566 2595 sum,
598 2531 664 2583 ut
707 2525 859 2600 quod
890 2528 1158 2599 optabam
1202 2527 1479 2600 perlicere
1533 2544 1650 2587 non
1683 2527 1953 2601 valerem,

253 2623 308 2672 ct
334 2616 486 2690 quod
505 2616 577 2673 ab
597 2617 762 2674 initio
789 2617 974 2674 astatis
994 2634 1139 2676 1110111
1166 2618 1414 2688 servavi,
1437 2617 1500 2674 in
1516 2617 1623 2676 hac
1643 2621 1959 2679 novissima

254 2707 367 2778 die,
413 2723 588 2781 quam
622 2708 820 2766 videre
848 2723 964 2765 non
992 2707 1324 2778 debueram,
1354 2707 1598 2781 perdidi.
1626 2709 1773 2767 Ecce
1799 2711 1959 2768 enim

252 2797 451 2855 relicta
489 2797 561 2855 ab
605 2797 922 2856 immortali
972 2798 1218 2870 Christo,
1253 2797 1354 2872 qui
1392 2798 1539 2856 mihi
1585 2799 1778 2858 dotem
1821 2815 1954 2872 pro-

257 2890 517 2962 mittebat
568 2890 919 2964 paradisum,
969 2890 1228 2948 mortalis
1261 2890 1518 2948 hominis
1574 2906 1706 2948 sum
1761 2891 1959 2950 sortita

254 2981 632 3051 consortium,
663 2986 719 3038 et
743 2996 846 3055 pro
868 2979 1015 3038 rosis
1045 2979 1640 3048 immarcescibilibus,
1668 2979 1959 3039 arentium

261 3086 353 3128 me
386 3086 649 3129 rosarum
699 3086 818 3128 non
870 3077 1055 3141 ornat,
1109 3069 1208 3126 sed
1237 3069 1519 3128 deformat
1553 3070 1802 3144 spolium
1821 3069 1859 3128 δ.
1893 3070 1964 3128 Et

2040 1914 2206 1966 stare.
2236 1904 2455 1965 Tamen
2485 1906 2532 1964 si
2563 1905 2786 1977 feceris,
2813 1911 2878 1963 ut
2915 1902 3270 1962 immaculati
3295 1915 3746 1976 permaneamus

2038 1997 2101 2055 in
2135 1997 2364 2065 8100010,
2401 2012 2506 2068 ego
2535 1995 2638 2054 tibi
2669 2001 2886 2068 partem
2933 1993 3182 2051 tribuam
3215 1991 3383 2061 dotis,
3413 2007 3588 2064 quam
3614 2005 3742 2063 pro-

2038 2087 2274 2145 missam
2329 2087 2508 2144 habeo
2559 2102 2592 2144 a
2626 2100 2835 2160 sponso
2865 2083 3110 2143 Domino
3162 2100 3290 2143 meo
3323 2084 3462 2142 Jesu
3492 2081 3742 2155 Christo,

2041 2177 2134 2236 cui
2164 2193 2253 2234 me
2293 2181 2347 2235 et
2378 2177 2657 2236 famulam
2703 2175 2912 2235 devovi
2971 2189 3094 2232 esse
3128 2179 3184 2231 et
3235 2187 3521 2247 sponsam.
3578 2171 3746 2229 Tunc

2039 2271 2139 2328 ille
2172 2275 2430 2328 armatus
2471 2271 2658 2328 crucis
2692 2267 2930 2339 vexillo,
2963 2268 3072 2324 ait:
3129 2266 3356 2325 Faciam
3384 2281 3516 2340 quae
3544 2263 3745 2322 horta-

2038 2358 2139 2416 ris.
2195 2358 2265 2415 Et
2295 2358 2442 2416 datis
2487 2357 2639 2415 inter
2696 2372 2756 2413 se
2812 2353 3051 2425 dextris,
3111 2353 3480 2428 quieverunt.
3531 2351 3746 2410 Multos

2040 2452 2234 2520 postea
2286 2446 2347 2504 in
2378 2462 2500 2505 uno
2557 2449 2730 2503 strato
2784 2443 3183 2502 recumbentes
3229 2457 3434 2511 annos,
3467 2440 3748 2497 vixerunt

2039 2548 2178 2592 cum
2200 2532 2456 2590 castitate
2485 2531 2784 2590 laudabili.
2824 2530 2985 2600 Quod
3017 2535 3208 2604 postea
3238 2530 3296 2586 in
3334 2544 3536 2588 eorum
3567 2535 3750 2585 trans.-

2039 2623 2121 2680 itu
2165 2623 2515 2680 declaratum
2561 2627 2663 2680 est.
2729 2621 2873 2679 Nam
2927 2635 3062 2679 cum
3113 2618 3348 2692 impleto
3405 2616 3744 2689 certamine,

2038 2711 2232 2787 puella
2285 2713 2557 2785 migraret
2607 2711 2679 2768 ad
2735 2711 3048 2781 Christum,
3113 2713 3338 2782 peracto
3377 2707 3469 2764 vir
3522 2707 3746 2766 funeris

2039 2803 2245 2872 0111010,
2298 2818 2431 2876 cum
2473 2803 2721 2875 puellam
2772 2801 2834 2858 in
2886 2800 3217 2875 sepulcrum
3247 2799 3574 2872 deponeret,
3621 2798 3742 2855 ait:

2041 2894 2266 2953 Gratias
2302 2893 2404 2952 tibi
2430 2910 2558 2966 ago,
2612 2900 2826 2952 mterne
2860 2893 3102 2951 Domine
3131 2891 3286 2950 Deus
3331 2896 3542 2961 noster,
3601 2891 3770 2965 quia.

2044 2986 2205 3044 hunc
2235 2985 2570 3044 thesaurum
2600 2985 2747 3043 sicut
2786 3001 2819 3042 a
2847 2991 2898 3043 te
2924 2983 3387 3042 commendatum
3425 2981 3635 3054 accepi,
3665 2980 3747 3038 ita

2051 3073 2487 3132 immaculatum
2524 3073 2721 3147 pietati
2752 3080 2865 3132 iure
2890 3074 3148 3132 restituo.
3180 3073 3268 3130 Ad
3289 3073 3412 3130 haec
3441 3071 3540 3129 illa
3563 3071 3750 3130 subri-

258 3175 398 3217 cum
435 3158 611 3217 debui
654 3173 827 3238 super
882 3158 1213 3230 quadriﬂuo
1243 3157 1396 3230 Agni
1437 3157 1678 3215 ﬂumine
1707 3154 2026 3232 puritatisC
2046 3163 2190 3221 dens
2217 3183 2228 3220 :
2260 3163 2431 3235 Quid,
2471 3162 2683 3236 inquit,
2717 3164 2972 3238 loqueris
3003 3164 3159 3237 quod
3185 3179 3301 3220 non
3330 3162 3699 3236 interrogaris
3721 3163 3749 3218 ?

257 3248 465 3306 stolam
497 3222 916 3319 induerefhzec
965 3248 1113 3305 1111111
1147 3247 1320 3305 vestis
1345 3263 1495 3307 onus
1523 3222 1812 3317 exhibuit,
1845 3263 1965 3306 non

261 3338 558 3396 honorem.
604 3337 714 3397 Sed
753 3338 899 3411 quid
925 3338 1176 3411 amplius
1199 3338 1373 3396 verba
1404 3336 1836 3411 protrahimus?
1863 3337 1965 3394 In-

262 3425 406 3482 felix
433 3441 557 3499 ego,
619 3441 751 3500 qute
778 3425 952 3483 debui
1011 3431 1165 3482 sorte
1213 3425 1422 3483 mereri
1449 3425 1628 3499 polos,
1661 3425 1831 3482 hodie
1862 3426 1965 3482 de-

262 3531 492 3587 mergor
520 3515 578 3571 in
611 3515 929 3587 abyssos.0
955 3513 1002 3571 si
1032 3514 1179 3571 mihi
1211 3515 1334 3572 haec
1365 3515 1559 3572 futura
1584 3520 1766 3584 erant,
1785 3531 1965 3587 quare

267 3618 384 3660 non
411 3603 534 3660 dies
565 3601 700 3659 vitm
731 3617 876 3659 111010
910 3601 1033 3676 ipse
1061 3603 1172 3662 fuit
1223 3601 1377 3672 11018,
1412 3602 1512 3675 qui
1531 3602 1654 3664 fuit
1681 3602 1918 3660 initium
1946 3605 1959 3662 !

263 3690 308 3748 Ο
339 3690 387 3747 81
408 3697 540 3749 ante
563 3690 892 3748 introissem
909 3691 1112 3748 mortis
1129 3692 1395 3764 januam,
1427 3706 1602 3765 quam
1626 3691 1788 3749 lactis
1824 3694 1967 3751 acci-

263 3795 459 3854 perem
488 3778 789 3836 alimenta!
822 3777 865 3836 Ο
886 3778 933 3836 81
971 3779 1117 3837 011111
1146 3781 1405 3838 dulcium
1435 3781 1721 3839 nutricum
1746 3781 1962 3854 oscula,

264 3869 328 3926 in
362 3869 567 3926 1110010
595 3867 839 3926 fuissent
865 3882 1119 3940 expensa
1154 3873 1164 3925 l
1204 3869 1455 3928 Horrent
1484 3870 1641 3928 enim
1676 3871 1822 3929 mihi
1848 3878 1960 3930 ter-

267 3971 424 4014 10010
449 3954 684 4030 species,
717 3956 854 4030 quia
884 3973 986 4030 pro
1025 3959 1230 4017 mundi
1265 3959 1383 4018 vita
1421 3961 1729 4020 transiian
1758 3978 1967 4022 manus

270 4045 524 4118 suspicio
552 4044 969 4118 Redemptoris.
1027 4047 1144 4106 Nec
1173 4064 1346 4107 cerno
1375 4050 1696 4109 diademata
1723 4052 1970 4126 gemmis

269 4133 600 4207 insignibus
610 4138 1128 4208 coruscantia,cum
1143 4139 1304 4198 illam
1318 4141 1575 4214 spineam
1587 4143 1767 4201 miror
1779 4150 1971 4202 mente

273 4240 563 4285 coronam.
605 4225 834 4300 Bespuo
888 4227 1057 4304 longe
1094 4229 1315 4304 lateque
1344 4231 1554 4291 diffusa
1583 4235 1764 4308 spatia
1803 4243 1969 4293 terrae

274 4322 407 4385 tum,
440 4316 579 4390 quia
616 4318 1009 4376 ammiiitatem
1051 4320 1394 4392 concupisco
1419 4322 1688 4394 paradisi.
1723 4322 1973 4380 Horrent

275 4413 373 4466 tua
394 4407 654 4478 solariac,
670 4423 805 4466 cum
828 4409 1145 4469 Dominum
1176 4410 1523 4489 residentem
1537 4414 1788 4486 suspicio
1799 4429 1971 4487 super

2048 3251 2333 3325 Illamque
2363 3241 2657 3324 sepultam
2673 3252 2796 3327 ipse
2825 3268 2938 3310 non
2971 3256 3097 3326 post
3125 3250 3376 3308 multum
3397 3249 3747 3322 insequitur.

2049 3348 2146 3404 34
2174 3341 2349 3398 Porro
2375 3357 2510 3398 cum
2534 3342 2838 3414 utriusque
2863 3343 3194 3414 sepulcrum
3226 3355 3255 3397 e
3283 3337 3527 3397 diversis
3559 3338 3755 3412 parie-

2049 3434 2207 3491 tibus
2233 3433 2581 3491 collocatum
2610 3432 3519 3511 1018801,111111100110011111811οω
3548 3446 3753 3488 eorum

2053 3523 2368 3580 castitatem
2396 3523 2808 3594 manifestaret,
2871 3521 3151 3597 apparuit.
3187 3522 3331 3580 Nam
3383 3521 3528 3578 facto
3579 3537 3753 3579 mane

2040 3627 2184 3669 cum
2213 3612 2283 3668 ad
2323 3611 2515 3669 locum
2546 3611 2744 3684 populi
2779 3612 3130 3680 accederent,
3176 3611 3523 3668 invenerunt
3550 3608 3751 3682 sepul-

2047 3718 2142 3760 cra
2170 3703 2399 3776 pariter,
2430 3718 2563 3777 qua)
2590 3704 2758 3778 longe
2788 3703 2938 3760 inter
2965 3718 3024 3760 se
3071 3700 3340 3760 distantia
3370 3699 3752 3772 reliquerant,

2050 3792 2266 3850 scilicet
2294 3800 2356 3849 ut
2388 3808 2534 3866 quos
2575 3798 2726 3850 tenet
2774 3791 2955 3850 socios
2993 3791 3225 3857 ccelum,
3272 3787 3628 3862 sepultorum
3653 3787 3755 3846 hic

2048 3898 2353 3956 corporum
2382 3897 2497 3940 non
2522 3888 2743 3955 separet
2770 3887 3240 3938 monumentum.
3277 3877 3397 3936 Hos
3424 3892 3607 3950 usque
3643 3876 3754 3935 ho-

2050 3971 2163 4043 die,
2221 3971 2378 4031 Duos
2425 3973 2704 4030 Amantes
2735 3970 2985 4029 vocitare
3026 3967 3138 4026 loci
3183 3966 3387 4025 incolae
3411 3963 3752 4024 voluerunt.

2051 4061 2543 4135 Meminimusque
2570 4061 2641 4120 de
2669 4060 2762 4119 his
2792 4059 2853 4118 in
2879 4060 3026 4118 libro
3046 4057 3462 4119 Miraculorum
3487 4057 3534 4112 ά.

2124 4152 2332 4210 XLIII.
2385 4152 2619 4211 Arcadii
2667 4167 2804 4211 vero
2844 4158 2901 4218 et
2948 4149 3189 4209 Honorii
3249 4146 3499 4205 secundo
3527 4144 3759 4219 imperii

2056 4257 2268 4307 11011οο,
2349 4248 2579 4301 sanctus
2634 4242 2921 4301 Martinus
3004 4241 3376 4300 Turonorum
3428 4237 3760 4311 episcopus,

2053 4334 2261 4408 plenus
2297 4331 2611 4392 virtutibus
2674 4341 2728 4392 et
2780 4333 3096 4404 sanctitate,
3178 4330 3442 4404 praebens
3500 4328 3757 4387 inﬁrmis

2045 4421 2239 4480 multa
2282 4419 2580 4491 beneﬁcia,
2635 4421 2980 4493 octogesimo
3045 4423 3101 4477 et
3159 4419 3348 4492 primo
3401 4417 3586 4476 aetatis
3633 4433 3759 4476 suae

273 4498 760 4556 astra.Taliacum
787 4513 997 4568 magno
1011 4499 1151 4556 ﬂetu
1169 4500 1744 4571 jactanticommotus
1767 4502 2032 4578 pietateD
2057 4524 2231 4580 anno,
2256 4509 2617 4582 episcopatus
2643 4515 2840 4568 autem
2870 4507 3151 4582 vigesimo
3204 4513 3367 4566 sexto
3413 4506 3564 4578 apud
3601 4504 3759 4563 Con-

274 4586 510 4660 juvenis
538 4585 651 4644 ait:
686 4583 894 4644 Unicos
927 4601 1032 4645 nos
1058 4587 1408 4647 nobilissimi
1434 4590 1834 4649 Arvernorum
1865 4591 1971 4649 ha-

333 4850 352 4870 ·
389 4841 626 4895 Ecclesia
673 4843 846 4896 sancti
896 4845 1114 4899 Artemii
1163 4852 1496 4902 memoratur
1555 4851 1611 4902 in
1662 4849 1845 4904 libello
1905 4853 1972 4905 de

239 4914 519 4997 'ecclesiis
585 4919 927 4997 Claromonit,
989 4935 1119 4997 cap.
1185 4924 1266 4981 29,
1324 4937 1484 4989 quam
1538 4925 1868 4997 destruciam
1917 4927 1972 4979 et

271 4988 540 5061 violatam,
582 4993 636 5042 et
681 5004 861 5044 arcam
893 4993 1161 5058 lapideam
1205 4988 1492 5061 quze’olim
1538 4996 1678 5049 beati
1709 4998 1812 5050 viri
1848 5011 1973 5052 ossa

273 5060 600 5120 continebat,
661 5069 1103 5127 praetereuntium
1164 5060 1392 5131 pedibus
1458 5071 1828 5126 conculcatam
1883 5073 1972 5124 lu-

269 5136 362 5208 get
412 5134 611 5208 Savaro
665 5137 719 5187 in
766 5139 909 5190 notis
955 5139 1023 5192 ad
1066 5139 1211 5193 hunc
1244 5139 1457 5194 librum.
1487 5141 1613 5208 Ejus
1641 5143 1835 5198 festum
1867 5157 1968 5199 co-

269 5205 400 5259 litur
422 5207 511 5261 die
534 5208 596 5259 24
625 5209 881 5263 Januarii.

334 5280 356 5309 ι’
398 5280 600 5345 Regm.,
665 5296 775 5334 non
849 5287 1067 5347 ornant,
1120 5289 1205 5339 sed
1264 5287 1577 5353 deformant
1633 5293 1968 5353 sponsalia...

270 5369 432 5418 super
460 5353 792 5421 quadriﬂua
805 5358 985 5410 amnis
1012 5361 1279 5426 margine.

332 5439 350 5467 -‘
389 5431 567 5495 Blgn.,
627 5435 750 5489 θιοο.
802 5431 1029 5490 solatia:
1087 5436 1307 5495 rectius,
1360 5433 1585 5493 salaria,
1637 5434 1694 5485 id
1740 5438 1822 5487 est
1879 5447 1968 5487 su-

269 5505 514 5566 periores
543 5506 736 5558 aedium
762 5510 959 5569 partes.

333 5575 355 5604 ⁴
390 5575 448 5626 111
517 5575 652 5632 111110
720 5579 788 5631 (10
860 5577 1034 5630 Gloria
1101 5578 1339 5631 Confess.
1395 5588 1512 5642 cap.
1566 5575 1642 5626 3?.
1700 5575 1860 5636 Porro
1916 5577 1971 5628 hi

274 5654 386 5704 Duo
459 5653 712 5705 Amantes
767 5653 819 5704 in
879 5653 1111 5706 ecclesia
1173 5651 1344 5703 sancti
1390 5650 1544 5702 liiidii
1601 5649 1797 5712 sepulti
1848 5648 1974 5702 1110-

273 5729 417 5784 1001,
473 5730 525 5779 01
588 5727 786 5791 puellae
835 5740 1052 5786 nomen,
1109 5725 1253 5792 quod
1307 5724 1396 5777 hic
1453 5737 1564 5776 non
1629 5723 1971 5787 exprimitur,

277 5801 586 5868 colligimus
656 5813 728 5858 ex
789 5801 885 5857 lib.
947 5817 968 5857 1
1032 5803 1102 5857 de
1155 5800 1407 5859 ecclesiis
1472 5799 1822 5866 Ciaromont.,
1880 5798 1972 5854 ubi

2055 4601 2351 4660 datensem
2374 4598 2638 4660 dioecesis
2667 4616 2791 4660 suae
2834 4600 3029 4660 vicum
3059 4600 3078 4638 ε
3131 4594 3430 4658 excedens
3458 4615 3492 4655 a
3542 4595 3760 4657 8100010

2055 4863 2176 4916 cap.
2234 4852 2308 4909 ii,
2367 4851 2424 4902 in
2479 4849 2711 4903 ecclesia
2765 4847 3008 4901 liiidlana
3059 4847 3117 4901 ις.
3169 4847 3475 4913 lnjuriosus
3507 4850 3557 4899 et
3591 4845 3756 4900 Scho-

2052 4927 2245 4979 lastica
2312 4925 2374 4978 in
2430 4937 2652 4989 corpore
2708 4924 2992 4988 quiescere
3049 4923 3320 4976 dicuntur.
3373 4922 3576 4987 Quippe
3635 4933 3760 4972 cum

2055 4999 2342 5062 Gregorius
2398 4998 2728 5062 Injuriosum
2791 4996 3020 5048 alterum
3069 5007 3101 5046 e
3152 4993 3360 5046 duobus
3419 4992 3507 5045 hic
3565 4993 3757 5057 appel-

2051 5075 2142 5135 let,
2197 5072 2416 5125 dubium
2466 5082 2575 5121 non
2625 5072 2707 5121 est
2761 5070 2891 5135 quin
2940 5068 3272 5121 Scholastica
3319 5065 3501 5126 fuerit,
3553 5076 3678 5130 quae
3707 5065 3760 5118 ei

2051 5148 2243 5213 nuptui
2269 5145 2462 5197 tradita
2485 5143 2676 5195 fuerat.

2117 5207 2149 5257 θ’
2193 5218 2416 5270 Ciarom.
2494 5215 2550 5264 in
2605 5214 2729 5277 quo,
2789 5214 2847 5262 ut
2899 5213 2952 5262 et
3013 5211 3066 5262 in
3126 5209 3246 5262 aliis
3303 5207 3546 5269 plurimis
3602 5207 3762 5259 codi-

2055 5292 2207 5345 cibus
2255 5290 2359 5342 hoc
2410 5290 2570 5353 caput
2623 5287 2821 5349 legitur
2854 5285 2954 5336 sub
2982 5283 3244 5335 sermonis
3277 5277 3522 5353 Gregorii
3557 5277 3759 5330 Turon.

2055 5363 2231 5426 titulo,
2287 5352 2490 5425 habet,’
2519 5359 2751 5412 Arcadio
2801 5366 2848 5408 et
2898 5356 3133 5408 Honorio
3177 5352 3764 5426 ,imperantibusisanp

2056 5439 2188 5498 ctus,
2217 5423 2349 5487 ‘etc.
2404 5423 2486 5485 Sic
2534 5435 2589 5484 et
2629 5431 2746 5483 cod.
2786 5429 2938 5482 Corb.
2965 5441 3230 5481 annorum
3266 5426 3380 5490 900,
3413 5425 3503 5477 ubi
3530 5423 3763 5476 habetur

2055 5508 2156 5559 sub
2189 5507 2340 5559 titulo
2370 5505 2613 5569 Epistolas
2643 5503 2707 5554 de
2737 5502 2978 5555 transitu
3010 5500 3068 5554 S.
3097 5498 3345 5552 Martini.

2122 5580 2139 5615 ι
2179 5580 2344 5643 Vulgo
2395 5579 2589 5631 dicitur
2643 5574 2848 5628 Gaudes
2897 5595 2910 5624 :
2961 5577 3101 5626 situs
3143 5575 3228 5626 est
3278 5574 3334 5625 in
3382 5569 3616 5643 conﬁnio
3645 5569 3760 5621 Tu-

2055 5664 2249 5704 ronum
2283 5642 2359 5702 iet
2405 5651 2815 5713 Andegavorum
2871 5647 2938 5700 ad
2984 5647 3237 5711 Vigennte
3289 5648 3344 5697 et
3392 5642 3593 5706 Ligeris
3625 5653 3759 5696 cou-

2055 5725 2304 5783 ﬂuentes,
2375 5723 2520 5776 unde
2589 5733 2790 5775 nomen
2859 5721 3038 5772 traxit.
3125 5720 3346 5772 Veteres
3423 5715 3570 5769 enim
3627 5713 3804 5770 Galii’

2056 5797 2348 5853 Condatnm
2410 5794 2756 5863 appellabant
2807 5793 3040 5851 duorum
3090 5792 3373 5848 ﬂuminum
3425 5789 3768 5845 confluxum.‘
