3994 6332
94 419 178 477 185

1080 412 1441 495 HISTORIA
1481 415 1957 481 FRANCOBUM.
2003 424 2227 486 LIBER
2268 427 2565 488 PRIMUS.

3466 429 3566 490 186

90 540 316 599 feliciter
350 538 624 611 migravit
653 540 725 596 ad
756 536 1555 598 Christum.Transiitautem
1592 541 1843 630 mediaA
1866 546 1925 602 in
1954 549 2142 607 medio
2170 553 2445 623 positum,
2498 554 2739 613 firmatis
2795 570 2949 614 serra
2979 556 3159 625 ostiis,
3212 557 3284 613 ab
3320 562 3567 628 utroque

91 640 255 702 nocte,
282 646 418 704 quae
450 629 749 687 Dominica
796 628 1133 699 habebatur,
1166 630 1352 687 Attico
1382 630 1781 705 Cmsarioquea

90 728 435 787 consulibus.
472 725 640 785 Multi
672 724 830 781 enim
854 724 915 781 in
942 725 1066 798 ejus
1102 724 1344 782 transitu
1374 727 1740 798 psallentium
1761 728 1781 758 ¹³

90 818 391 875 audierunt
423 816 487 873 in
523 815 686 884 cmlo,
726 814 878 889 quod
934 814 995 871 in
1023 814 1173 872 libro
1202 816 1484 873 virtutum
1513 817 1639 888 ejus
1661 820 1781 890 pri-

94 924 171 966 nio
203 911 363 979 (Cap.
394 908 424 964 4
458 913 513 964 et
542 908 591 977 5)
620 906 855 979 plenius
884 906 1283 978 exposuimus.
1319 906 1461 963 Nam
1494 924 1627 965 cum
1665 908 1782 981 pri-

94 1000 253 1057 mitus
300 1004 537 1056 sanctus
574 997 677 1055 Dei
735 995 886 1070 apud
932 996 1373 1066 Condatensem,
1408 1004 1472 1056 ut
1501 999 1781 1072 diximus,

92 1087 269 1143 vicum
338 1092 616 1159 aegrotare
681 1085 963 1157 ccepisset,
1030 1086 1247 1143 Pictavi
1299 1087 1496 1161 populi
1542 1090 1611 1146 ad
1662 1092 1787 1164 ejus

92 1174 392 1231 transitum
422 1174 569 1232 sicut
607 1173 882 1232 Turonici
926 1182 1337 1233 convenerunt.
1374 1176 1497 1245 Quo
1527 1180 1786 1252 migran-

96 1272 155 1333 te,
183 1265 421 1337 grandis
450 1266 741 1323 altercatio
776 1265 835 1321 in
871 1272 1185 1339 utrumque
1205 1271 1455 1324 surrexit
1484 1271 1784 1343 populum.

96 1353 357 1411 Dicebant
413 1356 573 1411 enim
629 1353 884 1411 Pictavi:
957 1355 1164 1412 Noster
1220 1362 1302 1413 est
1370 1360 1783 1433 monachus°;

94 1441 245 1497 nobis
272 1441 421 1499 abba
455 1442 711 1513 exstitit;
759 1441 880 1500 nos
910 1442 1262 1515 requirimus
1295 1447 1783 1503 commendatum.

97 1530 337 1588 Suiiiciat
397 1532 583 1596 vobis,
618 1532 771 1605 quod
830 1534 970 1591 dum
1001 1542 1147 1590 esset
1202 1534 1260 1590 in
1300 1536 1520 1593 mundo
1563 1538 1782 1608 episco-

96 1635 202 1690 pus,
258 1620 352 1677 usi
380 1620 518 1677 estis
547 1620 671 1691 ejus
698 1620 1003 1693 colloquio,
1049 1621 1431 1693 participastis
1489 1625 1778 1695 convivio,

98 1710 289 1767 firmati
326 1711 520 1769 fuistis
554 1711 1075 1780 benedictionibus,
1120 1711 1356 1786 insuper
1384 1719 1438 1770 et
1468 1713 1784 1779 virtutibus

90 1800 394 1868 jocundati.
460 1799 758 1859 Suiliciant
803 1818 938 1875 ergo
979 1801 1144 1859 vobis
1192 1803 1296 1860 ista
1340 1805 1571 1864 omnia:
1619 1807 1784 1870 nobis

1865 638 2075 709 populo
2106 641 2440 712 custoditur,
2477 644 2739 703 futurum
2770 650 2835 703 ut
2864 660 3032 702 mane
3064 645 3211 703 facto
3239 662 3271 702 a
3314 643 3563 702 Pictavis

1864 738 1965 795 per
2022 726 2356 787 violentiam
2402 732 2763 789 auferretur:
2819 733 2917 789 sed
2986 733 3138 789 Deus
3199 732 3566 805 omnipotens

1868 815 2054 872 noluit
2101 818 2304 874 urbem
2332 819 2678 877 Turonicam
2714 838 2746 877 a
2799 822 3028 894 proprio
3074 821 3349 879 frustrare
3377 828 3569 894 patro-

1869 918 1961 958 no.
2028 904 2288 978 Denique
2352 915 2513 965 nocte
2578 909 2765 966 media
2837 909 3026 966 omnis
3078 908 3308 965 Pictava
3362 924 3567 967 somno

1866 991 2150 1066 phalanga
2193 998 2611 1070 comprimitur,
2665 1015 2772 1057 nec
2810 1000 2968 1058 ullus
3016 1000 3301 1072 superfuit
3337 1001 3437 1073 qui
3491 1015 3568 1058 ex

1869 1082 1974 1139 hac
2006 1084 2381 1143 multitudine
2409 1088 2692 1160 vigilaret.
3392 1128 3397 1131 ς

1940 1168 2122 1241 Igitur
2171 1173 2271 1229 ubi
2317 1173 2591 1232 Turonici
2649 1192 2744 1233 eos
2798 1176 3157 1248 conspiciunt
3187 1175 3563 1245 obdormisse,

1871 1260 2303 1329 apprehensum.
2339 1264 2686 1321 sanctissimi
2717 1270 2812 1327 36
2869 1264 3121 1336 corporis
3168 1262 3414 1337 glebam,
3460 1262 3565 1320 alii

1869 1364 1968 1421 per
2022 1353 2329 1410 fenestram
2370 1354 2625 1427 ejiciunt,
2674 1357 2773 1414 alii
2812 1374 2844 1415 a
2869 1356 3009 1414 foris
3035 1356 3376 1429 suscipiunt,
3409 1354 3566 1428 posi-

1870 1442 2108 1513 tumque
2160 1442 2219 1498 in
2251 1442 2384 1499 navi
2414 1458 2545 1500 cum
2592 1444 2751 1501 omni
2782 1444 2995 1517 populo
3024 1460 3122 1519 per
3153 1443 3521 1516 Vingennam
3549 1444 3568 1479 ι’

1866 1527 2113 1586 fluvium
2145 1531 2516 1589 descendunt.
2562 1533 2931 1607 Ingressique
2962 1532 3182 1606 Ligeris
3211 1532 3463 1602 alveum,
3494 1530 3566 1589 ad

1866 1624 2067 1680 urbem
2090 1626 2578 1685 Turonicamcum
2607 1628 2834 1699 magnis
2856 1626 3128 1684 laudibus
3150 1625 3565 1699 psallentioque

1866 1714 2123 1787 dirigunt
2150 1717 2397 1789 copioso.
2433 1718 2512 1775 De
2524 1734 2773 1792 quorum
2796 1716 3037 1775 vocibus
3061 1716 3567 1790 Pictaviexperge-

1866 1804 2019 1873 facti,
2056 1807 2201 1863 nihil
2240 1810 2308 1865 de
2338 1810 2605 1868 thesauro
2635 1824 2808 1882 quem
2840 1807 3237 1866 custodiebant
3263 1802 3565 1878 habentes,

97 1887 245 1947 liceat
288 1892 520 1949 auferre
552 1892 643 1950 vel
686 1893 928 1952 cadaver
989 1902 1083 1958 35
1138 1896 1500 1955 exanimum.
1543 1900 1631 1957 Ad
1660 1901 1843 1969 hch
1864 1910 1994 1951 Cum
2028 1912 2232 1968 magna
2257 1898 2593 1955 confusione
2618 1899 2688 1955 ad
2713 1898 2941 1970 propria
2971 1902 3105 1954 sunt
3132 1894 3367 1953 reversi.
3401 1894 3566 1964 Quod
3620 1910 3621 1913 ‘

98 1978 362 2037 Turonici
384 1982 838 2056 respondebant:
882 1984 942 2043 Si
975 1985 1251 2043 virtutum
1284 1988 1450 2045 nobis
1482 1990 1625 2047 facta
1658 1992 1784 2050 suf-

101 2064 251 2123 ﬁcere
275 2067 488 2139 dicitis,
521 2071 715 2127 scitote
751 2071 885 2143 quia
916 2071 1213 2131 vobiscum
1250 2075 1487 2147 positus,
1530 2078 1784 2151 amplius

98 2164 163 2211 est
226 2174 408 2231 quam
460 2160 553 2217 hic
599 2168 883 2234 operatus.
939 2164 1106 2233 Nam,
1162 2171 1223 2223 ut
1276 2167 1783 2239 preetermittamus

95 2242 346 2318 plurima,
432 2250 594 2307 vobis
662 2252 960 2309 suscitavit
1019 2255 1162 2311 duos
1252 2262 1529 2327 mortuos,
1612 2258 1780 2316 nobis

98 2350 299 2406 unum;
362 2344 437 2407 et,
476 2345 537 2396 ut
597 2339 718 2413 ipse
747 2356 895 2413 same
926 2342 1146 2400 dicebat
1174 2345 1218 2414 α,
1276 2345 1456 2417 major
1491 2346 1543 2403 ei
1592 2347 1779 2407 virtus

94 2432 205 2481 ante
231 2428 629 2501 episcopatum
660 2430 789 2502 fuit,
824 2447 999 2505 quam
1028 2438 1151 2505 post
1181 2434 1588 2507 episcopatum.
1629 2438 1779 2511 Ergo

96 2530 305 2574 necesse
342 2526 446 2587 est,
486 2526 552 2576 ut
581 2522 734 2593 quod
758 2522 1060 2579 nobiscum
1101 2538 1214 2580 non
1262 2524 1523 2597 implevit
1552 2527 1775 2600 vivens,

92 2607 301 2679 expleat
335 2610 428 2666 vel
470 2610 793 2671 defunctus.
839 2613 1016 2671 Vobis
1070 2620 1155 2671 cst
1189 2615 1344 2671 enim
1396 2616 1636 2687 ablatus,
1672 2635 1779 2677 no-

94 2694 216 2751 bisa
254 2696 373 2755 Deo
410 2700 677 2758 donatus.
716 2700 932 2761 Verum
988 2703 1035 2760 si
1094 2718 1217 2761 mos
1246 2704 1567 2777 antiquitus
1613 2708 1780 2766 insti-

94 2788 238 2843 tutus
280 2797 572 2857 servatur,
606 2790 664 2845 in
718 2790 859 2849 urbe
900 2807 1015 2863 qua
1049 2791 1347 2851 ordinatus
1394 2803 1497 2864 est,
1550 2796 1781 2856 habebit

94 2872 189 2931 Deo
210 2876 457 2948 jubente
489 2879 842 2951 sepulcrum.
874 2880 1034 2939 Certe
1066 2881 1113 2939 si
1159 2898 1260 2955 pro
1291 2886 1623 2943 monasterii
1661 2888 1777 2960 pri-

92 2960 284 3033 vilegio
315 2978 338 3003 ο
369 2967 583 3038 cupitis
638 2968 948 3039 vindicare,
1011 2970 1207 3029 scitote
1254 2972 1392 3044 quia
1420 2974 1676 3045 primum
1728 2975 1781 3032 ei

94 3054 494 3137 monasterium
550 3073 684 3114 cum
742 3057 1272 3119 Mediolanensibus
1333 3062 1460 3120 fuit.
1514 3064 1619 3121 His
1648 3080 1781 3137 ergo

92 3136 461 3213 litigantibus,
523 3144 642 3203 sole
696 3154 899 3205 ruente
952 3164 1069 3205 nox
1108 3149 1416 3221 clauditur,
1461 3136 1784 3227 corpusque

142 3260 469 3334 f_Sic_cod.
530 3265 689 3318 Corb.
749 3271 800 3319 et
865 3270 1058 3330 Germ.;
1122 3271 1229 3333 alii,
1288 3271 1577 3334 Caesarico;
1640 3288 1783 3327 non-

92 3330 220 3389 nulli,
282 3331 536 3387 Caesareo.
595 3338 793 3396 Quibus
849 3342 1164 3393 consulibus
1215 3330 1457 3406 vulgaris
1513 3330 1634 3399 terte
1687 3360 1779 3398 an-

93 3416 173 3453 nus
226 3407 321 3456 397
376 3410 709 3473 designatur,
766 3426 927 3476 quem
980 3416 1201 3466 Martino
1255 3422 1558 3470 extremum
1612 3420 1781 3474 fuisse

1866 1983 1913 2039 si
1945 1985 2079 2057 quis
2110 1985 2377 2059 requiret,
2410 2002 2512 2045 cur
2539 1995 2665 2061 post
2692 1987 2996 2045 transitum
3031 1984 3257 2043 Gatiani
3288 1984 3567 2058 episcopi,

1865 2088 2018 2131 unus
2059 2080 2305 2146 tantum,
2359 2076 2416 2133 id
2473 2082 2559 2133 est
2612 2077 2867 2135 Litorius
2889 2086 2935 2147 ε,
2977 2090 3163 2148 usque
3200 2074 3270 2131 ad
3302 2078 3568 2132 sanctum

1864 2161 2428 2221 Martinumfuisset
2476 2165 2795 2236 episcopus,
2827 2165 3054 2222 noverit
3101 2162 3236 2235 quia
3283 2162 3566 2219 obsisten-

1867 2250 2021 2308 tibus
2047 2252 2305 2323 paganis,
2339 2254 2439 2312 diu
2466 2254 2667 2311 civitas
2698 2253 2984 2311 Turonica
3012 2252 3137 2309 sine
3165 2250 3565 2309 benedictione

1868 2342 2203 2400 sacerdotali
2236 2343 2364 2401 fuit.
2422 2344 2568 2402 Nam
2604 2343 2705 2417 qui
2736 2342 3047 2400 Christiani
3099 2356 3165 2398 eo
3195 2346 3448 2413 tempore
3477 2341 3565 2398 vi—

1867 2428 2170 2500 debantur,
2203 2431 2419 2490 occulte
2467 2438 2523 2489 et
2572 2447 2673 2505 per
2716 2428 2960 2487 latebras
2989 2428 3261 2487 divinum
3311 2428 3569 2491 cilicium

1868 2518 2249 2578 celebrabant.
2307 2521 2449 2578 Nam
2484 2521 2531 2578 si
2562 2521 2664 2594 qui
2708 2536 2741 2577 a
2791 2518 3032 2594 paganis
3078 2519 3283 2592 reperti
3321 2519 3569 2577 fuissent

1867 2610 2199 2681 Christiani,
2262 2617 2362 2669 aut
2412 2610 2811 2670 adiciebantur
2840 2608 3198 2679 verberibus,
3248 2614 3349 2668 aut
3374 2608 3567 2682 gladio

1862 2700 2295 2759 truncabantur.

1935 2792 1983 2848 A
2016 2791 2286 2849 Passione
2339 2806 2473 2862 ergo
2530 2788 2784 2860 Domini,
2836 2803 3022 2863 usque
3054 2787 3356 2845 transitum
3384 2788 3568 2847 sancti

1865 2879 2117 2948 Martini,
2144 2880 2283 2936 anni
2314 2879 2421 2937 412
2447 2880 2468 2908 ¹³
2492 2884 2922 2951 computantur.

1937 2967 2263 3040 Explicitus
2287 2974 2370 3026 est
2403 2968 2550 3025 liber
2576 2967 3152 3041 primus,,continens
3192 2982 3385 3025 annos
3407 2964 3568 3038 5546,

1863 3056 1967 3130 qui
2006 3064 2412 3129 computantur
2437 3073 2466 3114 a
2500 3057 2784 3130 principio
2812 3056 3021 3115 mundi
3051 3072 3237 3129 usque
3261 3056 3332 3114 ad
3354 3055 3533 3114 transi
3551 3084 3568 3097 -

1868 3152 1992 3201 tum
2032 3144 2213 3202 sancti
2253 3144 2483 3202 Martini
2510 3146 2780 3218 episcopi.

1867 3268 2101 3331 gimine;
2178 3266 2276 3318 sed
2347 3269 2536 3329 postea
2604 3267 2757 3318 locus
2828 3268 2880 3317 in
2950 3267 3246 3330 prioratum
3297 3268 3564 3331 redactus,

1866 3340 2079 3391 tandem
2106 3338 2347 3402 patribus
2370 3338 2645 3389 Societatis
2675 3340 2801 3388 Jesu
2840 3341 3021 3390 cessit.

1925 3412 1947 3441 ει
1982 3411 2037 3461 1d
2092 3412 2269 3474 ipsum
2314 3413 2541 3461 testatur
2583 3412 2815 3464 Severus
2860 3410 3130 3474 Sulpicius
3185 3411 3239 3461 in
3288 3411 3502 3475 dialogo
3535 3408 3569 3461 2

93 3484 217 3535 putat
268 3487 323 3532 et
373 3467 564 3545 probat
609 3467 843 3539 Coi—ptius
889 3492 1033 3541 tomo
1085 3489 1103 3539 l
1139 3490 1322 3540 Annal.
1362 3467 1558 3543 eheu;
1864 3484 1931 3539 de
1954 3467 2198 3548 ejusdem
2228 3486 2398 3535 sancti
2434 3486 2736 3536 virtutibus.

92 3549 143 3598 ad
182 3565 386 3604 annum
432 3557 540 3607 498.
590 3559 831 3623 Scaliger
870 3560 960 3611 lib.
1016 3574 1067 3612 vr
1117 3564 1183 3614 de
1228 3562 1611 3616 Emendatione
1643 3570 1782 3617 tem-

93 3633 262 3681 porum
326 3631 606 3682 contendit
660 3644 783 3684 eum
843 3646 985 3685 anno
1057 3635 1148 3685 395
1199 3634 1417 3686 obiisse.
1470 3636 1566 3687 Alii
1617 3638 1781 3691 alium

91 3705 269 3770 annum
334 3701 633 3763 assignant,
697 3709 754 3754 ut
814 3706 999 3757 videre
1069 3710 1147 3758 est
1219 3707 1362 3770 apud
1428 3707 1477 3759 V.
1548 3709 1625 3758 Cl.
1668 3710 1778 3761 Jos.

91 3767 396 3848 intelmium
452 3773 508 3823 in
565 3774 834 3838 singulari
887 3778 954 3829 de
1004 3779 1105 3830 bac
1157 3790 1217 3830 re
1257 3767 1665 3832 dissertatione.
1724 3782 1782 3836 Et

93 3842 289 3921 quidem
370 3859 492 3921 cum
554 3863 659 3903 nec
709 3854 945 3905 Severus
1001 3855 1287 3917 Sulpicius,
1341 3868 1463 3908 nec.
1494 3858 1779 3919 Gregorius

92 3919 207 3976 inse,
264 3919 322 3968 in
376 3919 731 3985 designandis
782 3924 1183 3978 characteribus
1238 3927 1638 3991 chronologicis
1677 3931 1779 3981 sibi

90 3994 344 4067 constent,
426 4006 587 4046 suum
656 3996 885 4060 quisque
959 3999 1222 4052 calculum
1279 4002 1653 4065 praeferentes,
1723 4003 1778 4054 in

88 4058 321 4137 diversas
386 4058 683 4128 opiniones
728 4058 929 4121 abiere.
988 4070 1146 4123 Nobis
1213 4058 1346 4125 satis
1411 4075 1480 4125 sit
1539 4058 1778 4137 Gregorii

91 4131 299 4205 textum,
356 4138 414 4184 ut
469 4136 523 4186 in
576 4150 705 4189 mss.
763 4144 818 4191 et
870 4140 1029 4191 editis
1081 4141 1325 4200 habetur,
1361 4131 1775 4205 repraesentare,

92 4196 296 4276 liberam
332 4208 567 4269 eligendi
599 4210 892 4275 unicuique
924 4212 1279 4276 relinquendo
1311 4196 1636 4267 facultatem.

120 4274 157 4353 I‘
189 4276 273 4327 Sic
314 4278 502 4353 Corb.;
561 4283 645 4332 alii
704 4284 908 4334 addunt
961 4274 1126 4337 voces.
1181 4288 1238 4337 At
1283 4287 1573 4350 Gregorius
1605 4293 1657 4341 et
1686 4290 1777 4343 alii

92 4352 331 4425 ejns__zevi_
360 4359 611 4405 auctores
639 4356 989 4416 psallentium
1020 4357 1357 4411 substantive
1388 4366 1670 4425 usurpant.

142 4426 155 4441 '
190 4419 467 4492 Martinam
547 4426 597 4473 in
671 4427 1002 4478 monasterio
1068 4440 1235 4492 prope
1305 4419 1543 4483 Pictavos
1612 4434 1774 4484 vitam

94 4491 321 4568 monachi
393 4494 615 4546 duxisse
681 4497 849 4549 refert
901 4499 1133 4551 Severus
1178 4491 1451 4563 Sulpicius
1502 4503 1556 4553 in
1610 4505 1777 4565 ipsius

97 4558 203 4641 Vita.
266 4565 659 4641 iiunclocum
722 4568 1070 4623 Locociacum
1127 4558 1347 4636 dictum,
1398 4574 1564 4638 vulgo
1618 4558 1776 4641 iigu-

91 4633 161 4712 9’9.
216 4638 495 4712 miraculis
566 4640 837 4693 celebrem
908 4644 1093 4695 invisit
1160 4633 1589 4710 Gregoriusfut
1660 4633 1778 4712 ipse

93 4706 240 4786 refert
291 4709 409 4786 ‘lib.
479 4722 537 4763 tv
572 4713 661 4786 _de
713 4714 891 4767 Mirac.
952 4718 1002 4767 S.
1051 4716 1217 4776 Mart,
1267 4706 1393 4782 cap.
1449 4718 1541 4777 30;
1596 4706 1777 4786 ibique

92 4780 199 4829 tunc
250 4781 467 4845 vigebat
522 4784 697 4836 adhuc
737 4789 1069 4840 monasticus
1113 4789 1249 4843 ordo
1301 4780 1402 4843 sub
1445 4790 1651 4843 abbatis
1687 4780 1779 4845 re-

666 5031 889 5092 37-33
994 4994 1479 5079 lNClPlUNT
1585 4997 2057 5080 CAPITULA
2158 4996 2413 5075 LIBRI

92 5126 125 5177 Ι.
162 5128 226 5178 De
255 5130 565 5194 episcopatu
598 5130 818 5183 Briccii.

89 5199 149 5249 ΙΙ.
206 5200 275 5251 De
342 5203 593 5255 Vanitatis
649 5208 698 5257 et
759 5206 1126 5268 persecutione
1188 5203 1628 5261 Christianorum
1680 5206 1774 5259 sub

142 5288 276 5335 ιρδιε.

91 5342 175 5395 Ill.
230 5345 305 5397 De
362 5345 557 5412 Cyrota
604 5346 979 5401 haereticorum
1034 5351 1291 5417 episcOpo,
1343 5355 1393 5405 et
1458 5351 1522 5403 de
1574 5350 1773 5405 sanctis

139 5418 482 5484 ilartyTibus.

91 5492 105 5539 Ι
121 5496 159 5535 t’.
199 5491 270 5542 De
303 5494 671 5555 persecutione
699 5492 795 5545 sub
825 5493 1157 5547 Athanarico
1186 5495 1417 5561 agitata.

99 5562 133 5613 ν.
171 5569 233 5617 0e
267 5570 531 5621 Aravatio
566 5571 807 5633 episcOpo
834 5573 881 5622 et
920 5568 1135 5621 Chunis.

96 5638 157 5690 Η.
192 5644 259 5693 De
291 5643 521 5695 basilica
551 5644 729 5695 sancti
761 5642 1027 5706 Stephani
1059 5644 1207 5707 apud
1240 5646 1543 5698 Hettensem
1572 5641 1773 5697 urbem.

96 5714 182 5765 ΠΙ.
214 5715 286 5766 De
318 5729 488 5767 uxore
519 5716 679 5766 Aetii.
720 5716 791 5766 De
824 5716 1011 5769 Attila.

98 5785 214 5861 fill.
256 5788 402 5856 Quid
437 5789 502 5861 de
537 5790 690 5841 Aetio
718 5788 1143 5861 historiogrgphi
1172 5790 1524 5856 scripserunt.

91 5857 158 5912 II.
194 5861 341 5928 Quid
372 5863 436 5915 de
462 5860 687 5919 Francis
722 5862 889 5919 tidem
917 5857 1121 5919 dicant.

1926 3562 2063 3613 eSic
2134 3560 2389 3621 Clarom.,
2465 3560 2618 3611 Corb.
2693 3561 2819 3624 duo,
2893 3562 3070 3612 Germ.
3141 3563 3193 3613 et
3259 3560 3406 3612 Vinc.
3467 3560 3569 3612 Alii

1863 3649 2017 3695 vero,
2051 3634 2381 3685 monasterio
2414 3634 2777 3699 privilegium.

1926 3708 2149 3767 fAlias,
2236 3706 2500 3769 Vigenna;
2551 3707 2831 3763 nonnulli,
2893 3707 3191 3766 Vincenna,
3250 3706 3305 3759 ta
3372 3706 3564 3757 Viane.

1861 3781 1949 3834 vel
2002 3782 2056 3832 ta
2117 3779 2411 3842 Vignanne,
2470 3780 2639 3844 vulgo
2692 3780 2747 3830 ta
2810 3778 3003 3832 Vienne
3056 3780 3272 3831 dicitur.
3306 3780 3482 3832 Oritur
3512 3780 3567 3829 in

1862 3853 2267 3911 Lemovicibus,
2342 3856 2607 3916 quorum,
2676 3852 2817 3903 sicut
2883 3856 2936 3903 et
3002 3851 3296 3913 Pictonum,
3362 3852 3569 3915 aliquot

1862 3929 2059 3990 oppida
2130 3926 2307 3985 alluit;
2379 3924 2613 3989 denique
2689 3936 2858 3989 prope
2918 3925 3096 3988 ipsum
3156 3924 3458 3976 Condatum
3511 3923 3566 3973 in

1862 3997 2086 4062 Ligerim
2117 3996 2440 4050 devolvitur.

1925 4082 1947 4117 ις
1986 4072 2197 4135 Aliquot
2271 4080 2401 4120 mss.
2477 4070 2529 4120 et
2598 4068 2745 4130 editi,
2814 4066 3080 4119 Lidorius.
3158 4067 3343 4119 Plures
3391 4068 3567 4119 Gatia-

1859 4154 1987 4192 num
2052 4141 2194 4191 inter
2244 4152 2308 4190 ac
2360 4138 2641 4190 Martinum
2692 4138 3054 4189 admittendos
3102 4150 3227 4190 esse
3281 4137 3568 4201 episcopos

1858 4215 2033 4266 innuit
2089 4213 2352 4275 Sulpicius
2402 4213 2636 4262 Severus
2671 4211 2737 4260 in
2782 4211 2920 4261 libro
2976 4211 3042 4262 de
3094 4210 3207 4262 Vita
3257 4209 3306 4261 S.
3340 4211 3566 4270 Martini,

1859 4300 1977 4352 cap.
2033 4288 2081 4345 8,
2140 4286 2228 4337 ubi
2295 4297 2469 4347 agens
2525 4285 2593 4336 de
2641 4285 2798 4334 altari
2856 4283 3141 4347 cujusdam
3206 4285 3562 4348 pseudomar-

1857 4362 2014 4425 tyris,
2091 4358 2236 4423 quod
2310 4356 2564 4407 Martinus
2634 4355 2844 4415 evertit,
2915 4353 3051 4405 illud
3115 4368 3149 4405 a
3198 4355 3563 4417 superioribus

1858 4434 2110 4497 episcopis
2170 4428 2522 4482 constitutum
2576 4425 2744 4478 fuisse
2797 4425 2941 4477 dicit.
2997 4426 3141 4484 Quod
3190 4439 3313 4479 cum
3373 4429 3566 4480 sancto

1859 4506 2075 4557 Gatiano
2124 4505 2294 4567 primo
2350 4502 2607 4562 episcopo
2666 4500 2931 4561 imputare
2983 4497 3137 4549 nefas
3183 4500 3270 4559 sit,
3305 4498 3396 4551 alii
3425 4513 3560 4563 pree-

1859 4581 1940 4628 ter
1965 4576 2013 4625 S.
2044 4576 2294 4627 Litorium
2318 4571 2621 4625 intermedii
2645 4571 2898 4622 videntur
2922 4570 3261 4623 admittendi.

1921 4648 1943 4676 ’³
1982 4648 2220 4710 Scaliger
2273 4645 2365 4697 lib.
2422 4657 2479 4696 γι
2528 4644 2596 4694 de
2650 4642 2867 4694 emend.
2918 4646 3221 4707 temporum
3268 4644 3357 4698 hic
3411 4647 3463 4697 et
3506 4644 3560 4696 in

1860 4721 1967 4772 ilne
2006 4720 2099 4772 lib.
2146 4732 2203 4771 iV
2250 4722 2302 4769 ct
2346 4729 2419 4775 vr,
2469 4715 2755 4778 legendum
2794 4727 2917 4766 esse
2954 4720 3142 4767 censet
3167 4717 3280 4779 362;
3319 4730 3426 4781 quo
3456 4730 3565 4768 nu-

1859 4805 2010 4845 mero
2057 4791 2224 4843 additi
2274 4790 2401 4839 anni
2452 4788 2510 4838 33
2557 4786 2754 4838 Christi
2805 4787 2949 4848 vitae,
2986 4787 3214 4839 emcitur
3246 4800 3421 4840 annus
3449 4791 3559 4841 395.

2517 4990 2961 5074 SECUNDI.

1858 5137 1914 5189 Χ.
1991 5135 2130 5201 Quid
2199 5135 2262 5185 de
2335 5132 2644 5185 simulacris
2697 5130 2942 5196 gentium
3009 5128 3279 5195 prophetas
3342 5131 3561 5186 Domini

1919 5212 2175 5266 scribant.

1860 5295 1941 5349 ΧΙ.
1984 5295 2054 5346 De
2087 5292 2241 5344 Avito
2274 5290 2620 5353 imperatore.

1858 5371 1977 5426 ΧΙΙ.
2012 5372 2084 5424 De
2104 5368 2399 5422 Ghitderico
2427 5379 2545 5430 rege
2569 5369 2615 5418 et
2641 5364 2869 5429 ﬂgidio.

1852 5453 2001 5506 XIII.
2040 5455 2112 5506 De
2154 5452 2463 5515 episcopatu
2514 5446 2811 5530 Venerandi
2840 5459 2903 5530 ge
2928 5443 3133 5530 Rustici
3160 5443 3432 5530 Arvernis.
3525 5523 3531 5530 _

1853 5536 1983 5589 Χιγ.
2021 5536 2092 5587 De
2141 5534 2451 5598 episcopatu
2504 5529 2776 5583 Eustachii
2835 5528 3086 5581 Turonici
3143 5530 3325 5590 atque.
3355 5528 3555 5592 Perpe-

1898 5600 2030 5674 "tui;
2068 5620 2119 5668 et
2146 5617 2206 5665 de
2228 5611 2453 5664 basilica
2477 5610 2655 5663 sancti
2687 5609 2931 5662 Martini.

1854 5696 1898 5749 Χ
1906 5697 1953 5748 ν.
1992 5695 2065 5746 De
2094 5693 2318 5746 basilica
2348 5692 2528 5743 sancti
2554 5688 2961 5757 Symphoriani.

1857 5775 1988 5830 XVI.
2022 5774 2095 5827 De
2129 5771 2391 5826 Namatio
2427 5770 2684 5835 episcopo,
2716 5772 2766 5822 et
2802 5766 3017 5820 ecclesia
3045 5765 3311 5817 Arverna.

1860 5856 2015 5913 XVII.
2048 5859 2120 5910 De
2146 5855 2367 5920 conjuge
2394 5853 2530 5919 ejus,
2561 5855 2610 5905 et
2644 5850 2866 5907 basilica
2889 5848 3068 5905 sancti
3092 5843 3371 5913 Stephani.
3406 5864 3409 5865 ν
