3994 6332
358 342 463 401 187

355 465 564 541 ΧνΙΙΙε.
624 468 773 541 Quod
840 469 1165 540 thtdericus
1233 470 1565 535 Aurelianis,
1632 477 1683 527 et
1766 476 2064 541 Andegavis

421 530 564 581 venit
605 530 961 583 A'douacn'us.

355 588 482 641 XIX.
520 592 718 642 Bellum
749 594 898 645 inter
924 591 1165 647 Saxones
1198 608 1259 647 ac
1287 597 1570 650 Romanos.

352 651 447 703 ΧΧ.
490 652 559 703 De
593 653 821 705 Victoria
849 658 997 708 duce.
1024 665 1038 679 ‘

357 712 493 781 {X11
520 714 593 781 De
625 714 897 781 Eporchw
928 720 1185 781 episcopo.

356 774 529 844 {{tt._
550 776 625 844 De
656 774 897 844 Sidonio
915 774 1169 844 episcopo.

356 837 543 911 XXIII.
601 837 1012 911 Deusanclitale
1051 837 1269 911 Sidonii
1322 845 1571 911 episcopi,
1616 847 1667 897 et
1725 842 1788 895 de
1837 845 2059 911 injuriis

420 903 628 951 ultione
658 903 854 955 divina
879 906 1191 958 moderatis.

354 960 813 1077 V.Dl)e[ame
842 966 1181 1031 Burgundiac',
1215 975 1264 1021 et
1298 969 1524 1024 Ecditio.

488 1062 500 1074 .
580 1039 605 1075 e
691 1042 916 1077 uvareoe
949 1037 1299 1077 persecutore.

356 1023 511 1093 XXX.
534 1024 609 1093 De
641 1023 916 1093 Euparege
948 1023 1299 1091 persecutore.

352 1085 526 1157 ΧΧΥΙ.
555 1086 635 1159 [18
692 1085 1071 1145 οὺὶια’.ςάησιί
1117 1096 1390 1157 Perpetui,
1443 1099 1489 1148 et
1540 1093 1847 1157 episcopatu
1902 1091 2060 1141 Vota-

416 1162 563 1199 stam
598 1163 661 1199 ac
703 1152 840 1199 Veri.

416 1162 563 1199 ειαηῑ
598 1163 661 1200 ac
707 1162 840 1201 νεη.

350 1207 436 1281 ιξλζ
444 1209 567 1281 17]..-
588 1212 737 1281 Quod
763 1212 1153 1281 plitodovechus
1182 1229 1408 1277 regnum
1433 1218 1654 1281 accepit:

355 1270 791 1342 {.{i’lll._'_0uod_
809 1274 1193 1329 Ghtodovechus
1218 1270 1671 1333 (J'Iirothechitétem
1696 1280 1921 1342 accepit.

354 1333 524 1386 ΧΧΙΧ.
575 1333 651 1386 De
701 1338 879 1400 primo
932 1354 1120 1391 eorum
1172 1343 1285 1406 ﬁlio
1324 1344 1595 1408 baptizata
1626 1346 1673 1394 et
1705 1343 1766 1394 in
1796 1333 1932 1392 dtbis
1961 1338 2053 1389 de-

1436 343 1496 405 S.
1540 346 1899 409 GREGORII
1937 347 2273 412 EPISCOPI
2312 348 2784 410 TURONENSIS

3758 349 3867 409 188

2207 474 2417 536 functo.

2144 540 2293 587 XXX.
2334 537 2537 588 Bellum
2571 542 2764 590 contra
2794 537 3144 589 Alamannos.

2144 600 2319 649 XXXI.
2356 603 2425 651 De
2453 601 2714 662 baptismo
2748 598 3103 662 Chtodovechi.

2143 664 2350 710 XXXII.
2390 660 2592 712 [let/um
2616 665 2756 713 conti
2774 676 2807 711 a
2832 660 3233 712 Gundebadum.

2142 726 2373 772 XXXIII.
2412 726 2480 787 De
2510 724 2739 787 interitu
2767 722 3071 787 Godegiseti.
3196 784 3206 787 _
3298 730 3315 787 ζ

2144 787 2365 849 XXXIV.
2394 786 2553 849 Quod
2581 783 2934 849 Gundebadu's
2964 784 3206 836 converti
3226 783 3474 849 voluerit.

2141 848 2335 895 XXXV.
2372 846 2523 911 Quod
2554 848 2935 899 Chtodovechus
2964 853 3013 899 et
3040 849 3285 898 Atarzcus
3306 859 3359 897 se
3383 846 3665 900 viderunt.

2142 911 2273 973 XXX
2288 911 2349 956 l’I
2399 913 2469 973 De
2496 912 2789 973 Quintiano
2813 912 3072 973 episcopo.

2140 972 2391 1019 XXXVII.
2432 972 2635 1021 Battum
2668 972 2859 1022 contra
2882 974 3179 1022 Ataricum.

2141 1034 2420 1097 XXXVIII.
2455 1035 2859 1097 DeAPatriciatu
2890 1033 3233 1085 Ulttodouechi
3263 1033 3419 1097 regis.

2142 1096 2364 1143 XXXIX.
2400 1098 2470 1145 De
2495 1094 2694 1145 Licinio
2716 1096 2972 1157 episcopo.

2142 1158 2251 1221 XL:
2277 1159 2346 1221 De
2376 1158 2603 1221 interitu
2625 1157 3124 1221 Si’glberttseniorz's
3150 1161 3198 1209 et
3218 1157 3322 1221 ﬁlii
3342 1160 3475 1221 ejus.

2144 1220 2277 1283 1Πιῇ
2302 1220 2373 1283 De
2399 1219 2627 1283 interitu
2650 1220 2938 1283 Uttarart'ct'
2959 1224 3007 1270 et
3031 1221 3135 1283 ﬁlii
3156 1219 3290 1283 ejus.

2140 1281 2301 1348 ιῃιζζζ
2327 1282 2397 1348 D_e
2430 1281 3056 1348 interitu_tiagnacltarlti
3078 1286 3127 1333 et
3158 1281 3401 1346 fratrum
3424 1286 3561 1348 ejus.

2137 1344 2314 1392 XLIII.
2351 1345 2422 1393 De
2446 1342 2592 1395 obitu
2617 1342 2973 1398 Chlodovecht‘.

1399 1568 1860 1684 uasa
1959 1561 2788 1685 SECUNDUS.

1783 1743 2396 1900 “attrivimus.

436 1928 533 1987 39
556 1923 974 2000 Prosequentes
1004 1925 1270 1985 ordinem
1320 1935 1671 2006 temporum,
1717 1928 1890 1987 miste
1927 1924 2123 1984 con-A
2144 1926 2254 1983 sub
2283 1927 2539 1985 Ezechize
2572 1933 2845 2003 tempore,
2892 1930 2985 1990 cui
3014 1930 3167 1989 Deus
3196 1930 3265 1987 ad
3296 1932 3474 1989 vitam
3510 1930 3853 2004 quindecim

356 2016 601 2090 fuseque
629 2024 746 2075 tam
778 2018 1018 2079 virtutes
1072 2028 1424 2095 sanctorum,
1452 2040 1631 2097 quam
1664 2026 1880 2095 strages
1917 2036 2059 2093 gen-

362 2108 509 2168 tium
533 2126 947 2177 memoramus.
1006 2116 1135 2173 Non
1166 2117 1323 2175 enim
1357 2118 1831 2177 irrationabiliter
1880 2114 2061 2188 accipi

361 2203 521 2270 puto,
583 2200 633 2257 si
666 2200 891 2259 felicem
929 2202 1232 2262 beatorum
1283 2206 1464 2264 vitam
1520 2206 1673 2264 inter
1716 2205 2060 2265 miserorum

354 2302 745 2349 memoremus
780 2292 1031 2363 excidia,
1065 2310 1198 2352 cum
1228 2295 1287 2353 id
1322 2312 1439 2354 non
1472 2296 1717 2354 facilitas
1745 2293 2057 2367 scriptoris,

365 2376 466 2433 sed
505 2382 826 2451 temporum
851 2382 1028 2440 series
1053 2390 1299 2457 praestet.
1357 2385 1501 2443 Nam
1544 2384 1826 2443 sollicitus
1866 2383 2061 2453 lector,

365 2464 415 2523 si
434 2464 692 2540 inquirat
721 2476 977 2545 strenue,
1008 2473 1267 2532 inveniet
1293 2473 1443 2532 inter
1478 2474 1609 2532 illas
1639 2488 1841 2546 regum
1889 2471 2068 2530 Israe-

364 2555 655 2617 liticorum
685 2560 975 2633 historias,
1029 2564 1136 2623 sub
1180 2564 1417 2623 Samuel
1462 2568 1617 2640 justo
1664 2564 1945 2623 Phineem
1980 2563 2066 2620 in-

360 2647 556 2704 terisse
589 2649 934 2724 sacrilegum
962 2670 977 2722 ;
1006 2668 1072 2710 ac
1100 2655 1208 2713 sub
1239 2655 1444 2725 David,
1476 2671 1653 2729 quem
1679 2654 1903 2712 Fortem
1939 2669 2061 2711 ma-

360 2750 507 2794 num
520 2749 542 2775 ·
556 2736 778 2808 (118881,
792 2735 1015 2798 Goliam
1038 2742 1399 2817 allophylum
1413 2744 1714 2802 corruisse.
1735 2741 2065 2801 Meminerit

364 2827 537 2886 etiam
584 2830 695 2888 sub
718 2830 903 2889 Helias
956 2834 1159 2891 eximii
1213 2836 1360 2893 vatis
1390 2842 1664 2909 tempore,
1700 2835 1801 2909 qui
1836 2834 2065 2907 pluvias

353 2929 487 2974 cum
516 2917 701 2977 voluit
746 2919 1001 2990 abstulit,
1060 2928 1116 2980 et
1163 2938 1296 2981 cum
1348 2923 1517 2981 libuit
1573 2922 1871 2981 arentibus
1900 2922 2065 2979 terris

356 3006 595 3077 infudit;
622 3010 727 3082 qui
756 3009 952 3069 viduae
978 3019 1371 3086 paupertatem
1385 3014 1643 3073 oratione
1667 3010 2057 3085 locupletavit;

357 3106 591 3172 quantae
631 3102 974 3176 p0pulorum
1008 3109 1223 3177 strages
1251 3111 1348 3169 4O
1377 3106 1558 3175 fuere,
1590 3112 1825 3178 quantm
1856 3103 2059 3172 fames,

359 3196 453 3256 vel
483 3214 617 3272 quae
659 3199 883 3260 siccitas
915 3204 1189 3260 miseram
1220 3202 1564 3277 oppresserit
1594 3202 1873 3281 humum.
1915 3200 2059 3272 Quae

415 3334 434 3355 ·
471 3327 555 3380 Sic
577 3328 755 3392 Corb.;
783 3329 894 3393 alii,
924 3330 1146 3385 Fortem
1176 3344 1367 3385 manu.

415 3397 437 3427 ιι
470 3399 555 3471 Sic
584 3402 706 3453 cod.
735 3403 935 3466 Casin.;
968 3406 1339 3471 alii,jubente.

418 3478 436 3499 ε
474 3470 627 3523 Deest
681 3472 786 3526 hoc
836 3480 999 3539 caput
1044 3470 1098 3527 in
1148 3477 1305 3529 Corb.
1361 3480 1415 3528 et
1464 3475 1591 3538 Reg.
1617 3473 1792 3525 Porro
1816 3470 2064 3524 nonnulli

354 3542 521 3607 hujus
575 3549 833 3611 temporis
880 3548 1080 3601 eruditi
1132 3552 1254 3609 viri,
1303 3550 1501 3615 quibus
1556 3560 1669 3600 non
1720 3545 1899 3610 placet
1949 3545 2066 3597 haec

352 3616 594 3678 Gregorii
646 3621 903 3683 narratio,
948 3634 1073 3673 eum
1123 3622 1179 3673 in
1232 3621 1336 3674 hoc
1388 3621 1586 3672 falsum
1636 3619 1803 3669 fuisse
1857 3620 2063 3680 putant,

356 3688 502 3749 quod
551 3690 892 3753 Brictionem,
944 3692 1012 3745 de
1066 3705 1174 3757 quo
1217 3693 1484 3756 Sulpicius
1534 3695 1591 3745 in
1638 3691 1745 3741 ﬂne
1789 3689 2001 3752 Dialog.
2033 3688 2061 3739 3

353 3758 589 3823 scripsit,
641 3773 764 3813 cum
813 3764 1015 3816 Briccio
1066 3765 1239 3817 sancti
1292 3765 1501 3818 Martini
1545 3761 1868 3823 confuderit,
1927 3773 2063 3824 quos

354 3830 532 3881 tamen
584 3832 829 3887 diversos
877 3837 1097 3888 omnino
1152 3837 1325 3889 fuisse
1376 3836 1567 3889 volunt
1613 3856 1626 3885 :
1678 3834 1869 3895 primo,
1918 3832 2061 3895 (111οά

356 3914 537 3967 neque
612 3909 915 3973 Sulpicius,
980 3910 1161 3978 neque
1221 3913 1571 3975 Fortunatus,
1627 3911 1719 3976 qui
1779 3908 2062 3962 Brictionis

356 3978 519 4029 etiam
601 3982 864 4045 meminit,
917 3995 1043 4036 eum
1098 3984 1321 4037 Martino
1389 3984 1726 4037 successisse
1788 3980 2055 4041 dixerint;

352 4049 404 4099 2°
457 4051 604 4115 quod
649 4054 946 4107 verisimile
1002 4067 1110 4108 non
1163 4058 1234 4109 sit
1285 4057 1560 4109 hominem
1609 4056 1743 4107 adeo
1780 4050 2057 4109 facinoro-

356 4134 496 4187 sum,
569 4128 742 4191 qualis
810 4128 1004 4182 Brictio
1072 4129 1139 4182 ab
1192 4131 1299 4182 illis
1350 4128 1665 4182 auctoribus
1712 4124 2056 4187 describitur,

355 4197 504 4250 tanto
549 4200 667 4253 viro
720 4203 776 4254 in
820 4205 1138 4269 episcopatu
1186 4207 1557 4266 successisse;
1595 4207 1643 4256 3°
1675 4203 1835 4268 quod,
1863 4201 1908 4251 si
1943 4199 2059 4250 Bri-

354 4268 461 4342 ctio
516 4270 738 4327 Martino
799 4268 1176 4337 successisset,
1230 4278 1496 4342 Sulpicius
1554 4276 1644 4341 qui
1708 4288 1775 4327 eo
1829 4272 2058 4325 Turonis

354 4340 579 4413 sedente
640 4344 889 4410 Dialogos
948 4350 1196 4413 scripsit,
1258 4340 1403 4402 tanta
1459 4340 1583 4413 ejus
1639 4346 1907 4406 facinora,
1970 4348 2061 4396 aut

355 4412 546 4485 saltem
597 4427 796 4469 nomen
847 4412 1172 4472 reticuisset.
1226 4420 1467 4485 Denique
1496 4412 1665 4483 quod
1707 4416 1974 4480 Sulpicius
2008 4418 2062 4467 et

356 4484 676 4538 Fortunatus
746 4488 1069 4542 Brictionem
1139 4484 1576 4551 nominaverint,
1650 4489 1855 4539 Martini
1931 4499 2059 4539 vero

356 4566 647 4608 successor
707 4558 949 4612 Briccius
996 4562 1158 4612 etiam
1211 4561 1275 4613 ab
1329 4562 1447 4624 ipso
1478 4560 1732 4622 Gregorio
1762 4558 2060 4622 appellatus

356 4628 537 4680 fuerit.
583 4628 717 4688 Quin
766 4633 821 4683 et
866 4632 955 4683 alii
1003 4632 1192 4685 volunt
1242 4636 1412 4685 totum
1463 4632 1568 4684 hoc
1623 4634 1783 4695 caput
1818 4632 2059 4694 Gregorii

361 4700 605 4752 Historiae
672 4702 739 4754 ab
799 4704 979 4769 aliquo
1051 4704 1441 4768 iuterpolatore
1496 4704 1664 4755 fuisse
1724 4703 2054 4767 adjectum:

2144 2032 2329 2074 annos
2356 2020 2541 2089 auxit,
2563 2019 2963 2096 Hierosolyma
2994 2020 3143 2078 mala
3173 2021 3492 2094 pertulerit.
3518 2020 3624 2079 Sed
3654 2026 3711 2079 et
3741 2020 3854 2078 sub
3954 2014 3955 2021 “

2147 2102 2354 2179 ΕΙῙΒιὊΟ
2380 2107 2673 2179 propheta,
2725 2110 2828 2182 qui
2887 2116 3144 2168 mortuos
3173 2110 3306 2169 vitm
3339 2111 3605 2183 restituit,
3651 2118 3708 2168 et
3736 2111 3855 2168 alia

2147 2194 2205 2250 in
2238 2195 2468 2269 populis
2500 2198 2779 2257 miracula
2802 2200 2984 2258 multa
3036 2200 3186 2269 fecit,
3228 2207 3461 2274 quanta:
3492 2201 3855 2259 internecio-
3960 2202 3963 2277 λ

2150 2302 2271 2356 888,
2305 2303 2439 2361 qua)
2469 2290 2717 2348 miseriae
2768 2292 2962 2365 ipsum
3000 2290 3382 2351 Israeliticum
3414 2292 3696 2365 populum
3745 2306 3857 2364 op-
3964 2344 3965 2361 η

2147 2386 2499 2447 presserunt.
2558 2380 2651 2437 Sic
2730 2388 2784 2438 et
2863 2381 3170 2450 Eusebius,
3235 2380 3507 2451 Severus,
3563 2381 3859 2453 Hierony—
3966 2416 3967 2423 η

2147 2476 2393 2537 musque
2419 2466 2477 2522 in
2501 2466 2818 2538 Chronicis,
2852 2474 3022 2542 atque
3050 2468 3303 2537 Orosius,
3353 2474 3407 2526 et
3443 2468 3595 2527 bella
3622 2482 3858 2540 regum,

2147 2561 2202 2611 et
2230 2553 2470 2613 virtutes
2527 2565 2847 2631 martyrum
2886 2558 3101 2631 pariter
3136 2564 3470 2615 texuerunt.
3522 2558 3606 2615 Ita
3637 2563 3696 2614 et
3742 2572 3860 2615 nos

2146 2644 2357 2702 idcirco
2384 2645 2467 2707 sic
2510 2647 2868 2719 scripsimus,
2909 2664 3027 2723 quo
3058 2649 3285 2707 facilius
3313 2646 3657 2707 saeculorum
3684 2648 3859 2718 ordo,

2147 2735 2239 2793 vel
2266 2751 2557 2794 annorum
2590 2738 2731 2796 ratio
2767 2754 2955 2812 usque
2984 2740 3054 2796 ad
3088 2746 3282 2797 nostra
3311 2745 3567 2813 tempora
3613 2742 3733 2796 tota
3757 2755 3861 2796 re-

2146 2826 2420 2899 periatur.
2456 2826 2765 2887 Venientes
2800 2845 2935 2901 ergo
2956 2846 3058 2903 per
3078 2836 3209 2887 ante
3234 2830 3520 2888 dictorum
3541 2834 3858 2889 auctorum

2148 2915 2450 2987 Historias,
2483 2934 2549 2975 ea
2589 2934 2722 2991 quae
2776 2919 2834 2976 in
2889 2927 3184 2993 posterum
3234 2926 3358 2978 acta
3388 2925 3550 2990 sunt,
3601 2918 3859 2978 Domino

2149 3007 2216 3066 ad
2218 3008 2457 3081 juvante
2477 3008 2498 3037 "
2525 3009 2893 3068 disseremus.

2218 3097 2265 3155 Ι.
2312 3099 2542 3171 Igiturc
2592 3108 2717 3174 post
2748 3116 3053 3161 excessum
3115 3103 3265 3162 beati
3307 3113 3399 3169 41
3456 3102 3687 3161 Martini
3727 3100 3859 3158 Tu-

2148 3192 2359 3252 ronicze
2417 3194 2665 3253 civitatis
2715 3195 2984 3270 epiSCOpi,
3019 3198 3233 3256 summi
3274 3203 3329 3256 et
3379 3194 3859 3270 incomparabilis

2073 3321 2331 3386 Bnerata
2379 3324 2479 3379 est,
2532 3321 2584 3371 et
2639 3320 2800 3373 etiam
2854 3332 3000 3373 nunc
3049 3321 3197 3373 cultu
3251 3320 3467 3386 publico
3523 3318 3669 3372 colit.
3726 3317 3858 3376 Oeae

2143 3400 2323 3445 autem
2392 3392 2722 3457 objiciuntur
2791 3394 3058 3446 adversus
3122 3395 3263 3446 hanc
3324 3393 3685 3455 traditionem,
3736 3402 3859 3443 non

2144 3465 2372 3517 fortasse
2426 3466 2559 3516 tanti
2604 3464 2947 3525 videbuntur,
3008 3479 3125 3531 qum
3178 3467 3317 3517 hanc
3369 3466 3590 3517 omnino
3640 3464 3861 3527 possint

2144 3538 2378 3590 elevare.
2433 3537 2565 3597 Quid
2618 3538 2762 3588 enim
2812 3539 3009 3590 mirum
3054 3541 3101 3591 si
3152 3538 3406 3596 Brlccius,
3454 3536 3538 3588 vir
3580 3535 3715 3588 alias
3746 3537 3857 3588 do-

2144 3610 2286 3662 tibus
2337 3608 2491 3660 bonis
2543 3622 2650 3659 non
2702 3609 2861 3673 plane
2916 3612 3225 3674 destitutus,
3271 3614 3428 3674 cujus
3478 3609 3703 3661 crimina
3750 3619 3857 3660 oc-

2146 3682 2445 3733 cultaverat
2494 3685 2716 3733 sanctus
2770 3682 3043 3746 Martinus,
3096 3697 3258 3749 quem
3307 3686 3360 3735 et
3414 3682 3533 3747 ipse
3582 3694 3614 3733 a
3643 3680 3861 3732 teneris

2145 3754 2200 3805 in
2254 3754 2579 3806 monasterio
2628 3765 2726 3804 suo
2776 3755 3080 3818 educatum,
3133 3757 3510 3819 presbyterum
3545 3755 3854 3812 creaverat,

2142 3826 2247 3888 ipsi
2301 3827 2358 3877 18
2411 3836 2787 3877 successorem
2839 3827 3100 3879 suffectus
3148 3827 3341 3878 fuerit?
3396 3824 3660 3888 Sulpicius
3712 3835 3856 3876 vero

2143 3899 2261 3959 ejus
2310 3897 2365 3948 in
2418 3900 2664 3948 sanctum
2715 3898 2889 3949 virum
2952 3898 3196 3951 convicia
3248 3897 3446 3955 retulit,
3486 3896 3583 3949 sed
3626 3907 3692 3947 eo
3729 3896 3856 3959 ipso

2141 3972 2408 4033 tempore,
2449 3982 2554 4033 quo
2598 3982 2665 4023 ea
2722 3969 2962 4023 Briccius
3002 3984 3033 4023 a
3070 3971 3184 4023 suis
3211 3969 3643 4034 vexatuspalam
3674 3970 3857 4021 88811-

2143 4045 2372 4105 tebatur,
2428 4049 2593 4110 juste,
2651 4046 2710 4097 ut
2763 4045 2929 4097 reiert
2980 4045 3097 4109 ipse
3146 4046 3455 4109 Gregorius,
3486 4045 3589 4095 sibi
3624 4044 3856 4097 calami-

2142 4116 2282 4169 tates
2335 4118 2631 4180 contigisse
2681 4116 2886 4178 dicens,
2920 4117 3063 4180 quod
3094 4117 3215 4180 ipse
3250 4117 3448 4180 saepius
3479 4118 3727 4168 sanctum
3758 4117 3855 4168 vi-

2143 4200 2263 4240 rum
2320 4190 2603 4242 calumniis
2654 4188 2991 4253 impetiisset.
3024 4188 3159 4239 Nihil
3200 4201 3365 4252 porro
3394 4188 3547 4240 obest
3578 4187 3715 4240 levis
3754 4191 3855 4243 illa

2142 4264 2420 4314 nominum
2498 4262 2800 4324 diversitas,
2873 4273 2996 4312 cum
3062 4260 3467 4325 martyroiogia,
3528 4261 3688 4312 etiam
3739 4274 3850 4317 ve-

2141 4333 2450 4397 tustissima,
2508 4336 2565 4385 ut
2620 4335 2675 4385 in
2727 4332 3001 4397 plerisque
3071 4333 3500 4395 observavimus,
3560 4333 3852 4397 aliquando

2141 4402 2434 4464 Briccium,
2484 4405 2773 4469 aliquando
2824 4403 3181 4467 Briccionem,
3232 4404 3377 4457 hunc
3416 4405 3635 4457 beatum
3667 4407 3852 4461 virum

2142 4478 2432 4541 appellent.
2487 4478 2608 4535 Quae
2672 4482 2850 4530 autem
2910 4478 2978 4529 de
3036 4478 3323 4529 Fortunato
3388 4477 3658 4541 dicuntur,
3711 4479 3853 4533 nihil

2080 4558 2083 4559 '
2140 4550 2504 4614 objectionem
2552 4549 2826 4608 roborant,
2880 4561 3003 4602 cum
3053 4552 3259 4602 certum
3305 4550 3375 4601 sit
3411 4562 3475 4601 ea
3504 4552 3849 4607 solummodo

2140 4620 2207 4672 ab
2258 4636 2323 4675 eo
2375 4622 2630 4674 versibus
2682 4634 2946 4685 expressa
2994 4621 3183 4682 fuisse,
3229 4634 3347 4686 quae
3378 4622 3642 4685 Sulpicius
3670 4626 3852 4678 soluta

2142 4696 2386 4747 oratione
2439 4694 2666 4746 dixerat.
2721 4695 2840 4753 Quae
2889 4705 3019 4745 vero
3068 4694 3137 4745 ad
3186 4692 3464 4745 historiam
3515 4694 3656 4747 hanc
3707 4697 3845 4751 Gre-

357 4784 484 4827 cum
530 4775 585 4826 in
633 4776 791 4828 codd.
832 4764 1229 4839 vetustissimis,
1261 4776 1575 4831 Corbeiensi
1611 4764 1817 4827 scilicet
1850 4779 1902 4827 et
1934 4766 2292 4830 Bel-Csario
2338 4765 2757 4839 abiudicandam
2808 4766 3179 4831 proferuntur.
3233 4764 3423 4839 mults
3454 4766 3681 4839 minoris
3720 4773 3851 4823 sunt

354 4845 651 4911 lovacensi,
707 4861 817 4903 non
867 4849 1145 4911 habeatur,
1202 4853 1256 4901 et
1310 4850 1364 4899 in
1399 4861 1465 4901 eo
1493 4848 1840 4913 proferantur
1871 4849 2057 4915 multa,

359 4928 479 4981 qua:
528 4931 639 4971 non
690 4922 824 4973 satis
875 4921 976 4973 sibi
1025 4924 1291 4979 constant,
1350 4924 1408 4972 ut
1460 4933 1491 4970 a
1548 4920 1802 4983 Gregorio
1858 4922 2061 4986 scripta

357 4987 465 5040 dict
514 4992 749 5056 possint,
793 4994 1047 5046 videlicet
1096 4992 1371 5061 hominem
1423 5006 1625 5045 vanum
1676 4992 1899 5045 Martino
1929 5006 2058 5046 Suc-

356 5060 612 5126 cessisse,
682 5076 916 5130 eumque
989 5075 1163 5115 annos
1212 5060 1411 5115 saltem
1473 5064 1816 5128 septuaginta
1875 5069 2060 5116 natum

358 5131 611 5186 adulterii
656 5135 883 5187 crimine
939 5134 1274 5197 impetitum;
1314 5135 1503 5195 Romae,
1550 5140 1610 5189 ut
1653 5149 1805 5188 suam
1838 5149 2059 5189 causam

356 5204 620 5266 tueretur,
698 5218 871 5258 annos
942 5210 1151 5269 septem
1227 5212 1633 5264 commoratum.
1704 5209 1796 5261 His
1857 5211 2059 5263 addunt

357 5277 628 5338 pontiﬁcis
680 5277 919 5336 Romani,
972 5278 1060 5342 qui
1119 5281 1299 5330 tamen
1360 5279 1616 5345 Gregorio
1671 5280 1843 5343 probe
1900 5287 2059 5335 notus

356 5352 487 5406 erat,
572 5361 772 5403 nomen
840 5362 1229 5414 suppressum;
1306 5352 1508 5405 nullam
1566 5354 1801 5418 denique
1860 5354 2054 5407 horum

354 5422 615 5475 factorum
668 5422 804 5474 alias
859 5425 1175 5474 memoriam
1226 5422 1429 5487 haberi,
1487 5423 1701 5489 aliaque
1755 5425 1807 5476 id
1860 5439 2051 5489 genus,

353 5504 473 5557 quae
520 5505 552 5545 a
594 5493 671 5545 Cl.
716 5493 771 5545 ν.
818 5492 1051 5557 losepho
1102 5495 1363 5547 Antelmio
1410 5497 1465 5547 in
1516 5495 1747 5558 epistola
1791 5496 1860 5547 ad
1907 5497 1961 5550 R.
2002 5500 2051 5551 P.

350 5565 465 5615 Ant.
492 5564 710 5627 Pagium
739 5564 953 5616 Parisiis
980 5564 1122 5616 edita
1145 5578 1286 5618 anno
1316 5568 1432 5617 1693
1456 5566 1823 5630 proferuntur.

415 5634 607 5687 Verum
656 5636 741 5687 1118
792 5634 1040 5688 omnibus
1086 5639 1288 5701 opponi
1340 5641 1518 5702 potest
1565 5639 1787 5701 antiqua
1836 5638 1889 5690 et
1917 5649 2054 5691 888-

349 5710 501 5759 stans
577 5707 827 5760 Ecclesiae
905 5708 1236 5763 Turonensis
1318 5709 1548 5768 traditio,
1616 5721 1734 5772 quae
1790 5710 2053 5765 Briccium

350 5790 527 5843 suum,
577 5778 753 5846 qualis
800 5793 834 5837 a
879 5782 1137 5848 Gregorio
1192 5785 1641 5848 repraesentetur,
1691 5795 1910 5849 semper
1952 5795 2052 5840 ve-

2142 4842 2423 4893 momenti.
2479 4840 2607 4891 Nam
2657 4838 2810 4890 abest
2856 4839 3074 4901 quidem
3108 4851 3138 4888 a
3172 4838 3358 4890 codice
3388 4836 3719 4905 Corbeiensi,
3748 4843 3849 4896 sed

2143 4914 2199 4964 in
2252 4914 2354 4963 isto
2409 4912 2595 4965 codice
2645 4910 2812 4962 multa
2861 4910 2965 4963 alia
3013 4911 3410 4970 desiderantur,
3449 4922 3566 4975 quae
3600 4914 3781 4967 tamen
3815 4928 3847 4969 a

2143 4985 2402 5048 Gregorio
2465 4984 2666 5046 scripta
2731 4982 2898 5033 fuisse
2954 4980 3172 5034 aliunde
3226 4989 3434 5034 certum
3481 4986 3585 5046 est,
3638 4988 3696 5037 ut
3743 4999 3847 5041 suo

2140 5059 2263 5109 loco
2318 5055 2629 5119 probamus.
2685 5054 2759 5106 Ex
2810 5054 2998 5106 codice
3053 5057 3233 5107 autem
3296 5054 3660 5108 Bellovacensi
3707 5059 3846 5113 nihil

2141 5134 2259 5185 erui
2315 5134 2511 5196 potest,
2562 5141 2688 5181 cum
2733 5128 2941 5181 avulsis
2968 5128 3035 5181 ab
3065 5140 3129 5181 eo
3158 5130 3363 5195 aliquot
3396 5130 3557 5190 foliis,
3592 5143 3623 5183 a
3654 5136 3849 5197 capitis

2140 5204 2281 5255 tertii
2336 5203 2442 5254 ﬂne
2491 5201 2679 5253 folium
2728 5201 2961 5265 primum
2991 5200 3134 5265 quod
3166 5205 3416 5265 superest
3449 5203 3687 5266 incipiat.
3721 5205 3844 5255 Cae-

2134 5278 2317 5327 terum
2364 5275 2479 5327 haec
2529 5273 2755 5326 historia
2806 5274 2860 5323 in
2915 5271 3052 5335 aliis,
3103 5273 3263 5325 etiam
3322 5274 3551 5326 vetustis
3602 5280 3654 5325 et
3688 5273 3848 5328 bonae

2137 5354 2296 5411 notae,
2353 5347 2635 5400 codicibus
2694 5344 2942 5406 habetur,
2994 5348 3103 5396 tam
3154 5346 3205 5397 in
3265 5346 3383 5408 ipsa
3431 5345 3661 5398 Historia
3711 5349 3849 5401 Gre-

2138 5422 2297 5485 gorii,
2352 5433 2511 5485 quam
2551 5421 2609 5473 iu
2654 5418 2775 5471 aliis
2823 5418 2981 5471 codd.
3028 5418 3129 5469 sub
3161 5418 3311 5470 titulo
3344 5418 3464 5469 Vitae
3492 5420 3658 5470 sancti
3692 5420 3848 5483 Bric-

2137 5496 2225 5557 cii,
2273 5499 2324 5547 et
2370 5494 2587 5558 quidem
2635 5494 2736 5545 sub
2780 5494 2951 5556 ipsius
2985 5493 3228 5556 Gregorii
3259 5494 3493 5544 nomine.
3530 5492 3675 5551 Quod
3710 5505 3846 5546 vero

2135 5566 2297 5619 homo
2347 5581 2520 5619 vanus
2568 5569 2624 5619 in
2674 5568 3043 5631 episcopatum
3086 5570 3326 5623 evectus,
3357 5565 3448 5617 vel
3477 5571 3844 5628 septuagena-

2137 5640 2250 5692 rius
2316 5639 2568 5691 adulterii
2641 5640 2865 5692 crimine
2936 5639 3208 5702 impetitus
3281 5636 3461 5695 fuerit,
3525 5638 3615 5687 aut
3665 5634 3844 5688 Romae

2135 5724 2235 5777 pro
2288 5722 2454 5763 causa
2505 5711 2724 5774 tuenda,
2772 5722 2870 5763 seu
2918 5721 3017 5775 pro
3071 5709 3264 5773 quavis
3318 5706 3424 5759 alia
3474 5709 3681 5759 ratione
3731 5710 3844 5763 toto

2134 5786 2423 5850 septennia
2490 5784 2656 5839 fuerit
2724 5786 2990 5843 moratus;
3067 5781 3303 5845 denique
3361 5780 3507 5845 quod
3566 5779 3843 5845 pontiﬁcis

3910 510 3915 637 1

3916 722 3919 767 1

3920 792 3921 839 1

3922 864 3923 915 1

3928 1074 3929 1109 1

3910 510 3915 637 1

3916 722 3919 767 1

3920 792 3921 839 1

3922 864 3923 915 1

3928 1074 3929 1109 1
