3994 6332
50 382 131 441 189

976 379 1340 441 HISTORIA
1379 381 1861 445 FRANCORUM.
1904 386 2129 447 LIBER
2170 386 2574 448 SECUNDUS.

3431 396 3535 459 190

52 502 154 573 viri,
185 502 254 561 de
280 502 459 576 cujus
480 498 831 576 virtutibus,
855 518 1065 579 magna
1098 504 1249 579 apud
1292 520 1397 564 nos
1438 507 1797 572 voluminaA
1819 510 2073 569 volentes
2122 525 2258 569 eum
2286 500 2667 570 unanimiter
2703 511 2975 585 lapidare.
3018 512 3297 572 Dicebant
3320 517 3480 576 enim
3512 537 3525 576 :

50 588 375 664 retinentur,
419 592 681 651 Briccius
739 594 810 651 ad
878 594 1267 669 episcopatum
1338 597 1606 657 succedit.
1664 600 1739 657 At

50 698 155 739 vero
177 680 457 740 Briccius
484 682 607 747 iste,
629 698 764 741 cum
786 690 934 742 esset
954 684 1253 757 primeevaa
1274 686 1456 744 aetatis
1478 686 1733 759 juvenis,

47 779 208 829 saucio
236 772 442 829 adhuc
479 772 727 830 Martino
755 773 976 832 viventi
1010 774 1072 832 in
1103 789 1338 848 corpore
1368 776 1581 834 multas
1612 783 1738 835 ten-

48 862 183 919 debat
201 862 478 931 insidias,
508 879 611 937 pro
633 879 698 922 eo
729 865 883 941 quod
914 865 985 923 ab
1010 866 1210 924 eodem
1246 867 1609 942 plerumque,
1637 884 1739 926 cur

48 952 208 1011 faciles
248 966 274 989 ³
327 970 424 1011 res
452 950 811 1027 Sequeretur,
854 956 1220 1028 arguebatur.
1253 957 1510 1026 Quadam
1543 965 1737 1015 autem

51 1042 135 1111 die,
168 1042 314 1099 dum
351 1043 589 1115 quidam
630 1043 902 1101 inﬁrmus
947 1043 1294 1101 medicinam
1324 1060 1358 1101 a
1391 1045 1555 1103 beato
1586 1045 1738 1102 Mar-

54 1130 147 1188 tino
173 1139 495 1203 expeteret,
540 1131 836 1191 Briccium
882 1132 1076 1191 adhuc
1121 1132 1430 1191 diaconum
1460 1134 1523 1191 in
1552 1134 1738 1207 platea

53 1221 329 1292 convenit;
362 1221 481 1293 cui
526 1222 868 1299 simpliciter
918 1223 998 1281 ait
1045 1240 1058 1280 :
1101 1222 1245 1280 Ecce
1290 1239 1393 1297 ego
1442 1225 1739 1298 praestolor

52 1312 252 1369 beatum
312 1311 536 1383 virum,
587 1320 641 1371 et
687 1314 879 1372 nescio
936 1313 1037 1372 ubi
1089 1312 1181 1382 sit,
1234 1314 1323 1372 vel
1361 1315 1503 1389 quid
1552 1317 1740 1391 operis

53 1402 195 1473 agat?
221 1401 338 1461 Cui
371 1402 668 1462 Briccius:
722 1404 805 1473 Si,
849 1404 1072 1480 inquit,
1091 1405 1341 1465 delirum
1375 1408 1544 1467 illum
1574 1426 1739 1484 qure-

52 1490 129 1558 ris,
152 1492 419 1565 prospice
443 1493 675 1552 eminus
700 1514 713 1552 ε
738 1510 867 1553 ecce
885 1495 1098 1556 costum
1121 1497 1289 1556 solito
1314 1499 1335 1527 δ
1368 1500 1519 1558 sicut
1538 1517 1738 1560 amens

52 1582 268 1652 respicit.
306 1581 574 1657 Cumque
603 1600 820 1660 pauper
850 1586 967 1659 ille,
994 1604 1238 1647 occursu
1265 1601 1285 1627 ο
1312 1590 1553 1663 reddito,
1581 1595 1738 1669 quod

54 1670 253 1742 petierat
294 1672 686 1746 impetrasset,
728 1674 1020 1735 Briccium
1065 1677 1373 1737 diaconum
1405 1680 1495 1739 vir
1533 1679 1736 1741 beatus

53 1758 346 1830 alloquitur
405 1778 419 1816 :
481 1761 569 1819 En
629 1778 752 1837 ego,
801 1762 1005 1836 Bricci,
1053 1766 1271 1826 delirus
1327 1769 1429 1827 tibi
1484 1770 1735 1832 videor?

1819 601 1931 659 Diu
1956 602 2137 675 pietas
2161 600 2346 659 sancti
2374 609 2531 660 tuam
2575 601 2783 660 celavit
2813 602 3111 662 luxuriam
3149 624 3161 662 :
3192 620 3302 664 nec
3332 608 3351 643 τ
3378 607 3532 667 Deus

1820 707 1925 749 nos
1954 692 2172 751 diutius
2201 693 2339 751 sinit
2367 710 2575 753 manus
2606 702 2731 753 tuas
2768 695 3041 769 indignas
3070 698 3382 757 osculando
3410 700 3531 773 pol-

1818 780 1924 839 lui.
1955 781 2061 839 Illo
2117 798 2348 855 quoque
2400 785 2719 841 econtrario
2772 784 3019 842 viriliter
3064 786 3189 843 hinc
3237 795 3529 861 negante:

1821 873 2057 943 Alferte,
2119 874 2330 948 inquit,
2378 875 2655 932 infantem
2711 876 2781 933 ad
2831 892 2941 934 me.
2996 875 3261 950 Cumque
3302 881 3530 939 oblatus

1820 962 2026 1020 fuisset
2070 964 2284 1033 infans,
2331 964 2565 1036 triginta
2611 966 2733 1023 dies
2782 966 2854 1025 ab
2903 973 3032 1026 ortu
3070 968 3312 1040 habens,
3353 970 3435 1027 ait
3456 970 3527 1027 ad

1819 1056 1916 1129 43
1963 1066 2099 1108 eum
2150 1050 2413 1110 Briccius
2456 1052 2755 1126 episcopus
2790 1070 2803 1108 :
2849 1054 3072 1129 Adjuro
3104 1061 3156 1113 te
3194 1072 3297 1129 per
3323 1056 3524 1115 Jesum

1822 1126 2117 1196 Christum
2149 1139 2366 1198 Filium
2410 1140 2512 1198 Dei
2556 1126 2984 1213 omnipotentis,
3032 1149 3099 1201 ut
3135 1126 3317 1217 siego
3348 1151 3401 1203 te
3424 1161 3526 1219 ge-

1820 1229 2044 1299 neravi,
2091 1244 2284 1287 coram
2334 1230 2557 1288 cunctis
2606 1230 2814 1288 edicas.
2856 1231 2926 1288 Et
2964 1231 3061 1289 ille
3096 1251 3108 1290 :
3163 1232 3291 1291 Non
3316 1250 3397 1304 es,
3428 1234 3527 1292 in-

1821 1322 1968 1396 quit,
2022 1328 2083 1379 tu
2130 1329 2289 1395 pater
2336 1338 2521 1381 meus.
2569 1321 2804 1396 Populis
2845 1327 3044 1381 autem
3072 1324 3431 1396 rogantibus,
3461 1330 3526 1383 ut

1821 1408 1955 1481 q'uis
1987 1415 2132 1467 esset
2172 1418 2334 1484 pater
2379 1412 2775 1485 interrogaret,
2823 1412 2902 1469 ait
2943 1411 3205 1469 sacerdos
3236 1437 3249 1470 :
3284 1412 3415 1471 Non
3440 1418 3525 1471 est

1820 1498 1930 1556 hoc
1976 1515 2197 1558 meum.
2248 1500 2536 1569 Quodtad
2588 1516 2681 1559 me
2731 1501 3032 1576 pertinuit,
3076 1501 3358 1560 sollicitus
3394 1501 3523 1561 fui:
3576 1556 3591 1567 ,

1820 1590 1984 1648 vobis
2012 1591 2061 1649 si
2110 1592 2332 1667 aliquid
2367 1592 2636 1666 suppetit,
2667 1608 2770 1665 per
2799 1608 2901 1651 vos
2940 1592 3203 1666 quaerite.
3242 1592 3407 1651 Tunc
3437 1591 3528 1650 illi

1818 1679 2057 1750 magicis
2109 1680 2233 1738 haec
2289 1681 2509 1740 artibus
2560 1683 2705 1740 facta
2742 1687 3154 1752 asseverantes,
3210 1681 3526 1754 insurgunt

1818 1781 2015 1831 contra
2042 1792 2179 1834 eum
2222 1777 2284 1833 in
2335 1792 2453 1835 una
2493 1776 2937 1850 conspiratione.
2967 1777 3040 1834 Et
3066 1776 3357 1834 trahentes
3386 1791 3525 1836 eum

53 1846 285 1922 Cumque
333 1849 438 1909 ille
495 1854 773 1913 confusus
814 1856 941 1915 haec
978 1857 1241 1929 audiens,
1281 1858 1501 1919 dixisse
1533 1878 1593 1921 se
1634 1864 1796 1939 de-B
1819 1865 2082 1927 dicebant
2114 1893 2125 1926 :
2161 1870 2291 1928 Non
2317 1869 2544 1928 diutius
2594 1846 2762 1927 nobis
2815 1868 2960 1927 falso
3001 1866 3245 1941 pastoris
3284 1867 3525 1926 nomine

52 1948 268 2010 negaret,
317 1943 405 2000 ait
450 1944 542 2002 vir
584 1952 813 2005 sanctus
852 1964 863 1998 ε
913 1947 1119 2006 Nonne
1162 1965 1330 2009 aures
1376 1966 1521 2011 mea:
1558 1954 1630 2011 ad
1674 1970 1738 2013 os

55 2034 185 2085 mum
216 2040 415 2103 erant,
443 2050 577 2093 cum
609 2036 987 2102 haeccminus
1009 2038 1373 2113 loquebaris?
1395 2044 1584 2101 Amen
1610 2045 1736 2103 dico

54 2114 144 2185 tibi,
187 2119 338 2190 quia
384 2121 613 2180 obtinui
642 2124 797 2197 apud
823 2125 1033 2199 Deum,
1067 2134 1131 2185 ut
1154 2136 1281 2202 post
1314 2146 1513 2189 meum
1545 2139 1732 2191 trans-

55 2204 164 2260 itum
193 2207 261 2264 ad
314 2210 688 2281 pontiﬁcatus
722 2219 821 2275 42
860 2214 1140 2274 honorem
1171 2219 1447 2277 accedas:
1485 2221 1583 2278 sed
1624 2238 1731 2281 no-

55 2293 170 2383 veris
201 2300 251 2353 te
278 2296 352 2353 in
387 2299 713 2374 episcopatu
743 2306 925 2363 multa
953 2306 1190 2365 adversa
1217 2326 1545 2383 passurum.
1579 2312 1733 2371 Bric-

50 2382 143 2437 cius
192 2384 324 2441 haec
382 2387 627 2447 audiens
672 2392 967 2463 irridebat,
1012 2382 1249 2454 dicens”:
1290 2398 1493 2457 Nonne
1526 2417 1730 2460 verum

49 2472 165 2566 dixi,
189 2476 384 2535 istum
415 2478 595 2539 delira
626 2485 800 2542 verba
840 2487 1133 2561 proferre?
1163 2488 1273 2548 Sed
1310 2497 1365 2549 et
1391 2493 1734 2566 presbyterii

47 2563 229 2622 honore
281 2569 592 2642 prmditus,
651 2574 864 2648 smpius
918 2577 1152 2637 beatum
1216 2563 1412 2639 virum
1455 2563 1732 2644 conviciis

47 2654 325 2748 Lacessivit.
390 2659 648 2748 saeptus
703 2680 856 2738 ergo,
929 2670 1421 2730 consentientibus
1478 2673 1726 2748 civibus,

46 2741 392 2807 pontiﬁcatus
433 2747 708 2821 oﬁicium,
751 2754 1293 2817 orationi’vacabat.
1344 2757 1489 2828 Quia
1544 2741 1724 2836 quan;

44 2844 189 2898 quam
234 2844 395 2892 esset
442 2841 726 2912 superbus
764 2851 816 2902 et
855 2862 1059 2918 vanus,
1107 2854 1299 2908 castus
1328 2856 1518 2910 tamen
1548 2854 1725 2913 babe-

48 2922 183 2981 batur
217 2941 489 3001 corpore.
536 2930 848 2993 Tricesimo
896 2938 1058 2996 tertio
1101 2941 1127 2975 ἀ
1178 2956 1314 3000 vero
1351 2942 1730 3004 ordinationis

50 3014 142 3110 ijus
168 3033 365 3110 anno,
386 3020 572 3080 oritur
611 3034 810 3085 contra
846 3044 981 3087 eum
1012 3031 1401 3092 lamentabilis
1422 3050 1594 3094 causa
1626 3052 1729 3110 pro

48 3104 277 3196 ermine.
311 3110 470 3202 _Nam
502 3116 732 3187 mulier,
770 3119 840 3177 ad
870 3137 1047 3195 quam
1069 3125 1413 3185 cubicularii
1439 3129 1568 3202 ejus
1595 3104 1728 3189 ves-

50 3203 251 3303 amenta
294 3200 523 3303 deferre
574 3204 831 3267 solebant
878 3211 950 3268 ad
1008 3213 1390 3287 abluendum,
1440 3200 1573 3292 quae
1617 3221 1782 3303 subC

50 3285 199 3381 specie
219 3288 538 3382 religionis
568 3303 689 3353 erat
723 3304 879 3357 veste
906 3310 1131 3362 mutata
1167 3317 1209 3377 ε,
1242 3285 1502 3381 οοηόθρῖι
1534 3314 1590 3367 et
1621 3326 1722 3382 pe-

50 3376 177 3471 perit.
206 3378 339 3449 Qua
383 3382 456 3440 de
484 3400 546 3443 re
572 3390 826 3448 surrexit
861 3394 1051 3451 omnis
1074 3376 1323 3469 populus
1352 3376 1724 3461 Turonorum

52 3475 91 3519 La
116 3480 276 3542 iram,
316 3479 377 3530 et
407 3480 587 3535 totum
620 3480 839 3541 crimen
874 3500 1047 3559 super
1078 3489 1414 3564 episcopum
1440 3493 1719 3565 referunt,

48 3603 289 3686 arinen}
354 3600 614 3686 Gregorio
665 3620 1020 3686 suppressum
1070 3614 1251 3676 fuerit,
1302 3619 1519 3684 aliaque
1574 3624 1717 3686 ejus-

48 3668 156 3751 mdi
200 3681 566 3751 argumenta,
600 3691 710 3732 non
737 3668 895 3736 adeo
944 3690 1069 3738 sunt
1114 3668 1724 3751 validafutj—traditio-

47 3750 143 3827 tein
196 3744 520 3827 hactenus“
552 3749 940 3827 inconcussam
1001 3759 1241 3813 evellere
1296 3744 1723 3827 possintne—in

50 3816 393 3901 sechdesint,
450 3820 614 3901 etiam
672 3824 809 3901 istis_
834 3829 1186 3892 temporibus,
1242 3816 1724 3901 exempla,'queis

47 3890 254 3971 tiregorii
331 3895 580 3971 narratio
623 3897 912 3971 approbari
950 3890 1258 3966 possitiEt
1305 3890 1524 3971 quidem
1570 3890 1723 3964 Z'oai;

46 3966 393 4049 {suskpap‘a‘
431 3966 593 4047 epist.
627 3970 687 4049 __4
744 3972 997 4049 Aurelio,
1034 3978 1159 4049 etc.,
1218 3966 1359 4030 Afris
1422 3981 1718 4049 episcopis,

47 4032 231 4117 testatur
290 4038 571 4117 Briccium
624 4039 898 4097 Turonica
947 4032 1189 4101 civitatis
1236 4032 1719 4117 episcOpumifalswo

46 4114 332 4186 accusatum
401 4112 575 4166 fuisse
643 4128 675 4167 a
740 4117 956 4171 Lazaro.
1005 4121 1099 4180 Qui
1149 4112 1524 4186 Lazarus-uti
1577 4129 1720 4183 idem

44 4186 163 4260 sata
196 4184 583 4260 refertepist.
634 4189 681 4260 6,
736 4190 1018 4245 damnatus
1067 4194 1169 4245 fuit
1222 4196 1276 4246 in
1324 4184 1477 4248 conc.
1532 4198 1720 4252 Tauri-

46 4258 196 4339 uleasi‘,‘
255 4259 407 4339 quod
472 4258 671 4339 Briccii
705 4262 1020 4339 innocentis
1068 4267 1298 4332 episcopi
1339 4268 1514 4322 vitam
1562 4271 1718 4336 Γαιδίδ

42 4327 396 4382 initiationibus
426 4332 732 4394 appetisset.

74 4396 703 4475 lflatiniusdegendam
757 4409 906 4475 putat
950 4410 1162 4475 futiles.
1211 4409 1413 4473 Regm.,
1462 4412 1635 4465 Germ.
1666 4418 1719 4468 et

42 4460 169 4535 tier”
218 4475 321 4514 car
364 4460 546 4535 facite.
602 4468 704 4519 Sed
753 4460 1036 4535 retinenda
1070 4460 1717 4535 ’primawlectioflitTd-em

44 4518 207 4593 quippe
256 4518 435 4597 sensu
481 4527 619 4581 hanc
646 4518 651 4519 γ
674 4518 1389 4600 voéém"77.2ae§”iféﬁrﬁ£{
1399 4518 1718 4601 "éi-e‘éa‘iiﬁé

42 4578 107 4626 Lb.
138 4586 372 4626 "Mimn
424 4590 454 4626 ς
505 4590 705 4626 Mal-fini
764 4606 861 4626 non
918 4608 934 4626 ι
989 4602 1037 4626 ος
1071 4596 1419 4626 nlihinnooim

97 4619 107 4629 .
138 4596 174 4661 tt
204 4586 391 4661 Mirac.
422 4590 471 4641 S.
503 4590 726 4652 Martini,
764 4606 883 4658 cap.
915 4586 953 4654 ἱ,
988 4602 1039 4647 et
1069 4596 1195 4647 alibi
1224 4586 1443 4661 pa‘sSim.

86 4652 207 4735 ﬁsa;
262 4660 452 4723 Begm.
509 4674 631 4714 cum
677 4652 843 4716 editis.
868 4652 1071 4731 2;7alii,
1099 4652 1269 4729 solita,
1306 4671 1450 4723 unde
1482 4670 1715 4725 Latinius

40 4729 228 4803 adicite
259 4736 643 4796 reponendum
672 4729 912 4803 conjicit.

84 4808 95 4826 ε
128 4801 330 4868 liegm.,
366 4818 546 4857 cursu.

82 4875 97 4901 έ
126 4875 278 4940 illam,
317 4878 493 4930 Germ.
530 4883 583 4933 et
614 4880 815 4945 Regm.,
847 4882 1135 4935 Tricesimo
1167 4897 1309 4938 vero.

85 4945 253 4999 'b’ota
327 4953 560 5004 vestium
633 4957 980 5006 mutationem
1030 4956 1097 5006 ab
1146 4957 1214 5008 iis
1264 4960 1358 5022 qui
1404 4957 1716 5021 religiosam

40 5021 168 5072 vitam
217 5023 483 5087 agebant,
539 5025 684 5090 quod
737 5029 788 5077 et
837 5026 1155 5090 frequenter
1184 5030 1335 5089 apud
1368 5030 1589 5093 Gregor.
1620 5044 1717 5084 oc-

38 5096 223 5156 eirret;
308 5096 410 5148 sed
475 5098 647 5150 semel
713 5103 1004 5151 annotasse
1068 5099 1315 5154 sufﬁciat.
1368 5102 1495 5155 Vide
1559 5103 1716 5157 Cone.

40 5166 199 5215 arctat.
239 5167 303 5228 ll,
344 5181 466 5220 can.
500 5168 581 5220 25.

82 5235 95 5267 ί
128 5235 336 5312 begun,
388 5240 511 5307 Non
558 5241 699 5294 Deus
744 5242 893 5305 sinat
944 5257 1040 5297 nos
1070 5256 1268 5296 manus
1303 5248 1424 5298 tuas
1457 5247 1715 5312 indignas

38 5311 294 5361 esmtando
346 5315 525 5376 pollui
579 5314 805 5369 diutius.
858 5316 1013 5368 Vetus
1053 5321 1137 5368 est
1169 5322 1223 5370 et
1252 5318 1410 5382 plane
1438 5311 1597 5373 laude
1630 5323 1717 5373 di-

37 5394 115 5442 gea
157 5392 503 5438 consuetudo
558 5399 753 5437 manus
801 5386 1188 5453 Episcoporum
1232 5392 1530 5450 osculandi,
1570 5394 1718 5457 quod

37 5466 107 5529 iter
167 5474 364 5513 earum
439 5461 839 5524 impositionem
900 5465 1144 5516 tradatur
1197 5465 1424 5529 Spiritus
1477 5469 1717 5522 sanctus.

38 5524 151 5602 tiaris
199 5534 398 5586 videre
452 5537 535 5586 est
587 5537 643 5586 in
673 5536 787 5587 Vita
819 5537 867 5587 S.
899 5538 1164 5592 Ambrosii
1195 5524 1293 5602 per
1329 5540 1621 5602 Paulinum,
1660 5542 1718 5593 in

40 5600 117 5680 ita
164 5609 212 5659 S.
267 5609 544 5672 Fulgentii
592 5622 693 5673 per
744 5611 1089 5674 Ferrandum,
1149 5600 1251 5666 etc.
1280 5614 1335 5666 1d
1366 5616 1525 5667 etiam
1554 5600 1716 5680 reges

36 5672 194 5751 terrori
265 5680 563 5745 ducebant,
596 5672 601 5673 ί
637 5684 697 5733 ut
744 5687 972 5737 testatur
1027 5672 1338 5748 Gerbertus,
1391 5698 1489 5738 seu
1542 5672 1717 5751 quivis

36 5748 141 5800 aius
180 5754 445 5817 antiquus
496 5757 686 5807 auctor
732 5756 830 5808 sub
887 5759 1060 5811 sancti
1101 5758 1362 5811 Ambrosii
1390 5748 1627 5821 nomine,
1660 5761 1717 5816 in

34 5824 138 5876 tero
192 5823 259 5879 dc
292 5825 584 5891 Dignitatc
612 5828 975 5895 sacerdotum,
1007 5841 1125 5895 cap.
1158 5830 1206 5887 2.
1241 5826 1377 5887 Cum
1408 5830 1591 5887 videas
1624 5845 1717 5887 rc-

1820 1956 2229 2017 dominaberis.
2283 1959 2387 2017 Ille
2438 1966 2634 2018 autem
2682 1959 2755 2017 ad
2808 1957 3281 2017 satisfaciendum
3331 1958 3526 2017 adhuc

1817 2046 2049 2120 populo,
2083 2064 2301 2121 prunas
2328 2048 2594 2106 ardentes
2624 2048 2685 2105 in
2713 2048 2951 2121 byrrum
2969 2059 2989 2092 ε
3009 2061 3184 2105 suum
3212 2045 3402 2119 posuit
3429 2062 3442 2101 :
3472 2051 3529 2105 et

1817 2135 1888 2193 ad
1918 2151 1977 2194 se
2006 2136 2319 2210 stringens,
2367 2153 2553 2212 usque
2603 2137 2674 2195 ad
2714 2136 3046 2209 sepulcrum
3094 2136 3248 2193 beati
3290 2134 3525 2193 Martini

1817 2238 1939 2282 una
1970 2240 2103 2283 cum
2130 2226 2481 2299 populorum
2514 2226 2697 2284 turbis
2723 2225 2964 2284 accedit:
2992 2224 3373 2299 projectisque
3392 2230 3527 2282 ante

1816 2314 2145 2387 sepulcrum
2159 2317 2381 2389 prunis,
2391 2316 2802 2375 vestimentum
2815 2315 2864 2388 ej
2873 2331 2941 2373 us
2955 2314 3223 2372 inustum
3234 2312 3520 2385 apparuit.

1815 2402 1925 2461 Illo
1952 2419 2182 2478 quoque
2221 2405 2303 2462 sic
2347 2410 2726 2477 prosequente
2758 2428 2771 2462 :
2826 2403 2986 2462 Sicut
3016 2401 3170 2459 istud
3202 2400 3520 2460 vestimen-

1818 2498 1943 2553 tum
1986 2494 2059 2553 ab
2112 2495 2203 2552 his
2250 2494 2487 2568 ignibus
2531 2494 2738 2553 videtis
2775 2493 3049 2562 illaasum,
3095 2493 3175 2549 ita
3216 2496 3271 2549 et
3312 2505 3520 2564 corpus

1816 2601 2014 2644 meum
2041 2602 2075 2643 a
2113 2590 2260 2643 tactu
2290 2584 2669 2659 mulierisque
2692 2582 2846 2642 coitu
2872 2589 2957 2640 est
2978 2580 3373 2655 impollutum.
3390 2578 3519 2637 Illis

1815 2692 1952 2735 vero
1982 2693 2098 2735 non
2132 2676 2518 2745 credentibus,
2550 2676 2647 2733 sed
2674 2672 3219 2743 contradicentibus,
3249 2669 3518 2741 trahitur,

1813 2765 2221 2836 calumniatur,
2250 2766 2532 2839 ejicitur",
2567 2770 2632 2823 ut
2664 2779 2852 2823 sermo
2877 2763 3057 2822 sancti
3081 2760 3512 2834 adimpleretur:

1812 2854 2054 2914 Noveris
2099 2863 2149 2914 te
2197 2855 2261 2913 in
2301 2857 2629 2929 episcopatu
2686 2855 2872 2912 multa
2917 2855 3155 2912 adversa
3184 2863 3515 2924 passurum.

1810 2943 1935 3003 Hoc
1988 2944 2147 3002 enim
2200 2943 2398 3017 ejecto,
2430 2942 2829 3002 Justinianum
2858 2942 2921 3000 in
2944 2940 3272 3014 episcopatu
3302 2936 3517 2997 consti-

1812 3039 2003 3092 tuunt.
2026 3032 2288 3106 Denique
2307 3031 2567 3091 Briccius
2596 3032 2876 3091 Romanae
2906 3028 3070 3089 urbis
3098 3042 3302 3100 papam
3335 3040 3516 3099 expe-

1812 3124 1920 3195 tiit,
1966 3124 2112 3182 ﬂens
2166 3130 2222 3182 et
2273 3122 2522 3195 ejulans,
2554 3128 2726 3197 atque
2758 3121 2958 3178 dicens
2987 3141 2999 3176 :
3027 3115 3231 3175 Merito
3261 3116 3387 3173 haec
3414 3128 3511 3185 pa-

1810 3212 1940 3285 tior,
1972 3213 2112 3287 quia
2139 3212 2370 3286 peccavi
2424 3214 2489 3269 in
2537 3217 2803 3270 sanctum
2847 3209 2970 3277 Dei,
3005 3212 3061 3264 et
3083 3220 3219 3264 eum
3263 3202 3515 3260 delirum

1806 3310 1862 3363 et
1892 3311 2181 3362 amentem
2222 3319 2372 3376 saepe
2404 3304 2605 3361 vocavi
2636 3301 2839 3374 cujus;
2870 3297 3074 3356 videns
3101 3296 3361 3362 virtutes,
3390 3304 3510 3348 non

1806 3392 2046 3451 credidi.
2078 3391 2210 3451 Post
2237 3391 2405 3465 cujus
2435 3392 2788 3460 abscessum,
2821 3387 2990 3446 aiunt
3016 3381 3296 3444 Turonici
3322 3394 3511 3439 sacer-

1805 3484 1923 3544 doti
1974 3500 2079 3545 suo
2131 3501 2145 3536 =
2204 3483 2361 3549 Vade
2418 3489 2545 3559 post
2594 3497 2731 3543 eum
2761 3482 2798 3555 ί,
2856 3484 2911 3538 et
2957 3492 3164 3537 exerce
3210 3472 3511 3549 negotium

1804 3626 1933 3675 gum
1983 3612 2118 3664 colla
2168 3615 2219 3665 et
2261 3610 2593 3677 principum,
2626 3608 2881 3677 submitti
2905 3604 3124 3677 genibus
3151 3600 3509 3677 sacerdotum,

1804 3668 1855 3727 Et
1899 3677 2204 3727 exosculata
2256 3668 2454 3727 eorum'
2473 3673 2699 3727 dextera
2733 3668 3067 3724 orationibus
3098 3677 3286 3718 eorum
3312 3677 3366 3716 sc
3394 3674 3508 3714 crc-

1806 3739 1942 3791 dant
1972 3738 2319 3797 communiri,
2356 3743 2460 3790 etc.

1868 3821 1892 3857 8
1945 3810 2097 3874 Byrri
2154 3795 2377 3863 nomine
2424 3809 2593 3861 vestis
2644 3808 2963 3872 designatur
3011 3804 3067 3880 in
3116 3799 3257 3880 Actis
3305 3799 3354 3849 8.
3405 3795 3501 3880 Cv-

1802 3872 2003 3947 priani,
2051 3883 2120 3936 ad
2172 3895 2291 3948 quae
2340 3881 2498 3946 plura
2556 3880 2969 3953 observavimus
3018 3876 3076 3925 in
3125 3872 3264 3953 Actis
3304 3872 3506 3953 marty-

1805 3940 1925 4006 rum
1972 3940 2220 4017 sinceris,
2273 3940 2357 4019 μ’
2382 3954 2493 4005 218.
2546 3954 2638 4005 His
2681 3953 2837 4025 adde,
2869 3952 3049 4002 locum
3087 3956 3157 4025 ex
3186 3942 3351 4025 tibi“
3385 3940 3507 4025 vitae

1803 4027 1853 4079 8.
1924 4028 2123 4080 Odonis
2193 4012 2322 4080 Saec.
2375 4040 2410 4078 ν
2474 4027 2695 4083 Bened.,
2749 4023 2842 4077 ubi
2892 4033 3043 4073 num.
3095 4018 3123 4067 5
3175 4014 3370 4067 dicitur
3416 4012 3507 4065 ille

1804 4104 2026 4153 sanctus
2072 4113 2172 4164 per
2222 4099 2379 4159 birri,
2432 4112 2538 4164 quo
2592 4109 2745 4152 more
2795 4107 2978 4160 cappae
3027 4086 3331 4153 tegebatur,
3379 4085 3504 4137 ﬂm-

1802 4174 1974 4247 brjam
2001 4176 2394 4247 apprehensus.
2442 4240 2452 4247 _
2593 4235 2627 4247 η
2668 4235 2680 4245 ,

1865 4236 1887 4266 ³³
1928 4236 2121 4300 Gerin'.,
2156 4237 2517 4290 calumniatus
2551 4236 2794 4299 ejicitur.

1864 4310 1877 4339 ί
1911 4287 2081 4361 Cio—dvi—
2108 4287 2445 4361 :Iuroinensis
2501 4287 2658 4369 apud
2738 4287 3018 4357 Morelium
3056 4371 3065 4378 _
3099 4295 3259 4378 habet
3285 4332 3299 4353 ,
3360 4287 3504 4378 Υᾳᾲῥ

1802 4386 1914 4448 post
1960 4396 2101 4443 eum,
2149 4384 2200 4433 et
2241 4393 2395 4433 emere
2440 4378 2716 4441 negotium
2754 4382 2939 4435 tuum;
2972 4371 3103 4438 quia
3123 4371 3312 4448 sieum
3336 4374 3505 4448 perse-

1802 4437 1955 4509 cutus
1988 4437 2099 4509 non
2134 4455 2324 4522 fueris,
2362 4470 2397 4507 a
2428 4437 2612 4507 nostra
2644 4453 2892 4506 omnium
2917 4437 3227 4522 contemptu
3253 4437 3505 4522 humilia-

1802 4527 1960 4581 beris.
2008 4511 2144 4582 Hinc
2208 4511 2373 4593 porro
2429 4526 2689 4588 colligere
2744 4527 2870 4577 licet
2921 4522 3026 4593 hoc
3079 4518 3147 4570 de
3196 4511 3502 4593 S._Briccio

1727 4604 1962 4670 Dcaput
2010 4602 2066 4653 in
2119 4582 2228 4653 ms:
2278 4582 2605 4652 Turonensi'
2632 4597 2926 4648 exstitisse.
2979 4592 3030 4644 Si
3064 4587 3346 4670 vero‘ejus
3382 4582 3503 4670 llis:

1800 4654 1940 4724 toria
1996 4674 2266 4737 exemplis
2318 4669 2605 4737 approbari
2657 4670 2727 4721 sit
2774 4676 3020 4723 necesse,
3051 4661 3213 4744 quod
3251 4668 3349 4742 suo
3382 4654 3502 4744 loco

1798 4747 1981 4801 facere
2029 4760 2139 4803 non
2192 4747 2359 4808 licuit,
2411 4747 2611 4811 quippe
2667 4756 2791 4796 cum
2828 4744 2941 4805 jam
2972 4742 3366 4811 notze_nimiu_m
3394 4742 3499 4811 ex-

1801 4823 2122 4883 crevissent,
2194 4802 2523 4885 proferimus
2544 4802 2559 4809 ’
2589 4818 2773 4892 primo
2819 4802 3059 4892 ili-ctoris.
3093 4807 3371 4892 llupont.“
3398 4802 3501 4892 R9:

1800 4894 1942 4946 mani
2020 4876 2360 4956 exemplum,
2443 4904 2511 4944 ex
2586 4876 2785 4963 Papirii
2831 4884 3063 4963 AMassoni
3118 4879 3258 4963 libre
3300 4889 3377 4963 tv!
3432 4876 3502 4963 εἰς

1800 4964 1925 5017 Vitis
1968 4946 2298 5029 pontiﬁcum,
2345 4946 2444 5017 ubi
2494 4946 2678 5013 narrat
2734 4947 3380 5032 Victorem_,__qui_beoni
3429 4946 3500 4999 1x

1799 5049 1898 5088 suo
1943 5024 2218 5089 decessori
2275 5035 2554 5088 molestias
2606 5032 2875 5091 intulerat,
2926 5028 3145 5080 solitum
3165 5024 3343 5100 fuisse
3368 5032 3503 5100 cum

1800 5108 1851 5161 ei
1901 5107 2105 5171 aliquid
2159 5107 2379 5160 adversi
2429 5106 2769 5168 contingeret
2802 5102 3003 5161 dicere,
3032 5096 3173 5171 quod
3200 5094 3328 5171 fecit
3356 5094 3497 5171 Sau-

1800 5182 1880 5233 lus
1928 5166 2025 5231 ho'c
2065 5182 2280 5242 patitur
2340 5178 2557 5229 Paulus.
2595 5166 2850 5228 lhfantuli
2883 5185 3036 5231 vero,
3072 5170 3165 5236 qui
3196 5169 3265 5221 ad
3293 5166 3499 5243 calum:

1796 5253 1917 5305 nias
1986 5239 2075 5302 ab'
2129 5249 2509 5301 innocentibus
2560 5246 2883 5299 avertendae
2933 5244 3114 5295 divino
3159 5244 3293 5293 nutu
3338 5239 3502 5290 locuti

1799 5325 1941 5385 sunt,
2005 5320 2209 5385 passim
2262 5323 2557 5373 occurrunt
2611 5319 2668 5370 in
2717 5315 2951 5369 Historia
2995 5312 3383 5372 ecclesiastica,
3430 5318 3500 5360 ex

1798 5406 2029 5459 quorum
2073 5404 2330 5467 “numero
2382 5405 2550 5467 unum
2598 5393 2698 5467 aut
2737 5390 2971 5467 alterum
3016 5387 3500 5467 exemplumup‘ro-

1796 5455 1944 5540 ferre
1995 5464 2246 5540 sufﬁciat.
2297 5465 2362 5540 S__._
2394 5463 2569 5540 Broon
2614 5464 2923 5540 episcopus,
2960 5462 3102 5540 beati
3152 5455 3496 5540 Patrici‘idis-

1802 5537 2032 5602 cipulus,
2100 5551 2128 5589 a
2204 5536 2366 5612 simili
2440 5526 2711 5589 calumnia
2779 5526 3081 5612 vindicatus
3129 5526 3498 5612 est,-jubente

1802 5613 2014 5677 Brigida
2063 5611 2324 5664 infantula
2388 5616 2446 5664 ut
2494 5616 2703 5677 patrem
2753 5623 2912 5665 suum
2958 5606 3277 5682 declararet,
3306 5602 3359 5682 in
3388 5602 3498 5682 \fita

1802 5686 1850 5737 S.
1894 5674 2143 5759 —Brigidae
2214 5686 2360 5748 apud
2428 5674 2641 5739 Surium
2692 5689 2745 5759 et
2800 5674 3362 5759 Bollandu_m,u_die'ii_
3390 5674 3497 5759 Fc-

1798 5747 2031 5813 bruarti.
2100 5757 2151 5808 S.
2232 5747 2451 5821 Sergius
2522 5770 2661 5823 papa
2708 5757 2976 5809 Romanus
3024 5749 3186 5805 simili
3222 5747 3496 5823 miraculo

1799 5834 2067 5891 innocens
2134 5820 2443 5888 declaratus
2508 5820 2628 5893 fuit,
2686 5830 2883 5894 agente
2932 5827 3121 5884 sancto
3165 5820 3493 5890 Adhelelmo,
