3994 6332
440 399 537 459 191
1518 406 1579 467 S.
1623 404 1978 466 GREGORII
2020 406 2352 468 EPISCOPI
2391 407 2864 470 TUliONENSIS
3836 418 3946 478 192
3992 482 3994 485 ,

439 527 775 600 tuum,quia
798 528 846 585 si
875 544 1007 586 eum
1042 537 1376 603 prosecutus
1409 550 1525 592 non
1558 536 1842 607 fueris,ad
1872 540 2196 598 nostrumA
2218 537 2536 610 spopondit,
2586 544 2650 596 ut
2681 538 2917 609 scilicet,
2950 539 3283 612 praeparatis
3311 538 3538 600 itineris
3568 544 3941 613 necessariis,

436 617 704 673 omnium
729 624 1124 693 contemptum
1161 623 1587 683 humiliaberis.
1614 627 1983 685 Justinianus
2007 642 2143 684 vero
2226 641 2285 683 se
2313 642 2346 682 a
2378 626 2596 685 ﬁnibus
2622 627 2921 699 Hispaniae
2950 636 3291 687 removeret.

436 718 702 775 egressus
758 722 790 763 a
842 707 1113 780 Turonis,
1154 710 1439 770 Vercellas
1493 712 1675 771 Italiae
1717 714 2009 772 civitatem
2040 730 2143 786 ag-
2300 715 2405 772 Per
2434 714 2587 772 idem
2617 732 2750 772 vero
2782 722 3011 788 tempus
3056 717 3518 789 persecutionem
3553 718 3617 775 in
3652 716 3947 777 Christia—

433 809 688 866 gressus,
713 797 933 869 judicio
962 800 1063 858 Dei
1102 818 1424 875 percussus,
1460 805 1600 862 obiit
1630 806 1984 878 peregrinus.
2019 805 2140 863 Tu-
2226 820 2331 862 nos
2362 804 2800 863 Trasamundus
2839 805 3121 871 exercuit,
3158 822 3224 863 ac
3262 815 3437 864 totam
3469 807 3847 880 Hispaniam,
3880 816 3948 869 ut

430 885 616 943 ronici
647 887 775 961 ejus
800 888 1359 952 obitum'audientes
1406 903 1459 953 et
1512 896 1569 953 in
1623 912 1727 953 sua
1762 896 1984 953 malitia
2010 912 2141 969 per-
2224 894 2294 951 ad
2335 896 2637 968 perﬁdiam
2662 903 2759 958 45
2794 895 3025 952 Arianze
3053 901 3220 953 sectae
3240 898 3608 967 censentiret,
3631 898 3948 957 tormentis

435 974 732 1048 durantes,
788 981 1158 1039 Armentium
1217 984 1278 1041 in
1335 986 1460 1058 ejus
1500 987 1622 1045 loco
1653 988 2031 1045 constituunt.
2069 990 2143 1044 At
2223 1004 2286 1044 ac
2316 987 2562 1044 diversis
2588 986 2871 1045 mortibus
2904 987 3233 1059 impellebat
3276 987 3442 1045 Unde
3481 988 3698 1046 factum
3730 995 3837 1059 est,
3877 996 3948 1047 ut

433 1060 691 1122 Briccius
718 1067 1019 1141 episcopus
1050 1070 1292 1129 Romam
1329 1068 1589 1145 v’eniens,
1621 1082 1825 1133 cuncta
1864 1091 1992 1148 quae
2022 1092 2143 1149 per-
2222 1076 2415 1147 puella
2442 1076 2709 1146 quaedam
2738 1075 3024 1149 religiosa,
3056 1076 3341 1149 praedives
3369 1079 3593 1150 opibus,
3628 1095 3695 1137 ac
3725 1096 3947 1137 secun-

430 1150 642 1209 tulerat
670 1170 832 1228 papae
862 1158 1052 1216 refert.
1098 1159 1209 1228 Qui
1260 1161 1329 1217 ad
1368 1164 1561 1221 sedem
1604 1164 1970 1237 apostolicam
2002 1165 2145 1222 resi-
2222 1166 2363 1222 dum
2392 1164 2591 1222 szeculi
2642 1164 2982 1236 dignitatem
3037 1164 3333 1223 nobilitate
3373 1168 3659 1225 senatoria
3698 1169 3946 1241 ﬂorens,

428 1240 590 1309 dens,
624 1242 966 1318 plerumque
1000 1246 1309 1306 Missurum
1340 1251 1622 1310 solemnia
1646 1252 1962 1323 celebrans,
1994 1253 2141 1310 inibi
2226 1263 2299 1323 et,
2355 1255 2508 1328 quod
2558 1255 2651 1311 his
2707 1254 2980 1312 omnibus
3033 1261 3117 1311 est
3170 1256 3445 1326 nobilius,
3498 1258 3608 1314 fide
3655 1260 3951 1316 catholica

437 1329 721 1419 quidquid
767 1332 829 1391 in
879 1343 1143 1393 sanctum
1192 1338 1294 1395 Dei
1353 1340 1689 1416 deliquerat,
1740 1342 1840 1397 44
1878 1342 2141 1415 deﬂendo
2225 1344 2470 1416 pollens,
2503 1342 2737 1414 Deoque
2784 1343 3165 1419 omnipotenti
3196 1344 3781 1418 irreprehensibiliter
3812 1363 3943 1405 ser-

438 1415 629 1473 diluit.
673 1417 929 1492 Septimo
964 1422 1144 1495 igitur
1176 1415 1667 1499 regressus’anno
1698 1447 1731 1487 a
1758 1432 1961 1499 Roma,
2005 1446 2141 1488 cum
2227 1415 2409 1504 vicus,
2463 1433 2535 1489 ad
2592 1432 2741 1489 hanc
2793 1416 3174 1505 quaastionem
3219 1415 3615 1493 adduceretur.
3666 1436 3945 1510 Cumque

438 1507 772 1565 auctoritate
800 1526 962 1584 papae
998 1512 1179 1583 illius,
1233 1516 1496 1576 Turonos
1543 1520 1728 1577 redire
1758 1521 2013 1593 disponit
2045 1538 2055 1571 :
2086 1530 2153 1580 et‘
2225 1522 2374 1595 regis
2406 1522 2607 1579 fuisset
2636 1521 2824 1579 oblata
2857 1523 3281 1594 conspectibus,
3312 1524 3481 1597 cmpit
3507 1540 3630 1581 eam
3669 1507 3944 1597 primum

442 1603 686 1660 veniens
736 1604 807 1661 ad
840 1607 1034 1665 vicum
1084 1612 1255 1683 cujus
1309 1628 1520 1672 nomen
1568 1623 1652 1673 est
1704 1617 2060 1674 Laudiacum
2093 1629 2135 1687 ει,
2220 1614 2291 1671 ad
2335 1613 2804 1687 rebaptizandum
2842 1613 3073 1671 blandis
3120 1616 3485 1673 sermonibus
3513 1615 3753 1696 illicere.
3790 1616 3945 1685 Quae

442 1699 605 1749 sexto
635 1692 707 1749 ab
734 1695 877 1752 urbe
906 1696 1196 1768 milliario,
1231 1704 1592 1761 mansionem
1622 1706 1856 1778 accepit.
1886 1708 2138 1763 Armen-
2223 1724 2357 1765 cum
2377 1721 2733 1765 venenosum
2752 1705 2878 1777 ejus
2899 1706 3161 1777 jaculum
3183 1706 3318 1763 fidei
3341 1692 3940 1779 parmanropelleret,

438 1778 555 1837 tius
604 1796 740 1839 vero
792 1783 947 1842 febre
989 1787 1322 1860 corripitur,
1360 1798 1414 1848 et
1444 1793 1632 1850 media
1670 1800 1832 1851 nocte
1872 1794 2190 1868 spiritum_
2223 1796 2493 1868 praecepit
2524 1811 2623 1851 rex
2656 1793 2955 1852 facultates
3001 1795 3124 1867 ejus
3167 1778 3401 1865 auferri,
3432 1778 3577 1866 quin
3590 1778 3712 1867 jam
3738 1804 3946 1854 mente

442 1868 755 1959 exhalavit.
789 1870 947 1938 Quod
996 1877 1257 1946 protinus
1286 1878 1506 1937 Briccio
1533 1882 1795 1954 episcopo
1822 1862 1923 1955 per
1948 1862 2197 1940 visumB
2222 1862 2542 1959 possidebat
2575 1901 2744 1958 regna
2777 1862 3067 1958 paradisi;
3107 1884 3314 1941 deinde
3347 1862 3645 1957 suppliciis
3683 1885 3949 1957 applica-

436 1955 753 2015 revelatum
790 1965 896 2030 est,
929 1962 1031 2034 qui
1066 1963 1147 2019 ait
1176 1964 1296 2022 suis
1336 1982 1348 2020 :
1388 1966 1617 2041 Surgite
1667 1971 1944 2040 velocius,
1978 1978 2040 2028 ut
2067 1970 2140 2026 ad
2222 1955 2359 2041 tam,
2381 1972 2506 2029 sine
2526 1988 2624 2045 spe
2640 1955 3095 2045 pi'zesentisvitm
3117 1955 3558 2045 torqueri.Quid
3580 1955 3777 2044 plura?
3801 1973 3949 2031 Post

436 2044 847 2106 tumulandum
876 2050 1112 2109 fratrem
1142 2062 1403 2113 nostrum
1431 2058 1789 2117 Turonicum
1810 2060 2141 2133 pontificem
2224 2058 2437 2121 multas
2455 2044 2820 2136 quaestiones,
2840 2062 3195 2135 postablatos
3213 2044 3571 2121 terrenarum
3588 2062 3945 2121 divitiarum

437 2146 834 2193 occurramus.
875 2136 1142 2211 Cumque
1182 2141 1271 2214 illi
1310 2145 1605 2204 venientes
1638 2155 1863 2220 portam
1894 2147 2145 2205 civitatis
2229 2154 2544 2221 thesauros,
2587 2168 2718 2209 cum
2754 2151 2825 2207 ad
2852 2152 2958 2208 hoc
2988 2150 3173 2224 frangi
3219 2168 3335 2209 non
3371 2159 3577 2224 posset,
3611 2159 3676 2210 ut
3705 2153 3951 2211 beatam

436 2218 897 2295 ingrederentur,
954 2242 1081 2314 €096
1128 2230 1307 2287 iStum
1353 2248 1453 2305 per
1499 2218 1675 2292 aliam
1729 2243 1949 2308 portam
1988 2251 2144 2293 mor-
2229 2218 2904 2311 scinderet—Trinitatem,
2942 2241 3014 2299 ad
3041 2241 3514 2314 rebaptizandum
3545 2242 3735 2299 invita
3766 2242 3951 2300 dedu-

441 2312 608 2365 tuum
634 2309 970 2374 efferebant.
1004 2302 1128 2384 Quo
1162 2302 1405 2391 sepulto,
1434 2322 1693 2381 Briccius
1722 2302 1784 2381 in
1813 2326 2145 2382 cathedram
2228 2332 2394 2389 citur.
2446 2332 2709 2404 Cumque
2739 2331 2803 2388 in
2838 2331 2983 2389 illud
3014 2346 3312 2389 cmnosum
3353 2332 3643 2390 lavacrum
3685 2333 3746 2389 vi
3777 2348 3953 2405 coge.

436 2408 603 2452 suam
658 2412 951 2470 regressus
1004 2413 1105 2476 est,
1170 2413 1387 2481 septem
1440 2416 1632 2482 postea
1673 2410 1914 2472 feliciter
1942 2414 2146 2473 vivens
2229 2426 2388 2476 retur
2418 2418 2709 2492 immergi,
2757 2434 2821 2475 ac
2868 2417 3289 2491 proclamaret:
3336 2417 3563 2475 Patrem
3591 2434 3727 2475 cum
3762 2418 3948 2489 Filio,

434 2497 637 2543 annos.
698 2487 803 2547 Cui
850 2500 979 2564 post
1034 2497 1543 2569 quadragesimum
1584 2500 1893 2581 septimum
1924 2506 2145 2575 episco-
2227 2525 2290 2567 ac
2334 2487 2924 2581 Spiritum-“sanctum
2979 2508 3156 2565 unius
3202 2509 3370 2566 credo
3424 2524 3547 2565 esse
3593 2508 3954 2567 substantia:

436 2578 876 2670 pains-annum
903 2581 1176 2643 defuncto
1208 2593 1440 2645 sanctus
1470 2576 1819 2650 Eustoehius
1853 2599 2145 2670 successit,
2227 2576 2641 2670 essentizeque;
2668 2596 2844 2670 digno
2864 2611 3043 2669 aquas
3074 2596 3333 2668 unguine
3363 2604 3605 2653 cunctas
3627 2595 3862 2668 iniecit,
3890 2597 3953 2653 id

438 2661 766 2760 magnificae
801 2669 1117 2729 sanctitatis
1145 2673 1235 2730 vir
1261 2674 1306 2734 ".
2132 2661 2144 2670 ’
2224 2692 2309 2743 est
2339 2661 2529 2743 iluqu
2550 2661 2769 2743 ventris
2799 2661 3067 2760 aspergit.
3118 2661 3349 2743 Euxhinc
3378 2688 3449 2743 ad
3486 2686 3815 2759 legitimam
3850 2687 3955 2745 de-

509 2749 611 2848 II.‘
642 2751 901 2848 Postbaac
953 2768 974 2848 ὲ
1023 2758 1268 2848 Vandali
1319 2779 1353 2821 a
1400 2764 1524 2825 loco
1562 2783 1669 2827 suo
1713 2769 1974 2843 digressi,
2011 2790 2143 2833 cum
2224 2774 2394 2832 ducta
2423 2775 2821 2847 quzestionem,
2866 2749 2999 2848 post
3050 2775 3347 2848 equuleos,
3406 2749 3845 2847 postvﬂammas
3895 2781 3955 2841 et

441 2836 771 2933 Gunderico
797 2859 929 2917 rege
954 2847 1015 2904 in
1042 2847 1254 2909 Gallias
1280 2860 1480 2912 ruunt.
1510 2854 1737 2924 Quibus
1764 2836 1931 2917 valde
1954 2836 2143 2920 vasta-
2227 2836 2499 2933 ungulas,
2531 2860 2755 2919 Christo
2797 2836 3044 2919 Doinino
3091 2836 3290 2933 capitis
3317 2860 3605 2917 decisione
3632 2859 3877 2918 dicatur
3904 2873 3950 2915 ε.

445 2925 537 3026 iis,
596 2929 913 3026 Hispanias
924 2945 1235 3026 appetunt.
1290 2941 1411 2999 Hos
1461 2946 1642 3003 secuti
1702 2944 1898 3018 Suevi,
1941 2950 1998 3007 id
2038 2958 2140 3022 est,
2227 2925 2989 3026 Posvthzecvprosequentibus
3026 2925 3369 3009 Alamannis
3401 2967 3584 3023 usque
3612 2951 3682 3007 ad
3716 2950 3952 3007 Tradu-

437 3014 771 3114 Alamanni,
804 3022 1115 3114 .Galliciam
1152 3030 1609 3102 apprehendunt.
1655 3034 1772 3092 Nec
1802 3014 1985 3095 multo
2021 3014 2146 3110 post
2225 3045 2372 3097 ctam
2407 3042 2443 3111 ί,
2484 3014 2723 3099 transito
2752 3043 2901 3099 mari
2937 3040 3185 3099 Vandali
3234 3056 3334 3114 per
3370 3014 3546 3098 totam
3580 3039 3847 3098 Africam
3880 3056 3953 3096 ac

436 3104 776 3206 scandalum
798 3108 950 3223 inter
980 3118 1291 3189 utrumque
1314 3119 1507 3199 oritur
1530 3123 1831 3194 populum,
1865 3104 2139 3197 quoniam
2160 3165 2203 3223 Ο
2226 3130 2635 3189 Mauritaniam
2664 3138 2800 3191 sunt
2830 3134 3093 3207 dispersi.

439 3194 754 3297 prgpinqui
783 3198 1101 3297 Sibieraht.
1136 3196 1399 3297 Cumque
1433 3208 1503 3265 ad
1525 3209 1745 3268 bellum
1773 3194 1979 3271 armati
2005 3194 2203 3287 pro-U
2300 3221 2404 3284 III.
2458 3221 2567 3283 Sed
2620 3225 2898 3297 quoniam
2922 3194 3151 3282 ‘eorum
3202 3231 3458 3296 tempore
3515 3220 3847 3295 persecutio
3886 3220 3953 3277 in

436 3281 722 3386 Cf’d‘fr‘emi
780 3302 846 3344 ac
890 3288 1250 3366 iamiamque
1304 3294 1366 3353 in
1414 3298 1681 3362 conﬂictu
1720 3301 1901 3373 Durati
1929 3281 2137 3377 053.91“,
2227 3312 2584 3371 Christianos
2612 3281 2884 3384 ihvaluit,
2917 3313 3065 3371 sicut
3096 3281 3364 3386 superius
3394 3311 3611 3370 mentio
3644 3312 3795 3368 facta
3833 3317 3951 3382 est,

430 3371 511 3430 ait
539 3374 1005 3475 Alaman‘norum
1025 3399 1129 3440 ΓΘΧ
1160 3408 1172 3441 =
1206 3384 1519 3461 Quousque
1546 3371 1767 3449 13811qu
1799 3408 1971 3467 super
1993 3409 2136 3452 cuu-
2224 3404 2458 3462 videtur
2486 3408 2541 3459 et
2569 3402 2765 3475 aliqua
2808 3371 2883 3459 ea
2930 3401 3024 3458 his
3066 3371 3196 3475 (μιεέ
3226 3401 3373 3459 circa
3406 3400 3510 3459 Dei
3538 3398 3817 3457 ecclesias
3859 3400 3954 3456 in-

434 3468 594 3564 uuln
621 3462 908 3564 ΡΟΡΠῙΠῙΠ
936 3479 1333 3564 φωῖηονθῖυν
1348 3485 1370 3533 Ῡ
1397 3476 1480 3564 Νθ
1508 3486 1766 3550 Peream.
1797 3462 2013 3554 (lu-1950,
2044 3498 2139 3555 ΡΟ·
2225 3491 2503 3561 tulerunt,
2534 3491 2628 3548 vel
2666 3462 3179 3564 quemadmodum
3222 3490 3291 3548 de
3323 3504 3505 3562 regno
3532 3486 3768 3560 expulsi
3799 3488 3950 3558 sint,

432 3547 557 3653 p‘uli
591 3551 903 3647 utriusque
940 3557 1245 3632 phalangae
1275 3580 1288 3617 :
1315 3563 1426 3653 sed
1458 3547 1765 3653 procedant
1790 3547 1905 3625 duo
1935 3547 2009 3625 de

2376 3547 2563 3637 orare.
2600 3547 2879 3638 Defuncto
2906 3581 3083 3653 igitur
3110 3578 3529 3648 Trasamundo,
3559 3582 3689 3650 post
3713 3577 3953 3635 scelera

433 3635 577 3745 stris
590 3637 653 3735 in
691 3654 965 3745 camnpum
1016 3660 1153 3745 cum
1182 3649 1360 3707 armis
1388 3650 1629 3722 bellicis,
1665 3659 1721 3710 et
1749 3654 1858 3727 ipsi
1896 3658 2052 3716 inter
2081 3676 2143 3718 se
2224 3686 2357 3745 qua;
2378 3668 2439 3725 in
2472 3668 2685 3726 sanctis
2729 3668 2831 3727 Dei
2858 3635 3138 3739 exacuit,
3170 3668 3504 3727 Hunericus
3534 3678 3560 3713 ε
3583 3674 3783 3725 mente
3811 3683 3955 3725 cru-

432 3726 765 3823 conﬂigant.
801 3730 966 3831 'I:unc
1010 3734 1131 3807 ille,
1187 3740 1353 3812 cujus
1404 3756 1547 3813 puer
1577 3726 1798 3817 vicerit,
1844 3749 2139 3822 regionem
2221 3726 2404 3815 delior
2426 3757 2769 3815 Africanum
2786 3764 3024 3830 occupat
3047 3726 3313 3831 regnum,
3342 3765 3515 3831 atque
3543 3772 3615 3813 ex
3644 3755 3953 3814 electione

433 3813 561 3873 Sine
590 3821 924 3919 icertamine
947 3824 1275 3919 bbtinebit.
1306 3830 1395 3919 Ad
1426 3831 1551 3890 haec
1579 3813 1821 3895 cunctus
1848 3813 2141 3899 consensit
2197 3813 2809 3919 .‘Vandalorumvipsis
3289 3813 3469 3917 Cujus
3514 3842 3623 3900 sub
3658 3849 3951 3917 tempore

436 3904 702 4005 populus,
738 3924 811 3967 ne
858 3912 1131 3973 universa
1156 3917 1469 3978 multitudo
1498 3922 1560 3979 in
1589 3938 1686 3981 ore
1714 3926 1890 3999 gladii
1920 3936 2130 3987 rueret.
2197 3908 2423 4004 quanti
2461 3904 2922 3991 Christianorum
2964 3904 3162 4005 populi
3193 3947 3295 4005 pro
3326 3904 3702 4005 ipso-Christi
3744 3904 3952 3990 sacra-

434 3994 543 4094 Imiis
557 3996 716 4056 enim
735 4001 939 4061 diebus
961 4003 1324 4067 Gundericus
1344 4026 1447 4068 rex
1473 3994 1789 4086 obierat,in
1819 4018 1986 4092 cujus
2011 4019 2133 4079 loco
2221 3994 2443 4077 tissimo
2484 4021 2723 4078 nomine
2763 4021 2897 4079 caesi
2942 3994 3079 4093 sint,
3108 4022 3183 4080 ab
3212 4021 3548 4080 hominibus
3594 4035 3713 4077 non
3747 4028 3955 4094 potest

433 4082 873 4184 Trasamundus
905 4095 932 4130 ἀ
960 4096 1290 4157 obtinuerat
1348 4117 1613 4174 regnum.
1675 4082 2133 4184 Conﬂigentibus
2216 4110 2645 4182 comprehendi.
2682 4110 2867 4169 Testis
2907 4117 2991 4169 est
3043 4082 3236 4169 tamen
3274 4111 3467 4169 Africa
3492 4125 3626 4183 quze
3655 4082 3854 4183 misit,
3890 4118 3953 4170 et

432 4191 571 4235 vero
598 4180 811 4252 pueris,
842 4198 971 4255 pars
1004 4185 1393 4249 Vandalorum
1420 4192 1567 4252 victa
1594 4180 1935 4270 succubuit;
1966 4201 2134 4259 inter-
2218 4180 2430 4257 Christi
2477 4201 2735 4267 dextera,
2795 4216 2925 4274 quze
3006 4202 3254 4274 gemmis
3336 4200 3952 4261 immarcescibilibus

427 4270 696 4346 fectoque
732 4289 931 4349 puero,
982 4279 1265 4352 placitum
1310 4285 1643 4355 egrediendi
1700 4289 2136 4355 Trasamundus
2214 4295 2311 4352 46
2338 4289 2652 4347 coronavit.
2694 4270 2971 4362 Legimus
3012 4270 3214 4348 tamen
3243 4288 3633 4362 quorumdam
3666 4289 3952 4363 ipsorum

427 4456 621 4542 postea
666 4456 1111 4542 §cbireburnensi
1157 4467 1429 4542 episcopo,
1473 4474 1544 4542 ut
1599 4472 1652 4523 in
1709 4476 1827 4539 ejus
1859 4475 1969 4528 Vita
2005 4490 2135 4530 nar-
2279 4484 2298 4505 ’
2352 4476 2499 4527 Hanc
2567 4476 2788 4540 Hispani
2841 4477 3115 4541 appellant
3168 4478 3512 4537 Vincentiam,
3567 4490 3731 4542 quam
3791 4479 3947 4532 Cau-

428 4526 595 4613 {a‘i‘uri
622 4528 1128 4613 “napu'fir‘eo'sdemh
1160 4526 1422 4613 auctor-esi
1456 4541 1543 4593 die
1593 4543 1653 4592 25
1710 4526 1843 4606 Maii,
1898 4526 2179 4613 etimit—2L
2219 4546 2310 4597 riae
2360 4547 2413 4597 in
2469 4526 3738 4613 Lusitani;passam—volunt:vde‘bg'egimus
3772 4526 3949 4603 in‘li-

428 4593 596 4685 fuit:
620 4596 881 4685 SEHOrd‘.
936 4602 1282 4685 Benedictini
1334 4610 1459 4685 §zec.
1514 4625 1596 4664 ιιι.
1652 4593 3624 4685 θειῐξᾱίιε”οέιῑιέἒ11)ι3ὲόιέιῖιαεῖιὶῐ’ἁῖρἒἔὲἑῐιῖῐόηέῦέὶὶὸεὶηὶῖιῗὲιῖρῖἷξ

427 4676 599 4758 fige}
649 4671 952 4758 {mitiget}?
1003 4675 1490 4758 publipa__in_t_aniis
1542 4686 1603 4735 25
1639 4671 1852 4740 dierum
1885 4671 2128 4744 declaraQ
2275 4690 2292 4726 ι
2338 4690 2541 4742 Plinius
2599 4671 2737 4744 libro
2793 4671 3626 4758 ’v'*nassam“amiseras;
3685 4696 3732 4755 ι,
3788 4694 3915 4747 inte

424 4738 595 4827 tione:
648 4752 693 4827 an
727 4745 1039 4827 suspicione
1091 4749 1352 4827 adulterii
1401 4753 1664 4809 liberatus
1720 4738 2130 4820 eStTin‘vl—uato
2211 4738 2771 4827 aliahhihihafquze
2808 4738 2954 4815 iolium
3011 4764 3320 4827 Tingitana,
3376 4738 3535 4816 etiam
3577 4738 3733 4817 hunc:
3783 4766 3950 4819 cete-

425 4810 713 4893 spiritu‘ali,
765 4826 885 4879 cap.
934 4818 1044 4893 illi.
1091 4819 1284 4873 Eorum
1332 4837 1462 4877 vero
1511 4830 1601 4892 qui
1651 4810 1833 4893 ignem
1876 4810 1949 4885 ad
1978 4810 2131 4891 suam

426 4882 726 4965 eastitatem
795 4890 1202 4965 approbantium
1268 4893 1420 4946 illaesi
1467 4882 2131 4965 co'ntreaaverunE—fri;

428 4953 733 5037 quentiora_
761 4966 885 5037 sunt
916 4961 1380 5037 .ap‘udﬂauctores
1431 4969 1700 5034 exempla,
1751 4953 2130 5037 quamvui-b‘ic

424 5023 621 5075 adduci
650 5025 881 5080 debeant
914 5030 968 5080 in
1000 5031 1383 5087 testimonium.
1463 5037 1497 5079 ὀ

491 5104 524 5180 ιγ
560 5096 614 5180 is
659 5098 777 5180 ipse
835 5100 988 5153 locus
1030 5102 1342 5180 intraulib.
1396 5120 1450 5170 x,
1525 5122 1642 5174 cap.
1697 5114 1775 5177 3i,
1824 5119 2129 5180 appellatur

425 5164 898 5253 {tinnitum-imam
955 5175 1119 5237 vulgo
1195 5176 1397 5230 dicitur
1438 5164 2124 5253 Ἠοηιῖίουδίιὶὲέῶῗᾞξί

422 5240 512 5291 bet
544 5238 919 5296 Claudiacum.
1293 5272 1298 5279 -

486 5309 507 5337 ¹³
543 5310 614 5364 De
644 5316 874 5379 utroque
904 5316 1099 5369 iterum
1132 5318 1224 5370 lib.
1256 5331 1312 5382 x,
1351 5334 1469 5384 cap.
1507 5326 1587 5376 3t.

483 5393 500 5413 ε
535 5384 662 5448 Reg.
700 5387 884 5452 incipit
915 5389 1183 5451 absolute,
1221 5390 1466 5444 Vandali.

483 5456 621 5532 f‘Sic
666 5470 883 5532 semper
931 5459 1091 5512 Corb.
1146 5462 1271 5524 Reg.
1321 5476 1471 5525 vero,
1516 5463 1633 5515 Bec.
1671 5468 1723 5516 et
1769 5468 1970 5532 Regm.,
2006 5482 2131 5527 cum

420 5526 623 5591 aliquot
703 5530 889 5594 editis,
980 5532 1442 5597 Transimundus;
1534 5535 1641 5593 alii,
1709 5526 2125 5598 Trasimu’ndus.

424 5598 584 5650 Porro
635 5599 752 5653 haec
797 5615 907 5655 non
958 5604 1058 5656 sub
1104 5603 1491 5665 Trasamundo,
1544 5608 1638 5657 sed
1685 5609 1786 5659 sub
1836 5614 2125 5668 Genserico

423 5673 803 5744 contigerunt,
880 5676 957 5726 uti
1017 5674 1253 5725 diximus
1319 5677 1376 5727 in
1436 5677 1667 5733 Historia
1729 5687 2129 5744 persecutionis

425 5740 744 5819 Fauciaiicze,
801 5744 896 5796 ubi
946 5748 1129 5819 gentis
1175 5745 1337 5819 hujus
1390 5748 1445 5799 in
1492 5748 1685 5802 Gallias
1726 5740 1977 5819 primum,
2012 5763 2127 5814 tum

420 5812 477 5866 in
510 5814 795 5880 Hispanias
826 5822 881 5873 et
906 5818 1139 5873 Africam
1172 5818 1501 5885 irruptiones
1531 5812 1935 5890 descripsimus.

2212 4831 2295 4883 bri
2342 4833 2528 4885 Africa:
2580 4835 2719 4895 urbi,
2777 4836 2944 4899 vulgo
3000 4836 3227 4900 Tunger,
3278 4837 3399 4887 data
3456 4834 3624 4887 fuisse
3678 4846 3946 4890 comme-

2210 4907 2405 4961 morat,
2436 4908 2509 4956 ait
2533 4918 2651 4957 eam
2685 4918 2719 4956 a
2750 4904 2975 4959 Claudio
3006 4905 3224 4967 Camars,
3262 4920 3387 4958 cum
3407 4906 3675 4958 coloniam
3701 4907 3945 4969 faceret,

2215 4974 2539 5038 appellatam
2619 4978 2787 5030 fuisse
2844 4977 3047 5031 Jutiam
3117 4978 3463 5031 Traductam.
3528 4977 3722 5029 Iuliam
3799 4981 3949 5033 Tra-

2216 5044 2428 5097 ductam
2486 5048 2539 5097 in
2594 5048 2764 5099 altera
2820 5050 2954 5113 ripa,
3027 5049 3079 5100 id
3146 5054 3229 5100 est
3287 5052 3342 5100 in
3402 5050 3690 5112 Hispanico
3754 5055 3951 5105 maris

2214 5115 2410 5175 littore,
2463 5119 2619 5171 sitam
2663 5119 2836 5172 fuisse
2865 5122 2954 5173 alii
2989 5123 3340 5184 contendunt,
3372 5124 3424 5172 et
3453 5124 3735 5172 auctorum
3770 5126 3948 5175 testi-

2212 5189 2409 5240 moniis
2468 5191 2700 5253 probant
2749 5212 2761 5240 :
2821 5195 2874 5243 et
2945 5194 3162 5256 quidem
3215 5194 3504 5257 Gregorius
3552 5196 3743 5243 noster
3796 5195 3949 5246 Tra-

2213 5262 2427 5314 ductam
2489 5263 2544 5313 in
2612 5264 2865 5327 Hispania
2940 5264 3159 5316 videtur
3222 5265 3421 5317 locare.
3484 5264 3809 5316 Traductam
3889 5272 3950 5321 in

2211 5336 2439 5397 utraque
2494 5336 2625 5399 ripa
2663 5348 2826 5386 unam
2881 5338 3156 5387 exstitisse
3206 5340 3389 5387 censet
3426 5334 3789 5394 Harduinus:
3831 5352 3951 5404 quo

2209 5410 2366 5468 pacto
2426 5406 2538 5459 haec
2599 5412 2878 5460 auctorum
2946 5410 3303 5460 contrarietas
3363 5407 3519 5458 facile
3584 5408 3950 5464 conciliatur.

2212 5478 2339 5528 Vide
2388 5490 2506 5542 quae
2559 5481 2625 5531 de
2674 5480 2776 5532 hac
2828 5491 2889 5532 re
2950 5483 3071 5546 ipse
3124 5480 3259 5532 dixit
3300 5480 3354 5531 in
3385 5480 3529 5532 notis
3555 5482 3608 5530 et
3637 5483 3953 5536 emendata

2210 5547 2278 5598 ad
2306 5548 2452 5601 hunc
2490 5550 2643 5602 Plinii
2672 5554 2871 5604 locum.

2271 5629 2294 5665 ε
2368 5621 2519 5683 Editi,
2585 5624 2894 5676 Honor-ictis.
2960 5624 3011 5675 is
3061 5623 3352 5675 Genserico
3409 5622 3547 5683 patri
3619 5630 3727 5671 suo
3808 5633 3951 5675 suc-

2208 5692 2370 5742 cessit
2429 5706 2442 5745 :
2498 5694 2624 5749 huic
2683 5696 3102 5758 Guntabundus,
3184 5698 3236 5746 et
3302 5692 3655 5747 Guntabundo
3723 5690 3947 5746 Trasa-

2207 5763 2460 5816 mundus.
