3994 6332
23 331 126 391 193

1011 293 1368 415 HISTORiA
1405 319 1891 384 FRANCORUM.
1932 320 2159 381 LIBER
2202 318 2613 381 SECUNDUS.

3378 327 3383 332 ’
3457 324 3561 386 194

18 458 378 527 martyrum
416 453 735 526 passiones,
771 468 846 510 ex
887 451 1103 525 quibus
1134 449 1400 524 quaedam
1446 447 1834 522 replicandaA
1855 460 1969 503 non
2001 460 2266 503 reversus
2292 444 2476 517 fuero,
2504 442 2711 502 videbo
2736 459 2838 502 vos
2865 443 2926 501 in
2958 445 3170 504 futura.
3194 445 3333 505 Dico
3364 451 3557 506 tamen

21 548 187 611 sunt,
247 547 321 598 ut
379 540 458 597 ad
498 555 565 598 ea
605 556 737 612 quae
785 538 1199 612 spopondimus
1234 537 1556 596 veniamus.
1590 535 1778 608 Igitur

23 632 246 705 Cgrola
300 631 459 690 falso
501 638 736 689 vocatus
809 629 1129 702 episcopus,
1183 625 1585 684 haereticorum
1639 631 1775 697 tunc

25 719 354 776 maximus
380 717 708 775 habebatur
735 722 1000 773 assertor.
1035 715 1298 787 Cumque
1323 712 1393 770 ad
1424 726 1774 785 persequen-

21 808 170 864 dum
222 806 604 863 Christianos
645 820 747 862 rex
776 820 876 876 per
904 803 1131 861 diversa
1182 801 1611 868 transmitteret,
1643 814 1773 855 sau-

23 907 190 955 ctum
222 897 577 970 Eugenium
620 895 970 967 episcopum,
1002 893 1196 951 virum
1241 888 1616 948 inenarrabili
1649 904 1775 944 san-

33 987 264 1053 ctitate,
298 985 417 1058 qui
450 991 586 1041 tunc
617 982 908 1040 ferebatur
935 997 1160 1054 magum
1195 978 1518 1052 prudentim
1543 991 1683 1044 esse,
1712 976 1772 1032 in

25 1073 401 1130 suburbano
433 1069 679 1128 civitatis
708 1084 832 1126 sum
866 1069 1073 1140 reperit
1099 1073 1428 1138 persecutor
1456 1080 1468 1118 :
1494 1079 1666 1137 quem
1697 1063 1774 1118 ita

21 1161 334 1218 violenter
359 1157 577 1231 rapuit,
610 1165 669 1215 ut
701 1171 802 1213 nec
830 1154 901 1212 ad
925 1153 1274 1212 hortandum
1304 1167 1536 1225 gregem
1566 1150 1764 1209 Chris-

25 1250 284 1309 ticolum
315 1265 336 1285 ·
367 1249 534 1306 abire
566 1247 934 1319 permitteret.
967 1243 1071 1301 Ille
1108 1257 1244 1300 vero
1281 1258 1414 1299 cum
1459 1257 1519 1298 se
1547 1241 1767 1299 videret

17 1339 273 1410 abduci,
324 1336 637 1412 epistolam
685 1333 912 1392 civibus
965 1349 1066 1405 pro
1103 1330 1476 1390 custodienda
1520 1329 1630 1388 fide
1671 1345 1766 1386 ca-

17 1429 243 1486 tholica
277 1429 401 1485 hoc
434 1425 602 1483 modo
635 1423 957 1481 transmisit
987 1423 1008 1451 ¹³
1037 1442 1050 1480 :

101 1541 122 1570 ι
175 1520 588 1574 Dilectissimis
629 1520 678 1570 et
729 1519 785 1569 in
829 1517 1032 1571 Christi
1067 1530 1247 1569 amore
1276 1514 1610 1568 dulcissimis
1639 1513 1773 1582 ﬁliis

30 1616 76 1663 et
127 1609 381 1677 ﬁliabus
424 1608 677 1663 Ecclesia:
723 1606 861 1660 mihi
894 1621 927 1659 a
956 1607 1062 1659 Deo
1115 1605 1410 1659 commissae
1435 1605 1774 1671 °,Eugenius

31 1701 362 1770 episcopus.

1856 535 2285 605 vobis:Valete,
2319 540 2475 592 orate
2506 551 2609 607 pro
2635 534 2822 600 nobis.
2845 541 2901 592 et
2915 534 3174 608 jejunate
3205 553 3217 590 :
3243 539 3382 610 quia
3402 537 3558 611 jeju-

1856 627 2020 684 nium
2050 634 2105 686 ct
2127 625 2493 698 eleemosyna
2538 641 2762 697 semper
2792 625 3107 682 Dominum
3134 627 3204 684 ad
3230 627 3558 686 misericor-

1857 717 2011 774 diam
2038 715 2417 772 deﬂexerunt.
2443 713 2788 771 Mementote
2811 729 2934 770 esse
2972 714 3247 786 scriptum
3275 717 3335 772 in
3362 716 3560 773 Evan-

1857 808 2006 880 gelio
2037 832 2047 864 :
2080 810 2261 867 Nolite
2297 811 2481 862 timere
2518 824 2602 861 eos
2636 809 2734 876 qui
2771 808 3020 861 occidunt
3072 801 3283 877 corpus,
3317 811 3559 863 animam

1856 907 2034 955 autem
2093 915 2198 953 non
2247 903 2474 968 possunt
2526 898 2800 952 occidere:
2837 900 3016 951 timete
3060 903 3238 951 autem
3278 913 3416 960 eum,
3464 902 3560 968 qui

1849 996 2143 1061 postquam
2172 989 2427 1043 occiderit
2457 1003 2668 1057 corpus,
2712 987 2870 1040 habet
2895 992 3216 1057 potestatem
3244 993 3293 1041 et
3319 991 3560 1043 animam

1856 1082 1904 1132 et
1962 1093 2152 1147 corpus
2201 1075 2428 1146 perdere
2483 1080 2532 1128 et
2598 1076 2808 1128 mittere
2866 1077 2924 1127 in
2977 1076 3274 1142 gehennam
3329 1076 3558 1146 (Matth.

1849 1178 1916 1237 Χ,
1949 1167 2022 1237 L2.).
2056 1187 2082 1218 »
2610 1201 2616 1206 ι

1923 1235 2141 1310 Ductus
2164 1251 2356 1322 itaque
2389 1256 2621 1307 sanctus
2637 1250 2939 1322 Eugenius
2957 1250 3028 1306 ad
3055 1235 3270 1324 regem,
3301 1269 3434 1311 cum
3462 1253 3564 1312 illo

1853 1343 2206 1401 Arianorum
2263 1341 2524 1413 episcopo
2589 1355 2690 1412 pro
2751 1339 2862 1397 ﬁde
2913 1342 3190 1399 catholica
3235 1343 3564 1402 decertavit.

1858 1430 2118 1503 Cumque
2152 1445 2287 1486 eum
2329 1429 2399 1486 de
2443 1435 2655 1485 sanctae
2694 1427 2992 1486 Trinitatis
3043 1431 3316 1504 mysterio
3364 1437 3570 1504 poten-

1861 1520 2078 1577 tissime
2104 1518 2426 1586 devicisset,
2457 1524 2513 1574 et
2536 1518 2772 1589 insuper
2797 1518 3009 1575 multas
3037 1534 3140 1591 per
3161 1535 3296 1577 eum
3325 1521 3570 1579 virtutes

1862 1607 2122 1665 Christus
2168 1606 2510 1675 ostenderet,
2544 1605 2607 1661 in
2635 1606 2908 1678 majorem
2937 1606 3225 1684 insaniam
3254 1606 3409 1665 idem
3445 1607 3569 1680 epi-

1862 1713 2087 1769 scopus,
2105 1689 2327 1754 irividia
2353 1695 2768 1763 inﬂammante,
2791 1696 3176 1754 succenditur.
3209 1698 3385 1765 Erant
3411 1697 3572 1755 enim

106 1807 134 1838 α
177 1785 444 1859 Regalis
497 1782 790 1841 emanavit
831 1779 1159 1851 θυεῐοΓίῐὶιες
1204 1787 1260 1838 et
1309 1796 1411 1853 DI’O
1458 1778 1840 1862 exercenda];
1864 1794 2000 1845 tunc
2033 1787 2305 1859 temporis
2333 1801 2464 1842 cum
2495 1791 2689 1842 sancto
2718 1784 2979 1855 Eugenio
3000 1785 3110 1842 viri
3139 1786 3576 1858 prudentissimi

38 1875 150 1933 ﬁde
193 1873 525 1942 catholica,
558 1872 742 1929 edicto
788 1886 891 1926 nos
915 1885 948 1926 a
975 1867 1321 1940 Carthagine
1349 1869 1376 1902 α
1401 1866 1600 1925 venire
1633 1883 1781 1939 prm—

42 1962 214 2035 cepit.
251 1961 333 2018 Et
381 1960 517 2017 ideo
560 1975 631 2016 ne
671 1957 874 2015 abiens
921 1973 954 2014 a
994 1956 1156 2014 vobis
1204 1955 1519 2012 Ecclesiam
1566 1954 1672 2011 Dei
1720 1955 1783 2010 in

41 2052 360 2125 ambiguo,
399 2050 510 2108 hoc
556 2056 639 2106 est
685 2049 748 2105 in
789 2061 1088 2120 suspenso,
1119 2044 1489 2114 dimitterem,
1527 2051 1785 2102 autoves

38 2141 263 2199 Christi
313 2155 446 2197 non
499 2153 672 2196 verus
723 2143 913 2210 pastor
962 2135 1192 2192 silentio
1242 2133 1652 2207 relinquerem,
1691 2148 1786 2189 ne-

39 2227 385 2287 cessarium
417 2225 566 2284 duxi
609 2227 714 2283 has
761 2239 863 2297 pro
908 2239 1000 2281 me
1029 2222 1272 2281 vicarias
1300 2228 1509 2280 vestra:
1536 2220 1783 2292 dirigere

38 2316 351 2377 sanctitati
383 2332 398 2370 :
428 2315 490 2372 in
519 2315 731 2390 quibus
762 2329 879 2371 non
915 2313 1043 2371 sine
1072 2311 1345 2385 lacrymis
1385 2316 1532 2383 peto,
1562 2310 1780 2380 hortor,

38 2422 282 2476 moneo,
333 2411 401 2462 et
441 2405 578 2462 satis
607 2403 959 2477 abundeque
1004 2401 1251 2460 obtestor
1304 2415 1404 2473 per
1452 2398 1558 2456 Dei
1603 2397 1782 2470 maje-

39 2506 279 2567 statem,
331 2503 398 2552 et
442 2510 543 2568 per
585 2479 965 2551 tremendum
989 2490 1196 2564 judicii
1242 2491 1426 2560 diem,
1459 2497 1631 2562 atque
1681 2487 1781 2544 ad-

44 2594 268 2645 ventus
301 2585 533 2642 Christi
563 2582 878 2640 terribilem
904 2577 1518 2648 claritatem,utfixius
1547 2576 1784 2635 teneatis

42 2674 424 2733 catholicam
452 2671 650 2742 tidem,
672 2676 990 2727 asserentes
1020 2667 1236 2725 Filium
1264 2667 1418 2724 Patri
1444 2682 1567 2724 esse
1591 2681 1783 2739 zequa-

43 2766 184 2836 lem,
224 2771 289 2821 et
311 2762 610 2836 Spiritum
635 2767 896 2818 sanctum
925 2757 1183 2816 eamdem
1214 2757 1426 2814 habere
1453 2771 1588 2813 cum
1619 2755 1782 2813 Patre

44 2861 99 2911 et
125 2853 296 2911 Filio
321 2852 608 2910 deitatem
630 2858 666 2906 °.
703 2849 935 2909 Servate
975 2848 1172 2922 itaque
1221 2845 1380 2904 unici
1428 2844 1785 2918 baptismatis

47 2945 332 3018 gratiam,
373 2941 765 3000 custodientes
803 2938 1128 2998 chrismatis
1168 2937 1502 2996 unctionem
1534 2937 1570 2993 ί.
1603 2935 1784 2992 Nemo

49 3044 175 3108 post
214 3049 450 3108 aquam
506 3039 822 3091 revertatur
868 3031 938 3088 ad
975 3044 1213 3102 aquam,
1241 3033 1474 3085 renatus
1504 3027 1578 3085 ex
1614 3042 1781 3099 aqua.

53 3126 218 3185 Nutu
240 3125 418 3184 enim
440 3122 638 3181 Deisal
656 3139 729 3180 ex
742 3137 894 3195 aqua
921 3119 1250 3189 conﬁcitur;
1287 3118 1384 3176 sed
1416 3117 1464 3174 si
1491 3117 1554 3174 in
1573 3132 1780 3190 aquam

54 3218 370 3275 redactum
416 3213 609 3284 fuerit,
637 3212 827 3270 omnis
872 3210 1090 3284 species
1127 3209 1253 3282 ejus
1299 3207 1600 3266 confestim
1648 3222 1786 3263 eva-

53 3313 289 3364 cuatur.
331 3301 508 3359 Unde
546 3315 662 3358 non
697 3300 985 3357 immerito
1030 3297 1314 3355 Dominus
1361 3296 1422 3352 in
1471 3293 1784 3366 Evangelio

55 3396 126 3453 ait
161 3415 173 3453 :
217 3397 290 3452 Si
319 3393 414 3449 sal
437 3394 772 3459 infatuatum
818 3392 1012 3458 fuerit,
1061 3391 1120 3442 in
1165 3404 1269 3456 quo
1306 3389 1535 3441 satietur
1561 3387 1781 3452 (Matth.

59 3496 108 3552 νς,
148 3481 300 3555 13)?
344 3481 420 3539 Et
463 3479 666 3552 utique
717 3470 823 3536 hoc
876 3483 960 3535 est
1009 3474 1306 3546 infatuari,
1341 3472 1491 3530 velle
1535 3471 1785 3530 secundo

57 3574 317 3644 condiri,
359 3587 500 3630 cum
553 3571 732 3628 semel
783 3569 995 3648 factum
1045 3566 1310 3625 sufﬁciat.
1365 3564 1494 3622 Non
1545 3561 1789 3620 audistis

0 3695 2 3702 ·
56 3665 373 3721 Christum
405 3660 689 3718 dicentem
729 3675 739 3712 :
774 3661 880 3725 Qui
926 3658 1088 3713 semel
1141 3657 1281 3711 lotus
1337 3660 1433 3718 est,
1487 3669 1592 3708 non
1631 3653 1790 3706 habet

57 3757 452 3810 necessitatem
511 3757 608 3814 47
668 3755 862 3806 iterum
946 3747 1175 3802 lavandi
1223 3747 1412 3814 (Joan.
1466 3755 1596 3812 XIII,
1650 3742 1791 3811 10)?

57 3838 345 3918 Ideoque,
383 3843 609 3912 fratres,
642 3849 698 3897 et
739 3839 869 3910 lilii,
917 3837 1170 3907 iiiiazque
1212 3848 1358 3890 mete
1408 3832 1471 3889 in
1519 3831 1787 3918 Domino,

59 3945 175 3988 non
220 3917 335 3987 vos
376 3930 672 3988 contristet
716 3925 975 4004 absentia
1011 3937 1158 3993 mea,
1210 3919 1348 3994 quia
1393 3920 1441 3977 si
1494 3917 1790 3978 catholica)

56 4018 404 4092 disciplina;
462 4017 825 4087 adhaereatis,
871 4004 990 4086 ego
1044 4026 1147 4069 vos
1211 4025 1319 4067 nec
1369 4008 1791 4081 longinquitate

53 4109 267 4182 aliqua
289 4105 626 4177 obliviscar,
644 4119 752 4162 nec
778 4108 962 4160 morte
989 4117 1023 4157 a
1051 4096 1218 4158 vobis
1248 4096 1489 4155 divellar
1510 4106 1554 4154 ε.
1585 4095 1793 4153 Scitote

55 4198 196 4268 quia
239 4209 620 4269 quocumque
657 4208 751 4250 me
793 4189 1031 4249 fecerint
1073 4185 1257 4246 dividi
1288 4200 1518 4260 agones,
1556 4199 1789 4242 mecum

60 4292 142 4342 at
196 4284 413 4359 palma
461 4303 476 4340 :
530 4283 578 4341 si
623 4282 694 4340 ad
741 4279 1020 4339 exsilium
1069 4276 1296 4346 abiero,
1343 4274 1496 4332 beati
1549 4272 1792 4331 Joannis

61 4369 452 4443 evangelista:
483 4367 822 4441 exemplum
849 4365 1071 4435 habeo;
1101 4363 1150 4420 si
1179 4363 1250 4420 ad
1286 4361 1487 4420 mortis
1517 4359 1788 4431 exitium,

1865 1884 2037 1950 atque
2057 1875 2426 1944 sanctissimi,
2448 1873 2831 1932 Vindemialis
2853 1875 2874 1902 "
2895 1881 2951 1931 et
2974 1876 3278 1948 Longinus
3303 1877 3572 1950 episcopi,

1864 1981 2028 2038 pares
2071 1965 2275 2038 gradu,
2326 1969 2380 2021 et
2427 1962 2643 2020 virtute
2679 1978 2794 2020 non
2845 1962 3114 2036 impares.
3148 1964 3295 2021 Nam
3343 1972 3577 2023 sanctus

1866 2054 2250 2114 Vindemialis
2289 2069 2358 2111 eo
2407 2061 2660 2128 tempore
2708 2053 2996 2111 ferebatur
3041 2061 3339 2114 mortuum
3385 2055 3576 2114 susci-

1867 2148 2042 2212 tasse;
2086 2140 2387 2212 Longinus
2425 2147 2619 2197 autem
2667 2138 2871 2196 multis
2900 2139 3152 2195 inﬁrmis
3198 2140 3444 2198 salutem
3473 2140 3575 2198 tri-

1862 2235 2007 2293 buit.
2049 2233 2342 2306 Eugenius
2381 2248 2614 2306 quoque
2643 2248 2760 2290 non
2791 2232 2979 2289 solum
3009 2232 3331 2290 visibilium
3374 2232 3574 2291 oculo-

1864 2337 1998 2380 rum
2025 2323 2361 2391 caacitatem,
2394 2320 2491 2377 sed
2531 2320 2704 2377 etiam
2735 2319 3024 2378 mentium
3045 2317 3387 2392 depellebat.
3413 2319 3576 2389 Quod

1863 2429 2106 2472 cernens
2144 2412 2244 2470 ille
2283 2427 2534 2486 nequam
2562 2412 2913 2469 Arianorum
2955 2411 3276 2485 episcopus,
3309 2416 3578 2470 vocatum

1864 2503 1935 2560 ad
1970 2519 2030 2560 se
2058 2496 2370 2575 quemdam
2417 2499 2736 2570 hominem,
2771 2499 2841 2556 ab
2873 2499 2975 2556 illo
3021 2514 3135 2571 quo
3180 2500 3304 2573 ipse
3347 2499 3580 2559 vivebat

1865 2609 2058 2652 errore
2092 2599 2190 2655 48
2219 2593 2544 2666 deceptum,
2579 2591 2658 2648 ait
2689 2613 2701 2646 :
2737 2590 2866 2648 Non
2910 2589 3115 2662 patior,
3171 2590 3324 2664 quod
3357 2590 3420 2648 hi
3453 2590 3581 2664 epi-

1865 2683 2020 2756 scopi
2043 2684 2226 2742 multa
2245 2685 2306 2742 in
2328 2685 2542 2758 populo
2556 2684 2719 2756 signa
2735 2685 3100 2756 depromunt,
3121 2680 3366 2756 illosque
3385 2679 3596 2739 cuncti‘
3641 2699 3648 2706 ·

1866 2787 1959 2829 me
2016 2772 2274 2845 neglecto
2333 2779 2673 2846 sequuntur.
2736 2770 3051 2844 Acquiesce
3101 2784 3258 2826 nunc
3303 2768 3396 2825 his
3449 2783 3582 2842 qua:

1866 2863 2161 2936 praecipio,
2209 2869 2264 2920 et
2316 2863 2560 2936 acceptis
2608 2863 3037 2937 quinquaginta
3083 2861 3298 2930 aureis,
3346 2859 3479 2918 sede
3517 2860 3580 2918 in

1866 2953 2072 3024 platea,
2105 2969 2202 3025 per
2217 2969 2392 3026 quam
2416 2952 2582 3010 nobis
2612 2959 2696 3009 est
2724 2954 3017 3020 transitus,
3049 2956 3105 3008 et
3133 2964 3376 3008 manum
3404 2965 3579 3022 super

1867 3041 2091 3099 clausos
2121 3040 2315 3099 oculos
2341 3056 2580 3113 ponens.
2616 3056 2709 3098 me
2740 3030 3119 3114 prmlereunte
3151 3055 3287 3097 cum
3317 3038 3581 3111 reliquis,

1867 3132 2127 3191 exclama
2167 3131 2230 3189 in
2279 3146 2487 3204 magna
2536 3129 2768 3200 virtute,
2799 3129 2996 3187 dicens
3041 3147 3054 3184 :
3105 3127 3204 3197 Te,
3253 3128 3582 3186 beatissime

1870 3223 2095 3296 Cyrola,
2139 3231 2348 3280 nostrm
2399 3220 2696 3293 religionis
2746 3219 3004 3288 antistes,
3044 3218 3335 3290 deprecor,
3386 3223 3451 3275 ut
3499 3232 3582 3274 re-

1870 3310 2116 3384 spiciens
2175 3309 2506 3365 manifestos
2556 3306 2800 3378 gloriam
2839 3321 2904 3362 ac
2948 3305 3223 3362 virtutem
3281 3310 3460 3373 tuam,
3519 3309 3584 3360 ut

1870 3395 2068 3454 oculos
2130 3407 2288 3452 meos
2344 3393 2609 3466 aperiens
2661 3409 2883 3451 merear
2932 3392 3120 3450 lucem
3165 3391 3359 3449 videre
3407 3407 3582 3466 quam

1870 3482 2246 3558 perdidi.Qui
2282 3483 2443 3556 jussa
2488 3481 2804 3556 complens,
2841 3481 3213 3556 residensque
3261 3481 3322 3538 in
3375 3482 3582 3557 platea,

1873 3573 2204 3631 transeunte
2235 3571 2506 3630 hmretico
2555 3586 2688 3630 cum
2733 3568 2946 3628 sanctis
2976 3568 3101 3640 Dei,
3132 3568 3238 3628 iste
3265 3570 3367 3643 qui
3396 3570 3585 3630 Deum

1871 3659 2112 3718 irridere
2170 3658 2475 3730 cogitabat,
2521 3658 2807 3717 exclamat
2858 3658 2920 3716 in
2963 3673 3170 3730 magna
3216 3660 3446 3730 virtute,
3495 3660 3588 3717 di-

1872 3764 2008 3806 cens
2039 3773 2051 3806 :
2086 3749 2241 3807 Audi
2273 3764 2384 3819 me,
2420 3748 2751 3808 beatissime
2786 3747 3030 3822 Cyrola;
3087 3749 3224 3807 audi
3255 3765 3368 3818 me,
3397 3755 3587 3807 sancte

1875 3840 2136 3898 sacerdos
2192 3839 2296 3897 Dei
2349 3863 2362 3900 :
2418 3840 2637 3913 respice
2685 3839 2998 3897 caecitatem
3044 3852 3255 3898 meam.
3303 3837 3588 3911 Experiar

1873 3943 1978 4002 ego
2017 3928 2435 3986 medicamenta
2472 3943 2606 4001 qua:
2657 3943 2808 4000 saepe
2855 3927 2991 3985 (εωοὶ
3040 3926 3250 4000 reliqui
3295 3943 3327 3985 a
3373 3932 3425 3985 te
3460 3943 3584 3985 me-

1874 4023 2140 4088 ruerunt,
2175 4032 2307 4090 quae
2348 4016 2558 4090 leprosi
2605 4018 2827 4091 experti
2878 4023 3036 4091 sunt,
3085 4032 3218 4091 quae
3255 4017 3366 4091 ipsi
3413 4017 3587 4075 etiam

1877 4106 2092 4165 mortui
2137 4113 2588 4179 praesenserunt.
2619 4107 2841 4179 Adjuro
2872 4113 2925 4165 te
2951 4123 3053 4181 per
3097 4107 3283 4180 ipsam
3311 4107 3589 4165 virtutem

1873 4211 2052 4270 quam
2103 4195 2301 4266 habes,
2334 4201 2399 4271 ut
2444 4195 2594 4252 mihi
2631 4196 3013 4254 desideratam
3039 4194 3324 4251 restituas
3377 4193 3586 4264 lucem,

1873 4283 2013 4357 quia
2042 4282 2206 4356 gravi
2253 4297 2388 4340 sum
2425 4283 2678 4341 caecitate
2724 4298 3051 4356 percussus.
3084 4281 3400 4341 Veritatem
3427 4285 3590 4344 enim

1875 4376 2158 4447 nesciens,
2192 4389 2396 4432 verum
2424 4374 2650 4433 dicebat
2681 4393 2693 4432 :
2721 4373 2856 4448 quia
2885 4378 3202 4431 caecaverat
3251 4389 3388 4431 eum
3431 4375 3590 4448 cupi-

69 4462 278 4515 Vitere
315 4461 462 4514 mihi
511 4461 756 4516 Christus
788 4461 884 4520 est,
931 4461 981 4511 et
1027 4455 1168 4545 mori
1209 4454 1418 4545 ίῖέσνιιηλ
1452 4450 1722 4545 ᾼ(Ρ¹ζὶζίΡΡ·
1748 4461 1850 4545 BD
1875 4461 2041 4527 ditas,
2074 4466 2130 4520 et
2157 4462 2432 4520 virtutem
2462 4461 2567 4520 Dei
2599 4460 3013 4542 omnipotentis
3047 4459 3288 4518 irridere
3340 4476 3443 4533 per
3486 4475 3590 4533 pe-

65 4552 175 4620 21).
241 4551 306 4610 Si
360 4551 604 4620 rediero,-
659 4551 892 4617 fratres,
941 4544 1203 4618 implebit
1241 4543 1394 4601 Deus
1436 4535 1845 4600 desiderium"
1883 4549 2118 4608 cuniam
2174 4549 2517 4607 mstlmabat,
2575 4548 2740 4607 Tunc
2800 4535 3204 4606 haaretfcorum
3293 4547 3596 4621 episcopus

69 4649 374 4701 vestrum.
404 4645 673 4700 Attamen
717 4637 928 4698 sufﬁcit
957 4637 1149 4708 modo,
1180 4635 1336 4710 quod
1370 4634 1533 4692 vobis
1577 4649 1694 4691 non
1725 4639 1800 4690 ω·
1882 4637 2190 4712 paululum
2218 4654 2278 4695 se
2294 4637 2548 4708 divertit,
2578 4637 2744 4711 quasi
2772 4636 2835 4694 in
2862 4637 3077 4694 virtute
3103 4635 3592 4709 triumphaturus,

67 4735 458 4804 cuizmonui,
483 4732 762 4802 instruxi,
785 4729 1071 4805 quomodo
1099 4727 1283 4801 potui;
1316 4725 1559 4799 ideoque
1584 4725 1796 4783 immu-
1883 4729 2068 4786 elatus
2094 4728 2347 4785 vanitate
2394 4732 2566 4798 atque
2613 4724 2902 4797 superbia,
2936 4725 3127 4798 posuit
3153 4740 3393 4783 manum
3425 4740 3594 4784 suam

71 4827 168 4888 nis
202 4843 346 4884 sum
369 4842 403 4883 a
431 4826 714 4899 sanguine
739 4823 1004 4894 omnium
1024 4819 1419 4895 pereuntium;
1439 4825 1494 4876 et
1519 4819 1636 4876 scio
1664 4819 1801 4890 quia
1885 4831 2056 4888 super
2083 4815 2277 4872 oculos
2301 4814 2447 4887 ejus,
2470 4813 2668 4871 dicens
2701 4833 2712 4871 :
2746 4810 3080 4871 Secundum
3108 4812 3282 4870 ﬁdem
3312 4819 3592 4885 nostram,

74 4916 380 4974 adversus
399 4931 498 4973 eos
514 4911 990 4988 legenturlitterae
1010 4910 1132 4967 ista)
1151 4915 1282 4966 ante
1301 4906 1548 4965 tribunal
1569 4906 1799 4976 Christi,
1883 4921 1997 4979 qua
2046 4911 2194 4963 recte
2247 4905 2433 4963 Deum
2488 4902 2801 4972 credimus,
2836 4901 3167 4974 aperiantur
3198 4901 3354 4961 oculi
3385 4903 3488 4961 tui.
3525 4902 3597 4960 Et

77 5021 228 5065 cum
259 5004 490 5063 venerit
520 5003 757 5062 reddere
784 5000 1104 5073 unicuique
1130 4997 1455 5056 secundum
1475 5012 1645 5071 opera
1675 5011 1799 5054 sua.
1882 5009 2022 5053 mox
2055 5001 2118 5053 ut
2143 4989 2442 5053 lioc'nefas
2483 4994 2688 5068 erupit,
2721 4992 2874 5050 risus
2902 4996 3162 5050 mutatur
3184 4991 3243 5048 in
3270 4991 3588 5064 planctum,

82 5094 144 5154 Si
166 5110 454 5154 reversus
491 5094 673 5166 fuero,
709 5094 931 5164 fratres,
963 5088 1173 5163 videbo
1199 5103 1303 5147 vos
1332 5086 1395 5145 in
1424 5085 1532 5144 hac
1557 5085 1676 5144 vita
1711 5103 1724 5141 :
1754 5083 1810 5163 si,
1885 5094 1940 5146 et
1984 5086 2151 5147 dolus
2203 5086 2452 5159 episcopi
2506 5091 2591 5144 est
2636 5085 2950 5159 patefactus
2997 5084 3062 5142 in
3115 5082 3346 5157 publico
3389 5103 3404 5143 ;
3452 5097 3591 5142 nam

1886 5245 2032 5294 ctum
2056 5242 2297 5294 eamdem
2324 5239 2516 5292 habere
2537 5252 2662 5292 cum
2695 5217 2844 5290 Filio,
2860 5238 3138 5292 deitatem.
3395 5273 3414 5277 -

1952 5313 2253 5378 fBaptlsmi
2334 5315 2580 5376 gratiam,
2662 5311 2971 5364 chrismatis
3056 5311 3369 5380 unctionem
3449 5310 3594 5362 inter

1884 5388 2024 5440 bona
2077 5385 2386 5438 Christianis
2439 5385 2643 5437 a-Deo
2717 5383 2912 5436 collata
2963 5386 3219 5435 recenset
3293 5381 3592 5441 Salvianus,

147 5257 167 5276 ·
205 5246 300 5298 Sic
330 5257 491 5306 mss,
529 5250 584 5298 at
605 5245 733 5298 editi
769 5253 892 5296 cum
923 5242 1044 5296 Bec.
1078 5239 1277 5294 habent
1299 5237 1498 5292 Christi
1520 5237 1706 5289 ultum.

147 5321 170 5350 ι
217 5319 390 5371 Deest
436 5318 662 5384 epistola
712 5318 926 5380 integra
980 5316 1036 5366 in
1097 5313 1273 5375 Corb.,
1320 5312 1418 5364 sed
1471 5323 1592 5374 quae
1625 5314 1805 5365 tamen

89 5397 295 5457 sponte
372 5393 570 5443 omissa
641 5390 759 5453 fuit,
823 5401 947 5443 cum
1012 5385 1224 5448 habeat,
1292 5383 1655 5451 epistolam...
1709 5385 1806 5439 hoc

88 5465 255 5519 modo
295 5463 627 5516 transmisit.
1888 5460 2135 5527 ejusdem
2167 5459 2267 5511 aevi
2297 5461 2502 5517 auctor,
2526 5457 2618 5509 lib.
2657 5470 2719 5509 ιιι
2743 5459 2809 5510 de
2834 5458 3233 5527 Gubernatione
3261 5457 3370 5507 Dei.

152 5550 170 5568 ι
212 5541 310 5590 Is.
348 5539 394 5598 1,
424 5535 744 5588 commissis.
1919 5524 1933 5527 ⁷
1957 5544 1981 5581 s
2015 5535 2098 5584 Sic
2139 5543 2270 5582 mss.
2313 5531 2342 5579 2
2367 5551 2385 5594 ιη
2419 5529 2530 5594 alii,
2563 5530 2699 5596 quin
2717 5530 2766 5582 si
2789 5529 3058 5583 catholicae
3087 5526 3381 5590 disciplina
3408 5524 3585 5577 adha-

154 5614 178 5642 δ
215 5611 431 5675 Begm..
483 5607 889 5674 Carthaginem,
935 5610 988 5662 et
1036 5607 1196 5670 infra,
1239 5605 1364 5670 post
1409 5602 1666 5665 vicarius,
1713 5601 1804 5653 ad-
1890 5605 2072 5663 rectis,
2099 5616 2249 5675 ego...
2275 5601 2610 5675 obliviscor...
2641 5603 2882 5675 divellor.

92 5688 194 5748 dit,
217 5673 458 5737 litteras.
694 5673 703 5674 ί
1275 5680 1281 5688 ’
1391 5747 1411 5748 ἡ
1463 5745 1473 5748 _
1520 5747 1527 5748 γ
1943 5676 1968 5708 ἰ
2003 5675 2177 5737 Corb.,
2210 5673 2371 5729 habet
2405 5674 2602 5740 ubique
2639 5673 2998 5729 Vindimialis.

158 5745 184 5791 ⁸⁷
213 5757 373 5811 idem
421 5759 478 5811 et
518 5755 660 5817 Bec.,
703 5757 996 5811 asserentes
1040 5750 1268 5807 Patrem
1298 5750 1347 5804 et
1373 5745 1649 5813 Spiritum
1672 5759 1804 5802 san-
