  <div class='ocr_page' id='page_1' title='image "/cluster/home/n/w/nwhite01/storage/ocr_20150623/71/hvd.32044054758743/105.png"; bbox 0 0 3994 6332; ppageno 0'>
   <div class='ocr_carea' id='block_1_1' title="bbox 395 312 502 374">
    <p class='ocr_par' dir='ltr' id='par_1_1' title="bbox 395 312 502 374">
     <span class='ocr_line' id='line_1_1' title="bbox 395 312 502 374; baseline -0.019 0"><span class='ocrx_word' id='word_1_1' title='bbox 395 312 502 374; x_wconf 80' lang='grc'><strong>195</strong></span> 
     </span>
    </p>
   </div>
   <div class='ocr_carea' id='block_1_2' title="bbox 1466 288 2812 361">
    <p class='ocr_par' dir='ltr' id='par_1_2' title="bbox 1466 288 2812 361">
     <span class='ocr_line' id='line_1_2' title="bbox 1466 288 2812 361; baseline -0.006 -4"><span class='ocrx_word' id='word_1_2' title='bbox 1466 294 1925 361; x_wconf 65' lang='lat' dir='ltr'>S.‘GREGORII</span> <span class='ocrx_word' id='word_1_3' title='bbox 1968 291 2301 355; x_wconf 87' lang='lat' dir='ltr'>EPISCOPI</span> <span class='ocrx_word' id='word_1_4' title='bbox 2339 288 2812 352; x_wconf 83' lang='lat' dir='ltr'>TURONENSIS</span> 
     </span>
    </p>
   </div>
   <div class='ocr_carea' id='block_1_3' title="bbox 3828 283 3945 341">
    <p class='ocr_par' dir='ltr' id='par_1_3' title="bbox 3828 283 3945 341">
     <span class='ocr_line' id='line_1_3' title="bbox 3828 283 3945 341; baseline -0.009 0"><span class='ocrx_word' id='word_1_5' title='bbox 3828 283 3945 341; x_wconf 81' lang='grc'>196</span> 
     </span>
    </p>
   </div>
   <div class='ocr_carea' id='block_1_4' title="bbox 394 410 3948 497">
    <p class='ocr_par' dir='ltr' id='par_1_4' title="bbox 394 410 3948 497">
     <span class='ocr_line' id='line_1_4' title="bbox 394 410 3948 497; baseline -0.01 0"><span class='ocrx_word' id='word_1_6' title='bbox 394 452 420 479; x_wconf 77' lang='grc' dir='ltr'>ι</span> <span class='ocrx_word' id='word_1_7' title='bbox 447 440 643 497; x_wconf 88' lang='lat' dir='ltr'>tantus</span> <span class='ocrx_word' id='word_1_8' title='bbox 671 431 832 491; x_wconf 90' lang='lat' dir='ltr'>dolor</span> <span class='ocrx_word' id='word_1_9' title='bbox 858 427 1058 487; x_wconf 90' lang='lat' dir='ltr'>oculos</span> <span class='ocrx_word' id='word_1_10' title='bbox 1084 421 1283 483; x_wconf 87' lang='lat' dir='ltr'>miseri</span> <span class='ocrx_word' id='word_1_11' title='bbox 1311 420 1471 481; x_wconf 93' lang='lat' dir='ltr'>illius</span> <span class='ocrx_word' id='word_1_12' title='bbox 1499 420 1734 485; x_wconf 85' lang='lat' dir='ltr'>invasit,</span> <span class='ocrx_word' id='word_1_13' title='bbox 1787 426 1854 479; x_wconf 92' lang='lat' dir='ltr'>ut</span> <span class='ocrx_word' id='word_1_14' title='bbox 1883 436 1979 480; x_wconf 90' lang='lat' dir='ltr'>eos</span> <span class='ocrx_word' id='word_1_15' title='bbox 2013 420 2168 482; x_wconf 87' lang='lat' dir='ltr'>di-A</span> <span class='ocrx_word' id='word_1_16' title='bbox 2186 416 2472 494; x_wconf 87' lang='lat' dir='ltr'>pontiﬁcis</span> <span class='ocrx_word' id='word_1_17' title='bbox 2504 416 2597 474; x_wconf 90' lang='lat' dir='ltr'>sui</span> <span class='ocrx_word' id='word_1_18' title='bbox 2624 414 2684 472; x_wconf 89' lang='lat' dir='ltr'>in</span> <span class='ocrx_word' id='word_1_19' title='bbox 2710 415 2820 472; x_wconf 88' lang='lat' dir='ltr'>hoc</span> <span class='ocrx_word' id='word_1_20' title='bbox 2877 411 3087 471; x_wconf 82' lang='lat' dir='ltr'>scelere</span> <span class='ocrx_word' id='word_1_21' title='bbox 3132 410 3313 469; x_wconf 84' lang='lat' dir='ltr'>fuisse</span> <span class='ocrx_word' id='word_1_22' title='bbox 3342 412 3644 479; x_wconf 87' lang='lat' dir='ltr'>detectam,</span> <span class='ocrx_word' id='word_1_23' title='bbox 3674 412 3948 465; x_wconf 86' lang='lat' dir='ltr'>sanctos</span> 
     </span>
    </p>
   </div>
   <div class='ocr_carea' id='block_1_5' title="bbox 391 508 2100 601">
    <p class='ocr_par' dir='ltr' id='par_1_5' title="bbox 391 508 2100 601">
     <span class='ocr_line' id='line_1_5' title="bbox 391 508 2100 601; baseline -0.012 -15"><span class='ocrx_word' id='word_1_24' title='bbox 391 528 527 601; x_wconf 86' lang='lat' dir='ltr'>gitis</span> <span class='ocrx_word' id='word_1_25' title='bbox 565 524 668 583; x_wconf 87' lang='lat' dir='ltr'>vix</span> <span class='ocrx_word' id='word_1_26' title='bbox 697 522 718 550; x_wconf 73' lang='grc'><strong>⁸</strong></span> <span class='ocrx_word' id='word_1_27' title='bbox 747 517 1169 592; x_wconf 87' lang='lat' dir='ltr'>comprimeret,</span> <span class='ocrx_word' id='word_1_28' title='bbox 1209 530 1285 572; x_wconf 90' lang='lat' dir='ltr'>ne</span> <span class='ocrx_word' id='word_1_29' title='bbox 1323 517 1646 585; x_wconf 84' lang='lat' dir='ltr'>creparent.</span> <span class='ocrx_word' id='word_1_30' title='bbox 1681 509 1939 584; x_wconf 87' lang='lat' dir='ltr'>Denique</span> <span class='ocrx_word' id='word_1_31' title='bbox 1983 508 2100 568; x_wconf 90' lang='lat' dir='ltr'>cla-</span> 
     </span>
    </p>
   </div>
   <div class='ocr_carea' id='block_1_6' title="bbox 392 599 2104 683">
    <p class='ocr_par' dir='ltr' id='par_1_6' title="bbox 392 599 2104 683">
     <span class='ocr_line' id='line_1_6' title="bbox 392 599 2104 683; baseline -0.009 -11"><span class='ocrx_word' id='word_1_32' title='bbox 392 599 551 673; x_wconf 81' lang='lat' dir='ltr'>mare</span> <span class='ocrx_word' id='word_1_33' title='bbox 578 610 747 683; x_wconf 71' lang='lat' dir='ltr'>coepit</span> <span class='ocrx_word' id='word_1_34' title='bbox 777 607 974 677; x_wconf 83' lang='lat' dir='ltr'>miser,</span> <span class='ocrx_word' id='word_1_35' title='bbox 1004 622 1070 664; x_wconf 91' lang='lat' dir='ltr'>ac</span> <span class='ocrx_word' id='word_1_36' title='bbox 1111 605 1301 663; x_wconf 88' lang='lat' dir='ltr'>dicere</span> <span class='ocrx_word' id='word_1_37' title='bbox 1331 627 1344 661; x_wconf 88' lang='lat'><strong>:</strong></span> <span class='ocrx_word' id='word_1_38' title='bbox 1375 602 1479 660; x_wconf 62' lang='lat' dir='ltr'>Va}</span> <span class='ocrx_word' id='word_1_39' title='bbox 1517 600 1666 659; x_wconf 90' lang='lat' dir='ltr'>mihi</span> <span class='ocrx_word' id='word_1_40' title='bbox 1704 601 1938 673; x_wconf 89' lang='lat' dir='ltr'>misero,</span> <span class='ocrx_word' id='word_1_41' title='bbox 1968 599 2104 674; x_wconf 85' lang='lat' dir='ltr'>quia</span> 
     </span>
    </p>
   </div>
   <div class='ocr_carea' id='block_1_7' title="bbox 392 690 2105 766">
    <p class='ocr_par' dir='ltr' id='par_1_7' title="bbox 392 690 2105 766">
     <span class='ocr_line' id='line_1_7' title="bbox 392 690 2105 766; baseline -0.009 -4"><span class='ocrx_word' id='word_1_42' title='bbox 392 705 661 762; x_wconf 89' lang='lat' dir='ltr'>seductus</span> <span class='ocrx_word' id='word_1_43' title='bbox 685 716 821 758; x_wconf 91' lang='lat' dir='ltr'>sum</span> <span class='ocrx_word' id='word_1_44' title='bbox 847 698 921 755; x_wconf 90' lang='lat' dir='ltr'>ab</span> <span class='ocrx_word' id='word_1_45' title='bbox 949 696 1187 755; x_wconf 91' lang='lat' dir='ltr'>inimico</span> <span class='ocrx_word' id='word_1_46' title='bbox 1217 695 1358 766; x_wconf 89' lang='lat' dir='ltr'>legis</span> <span class='ocrx_word' id='word_1_47' title='bbox 1385 693 1617 750; x_wconf 75' lang='lat' dir='ltr'>divinae.</span> <span class='ocrx_word' id='word_1_48' title='bbox 1648 690 1749 748; x_wconf 72' lang='lat' dir='ltr'>Vae</span> <span class='ocrx_word' id='word_1_49' title='bbox 1769 692 1941 763; x_wconf 89' lang='lat' dir='ltr'>mihi,</span> <span class='ocrx_word' id='word_1_50' title='bbox 1969 690 2105 764; x_wconf 85' lang='lat' dir='ltr'>quia</span> 
     </span>
    </p>
   </div>
   <div class='ocr_carea' id='block_1_8' title="bbox 391 777 2106 861">
    <p class='ocr_par' dir='ltr' id='par_1_8' title="bbox 391 777 2106 861">
     <span class='ocr_line' id='line_1_8' title="bbox 391 777 2106 861; baseline -0.009 -12"><span class='ocrx_word' id='word_1_51' title='bbox 391 791 581 849; x_wconf 91' lang='lat' dir='ltr'>Deum</span> <span class='ocrx_word' id='word_1_52' title='bbox 612 804 714 861; x_wconf 91' lang='lat' dir='ltr'>per</span> <span class='ocrx_word' id='word_1_53' title='bbox 742 784 1049 860; x_wconf 87' lang='lat' dir='ltr'>pecuniam</span> <span class='ocrx_word' id='word_1_54' title='bbox 1090 781 1330 840; x_wconf 87' lang='lat' dir='ltr'>irridere</span> <span class='ocrx_word' id='word_1_55' title='bbox 1377 779 1559 848; x_wconf 91' lang='lat' dir='ltr'>volui,</span> <span class='ocrx_word' id='word_1_56' title='bbox 1604 784 1659 836; x_wconf 91' lang='lat' dir='ltr'>et</span> <span class='ocrx_word' id='word_1_57' title='bbox 1687 777 2106 853; x_wconf 82' lang='lat' dir='ltr'>quinquaginta</span> 
     </span>
    </p>
   </div>
   <div class='ocr_carea' id='block_1_9' title="bbox 389 866 2106 950">
    <p class='ocr_par' dir='ltr' id='par_1_9' title="bbox 389 866 2106 950">
     <span class='ocr_line' id='line_1_9' title="bbox 389 866 2106 950; baseline -0.009 -12"><span class='ocrx_word' id='word_1_58' title='bbox 389 895 596 939; x_wconf 88' lang='lat' dir='ltr'>aureos</span> <span class='ocrx_word' id='word_1_59' title='bbox 618 876 831 950; x_wconf 90' lang='lat' dir='ltr'>accepi,</span> <span class='ocrx_word' id='word_1_60' title='bbox 859 881 923 933; x_wconf 91' lang='lat' dir='ltr'>ut</span> <span class='ocrx_word' id='word_1_61' title='bbox 944 874 1050 931; x_wconf 92' lang='lat' dir='ltr'>hoc</span> <span class='ocrx_word' id='word_1_62' title='bbox 1078 871 1308 930; x_wconf 87' lang='lat' dir='ltr'>facinus</span> <span class='ocrx_word' id='word_1_63' title='bbox 1332 873 1738 942; x_wconf 91' lang='lat' dir='ltr'>perpetrarem.</span> <span class='ocrx_word' id='word_1_64' title='bbox 1768 868 1857 925; x_wconf 89' lang='lat' dir='ltr'>Ad</span> <span class='ocrx_word' id='word_1_65' title='bbox 1884 866 2106 939; x_wconf 88' lang='lat' dir='ltr'>episco-</span> 
     </span>
    </p>
   </div>
   <div class='ocr_carea' id='block_1_10' title="bbox 390 954 2103 1045">
    <p class='ocr_par' dir='ltr' id='par_1_10' title="bbox 390 954 2103 1045">
     <span class='ocr_line' id='line_1_10' title="bbox 390 954 2103 1045; baseline -0.009 -17"><span class='ocrx_word' id='word_1_66' title='bbox 390 985 533 1045; x_wconf 86' lang='lat' dir='ltr'>pum</span> <span class='ocrx_word' id='word_1_67' title='bbox 571 973 764 1025; x_wconf 91' lang='lat' dir='ltr'>autem</span> <span class='ocrx_word' id='word_1_68' title='bbox 796 962 986 1022; x_wconf 80' lang='lat' dir='ltr'>aiebat</span> <span class='ocrx_word' id='word_1_69' title='bbox 1017 985 1029 1019; x_wconf 91' lang='lat'><strong>:</strong></span> <span class='ocrx_word' id='word_1_70' title='bbox 1073 961 1217 1018; x_wconf 88' lang='lat' dir='ltr'>Ecce</span> <span class='ocrx_word' id='word_1_71' title='bbox 1244 974 1452 1018; x_wconf 89' lang='lat' dir='ltr'>aurum</span> <span class='ocrx_word' id='word_1_72' title='bbox 1484 964 1670 1028; x_wconf 91' lang='lat' dir='ltr'>tuum,</span> <span class='ocrx_word' id='word_1_73' title='bbox 1704 956 1878 1014; x_wconf 90' lang='lat' dir='ltr'>redde</span> <span class='ocrx_word' id='word_1_74' title='bbox 1902 954 2103 1014; x_wconf 90' lang='lat' dir='ltr'>lumen</span> 
     </span>
    </p>
   </div>
   <div class='ocr_carea' id='block_1_11' title="bbox 389 1044 2104 1127">
    <p class='ocr_par' dir='ltr' id='par_1_11' title="bbox 389 1044 2104 1127">
     <span class='ocr_line' id='line_1_11' title="bbox 389 1044 2104 1127; baseline -0.01 -10"><span class='ocrx_word' id='word_1_75' title='bbox 389 1072 614 1123; x_wconf 92' lang='lat' dir='ltr'>meum,</span> <span class='ocrx_word' id='word_1_76' title='bbox 646 1052 800 1127; x_wconf 91' lang='lat' dir='ltr'>quod</span> <span class='ocrx_word' id='word_1_77' title='bbox 833 1051 965 1110; x_wconf 91' lang='lat' dir='ltr'>dolo</span> <span class='ocrx_word' id='word_1_78' title='bbox 1013 1057 1113 1110; x_wconf 93' lang='lat' dir='ltr'>tuo</span> <span class='ocrx_word' id='word_1_79' title='bbox 1157 1047 1402 1122; x_wconf 89' lang='lat' dir='ltr'>perdidi.</span> <span class='ocrx_word' id='word_1_80' title='bbox 1436 1046 1663 1119; x_wconf 88' lang='lat' dir='ltr'>Vosque</span> <span class='ocrx_word' id='word_1_81' title='bbox 1702 1060 1859 1117; x_wconf 89' lang='lat' dir='ltr'>rogo,</span> <span class='ocrx_word' id='word_1_82' title='bbox 1888 1044 2104 1117; x_wconf 87' lang='lat' dir='ltr'>glorio-</span> 
     </span>
    </p>
   </div>
   <div class='ocr_carea' id='block_1_12' title="bbox 388 1134 2100 1212">
    <p class='ocr_par' dir='ltr' id='par_1_12' title="bbox 388 1134 2100 1212">
     <span class='ocr_line' id='line_1_12' title="bbox 388 1134 2100 1212; baseline -0.007 -7"><span class='ocrx_word' id='word_1_83' title='bbox 388 1146 604 1205; x_wconf 91' lang='lat' dir='ltr'>sissimi</span> <span class='ocrx_word' id='word_1_84' title='bbox 642 1141 975 1211; x_wconf 83' lang='lat' dir='ltr'>Christiani,</span> <span class='ocrx_word' id='word_1_85' title='bbox 1013 1155 1087 1197; x_wconf 93' lang='lat' dir='ltr'>ne</span> <span class='ocrx_word' id='word_1_86' title='bbox 1114 1136 1441 1212; x_wconf 79' lang='lat' dir='ltr'>despiciatis</span> <span class='ocrx_word' id='word_1_87' title='bbox 1475 1138 1776 1206; x_wconf 90' lang='lat' dir='ltr'>miserum,</span> <span class='ocrx_word' id='word_1_88' title='bbox 1810 1135 1908 1193; x_wconf 90' lang='lat' dir='ltr'>sed</span> <span class='ocrx_word' id='word_1_89' title='bbox 1941 1134 2100 1193; x_wconf 91' lang='lat' dir='ltr'>velo-</span> 
     </span>
    </p>
   </div>
   <div class='ocr_carea' id='block_1_13' title="bbox 383 1224 2102 1302">
    <p class='ocr_par' dir='ltr' id='par_1_13' title="bbox 383 1224 2102 1302">
     <span class='ocr_line' id='line_1_13' title="bbox 383 1224 2102 1302; baseline -0.007 -9"><span class='ocrx_word' id='word_1_90' title='bbox 383 1236 524 1293; x_wconf 91' lang='lat' dir='ltr'>citer</span> <span class='ocrx_word' id='word_1_91' title='bbox 583 1231 901 1292; x_wconf 90' lang='lat' dir='ltr'>succurrite</span> <span class='ocrx_word' id='word_1_92' title='bbox 948 1228 1236 1302; x_wconf 90' lang='lat' dir='ltr'>pereunti.</span> <span class='ocrx_word' id='word_1_93' title='bbox 1263 1226 1412 1285; x_wconf 89' lang='lat' dir='ltr'>Vere</span> <span class='ocrx_word' id='word_1_94' title='bbox 1457 1226 1614 1283; x_wconf 90' lang='lat' dir='ltr'>enim</span> <span class='ocrx_word' id='word_1_95' title='bbox 1664 1225 1931 1297; x_wconf 85' lang='lat' dir='ltr'>cognovi,</span> <span class='ocrx_word' id='word_1_96' title='bbox 1967 1224 2102 1296; x_wconf 87' lang='lat' dir='ltr'>quia</span> 
     </span>
    </p>
   </div>
   <div class='ocr_carea' id='block_1_14' title="bbox 388 1313 2101 1388">
    <p class='ocr_par' dir='ltr' id='par_1_14' title="bbox 388 1313 2101 1388">
     <span class='ocr_line' id='line_1_14' title="bbox 388 1313 2101 1388; baseline -0.005 -8"><span class='ocrx_word' id='word_1_97' title='bbox 388 1327 530 1380; x_wconf 85' lang='lat' dir='ltr'>Deus</span> <span class='ocrx_word' id='word_1_98' title='bbox 558 1328 656 1385; x_wconf 87' lang='lat'>49</span> <span class='ocrx_word' id='word_1_99' title='bbox 686 1338 793 1377; x_wconf 87' lang='lat' dir='ltr'>non</span> <span class='ocrx_word' id='word_1_100' title='bbox 828 1319 1096 1374; x_wconf 72' lang='lat' dir='ltr'>irridetur</span> <span class='ocrx_word' id='word_1_101' title='bbox 1141 1317 1286 1388; x_wconf 87' lang='lat' dir='ltr'>(Gal.</span> <span class='ocrx_word' id='word_1_102' title='bbox 1317 1326 1398 1385; x_wconf 87' lang='lat' dir='ltr'>VI,</span> <span class='ocrx_word' id='word_1_103' title='bbox 1441 1315 1513 1387; x_wconf 86' lang='lat'>7).</span> <span class='ocrx_word' id='word_1_104' title='bbox 1558 1315 1723 1373; x_wconf 91' lang='lat' dir='ltr'>Tunc</span> <span class='ocrx_word' id='word_1_105' title='bbox 1760 1314 1942 1371; x_wconf 89' lang='lat' dir='ltr'>sancti</span> <span class='ocrx_word' id='word_1_106' title='bbox 1998 1313 2101 1371; x_wconf 90' lang='lat' dir='ltr'>Dei</span> 
     </span>
    </p>
   </div>
   <div class='ocr_carea' id='block_1_15' title="bbox 389 1405 2101 1480">
    <p class='ocr_par' dir='ltr' id='par_1_15' title="bbox 389 1405 2101 1480">
     <span class='ocr_line' id='line_1_15' title="bbox 389 1405 2101 1480; baseline -0.009 -8"><span class='ocrx_word' id='word_1_107' title='bbox 389 1410 785 1472; x_wconf 84' lang='lat' dir='ltr'>misericordia</span> <span class='ocrx_word' id='word_1_108' title='bbox 813 1407 955 1465; x_wconf 88' lang='lat' dir='ltr'>moti</span> <span class='ocrx_word' id='word_1_109' title='bbox 987 1426 999 1464; x_wconf 90' lang='lat'>:</span> <span class='ocrx_word' id='word_1_110' title='bbox 1029 1408 1113 1477; x_wconf 89' lang='lat' dir='ltr'>Si,</span> <span class='ocrx_word' id='word_1_111' title='bbox 1148 1406 1452 1480; x_wconf 88' lang='lat' dir='ltr'>inquiunt,</span> <span class='ocrx_word' id='word_1_112' title='bbox 1483 1406 1678 1470; x_wconf 80' lang='lat' dir='ltr'>credis,</span> <span class='ocrx_word' id='word_1_113' title='bbox 1709 1407 1891 1460; x_wconf 84' lang='lat' dir='ltr'>omnia</span> <span class='ocrx_word' id='word_1_114' title='bbox 1915 1405 2101 1475; x_wconf 82' lang='lat' dir='ltr'>possi-</span> 
     </span>
    </p>
   </div>
   <div class='ocr_carea' id='block_1_16' title="bbox 392 1491 2102 1568">
    <p class='ocr_par' dir='ltr' id='par_1_16' title="bbox 392 1491 2102 1568">
     <span class='ocr_line' id='line_1_16' title="bbox 392 1491 2102 1568; baseline -0.006 -10"><span class='ocrx_word' id='word_1_115' title='bbox 392 1504 527 1558; x_wconf 80' lang='lat' dir='ltr'>bilia</span> <span class='ocrx_word' id='word_1_116' title='bbox 573 1506 698 1557; x_wconf 85' lang='lat' dir='ltr'>sunt</span> <span class='ocrx_word' id='word_1_117' title='bbox 746 1498 983 1555; x_wconf 77' lang='lat' dir='ltr'>credenti</span> <span class='ocrx_word' id='word_1_118' title='bbox 1029 1499 1216 1568; x_wconf 86' lang='lat' dir='ltr'>(Marc.</span> <span class='ocrx_word' id='word_1_119' title='bbox 1264 1507 1348 1563; x_wconf 83' lang='lat' dir='ltr'>IX,</span> <span class='ocrx_word' id='word_1_120' title='bbox 1395 1492 1505 1567; x_wconf 79' lang='lat'>22).</span> <span class='ocrx_word' id='word_1_121' title='bbox 1552 1496 1626 1551; x_wconf 87' lang='lat' dir='ltr'>At</span> <span class='ocrx_word' id='word_1_122' title='bbox 1676 1492 1778 1551; x_wconf 88' lang='lat' dir='ltr'>ille</span> <span class='ocrx_word' id='word_1_123' title='bbox 1822 1491 2102 1550; x_wconf 88' lang='lat' dir='ltr'>clamabat</span> 
     </span>
    </p>
   </div>
   <div class='ocr_carea' id='block_1_17' title="bbox 388 1581 2101 1665">
    <p class='ocr_par' dir='ltr' id='par_1_17' title="bbox 388 1581 2101 1665">
     <span class='ocr_line' id='line_1_17' title="bbox 388 1581 2101 1665; baseline -0.009 -11"><span class='ocrx_word' id='word_1_124' title='bbox 388 1610 530 1654; x_wconf 89' lang='lat' dir='ltr'>voce</span> <span class='ocrx_word' id='word_1_125' title='bbox 546 1607 757 1665; x_wconf 88' lang='lat' dir='ltr'>magna</span> <span class='ocrx_word' id='word_1_126' title='bbox 789 1606 801 1644; x_wconf 92' lang='lat'><strong>:</strong></span> <span class='ocrx_word' id='word_1_127' title='bbox 831 1590 942 1659; x_wconf 91' lang='lat' dir='ltr'>Qui</span> <span class='ocrx_word' id='word_1_128' title='bbox 968 1604 1085 1647; x_wconf 92' lang='lat' dir='ltr'>non</span> <span class='ocrx_word' id='word_1_129' title='bbox 1112 1586 1417 1645; x_wconf 85' lang='lat' dir='ltr'>crediderit</span> <span class='ocrx_word' id='word_1_130' title='bbox 1444 1584 1737 1643; x_wconf 81' lang='lat' dir='ltr'>Christum</span> <span class='ocrx_word' id='word_1_131' title='bbox 1764 1583 1978 1642; x_wconf 88' lang='lat' dir='ltr'>Filium</span> <span class='ocrx_word' id='word_1_132' title='bbox 1998 1581 2101 1640; x_wconf 91' lang='lat' dir='ltr'>Dei</span> 
     </span>
    </p>
   </div>
   <div class='ocr_carea' id='block_1_18' title="bbox 383 1674 2098 1756">
    <p class='ocr_par' dir='ltr' id='par_1_18' title="bbox 383 1674 2098 1756">
     <span class='ocr_line' id='line_1_18' title="bbox 383 1674 2098 1756; baseline -0.008 -12"><span class='ocrx_word' id='word_1_133' title='bbox 383 1691 443 1744; x_wconf 90' lang='lat' dir='ltr'>et</span> <span class='ocrx_word' id='word_1_134' title='bbox 476 1683 752 1756; x_wconf 87' lang='lat' dir='ltr'>Spiritum</span> <span class='ocrx_word' id='word_1_135' title='bbox 810 1686 1071 1739; x_wconf 88' lang='lat' dir='ltr'>sanctum</span> <span class='ocrx_word' id='word_1_136' title='bbox 1115 1677 1404 1751; x_wconf 74' lang='lat' dir='ltr'>mqualem</span> <span class='ocrx_word' id='word_1_137' title='bbox 1453 1677 1666 1734; x_wconf 90' lang='lat' dir='ltr'>habere</span> <span class='ocrx_word' id='word_1_138' title='bbox 1715 1674 2098 1733; x_wconf 87' lang='lat' dir='ltr'>substantiam</span> 
     </span>
    </p>
   </div>
   <div class='ocr_carea' id='block_1_19' title="bbox 385 1739 2163 1847">
    <p class='ocr_par' dir='ltr' id='par_1_19' title="bbox 385 1739 2163 1847">
     <span class='ocr_line' id='line_1_19' title="bbox 385 1739 2163 1847; baseline -0.007 -14"><span class='ocrx_word' id='word_1_139' title='bbox 385 1739 854 1847; x_wconf 42' lang='lat' dir='ltr'>atque—deitatem</span> <span class='ocrx_word' id='word_1_140' title='bbox 899 1785 1033 1828; x_wconf 93' lang='lat' dir='ltr'>cum</span> <span class='ocrx_word' id='word_1_141' title='bbox 1075 1739 1204 1824; x_wconf 44' lang='lat' dir='ltr'>Deo.</span> <span class='ocrx_word' id='word_1_142' title='bbox 1247 1765 1430 1832; x_wconf 86' lang='lat' dir='ltr'>Patre,</span> <span class='ocrx_word' id='word_1_143' title='bbox 1462 1765 1636 1823; x_wconf 89' lang='lat' dir='ltr'>hodie</span> <span class='ocrx_word' id='word_1_144' title='bbox 1671 1781 1807 1840; x_wconf 77' lang='lat' dir='ltr'>quae</span> <span class='ocrx_word' id='word_1_145' title='bbox 1837 1780 1940 1839; x_wconf 91' lang='lat' dir='ltr'>ego</span> <span class='ocrx_word' id='word_1_146' title='bbox 1973 1739 2163 1837; x_wconf 58' lang='lat' dir='ltr'>per.B</span> 
     </span>
    </p>
   </div>
   <div class='ocr_carea' id='block_1_20' title="bbox 386 1853 2105 1936">
    <p class='ocr_par' dir='ltr' id='par_1_20' title="bbox 386 1853 2105 1936">
     <span class='ocr_line' id='line_1_20' title="bbox 386 1853 2105 1936; baseline -0.008 -13"><span class='ocrx_word' id='word_1_147' title='bbox 386 1863 511 1923; x_wconf 90' lang='lat' dir='ltr'>fero</span> <span class='ocrx_word' id='word_1_148' title='bbox 537 1860 809 1936; x_wconf 89' lang='lat' dir='ltr'>patiatur.</span> <span class='ocrx_word' id='word_1_149' title='bbox 842 1858 913 1917; x_wconf 91' lang='lat' dir='ltr'>Et</span> <span class='ocrx_word' id='word_1_150' title='bbox 947 1858 1193 1931; x_wconf 88' lang='lat' dir='ltr'>adjecit:</span> <span class='ocrx_word' id='word_1_151' title='bbox 1229 1854 1410 1925; x_wconf 84' lang='lat' dir='ltr'>Credo</span> <span class='ocrx_word' id='word_1_152' title='bbox 1444 1855 1626 1913; x_wconf 88' lang='lat' dir='ltr'>Deum</span> <span class='ocrx_word' id='word_1_153' title='bbox 1667 1855 1893 1913; x_wconf 86' lang='lat' dir='ltr'>Patrem</span> <span class='ocrx_word' id='word_1_154' title='bbox 1924 1853 2105 1915; x_wconf 87' lang='lat' dir='ltr'>omni-</span> 
     </span>
    </p>
   </div>
   <div class='ocr_carea' id='block_1_21' title="bbox 385 1943 2102 2024">
    <p class='ocr_par' dir='ltr' id='par_1_21' title="bbox 385 1943 2102 2024">
     <span class='ocr_line' id='line_1_21' title="bbox 385 1943 2102 2024; baseline -0.003 -16"><span class='ocrx_word' id='word_1_155' title='bbox 385 1956 697 2024; x_wconf 83' lang='lat' dir='ltr'>potentem,</span> <span class='ocrx_word' id='word_1_156' title='bbox 721 1947 889 2007; x_wconf 92' lang='lat' dir='ltr'>credo</span> <span class='ocrx_word' id='word_1_157' title='bbox 917 1944 1135 2003; x_wconf 91' lang='lat' dir='ltr'>Filium</span> <span class='ocrx_word' id='word_1_158' title='bbox 1162 1943 1264 2001; x_wconf 89' lang='lat' dir='ltr'>Dei</span> <span class='ocrx_word' id='word_1_159' title='bbox 1285 1943 1622 2002; x_wconf 89' lang='lat' dir='ltr'>ChristumJ</span> <span class='ocrx_word' id='word_1_160' title='bbox 1626 1960 1793 2003; x_wconf 87' lang='lat' dir='ltr'>esum</span> <span class='ocrx_word' id='word_1_161' title='bbox 1813 1946 2102 2018; x_wconf 71' lang='lat' dir='ltr'>mqualem</span> 
     </span>
    </p>
   </div>
   <div class='ocr_carea' id='block_1_22' title="bbox 388 2032 2103 2111">
    <p class='ocr_par' dir='ltr' id='par_1_22' title="bbox 388 2032 2103 2111">
     <span class='ocr_line' id='line_1_22' title="bbox 388 2032 2103 2111; baseline -0.004 -11"><span class='ocrx_word' id='word_1_162' title='bbox 388 2040 570 2109; x_wconf 88' lang='lat' dir='ltr'>Patri,</span> <span class='ocrx_word' id='word_1_163' title='bbox 598 2041 769 2098; x_wconf 91' lang='lat' dir='ltr'>credo</span> <span class='ocrx_word' id='word_1_164' title='bbox 802 2032 1085 2111; x_wconf 86' lang='lat' dir='ltr'>Spiritum</span> <span class='ocrx_word' id='word_1_165' title='bbox 1122 2040 1390 2092; x_wconf 88' lang='lat' dir='ltr'>sanctum</span> <span class='ocrx_word' id='word_1_166' title='bbox 1425 2034 1578 2092; x_wconf 87' lang='lat' dir='ltr'>Patri</span> <span class='ocrx_word' id='word_1_167' title='bbox 1605 2040 1659 2092; x_wconf 91' lang='lat' dir='ltr'>ct</span> <span class='ocrx_word' id='word_1_168' title='bbox 1686 2036 1834 2093; x_wconf 89' lang='lat' dir='ltr'>Filio</span> <span class='ocrx_word' id='word_1_169' title='bbox 1861 2036 2103 2094; x_wconf 91' lang='lat' dir='ltr'>consub-</span> 
     </span>
    </p>
   </div>
   <div class='ocr_carea' id='block_1_23' title="bbox 388 2122 2105 2199">
    <p class='ocr_par' dir='ltr' id='par_1_23' title="bbox 388 2122 2105 2199">
     <span class='ocr_line' id='line_1_23' title="bbox 388 2122 2105 2199; baseline -0.003 -12"><span class='ocrx_word' id='word_1_170' title='bbox 388 2128 715 2188; x_wconf 87' lang='lat' dir='ltr'>stantialem</span> <span class='ocrx_word' id='word_1_171' title='bbox 760 2133 935 2199; x_wconf 90' lang='lat' dir='ltr'>atque</span> <span class='ocrx_word' id='word_1_172' title='bbox 985 2130 1359 2182; x_wconf 72' lang='lat' dir='ltr'>coseternum.</span> <span class='ocrx_word' id='word_1_173' title='bbox 1402 2122 1543 2181; x_wconf 63' lang='lat' dir='ltr'>Haec</span> <span class='ocrx_word' id='word_1_174' title='bbox 1578 2123 1668 2180; x_wconf 88' lang='lat' dir='ltr'>illi</span> <span class='ocrx_word' id='word_1_175' title='bbox 1703 2125 2024 2195; x_wconf 88' lang='lat' dir='ltr'>audientes,</span> <span class='ocrx_word' id='word_1_176' title='bbox 2050 2131 2105 2182; x_wconf 92' lang='lat' dir='ltr'>et</span> 
     </span>
    </p>
   </div>
   <div class='ocr_carea' id='block_1_24' title="bbox 388 2212 2107 2286">
    <p class='ocr_par' dir='ltr' id='par_1_24' title="bbox 388 2212 2107 2286">
     <span class='ocr_line' id='line_1_24' title="bbox 388 2212 2107 2286; baseline -0.001 -12"><span class='ocrx_word' id='word_1_177' title='bbox 388 2231 450 2275; x_wconf 89' lang='lat' dir='ltr'>se</span> <span class='ocrx_word' id='word_1_178' title='bbox 478 2216 729 2274; x_wconf 90' lang='lat' dir='ltr'>invicem</span> <span class='ocrx_word' id='word_1_179' title='bbox 757 2217 975 2273; x_wconf 91' lang='lat' dir='ltr'>honore</span> <span class='ocrx_word' id='word_1_180' title='bbox 1019 2217 1226 2270; x_wconf 91' lang='lat' dir='ltr'>mutuo</span> <span class='ocrx_word' id='word_1_181' title='bbox 1274 2212 1719 2286; x_wconf 59' lang='lat' dir='ltr'>praevenientes,‘</span> <span class='ocrx_word' id='word_1_182' title='bbox 1746 2215 1931 2273; x_wconf 91' lang='lat' dir='ltr'>oritur</span> <span class='ocrx_word' id='word_1_183' title='bbox 1956 2216 2107 2273; x_wconf 90' lang='lat' dir='ltr'>inter</span> 
     </span>
    </p>
   </div>
   <div class='ocr_carea' id='block_1_25' title="bbox 390 2301 2107 2377">
    <p class='ocr_par' dir='ltr' id='par_1_25' title="bbox 390 2301 2107 2377">
     <span class='ocr_line' id='line_1_25' title="bbox 390 2301 2107 2377; baseline -0.001 -12"><span class='ocrx_word' id='word_1_184' title='bbox 390 2322 488 2365; x_wconf 90' lang='lat' dir='ltr'>eos</span> <span class='ocrx_word' id='word_1_185' title='bbox 515 2313 709 2365; x_wconf 89' lang='lat' dir='ltr'>sancta</span> <span class='ocrx_word' id='word_1_186' title='bbox 754 2303 1066 2372; x_wconf 86' lang='lat' dir='ltr'>contentio,</span> <span class='ocrx_word' id='word_1_187' title='bbox 1110 2302 1241 2377; x_wconf 89' lang='lat' dir='ltr'>quis</span> <span class='ocrx_word' id='word_1_188' title='bbox 1283 2301 1464 2359; x_wconf 90' lang='lat' dir='ltr'>oculis</span> <span class='ocrx_word' id='word_1_189' title='bbox 1493 2302 1620 2376; x_wconf 90' lang='lat' dir='ltr'>ejus</span> <span class='ocrx_word' id='word_1_190' title='bbox 1652 2303 1886 2376; x_wconf 88' lang='lat' dir='ltr'>signum</span> <span class='ocrx_word' id='word_1_191' title='bbox 1924 2305 2107 2363; x_wconf 62' lang='lat' dir='ltr'>beata:</span> 
     </span>
    </p>
   </div>
   <div class='ocr_carea' id='block_1_26' title="bbox 386 2389 2106 2466">
    <p class='ocr_par' dir='ltr' id='par_1_26' title="bbox 386 2389 2106 2466">
     <span class='ocr_line' id='line_1_26' title="bbox 386 2389 2106 2466; baseline -0.001 -13"><span class='ocrx_word' id='word_1_192' title='bbox 386 2393 574 2453; x_wconf 88' lang='lat' dir='ltr'>crucis</span> <span class='ocrx_word' id='word_1_193' title='bbox 603 2393 945 2466; x_wconf 92' lang='lat' dir='ltr'>imponeret.</span> <span class='ocrx_word' id='word_1_194' title='bbox 976 2389 1361 2449; x_wconf 90' lang='lat' dir='ltr'>Vindemialis</span> <span class='ocrx_word' id='word_1_195' title='bbox 1390 2404 1527 2447; x_wconf 87' lang='lat' dir='ltr'>vero</span> <span class='ocrx_word' id='word_1_196' title='bbox 1552 2404 1618 2447; x_wconf 92' lang='lat' dir='ltr'>ac</span> <span class='ocrx_word' id='word_1_197' title='bbox 1650 2389 1949 2462; x_wconf 80' lang='lat' dir='ltr'>Longinus</span> <span class='ocrx_word' id='word_1_198' title='bbox 1986 2393 2106 2452; x_wconf 91' lang='lat' dir='ltr'>Eu-</span> 
     </span>
    </p>
   </div>
   <div class='ocr_carea' id='block_1_27' title="bbox 387 2479 2105 2556">
    <p class='ocr_par' dir='ltr' id='par_1_27' title="bbox 387 2479 2105 2556">
     <span class='ocr_line' id='line_1_27' title="bbox 387 2479 2105 2556; baseline -0.001 -14"><span class='ocrx_word' id='word_1_199' title='bbox 387 2482 653 2556; x_wconf 86' lang='lat' dir='ltr'>genium,</span> <span class='ocrx_word' id='word_1_200' title='bbox 687 2479 787 2538; x_wconf 93' lang='lat' dir='ltr'>ille</span> <span class='ocrx_word' id='word_1_201' title='bbox 811 2486 1003 2538; x_wconf 90' lang='lat' dir='ltr'>autem</span> <span class='ocrx_word' id='word_1_202' title='bbox 1038 2485 1266 2537; x_wconf 88' lang='lat' dir='ltr'>econtra</span> <span class='ocrx_word' id='word_1_203' title='bbox 1297 2493 1393 2535; x_wconf 91' lang='lat' dir='ltr'>eos</span> <span class='ocrx_word' id='word_1_204' title='bbox 1419 2486 1619 2537; x_wconf 88' lang='lat' dir='ltr'>exorat</span> <span class='ocrx_word' id='word_1_205' title='bbox 1648 2487 1713 2537; x_wconf 90' lang='lat' dir='ltr'>ut</span> <span class='ocrx_word' id='word_1_206' title='bbox 1743 2496 1951 2541; x_wconf 89' lang='lat' dir='ltr'>manus</span> <span class='ocrx_word' id='word_1_207' title='bbox 1989 2482 2105 2540; x_wconf 88' lang='lat' dir='ltr'>im-</span> 
     </span>
    </p>
   </div>
   <div class='ocr_carea' id='block_1_28' title="bbox 388 2568 2104 2646">
    <p class='ocr_par' dir='ltr' id='par_1_28' title="bbox 388 2568 2104 2646">
     <span class='ocr_line' id='line_1_28' title="bbox 388 2568 2104 2646; baseline 0.001 -17"><span class='ocrx_word' id='word_1_208' title='bbox 388 2577 672 2646; x_wconf 88' lang='lat' dir='ltr'>ponerent</span> <span class='ocrx_word' id='word_1_209' title='bbox 720 2584 891 2628; x_wconf 74' lang='lat' dir='ltr'>czeco.</span> <span class='ocrx_word' id='word_1_210' title='bbox 922 2568 1085 2637; x_wconf 89' lang='lat' dir='ltr'>Quod</span> <span class='ocrx_word' id='word_1_211' title='bbox 1134 2584 1268 2626; x_wconf 92' lang='lat' dir='ltr'>cum</span> <span class='ocrx_word' id='word_1_212' title='bbox 1316 2568 1601 2637; x_wconf 86' lang='lat' dir='ltr'>fecissent,</span> <span class='ocrx_word' id='word_1_213' title='bbox 1634 2575 1690 2628; x_wconf 92' lang='lat' dir='ltr'>et</span> <span class='ocrx_word' id='word_1_214' title='bbox 1720 2586 1929 2630; x_wconf 88' lang='lat' dir='ltr'>manus</span> <span class='ocrx_word' id='word_1_215' title='bbox 1968 2589 2104 2631; x_wconf 91' lang='lat' dir='ltr'>suas</span> 
     </span>
    </p>
   </div>
   <div class='ocr_carea' id='block_1_29' title="bbox 389 2658 2104 2734">
    <p class='ocr_par' dir='ltr' id='par_1_29' title="bbox 389 2658 2104 2734">
     <span class='ocr_line' id='line_1_29' title="bbox 389 2658 2104 2734; baseline 0 -14"><span class='ocrx_word' id='word_1_216' title='bbox 389 2676 568 2734; x_wconf 89' lang='lat' dir='ltr'>super</span> <span class='ocrx_word' id='word_1_217' title='bbox 595 2665 766 2733; x_wconf 88' lang='lat' dir='ltr'>caput</span> <span class='ocrx_word' id='word_1_218' title='bbox 805 2658 931 2732; x_wconf 91' lang='lat' dir='ltr'>ejus</span> <span class='ocrx_word' id='word_1_219' title='bbox 976 2662 1255 2728; x_wconf 88' lang='lat' dir='ltr'>tenerent,</span> <span class='ocrx_word' id='word_1_220' title='bbox 1287 2665 1519 2716; x_wconf 89' lang='lat' dir='ltr'>sanctus</span> <span class='ocrx_word' id='word_1_221' title='bbox 1544 2658 1845 2733; x_wconf 89' lang='lat' dir='ltr'>Eugenius</span> <span class='ocrx_word' id='word_1_222' title='bbox 1873 2677 2104 2720; x_wconf 91' lang='lat' dir='ltr'>crucem</span> 
     </span>
    </p>
   </div>
   <div class='ocr_carea' id='block_1_30' title="bbox 391 2744 2106 2823">
    <p class='ocr_par' dir='ltr' id='par_1_30' title="bbox 391 2744 2106 2823">
     <span class='ocr_line' id='line_1_30' title="bbox 391 2744 2106 2823; baseline 0 -15"><span class='ocrx_word' id='word_1_223' title='bbox 391 2765 567 2823; x_wconf 85' lang='lat' dir='ltr'>super</span> <span class='ocrx_word' id='word_1_224' title='bbox 621 2746 822 2807; x_wconf 90' lang='lat' dir='ltr'>oculos</span> <span class='ocrx_word' id='word_1_225' title='bbox 869 2745 1005 2803; x_wconf 64' lang='lat' dir='ltr'>caeci</span> <span class='ocrx_word' id='word_1_226' title='bbox 1052 2744 1291 2814; x_wconf 85' lang='lat' dir='ltr'>faciens,</span> <span class='ocrx_word' id='word_1_227' title='bbox 1323 2745 1402 2803; x_wconf 87' lang='lat' dir='ltr'>ait</span> <span class='ocrx_word' id='word_1_228' title='bbox 1429 2764 1441 2802; x_wconf 94' lang='lat'><strong>:</strong></span> <span class='ocrx_word' id='word_1_229' title='bbox 1472 2745 1539 2803; x_wconf 93' lang='lat' dir='ltr'>In</span> <span class='ocrx_word' id='word_1_230' title='bbox 1572 2748 1806 2806; x_wconf 90' lang='lat' dir='ltr'>nomine</span> <span class='ocrx_word' id='word_1_231' title='bbox 1838 2748 2021 2807; x_wconf 85' lang='lat' dir='ltr'>Patris</span> <span class='ocrx_word' id='word_1_232' title='bbox 2050 2755 2106 2808; x_wconf 90' lang='lat' dir='ltr'>et</span> 
     </span>
    </p>
   </div>
   <div class='ocr_carea' id='block_1_31' title="bbox 392 2833 2104 2908">
    <p class='ocr_par' dir='ltr' id='par_1_31' title="bbox 392 2833 2104 2908">
     <span class='ocr_line' id='line_1_31' title="bbox 392 2833 2104 2908; baseline 0.001 -15"><span class='ocrx_word' id='word_1_233' title='bbox 392 2835 529 2894; x_wconf 91' lang='lat' dir='ltr'>Filii</span> <span class='ocrx_word' id='word_1_234' title='bbox 562 2841 618 2894; x_wconf 91' lang='lat' dir='ltr'>et</span> <span class='ocrx_word' id='word_1_235' title='bbox 646 2834 899 2908; x_wconf 86' lang='lat' dir='ltr'>Spiritus</span> <span class='ocrx_word' id='word_1_236' title='bbox 927 2833 1110 2891; x_wconf 88' lang='lat' dir='ltr'>sancti</span> <span class='ocrx_word' id='word_1_237' title='bbox 1138 2833 1262 2891; x_wconf 89' lang='lat' dir='ltr'>veri</span> <span class='ocrx_word' id='word_1_238' title='bbox 1290 2834 1414 2905; x_wconf 89' lang='lat' dir='ltr'>Dei,</span> <span class='ocrx_word' id='word_1_239' title='bbox 1443 2850 1617 2908; x_wconf 91' lang='lat' dir='ltr'>quem</span> <span class='ocrx_word' id='word_1_240' title='bbox 1646 2836 1865 2895; x_wconf 90' lang='lat' dir='ltr'>trinum</span> <span class='ocrx_word' id='word_1_241' title='bbox 1893 2837 1954 2895; x_wconf 91' lang='lat' dir='ltr'>in</span> <span class='ocrx_word' id='word_1_242' title='bbox 1984 2854 2104 2897; x_wconf 90' lang='lat' dir='ltr'>una</span> 
     </span>
    </p>
   </div>
   <div class='ocr_carea' id='block_1_32' title="bbox 391 2924 2104 3002">
    <p class='ocr_par' dir='ltr' id='par_1_32' title="bbox 391 2924 2104 3002">
     <span class='ocr_line' id='line_1_32' title="bbox 391 2924 2104 3002; baseline 0.001 -17"><span class='ocrx_word' id='word_1_243' title='bbox 391 2927 722 3002; x_wconf 73' lang='lat' dir='ltr'>aequalitate</span> <span class='ocrx_word' id='word_1_244' title='bbox 748 2932 922 3000; x_wconf 92' lang='lat' dir='ltr'>atque</span> <span class='ocrx_word' id='word_1_245' title='bbox 948 2924 1365 2999; x_wconf 90' lang='lat' dir='ltr'>omnipotentia</span> <span class='ocrx_word' id='word_1_246' title='bbox 1387 2927 1750 2998; x_wconf 92' lang='lat' dir='ltr'>conﬁtemur,</span> <span class='ocrx_word' id='word_1_247' title='bbox 1773 2928 2104 3001; x_wconf 89' lang='lat' dir='ltr'>aperiantur</span> 
     </span>
    </p>
   </div>
   <div class='ocr_carea' id='block_1_33' title="bbox 391 3013 2103 3091">
    <p class='ocr_par' dir='ltr' id='par_1_33' title="bbox 391 3013 2103 3091">
     <span class='ocr_line' id='line_1_33' title="bbox 391 3013 2103 3091; baseline 0.001 -17"><span class='ocrx_word' id='word_1_248' title='bbox 391 3015 545 3075; x_wconf 91' lang='lat' dir='ltr'>oculi</span> <span class='ocrx_word' id='word_1_249' title='bbox 574 3014 679 3073; x_wconf 89' lang='lat' dir='ltr'>tui.</span> <span class='ocrx_word' id='word_1_250' title='bbox 712 3015 783 3072; x_wconf 90' lang='lat' dir='ltr'>Et</span> <span class='ocrx_word' id='word_1_251' title='bbox 814 3014 1008 3073; x_wconf 89' lang='lat' dir='ltr'>statim</span> <span class='ocrx_word' id='word_1_252' title='bbox 1038 3013 1228 3071; x_wconf 91' lang='lat' dir='ltr'>ablato</span> <span class='ocrx_word' id='word_1_253' title='bbox 1253 3014 1464 3085; x_wconf 89' lang='lat' dir='ltr'>dolore,</span> <span class='ocrx_word' id='word_1_254' title='bbox 1497 3015 1567 3073; x_wconf 93' lang='lat' dir='ltr'>ad</span> <span class='ocrx_word' id='word_1_255' title='bbox 1598 3016 1903 3091; x_wconf 87' lang='lat' dir='ltr'>pristinam</span> <span class='ocrx_word' id='word_1_256' title='bbox 1934 3017 2103 3075; x_wconf 89' lang='lat' dir='ltr'>rediit</span> 
     </span>
    </p>
   </div>
   <div class='ocr_carea' id='block_1_34' title="bbox 2188 498 3947 579">
    <p class='ocr_par' dir='ltr' id='par_1_34' title="bbox 2188 498 3947 579">
     <span class='ocr_line' id='line_1_34' title="bbox 2188 498 3947 579; baseline -0.007 -14"><span class='ocrx_word' id='word_1_257' title='bbox 2188 507 2289 565; x_wconf 87' lang='lat' dir='ltr'>Dei</span> <span class='ocrx_word' id='word_1_258' title='bbox 2320 512 2445 579; x_wconf 92' lang='lat' dir='ltr'>post</span> <span class='ocrx_word' id='word_1_259' title='bbox 2479 503 2660 562; x_wconf 87' lang='lat' dir='ltr'>multa</span> <span class='ocrx_word' id='word_1_260' title='bbox 2706 508 3006 572; x_wconf 87' lang='lat' dir='ltr'>tormenta,</span> <span class='ocrx_word' id='word_1_261' title='bbox 3042 507 3167 573; x_wconf 88' lang='lat' dir='ltr'>post</span> <span class='ocrx_word' id='word_1_262' title='bbox 3217 499 3514 573; x_wconf 88' lang='lat' dir='ltr'>equuleos,</span> <span class='ocrx_word' id='word_1_263' title='bbox 3554 504 3684 572; x_wconf 92' lang='lat' dir='ltr'>post</span> <span class='ocrx_word' id='word_1_264' title='bbox 3740 498 3947 554; x_wconf 85' lang='lat' dir='ltr'>ﬂam-</span> 
     </span>
    </p>
   </div>
   <div class='ocr_carea' id='block_1_35' title="bbox 2190 587 3943 669">
    <p class='ocr_par' dir='ltr' id='par_1_35' title="bbox 2190 587 3943 669">
     <span class='ocr_line' id='line_1_35' title="bbox 2190 587 3943 669; baseline -0.007 -14"><span class='ocrx_word' id='word_1_265' title='bbox 2190 613 2334 667; x_wconf 91' lang='lat' dir='ltr'>mas,</span> <span class='ocrx_word' id='word_1_266' title='bbox 2363 600 2487 669; x_wconf 90' lang='lat' dir='ltr'>post</span> <span class='ocrx_word' id='word_1_267' title='bbox 2515 593 2788 665; x_wconf 86' lang='lat' dir='ltr'>ungulas,</span> <span class='ocrx_word' id='word_1_268' title='bbox 2814 592 2987 665; x_wconf 89' lang='lat' dir='ltr'>jussit</span> <span class='ocrx_word' id='word_1_269' title='bbox 3028 589 3295 649; x_wconf 88' lang='lat' dir='ltr'>interﬁci.</span> <span class='ocrx_word' id='word_1_270' title='bbox 3329 589 3573 647; x_wconf 90' lang='lat' dir='ltr'>Beatum</span> <span class='ocrx_word' id='word_1_271' title='bbox 3601 604 3750 646; x_wconf 87' lang='lat' dir='ltr'>vero</span> <span class='ocrx_word' id='word_1_272' title='bbox 3796 587 3943 643; x_wconf 82' lang='lat' dir='ltr'>Eu-</span> 
     </span>
    </p>
   </div>
   <div class='ocr_carea' id='block_1_36' title="bbox 2190 675 3946 759">
    <p class='ocr_par' dir='ltr' id='par_1_36' title="bbox 2190 675 3946 759">
     <span class='ocr_line' id='line_1_36' title="bbox 2190 675 3946 759; baseline -0.007 -17"><span class='ocrx_word' id='word_1_273' title='bbox 2190 684 2429 759; x_wconf 87' lang='lat' dir='ltr'>genium</span> <span class='ocrx_word' id='word_1_274' title='bbox 2477 680 2748 739; x_wconf 89' lang='lat' dir='ltr'>decollari</span> <span class='ocrx_word' id='word_1_275' title='bbox 2790 679 2986 753; x_wconf 89' lang='lat' dir='ltr'>jussit,</span> <span class='ocrx_word' id='word_1_276' title='bbox 3039 679 3148 752; x_wconf 87' lang='lat' dir='ltr'>sub</span> <span class='ocrx_word' id='word_1_277' title='bbox 3196 694 3261 735; x_wconf 91' lang='lat' dir='ltr'>ea</span> <span class='ocrx_word' id='word_1_278' title='bbox 3318 678 3525 751; x_wconf 89' lang='lat' dir='ltr'>specie,</span> <span class='ocrx_word' id='word_1_279' title='bbox 3554 685 3618 736; x_wconf 92' lang='lat' dir='ltr'>ut</span> <span class='ocrx_word' id='word_1_280' title='bbox 3650 677 3701 734; x_wconf 90' lang='lat' dir='ltr'>si</span> <span class='ocrx_word' id='word_1_281' title='bbox 3746 675 3821 732; x_wconf 86' lang='lat' dir='ltr'>in</span> <span class='ocrx_word' id='word_1_282' title='bbox 3869 689 3946 731; x_wconf 84' lang='lat' dir='ltr'>ea</span> 
     </span>
    </p>
   </div>
   <div class='ocr_carea' id='block_1_37' title="bbox 2191 766 3943 846">
    <p class='ocr_par' dir='ltr' id='par_1_37' title="bbox 2191 766 3943 846">
     <span class='ocr_line' id='line_1_37' title="bbox 2191 766 3943 846; baseline -0.008 -14"><span class='ocrx_word' id='word_1_283' title='bbox 2191 774 2332 832; x_wconf 89' lang='lat' dir='ltr'>hora</span> <span class='ocrx_word' id='word_1_284' title='bbox 2362 787 2477 846; x_wconf 89' lang='lat' dir='ltr'>qua</span> <span class='ocrx_word' id='word_1_285' title='bbox 2507 771 2659 829; x_wconf 87' lang='lat' dir='ltr'>ensis</span> <span class='ocrx_word' id='word_1_286' title='bbox 2696 785 2868 841; x_wconf 90' lang='lat' dir='ltr'>super</span> <span class='ocrx_word' id='word_1_287' title='bbox 2893 770 3174 826; x_wconf 84' lang='lat' dir='ltr'>cervicem</span> <span class='ocrx_word' id='word_1_288' title='bbox 3214 767 3339 839; x_wconf 87' lang='lat' dir='ltr'>ejus</span> <span class='ocrx_word' id='word_1_289' title='bbox 3368 766 3775 832; x_wconf 86' lang='lat' dir='ltr'>incumbebat,</span> <span class='ocrx_word' id='word_1_290' title='bbox 3800 778 3943 820; x_wconf 87' lang='lat' dir='ltr'>non</span> 
     </span>
    </p>
   </div>
   <div class='ocr_carea' id='block_1_38' title="bbox 2192 855 3944 927">
    <p class='ocr_par' dir='ltr' id='par_1_38' title="bbox 2192 855 3944 927">
     <span class='ocr_line' id='line_1_38' title="bbox 2192 855 3944 927; baseline -0.007 -5"><span class='ocrx_word' id='word_1_291' title='bbox 2192 868 2571 922; x_wconf 85' lang='lat' dir='ltr'>reverteretur</span> <span class='ocrx_word' id='word_1_292' title='bbox 2615 862 2687 920; x_wconf 89' lang='lat' dir='ltr'>ad</span> <span class='ocrx_word' id='word_1_293' title='bbox 2728 858 3135 918; x_wconf 66' lang='lat' dir='ltr'>haereticorum</span> <span class='ocrx_word' id='word_1_294' title='bbox 3168 865 3399 927; x_wconf 86' lang='lat' dir='ltr'>sectam,</span> <span class='ocrx_word' id='word_1_295' title='bbox 3444 873 3560 914; x_wconf 92' lang='lat' dir='ltr'>non</span> <span class='ocrx_word' id='word_1_296' title='bbox 3607 855 3944 915; x_wconf 85' lang='lat' dir='ltr'>occidere-</span> 
     </span>
    </p>
   </div>
   <div class='ocr_carea' id='block_1_39' title="bbox 2193 942 3941 1023">
    <p class='ocr_par' dir='ltr' id='par_1_39' title="bbox 2193 942 3941 1023">
     <span class='ocr_line' id='line_1_39' title="bbox 2193 942 3941 1023; baseline -0.006 -14"><span class='ocrx_word' id='word_1_297' title='bbox 2193 958 2302 1021; x_wconf 89' lang='lat' dir='ltr'>tur,</span> <span class='ocrx_word' id='word_1_298' title='bbox 2336 966 2410 1008; x_wconf 90' lang='lat' dir='ltr'>ne</span> <span class='ocrx_word' id='word_1_299' title='bbox 2449 966 2583 1008; x_wconf 89' lang='lat' dir='ltr'>eum</span> <span class='ocrx_word' id='word_1_300' title='bbox 2631 965 2734 1023; x_wconf 94' lang='lat' dir='ltr'>pro</span> <span class='ocrx_word' id='word_1_301' title='bbox 2786 954 3039 1022; x_wconf 80' lang='lat' dir='ltr'>martyre</span> <span class='ocrx_word' id='word_1_302' title='bbox 3077 946 3405 1006; x_wconf 85' lang='lat' dir='ltr'>excolerent</span> <span class='ocrx_word' id='word_1_303' title='bbox 3436 944 3791 1013; x_wconf 87' lang='lat' dir='ltr'>Christiani,</span> <span class='ocrx_word' id='word_1_304' title='bbox 3825 942 3941 1001; x_wconf 86' lang='lat' dir='ltr'>sed</span> 
     </span>
    </p>
   </div>
   <div class='ocr_carea' id='block_1_40' title="bbox 2188 1035 3943 1115">
    <p class='ocr_par' dir='ltr' id='par_1_40' title="bbox 2188 1035 3943 1115">
     <span class='ocr_line' id='line_1_40' title="bbox 2188 1035 3943 1115; baseline -0.005 -16"><span class='ocrx_word' id='word_1_305' title='bbox 2188 1040 2395 1099; x_wconf 89' lang='lat' dir='ltr'>exsilio</span> <span class='ocrx_word' id='word_1_306' title='bbox 2411 1040 2782 1098; x_wconf 89' lang='lat' dir='ltr'>damnaretur</span> <span class='ocrx_word' id='word_1_307' title='bbox 2808 1064 2820 1098; x_wconf 89' lang='lat'>:</span> <span class='ocrx_word' id='word_1_308' title='bbox 2852 1040 3005 1115; x_wconf 92' lang='lat' dir='ltr'>quod</span> <span class='ocrx_word' id='word_1_309' title='bbox 3033 1039 3112 1096; x_wconf 90' lang='lat' dir='ltr'>ita</span> <span class='ocrx_word' id='word_1_310' title='bbox 3140 1038 3356 1095; x_wconf 84' lang='lat' dir='ltr'>factum</span> <span class='ocrx_word' id='word_1_311' title='bbox 3382 1053 3505 1095; x_wconf 90' lang='lat' dir='ltr'>esse</span> <span class='ocrx_word' id='word_1_312' title='bbox 3526 1035 3943 1094; x_wconf 83' lang='lat' dir='ltr'>manifestum</span> 
     </span>
    </p>
   </div>
   <div class='ocr_carea' id='block_1_41' title="bbox 2185 1125 3935 1199">
    <p class='ocr_par' dir='ltr' id='par_1_41' title="bbox 2185 1125 3935 1199">
     <span class='ocr_line' id='line_1_41' title="bbox 2185 1125 3935 1199; baseline -0.005 -9"><span class='ocrx_word' id='word_1_313' title='bbox 2185 1138 2290 1190; x_wconf 90' lang='lat' dir='ltr'>est.</span> <span class='ocrx_word' id='word_1_314' title='bbox 2322 1131 2468 1189; x_wconf 90' lang='lat' dir='ltr'>Nam</span> <span class='ocrx_word' id='word_1_315' title='bbox 2497 1147 2629 1190; x_wconf 92' lang='lat' dir='ltr'>cum</span> <span class='ocrx_word' id='word_1_316' title='bbox 2656 1131 2986 1189; x_wconf 87' lang='lat' dir='ltr'>imminenti</span> <span class='ocrx_word' id='word_1_317' title='bbox 3024 1134 3227 1196; x_wconf 89' lang='lat' dir='ltr'>morte,</span> <span class='ocrx_word' id='word_1_318' title='bbox 3258 1128 3637 1199; x_wconf 88' lang='lat' dir='ltr'>interrogatus</span> <span class='ocrx_word' id='word_1_319' title='bbox 3668 1125 3935 1195; x_wconf 85' lang='lat' dir='ltr'>fuisset,</span> 
     </span>
    </p>
   </div>
   <div class='ocr_carea' id='block_1_42' title="bbox 2186 1213 3935 1294">
    <p class='ocr_par' dir='ltr' id='par_1_42' title="bbox 2186 1213 3935 1294">
     <span class='ocr_line' id='line_1_42' title="bbox 2186 1213 3935 1294; baseline -0.005 -16"><span class='ocrx_word' id='word_1_320' title='bbox 2186 1221 2234 1278; x_wconf 89' lang='lat' dir='ltr'>si</span> <span class='ocrx_word' id='word_1_321' title='bbox 2264 1221 2411 1280; x_wconf 89' lang='lat' dir='ltr'>mori</span> <span class='ocrx_word' id='word_1_322' title='bbox 2435 1236 2537 1294; x_wconf 92' lang='lat' dir='ltr'>pro</span> <span class='ocrx_word' id='word_1_323' title='bbox 2560 1221 2674 1278; x_wconf 92' lang='lat' dir='ltr'>ﬁde</span> <span class='ocrx_word' id='word_1_324' title='bbox 2701 1219 2978 1279; x_wconf 89' lang='lat' dir='ltr'>catholica</span> <span class='ocrx_word' id='word_1_325' title='bbox 3014 1213 3680 1288; x_wconf 74' lang='lat' dir='ltr'>destinaret,‘respondit</span> <span class='ocrx_word' id='word_1_326' title='bbox 3712 1232 3725 1271; x_wconf 93' lang='lat'>:</span> <span class='ocrx_word' id='word_1_327' title='bbox 3762 1213 3935 1271; x_wconf 73' lang='lat' dir='ltr'>Haec</span> 
     </span>
    </p>
   </div>
   <div class='ocr_carea' id='block_1_43' title="bbox 2184 1303 3933 1384">
    <p class='ocr_par' dir='ltr' id='par_1_43' title="bbox 2184 1303 3933 1384">
     <span class='ocr_line' id='line_1_43' title="bbox 2184 1303 3933 1384; baseline -0.006 -15"><span class='ocrx_word' id='word_1_328' title='bbox 2184 1312 2343 1369; x_wconf 89' lang='lat' dir='ltr'>enim</span> <span class='ocrx_word' id='word_1_329' title='bbox 2391 1318 2476 1368; x_wconf 91' lang='lat' dir='ltr'>est</span> <span class='ocrx_word' id='word_1_330' title='bbox 2519 1311 2868 1384; x_wconf 89' lang='lat' dir='ltr'>sempiterna</span> <span class='ocrx_word' id='word_1_331' title='bbox 2896 1310 3033 1380; x_wconf 90' lang='lat' dir='ltr'>vita,</span> <span class='ocrx_word' id='word_1_332' title='bbox 3084 1323 3187 1382; x_wconf 91' lang='lat' dir='ltr'>pro</span> <span class='ocrx_word' id='word_1_333' title='bbox 3231 1306 3455 1381; x_wconf 88' lang='lat' dir='ltr'>justitia</span> <span class='ocrx_word' id='word_1_334' title='bbox 3508 1304 3677 1362; x_wconf 87' lang='lat' dir='ltr'>mori.</span> <span class='ocrx_word' id='word_1_335' title='bbox 3730 1303 3933 1361; x_wconf 89' lang='lat' dir='ltr'>Tunc</span> 
     </span>
    </p>
   </div>
   <div class='ocr_carea' id='block_1_44' title="bbox 2183 1395 3934 1476">
    <p class='ocr_par' dir='ltr' id='par_1_44' title="bbox 2183 1395 3934 1476">
     <span class='ocr_line' id='line_1_44' title="bbox 2183 1395 3934 1476; baseline -0.006 -16"><span class='ocrx_word' id='word_1_336' title='bbox 2183 1418 2460 1476; x_wconf 89' lang='lat' dir='ltr'>suspenso</span> <span class='ocrx_word' id='word_1_337' title='bbox 2480 1402 2691 1476; x_wconf 90' lang='lat' dir='ltr'>gladio,</span> <span class='ocrx_word' id='word_1_338' title='bbox 2725 1402 2875 1475; x_wconf 91' lang='lat' dir='ltr'>apud</span> <span class='ocrx_word' id='word_1_339' title='bbox 2906 1400 3278 1472; x_wconf 87' lang='lat' dir='ltr'>Albigensem</span> <span class='ocrx_word' id='word_1_340' title='bbox 3322 1395 3636 1454; x_wconf 88' lang='lat' dir='ltr'>Galliarum</span> <span class='ocrx_word' id='word_1_341' title='bbox 3689 1395 3934 1452; x_wconf 87' lang='lat' dir='ltr'>urbem</span> 
     </span>
    </p>
   </div>
   <div class='ocr_carea' id='block_1_45' title="bbox 2184 1484 3933 1567">
    <p class='ocr_par' dir='ltr' id='par_1_45' title="bbox 2184 1484 3933 1567">
     <span class='ocr_line' id='line_1_45' title="bbox 2184 1484 3933 1567; baseline -0.007 -14"><span class='ocrx_word' id='word_1_342' title='bbox 2184 1494 2392 1553; x_wconf 91' lang='lat' dir='ltr'>exsilio</span> <span class='ocrx_word' id='word_1_343' title='bbox 2427 1494 2731 1567; x_wconf 88' lang='lat' dir='ltr'>deputatus</span> <span class='ocrx_word' id='word_1_344' title='bbox 2775 1498 2861 1550; x_wconf 92' lang='lat' dir='ltr'>est</span> <span class='ocrx_word' id='word_1_345' title='bbox 2893 1508 2905 1545; x_wconf 88' lang='lat'><strong>:</strong></span> <span class='ocrx_word' id='word_1_346' title='bbox 2938 1491 3041 1550; x_wconf 91' lang='lat' dir='ltr'>ubi</span> <span class='ocrx_word' id='word_1_347' title='bbox 3087 1494 3141 1547; x_wconf 89' lang='lat' dir='ltr'>et</span> <span class='ocrx_word' id='word_1_348' title='bbox 3178 1488 3351 1545; x_wconf 89' lang='lat' dir='ltr'>ﬁnem</span> <span class='ocrx_word' id='word_1_349' title='bbox 3408 1486 3543 1544; x_wconf 65' lang='lat' dir='ltr'>vita:</span> <span class='ocrx_word' id='word_1_350' title='bbox 3588 1484 3933 1559; x_wconf 77' lang='lat' dir='ltr'>praesentis</span> 
     </span>
    </p>
   </div>
   <div class='ocr_carea' id='block_1_46' title="bbox 2186 1574 3933 1655">
    <p class='ocr_par' dir='ltr' id='par_1_46' title="bbox 2186 1574 3933 1655">
     <span class='ocr_line' id='line_1_46' title="bbox 2186 1574 3933 1655; baseline -0.006 -15"><span class='ocrx_word' id='word_1_351' title='bbox 2186 1583 2320 1641; x_wconf 91' lang='lat' dir='ltr'>fecit</span> <span class='ocrx_word' id='word_1_352' title='bbox 2344 1584 2388 1639; x_wconf 71' lang='grc' dir='ltr'>ιι.</span> <span class='ocrx_word' id='word_1_353' title='bbox 2419 1583 2509 1639; x_wconf 87' lang='lat' dir='ltr'>Ad</span> <span class='ocrx_word' id='word_1_354' title='bbox 2538 1582 2707 1655; x_wconf 89' lang='lat' dir='ltr'>cujus</span> <span class='ocrx_word' id='word_1_355' title='bbox 2735 1595 2897 1638; x_wconf 91' lang='lat' dir='ltr'>nunc</span> <span class='ocrx_word' id='word_1_356' title='bbox 2920 1578 3253 1650; x_wconf 90' lang='lat' dir='ltr'>sepulcrum</span> <span class='ocrx_word' id='word_1_357' title='bbox 3279 1574 3481 1633; x_wconf 65' lang='lat' dir='ltr'>multae</span> <span class='ocrx_word' id='word_1_358' title='bbox 3510 1574 3759 1632; x_wconf 80' lang='lat' dir='ltr'>virtutes</span> <span class='ocrx_word' id='word_1_359' title='bbox 3789 1588 3933 1629; x_wconf 86' lang='lat' dir='ltr'>cre-</span> 
     </span>
    </p>
   </div>
   <div class='ocr_carea' id='block_1_47' title="bbox 2185 1663 3933 1730">
    <p class='ocr_par' dir='ltr' id='par_1_47' title="bbox 2185 1663 3933 1730">
     <span class='ocr_line' id='line_1_47' title="bbox 2185 1663 3933 1730; baseline -0.006 0"><span class='ocrx_word' id='word_1_360' title='bbox 2185 1673 2435 1730; x_wconf 90' lang='lat' dir='ltr'>berrime</span> <span class='ocrx_word' id='word_1_361' title='bbox 2493 1670 2900 1729; x_wconf 86' lang='lat' dir='ltr'>ostenduntur.</span> <span class='ocrx_word' id='word_1_362' title='bbox 2958 1668 3236 1727; x_wconf 90' lang='lat' dir='ltr'>Sanctum</span> <span class='ocrx_word' id='word_1_363' title='bbox 3284 1681 3421 1724; x_wconf 90' lang='lat' dir='ltr'>vero</span> <span class='ocrx_word' id='word_1_364' title='bbox 3466 1663 3933 1721; x_wconf 85' lang='lat' dir='ltr'>Vindemialem</span> 
     </span>
    </p>
   </div>
   <div class='ocr_carea' id='block_1_48' title="bbox 2185 1754 3933 1837">
    <p class='ocr_par' dir='ltr' id='par_1_48' title="bbox 2185 1754 3933 1837">
     <span class='ocr_line' id='line_1_48' title="bbox 2185 1754 3933 1837; baseline -0.006 -16"><span class='ocrx_word' id='word_1_365' title='bbox 2185 1764 2375 1837; x_wconf 90' lang='lat' dir='ltr'>gladio</span> <span class='ocrx_word' id='word_1_366' title='bbox 2396 1762 2613 1837; x_wconf 92' lang='lat' dir='ltr'>percuti</span> <span class='ocrx_word' id='word_1_367' title='bbox 2637 1762 2924 1836; x_wconf 71' lang='lat' dir='ltr'>praecepit.</span> <span class='ocrx_word' id='word_1_368' title='bbox 2957 1760 3121 1830; x_wconf 88' lang='lat' dir='ltr'>Quod</span> <span class='ocrx_word' id='word_1_369' title='bbox 3153 1759 3231 1817; x_wconf 90' lang='lat' dir='ltr'>ita</span> <span class='ocrx_word' id='word_1_370' title='bbox 3258 1757 3556 1830; x_wconf 85' lang='lat' dir='ltr'>impletum</span> <span class='ocrx_word' id='word_1_371' title='bbox 3580 1761 3665 1813; x_wconf 91' lang='lat' dir='ltr'>est</span> <span class='ocrx_word' id='word_1_372' title='bbox 3692 1754 3759 1812; x_wconf 92' lang='lat' dir='ltr'>in</span> <span class='ocrx_word' id='word_1_373' title='bbox 3800 1755 3933 1812; x_wconf 88' lang='lat' dir='ltr'>hoc</span> 
     </span>
    </p>
   </div>
   <div class='ocr_carea' id='block_1_49' title="bbox 2187 1846 3933 1920">
    <p class='ocr_par' dir='ltr' id='par_1_49' title="bbox 2187 1846 3933 1920">
     <span class='ocr_line' id='line_1_49' title="bbox 2187 1846 3933 1920; baseline -0.004 -8"><span class='ocrx_word' id='word_1_374' title='bbox 2187 1854 2518 1912; x_wconf 89' lang='lat' dir='ltr'>certamine.</span> <span class='ocrx_word' id='word_1_375' title='bbox 2550 1853 2895 1912; x_wconf 88' lang='lat' dir='ltr'>Octavianus</span> <span class='ocrx_word' id='word_1_376' title='bbox 2924 1868 3060 1912; x_wconf 88' lang='lat' dir='ltr'>vero</span> <span class='ocrx_word' id='word_1_377' title='bbox 3106 1850 3566 1920; x_wconf 90' lang='lat' dir='ltr'>archidiaconus,</span> <span class='ocrx_word' id='word_1_378' title='bbox 3602 1853 3659 1905; x_wconf 90' lang='lat' dir='ltr'>et</span> <span class='ocrx_word' id='word_1_379' title='bbox 3708 1846 3933 1906; x_wconf 86' lang='lat' dir='ltr'>multa</span> 
     </span>
    </p>
   </div>
   <div class='ocr_carea' id='block_1_50' title="bbox 2186 1938 3929 2007">
    <p class='ocr_par' dir='ltr' id='par_1_50' title="bbox 2186 1938 3929 2007">
     <span class='ocr_line' id='line_1_50' title="bbox 2186 1938 3929 2007; baseline -0.005 -5"><span class='ocrx_word' id='word_1_380' title='bbox 2186 1943 2373 2002; x_wconf 88' lang='lat' dir='ltr'>millia</span> <span class='ocrx_word' id='word_1_381' title='bbox 2401 1944 2663 2002; x_wconf 89' lang='lat' dir='ltr'>virorum</span> <span class='ocrx_word' id='word_1_382' title='bbox 2682 1958 2747 2001; x_wconf 91' lang='lat' dir='ltr'>ac</span> <span class='ocrx_word' id='word_1_383' title='bbox 2773 1942 3091 2001; x_wconf 90' lang='lat' dir='ltr'>mulierum</span> <span class='ocrx_word' id='word_1_384' title='bbox 3124 1942 3272 1999; x_wconf 90' lang='lat' dir='ltr'>hanc</span> <span class='ocrx_word' id='word_1_385' title='bbox 3296 1939 3469 1997; x_wconf 88' lang='lat' dir='ltr'>ﬁdem</span> <span class='ocrx_word' id='word_1_386' title='bbox 3488 1938 3929 2007; x_wconf 84' lang='lat' dir='ltr'>asserentium,</span> 
     </span>
    </p>
   </div>
   <div class='ocr_carea' id='block_1_51' title="bbox 2187 2027 3927 2109">
    <p class='ocr_par' dir='ltr' id='par_1_51' title="bbox 2187 2027 3927 2109">
     <span class='ocr_line' id='line_1_51' title="bbox 2187 2027 3927 2109; baseline -0.006 -15"><span class='ocrx_word' id='word_1_387' title='bbox 2187 2036 2528 2109; x_wconf 89' lang='lat' dir='ltr'>interempta</span> <span class='ocrx_word' id='word_1_388' title='bbox 2560 2040 2731 2108; x_wconf 91' lang='lat' dir='ltr'>atque</span> <span class='ocrx_word' id='word_1_389' title='bbox 2753 2032 3047 2091; x_wconf 89' lang='lat' dir='ltr'>debilitata</span> <span class='ocrx_word' id='word_1_390' title='bbox 3081 2036 3236 2090; x_wconf 90' lang='lat' dir='ltr'>sunt.</span> <span class='ocrx_word' id='word_1_391' title='bbox 3271 2029 3383 2088; x_wconf 91' lang='lat' dir='ltr'>Sed</span> <span class='ocrx_word' id='word_1_392' title='bbox 3412 2044 3515 2103; x_wconf 93' lang='lat' dir='ltr'>pro</span> <span class='ocrx_word' id='word_1_393' title='bbox 3544 2043 3741 2087; x_wconf 90' lang='lat' dir='ltr'>amore</span> <span class='ocrx_word' id='word_1_394' title='bbox 3772 2027 3927 2099; x_wconf 86' lang='lat' dir='ltr'>glo-</span> 
     </span>
    </p>
   </div>
   <div class='ocr_carea' id='block_1_52' title="bbox 2186 2117 3927 2198">
    <p class='ocr_par' dir='ltr' id='par_1_52' title="bbox 2186 2117 3927 2198">
     <span class='ocr_line' id='line_1_52' title="bbox 2186 2117 3927 2198; baseline -0.007 -12"><span class='ocrx_word' id='word_1_395' title='bbox 2186 2128 2312 2198; x_wconf 77' lang='lat' dir='ltr'>rim,</span> <span class='ocrx_word' id='word_1_396' title='bbox 2341 2125 2491 2184; x_wconf 90' lang='lat' dir='ltr'>nihil</span> <span class='ocrx_word' id='word_1_397' title='bbox 2518 2129 2681 2183; x_wconf 90' lang='lat' dir='ltr'>erant</span> <span class='ocrx_word' id='word_1_398' title='bbox 2710 2125 2837 2181; x_wconf 77' lang='lat' dir='ltr'>haec</span> <span class='ocrx_word' id='word_1_399' title='bbox 2865 2122 3145 2197; x_wconf 90' lang='lat' dir='ltr'>supplicia</span> <span class='ocrx_word' id='word_1_400' title='bbox 3187 2120 3613 2180; x_wconf 85' lang='lat' dir='ltr'>confessoribus</span> <span class='ocrx_word' id='word_1_401' title='bbox 3657 2117 3927 2186; x_wconf 84' lang='lat' dir='ltr'>sanctis,</span> 
     </span>
    </p>
   </div>
   <div class='ocr_carea' id='block_1_53' title="bbox 2188 2206 3933 2291">
    <p class='ocr_par' dir='ltr' id='par_1_53' title="bbox 2188 2206 3933 2291">
     <span class='ocr_line' id='line_1_53' title="bbox 2188 2206 3933 2291; baseline -0.007 -18"><span class='ocrx_word' id='word_1_402' title='bbox 2188 2214 2289 2291; x_wconf 91' lang='lat' dir='ltr'>qui</span> <span class='ocrx_word' id='word_1_403' title='bbox 2322 2214 2382 2271; x_wconf 93' lang='lat' dir='ltr'>in</span> <span class='ocrx_word' id='word_1_404' title='bbox 2416 2212 2613 2287; x_wconf 91' lang='lat' dir='ltr'>paucis</span> <span class='ocrx_word' id='word_1_405' title='bbox 2642 2211 2857 2283; x_wconf 83' lang='lat' dir='ltr'>vexati,</span> <span class='ocrx_word' id='word_1_406' title='bbox 2889 2210 2952 2268; x_wconf 93' lang='lat' dir='ltr'>in</span> <span class='ocrx_word' id='word_1_407' title='bbox 2979 2207 3179 2267; x_wconf 89' lang='lat' dir='ltr'>multis</span> <span class='ocrx_word' id='word_1_408' title='bbox 3200 2208 3345 2265; x_wconf 90' lang='lat' dir='ltr'>bene</span> <span class='ocrx_word' id='word_1_409' title='bbox 3376 2223 3435 2265; x_wconf 91' lang='lat' dir='ltr'>se</span> <span class='ocrx_word' id='word_1_410' title='bbox 3468 2211 3748 2263; x_wconf 89' lang='lat' dir='ltr'>noverant</span> <span class='ocrx_word' id='word_1_411' title='bbox 3781 2206 3933 2262; x_wconf 84' lang='lat' dir='ltr'>dis-</span> 
     </span>
    </p>
   </div>
   <div class='ocr_carea' id='block_1_54' title="bbox 2186 2295 3935 2377">
    <p class='ocr_par' dir='ltr' id='par_1_54' title="bbox 2186 2295 3935 2377">
     <span class='ocr_line' id='line_1_54' title="bbox 2186 2295 3935 2377; baseline -0.005 -17"><span class='ocrx_word' id='word_1_412' title='bbox 2186 2303 2484 2377; x_wconf 89' lang='lat' dir='ltr'>ponendos</span> <span class='ocrx_word' id='word_1_413' title='bbox 2524 2305 2674 2373; x_wconf 85' lang='lat' dir='ltr'>(Sap.</span> <span class='ocrx_word' id='word_1_414' title='bbox 2726 2314 2809 2362; x_wconf 86' lang='lat' dir='ltr'>Ill.</span> <span class='ocrx_word' id='word_1_415' title='bbox 2852 2300 2921 2370; x_wconf 84' lang='lat'>5),</span> <span class='ocrx_word' id='word_1_416' title='bbox 2964 2299 3133 2373; x_wconf 89' lang='lat' dir='ltr'>juxta</span> <span class='ocrx_word' id='word_1_417' title='bbox 3182 2296 3328 2356; x_wconf 89' lang='lat' dir='ltr'>illud</span> <span class='ocrx_word' id='word_1_418' title='bbox 3384 2295 3642 2368; x_wconf 87' lang='lat' dir='ltr'>Apostoli</span> <span class='ocrx_word' id='word_1_419' title='bbox 3689 2319 3703 2354; x_wconf 87' lang='lat'><strong>:</strong></span> <span class='ocrx_word' id='word_1_420' title='bbox 3757 2297 3935 2362; x_wconf 79' lang='lat' dir='ltr'>Quia</span> 
     </span>
    </p>
   </div>
   <div class='ocr_carea' id='block_1_55' title="bbox 2186 2385 3936 2462">
    <p class='ocr_par' dir='ltr' id='par_1_55' title="bbox 2186 2385 3936 2462">
     <span class='ocr_line' id='line_1_55' title="bbox 2186 2385 3936 2462; baseline -0.005 -15"><span class='ocrx_word' id='word_1_421' title='bbox 2186 2409 2293 2448; x_wconf 84' lang='lat' dir='ltr'>non</span> <span class='ocrx_word' id='word_1_422' title='bbox 2322 2398 2449 2447; x_wconf 86' lang='lat' dir='ltr'>sunt</span> <span class='ocrx_word' id='word_1_423' title='bbox 2481 2393 2759 2460; x_wconf 68' lang='lat' dir='ltr'>condignae</span> <span class='ocrx_word' id='word_1_424' title='bbox 2798 2392 3082 2462; x_wconf 81' lang='lat' dir='ltr'>passiones</span> <span class='ocrx_word' id='word_1_425' title='bbox 3116 2389 3279 2459; x_wconf 85' lang='lat' dir='ltr'>hujus</span> <span class='ocrx_word' id='word_1_426' title='bbox 3318 2390 3572 2459; x_wconf 82' lang='lat' dir='ltr'>temporis</span> <span class='ocrx_word' id='word_1_427' title='bbox 3617 2385 3693 2440; x_wconf 83' lang='lat' dir='ltr'>ad</span> <span class='ocrx_word' id='word_1_428' title='bbox 3746 2386 3936 2453; x_wconf 82' lang='lat' dir='ltr'>futu-</span> 
     </span>
    </p>
   </div>
   <div class='ocr_carea' id='block_1_56' title="bbox 2185 2472 3932 2549">
    <p class='ocr_par' dir='ltr' id='par_1_56' title="bbox 2185 2472 3932 2549">
     <span class='ocr_line' id='line_1_56' title="bbox 2185 2472 3932 2549; baseline -0.004 -14"><span class='ocrx_word' id='word_1_429' title='bbox 2185 2496 2305 2535; x_wconf 79' lang='lat' dir='ltr'>ram</span> <span class='ocrx_word' id='word_1_430' title='bbox 2335 2482 2587 2549; x_wconf 80' lang='lat' dir='ltr'>gloriam,</span> <span class='ocrx_word' id='word_1_431' title='bbox 2618 2496 2737 2549; x_wconf 69' lang='lat' dir='ltr'>quae</span> <span class='ocrx_word' id='word_1_432' title='bbox 2764 2480 3035 2534; x_wconf 71' lang='lat' dir='ltr'>reveletur</span> <span class='ocrx_word' id='word_1_433' title='bbox 3079 2480 3139 2533; x_wconf 83' lang='lat' dir='ltr'>in</span> <span class='ocrx_word' id='word_1_434' title='bbox 3188 2479 3391 2532; x_wconf 80' lang='lat' dir='ltr'>sanctis</span> <span class='ocrx_word' id='word_1_435' title='bbox 3420 2479 3592 2545; x_wconf 90' lang='lat' dir='ltr'>(Rom.</span> <span class='ocrx_word' id='word_1_436' title='bbox 3624 2484 3752 2541; x_wconf 81' lang='lat' dir='ltr'>VIII,</span> <span class='ocrx_word' id='word_1_437' title='bbox 3801 2472 3932 2541; x_wconf 86' lang='lat'>18).</span> 
     </span>
    </p>
   </div>
   <div class='ocr_carea' id='block_1_57' title="bbox 2187 2560 3935 2641">
    <p class='ocr_par' dir='ltr' id='par_1_57' title="bbox 2187 2560 3935 2641">
     <span class='ocr_line' id='line_1_57' title="bbox 2187 2560 3935 2641; baseline -0.005 -14"><span class='ocrx_word' id='word_1_438' title='bbox 2187 2569 2359 2627; x_wconf 86' lang='lat' dir='ltr'>Multi</span> <span class='ocrx_word' id='word_1_439' title='bbox 2392 2560 2531 2627; x_wconf 85' lang='lat' dir='ltr'>tunc</span> <span class='ocrx_word' id='word_1_440' title='bbox 2566 2576 2821 2628; x_wconf 90' lang='lat' dir='ltr'>errantes</span> <span class='ocrx_word' id='word_1_441' title='bbox 2863 2586 2897 2627; x_wconf 93' lang='lat' dir='ltr'>a</span> <span class='ocrx_word' id='word_1_442' title='bbox 2951 2568 3084 2641; x_wconf 89' lang='lat' dir='ltr'>ﬁde,</span> <span class='ocrx_word' id='word_1_443' title='bbox 3133 2567 3475 2639; x_wconf 88' lang='lat' dir='ltr'>accipientes</span> <span class='ocrx_word' id='word_1_444' title='bbox 3520 2564 3781 2633; x_wconf 89' lang='lat' dir='ltr'>divitias,</span> <span class='ocrx_word' id='word_1_445' title='bbox 3830 2562 3935 2620; x_wconf 90' lang='lat' dir='ltr'>in-</span> 
     </span>
    </p>
   </div>
   <div class='ocr_carea' id='block_1_58' title="bbox 2189 2650 3931 2725">
    <p class='ocr_par' dir='ltr' id='par_1_58' title="bbox 2189 2650 3931 2725">
     <span class='ocr_line' id='line_1_58' title="bbox 2189 2650 3931 2725; baseline -0.005 -10"><span class='ocrx_word' id='word_1_446' title='bbox 2189 2664 2498 2717; x_wconf 90' lang='lat' dir='ltr'>seruerunt</span> <span class='ocrx_word' id='word_1_447' title='bbox 2527 2673 2586 2716; x_wconf 91' lang='lat' dir='ltr'>se</span> <span class='ocrx_word' id='word_1_448' title='bbox 2607 2657 2907 2716; x_wconf 90' lang='lat' dir='ltr'>doloribus</span> <span class='ocrx_word' id='word_1_449' title='bbox 2940 2656 3138 2715; x_wconf 90' lang='lat' dir='ltr'>multis</span> <span class='ocrx_word' id='word_1_450' title='bbox 3172 2680 3185 2715; x_wconf 89' lang='lat'><strong>:</strong></span> <span class='ocrx_word' id='word_1_451' title='bbox 3215 2657 3363 2713; x_wconf 92' lang='lat' dir='ltr'>sicut</span> <span class='ocrx_word' id='word_1_452' title='bbox 3396 2652 3604 2711; x_wconf 84' lang='lat' dir='ltr'>infelix</span> <span class='ocrx_word' id='word_1_453' title='bbox 3633 2651 3737 2709; x_wconf 92' lang='lat' dir='ltr'>ille</span> <span class='ocrx_word' id='word_1_454' title='bbox 3777 2650 3931 2725; x_wconf 90' lang='lat' dir='ltr'>epi-</span> 
     </span>
    </p>
   </div>
   <div class='ocr_carea' id='block_1_59' title="bbox 2188 2746 3931 2820">
    <p class='ocr_par' dir='ltr' id='par_1_59' title="bbox 2188 2746 3931 2820">
     <span class='ocr_line' id='line_1_59' title="bbox 2188 2746 3931 2820; baseline -0.004 -15"><span class='ocrx_word' id='word_1_455' title='bbox 2188 2762 2415 2820; x_wconf 88' lang='lat' dir='ltr'>scopus,</span> <span class='ocrx_word' id='word_1_456' title='bbox 2448 2747 2688 2806; x_wconf 91' lang='lat' dir='ltr'>nomine</span> <span class='ocrx_word' id='word_1_457' title='bbox 2725 2748 3067 2817; x_wconf 80' lang='lat' dir='ltr'>Revocatus,</span> <span class='ocrx_word' id='word_1_458' title='bbox 3100 2761 3167 2804; x_wconf 91' lang='lat' dir='ltr'>eo</span> <span class='ocrx_word' id='word_1_459' title='bbox 3208 2751 3460 2819; x_wconf 92' lang='lat' dir='ltr'>tempore</span> <span class='ocrx_word' id='word_1_460' title='bbox 3486 2748 3571 2801; x_wconf 89' lang='lat' dir='ltr'>est</span> <span class='ocrx_word' id='word_1_461' title='bbox 3595 2746 3931 2800; x_wconf 80' lang='lat' dir='ltr'>revocatus</span> 
     </span>
    </p>
   </div>
   <div class='ocr_carea' id='block_1_60' title="bbox 2187 2833 3931 2909">
    <p class='ocr_par' dir='ltr' id='par_1_60' title="bbox 2187 2833 3931 2909">
     <span class='ocr_line' id='line_1_60' title="bbox 2187 2833 3931 2909; baseline -0.005 -11"><span class='ocrx_word' id='word_1_462' title='bbox 2187 2856 2221 2898; x_wconf 89' lang='lat' dir='ltr'>a</span> <span class='ocrx_word' id='word_1_463' title='bbox 2250 2840 2362 2898; x_wconf 90' lang='lat' dir='ltr'>ﬁde</span> <span class='ocrx_word' id='word_1_464' title='bbox 2396 2840 2694 2898; x_wconf 89' lang='lat' dir='ltr'>catholica.</span> <span class='ocrx_word' id='word_1_465' title='bbox 2739 2839 2907 2898; x_wconf 90' lang='lat' dir='ltr'>Tunc</span> <span class='ocrx_word' id='word_1_466' title='bbox 2934 2848 2952 2869; x_wconf 85' lang='lat'><strong>&#39;</strong></span> <span class='ocrx_word' id='word_1_467' title='bbox 2980 2844 3036 2897; x_wconf 92' lang='lat' dir='ltr'>et</span> <span class='ocrx_word' id='word_1_468' title='bbox 3073 2837 3157 2895; x_wconf 89' lang='lat' dir='ltr'>sol</span> <span class='ocrx_word' id='word_1_469' title='bbox 3205 2843 3344 2894; x_wconf 91' lang='lat' dir='ltr'>teter</span> <span class='ocrx_word' id='word_1_470' title='bbox 3386 2833 3669 2909; x_wconf 88' lang='lat' dir='ltr'>apparuit,</span> <span class='ocrx_word' id='word_1_471' title='bbox 3708 2833 3800 2891; x_wconf 85' lang='lat' dir='ltr'>ita</span> <span class='ocrx_word' id='word_1_472' title='bbox 3856 2840 3931 2891; x_wconf 91' lang='lat' dir='ltr'>ut</span> 
     </span>
    </p>
   </div>
   <div class='ocr_carea' id='block_1_61' title="bbox 2187 2923 3932 3004">
    <p class='ocr_par' dir='ltr' id='par_1_61' title="bbox 2187 2923 3932 3004">
     <span class='ocr_line' id='line_1_61' title="bbox 2187 2923 3932 3004; baseline -0.005 -14"><span class='ocrx_word' id='word_1_473' title='bbox 2187 2932 2291 2991; x_wconf 89' lang='lat' dir='ltr'>vix</span> <span class='ocrx_word' id='word_1_474' title='bbox 2332 2931 2405 2989; x_wconf 90' lang='lat' dir='ltr'>ab</span> <span class='ocrx_word' id='word_1_475' title='bbox 2457 2946 2523 2990; x_wconf 93' lang='lat' dir='ltr'>eo</span> <span class='ocrx_word' id='word_1_476' title='bbox 2568 2946 2698 3004; x_wconf 91' lang='lat' dir='ltr'>pars</span> <span class='ocrx_word' id='word_1_477' title='bbox 2720 2930 2813 2988; x_wconf 90' lang='lat' dir='ltr'>vel</span> <span class='ocrx_word' id='word_1_478' title='bbox 2845 2929 3009 2988; x_wconf 91' lang='lat' dir='ltr'>tertia</span> <span class='ocrx_word' id='word_1_479' title='bbox 3053 2928 3302 2987; x_wconf 90' lang='lat' dir='ltr'>eluceret</span> <span class='ocrx_word' id='word_1_480' title='bbox 3335 2944 3347 2976; x_wconf 88' lang='lat'><strong>:</strong></span> <span class='ocrx_word' id='word_1_481' title='bbox 3378 2926 3566 2995; x_wconf 89' lang='lat' dir='ltr'>credo,</span> <span class='ocrx_word' id='word_1_482' title='bbox 3595 2939 3698 2998; x_wconf 88' lang='lat' dir='ltr'>pro</span> <span class='ocrx_word' id='word_1_483' title='bbox 3725 2923 3932 2981; x_wconf 86' lang='lat' dir='ltr'>tantis</span> 
     </span>
    </p>
   </div>
   <div class='ocr_carea' id='block_1_62' title="bbox 2187 3009 3924 3091">
    <p class='ocr_par' dir='ltr' id='par_1_62' title="bbox 2187 3009 3924 3091">
     <span class='ocr_line' id='line_1_62' title="bbox 2187 3009 3924 3091; baseline -0.006 -14"><span class='ocrx_word' id='word_1_484' title='bbox 2187 3018 2500 3078; x_wconf 89' lang='lat' dir='ltr'>sceleribus</span> <span class='ocrx_word' id='word_1_485' title='bbox 2523 3017 2890 3081; x_wconf 76' lang='lat' dir='ltr'>eteil‘usione</span> <span class='ocrx_word' id='word_1_486' title='bbox 2939 3014 3240 3091; x_wconf 87' lang='lat' dir='ltr'>sanguinis</span> <span class='ocrx_word' id='word_1_487' title='bbox 3267 3013 3613 3073; x_wconf 89' lang='lat' dir='ltr'>innocentis.</span> <span class='ocrx_word' id='word_1_488' title='bbox 3642 3009 3924 3069; x_wconf 90' lang='lat' dir='ltr'>Honori-</span> 
     </span>
    </p>
   </div>
   <div class='ocr_carea' id='block_1_63' title="bbox 391 3102 3924 3184">
    <p class='ocr_par' dir='ltr' id='par_1_63' title="bbox 391 3102 3924 3184">
     <span class='ocr_line' id='line_1_63' title="bbox 391 3102 3924 3184; baseline 0 -23"><span class='ocrx_word' id='word_1_489' title='bbox 391 3103 719 3162; x_wconf 88' lang='lat' dir='ltr'>sanitatem.</span> <span class='ocrx_word' id='word_1_490' title='bbox 738 3102 1207 3160; x_wconf 85' lang='lat' dir='ltr'>Manifestissime</span> <span class='ocrx_word' id='word_1_491' title='bbox 1235 3108 1431 3161; x_wconf 89' lang='lat' dir='ltr'>autem</span> <span class='ocrx_word' id='word_1_492' title='bbox 1463 3104 1648 3176; x_wconf 91' lang='lat' dir='ltr'>patuit</span> <span class='ocrx_word' id='word_1_493' title='bbox 1674 3120 1776 3177; x_wconf 92' lang='lat' dir='ltr'>per</span> <span class='ocrx_word' id='word_1_494' title='bbox 1795 3105 1977 3178; x_wconf 90' lang='lat' dir='ltr'>hujus</span> <span class='ocrx_word' id='word_1_495' title='bbox 2006 3112 2165 3171; x_wconf 63' lang='lat' dir='ltr'>cae-0</span> <span class='ocrx_word' id='word_1_496' title='bbox 2187 3126 2289 3170; x_wconf 81' lang='lat' dir='ltr'>cus</span> <span class='ocrx_word' id='word_1_497' title='bbox 2338 3126 2476 3169; x_wconf 79' lang='lat' dir='ltr'>vero</span> <span class='ocrx_word' id='word_1_498' title='bbox 2532 3114 2659 3184; x_wconf 85' lang='lat' dir='ltr'>post</span> <span class='ocrx_word' id='word_1_499' title='bbox 2711 3116 2932 3167; x_wconf 84' lang='lat' dir='ltr'>tantum</span> <span class='ocrx_word' id='word_1_500' title='bbox 2984 3109 3230 3178; x_wconf 82' lang='lat' dir='ltr'>facinus,</span> <span class='ocrx_word' id='word_1_501' title='bbox 3262 3112 3524 3179; x_wconf 87' lang='lat' dir='ltr'>arreptus</span> <span class='ocrx_word' id='word_1_502' title='bbox 3552 3120 3585 3161; x_wconf 88' lang='lat' dir='ltr'>a</span> <span class='ocrx_word' id='word_1_503' title='bbox 3609 3104 3924 3174; x_wconf 72' lang='lat' dir='ltr'>daemone,</span> 
     </span>
    </p>
   </div>
   <div class='ocr_carea' id='block_1_64' title="bbox 392 3191 2107 3266">
    <p class='ocr_par' dir='ltr' id='par_1_64' title="bbox 392 3191 2107 3266">
     <span class='ocr_line' id='line_1_64' title="bbox 392 3191 2107 3266; baseline 0.001 -15"><span class='ocrx_word' id='word_1_504' title='bbox 392 3193 644 3265; x_wconf 89' lang='lat' dir='ltr'>citatem,</span> <span class='ocrx_word' id='word_1_505' title='bbox 672 3191 920 3265; x_wconf 86' lang='lat' dir='ltr'>qualiter</span> <span class='ocrx_word' id='word_1_506' title='bbox 946 3191 1372 3249; x_wconf 67' lang='lat' dir='ltr'>haereticorum</span> <span class='ocrx_word' id='word_1_507' title='bbox 1422 3192 1723 3266; x_wconf 90' lang='lat' dir='ltr'>episcopus</span> <span class='ocrx_word' id='word_1_508' title='bbox 1750 3193 1946 3253; x_wconf 92' lang='lat' dir='ltr'>oculos</span> <span class='ocrx_word' id='word_1_509' title='bbox 1982 3210 2107 3253; x_wconf 91' lang='lat' dir='ltr'>cor-</span> 
     </span>
    </p>
   </div>
   <div class='ocr_carea' id='block_1_65' title="bbox 391 3279 2112 3354">
    <p class='ocr_par' dir='ltr' id='par_1_65' title="bbox 391 3279 2112 3354">
     <span class='ocr_line' id='line_1_65' title="bbox 391 3279 2112 3354; baseline 0.001 -14"><span class='ocrx_word' id='word_1_510' title='bbox 391 3282 557 3340; x_wconf 91' lang='lat' dir='ltr'>dium</span> <span class='ocrx_word' id='word_1_511' title='bbox 601 3280 812 3339; x_wconf 88' lang='lat' dir='ltr'>misero</span> <span class='ocrx_word' id='word_1_512' title='bbox 858 3279 1191 3339; x_wconf 85' lang='lat' dir='ltr'>assertionis</span> <span class='ocrx_word' id='word_1_513' title='bbox 1238 3295 1362 3339; x_wconf 64' lang='lat' dir='ltr'>sum</span> <span class='ocrx_word' id='word_1_514' title='bbox 1394 3280 1623 3338; x_wconf 89' lang='lat' dir='ltr'>velabat</span> <span class='ocrx_word' id='word_1_515' title='bbox 1647 3282 1883 3354; x_wconf 92' lang='lat' dir='ltr'>amictu,</span> <span class='ocrx_word' id='word_1_516' title='bbox 1913 3299 1989 3341; x_wconf 92' lang='lat' dir='ltr'>ne</span> <span class='ocrx_word' id='word_1_517' title='bbox 2018 3299 2112 3343; x_wconf 91' lang='lat' dir='ltr'>ve-</span> 
     </span>
    </p>
   </div>
   <div class='ocr_carea' id='block_1_66' title="bbox 392 3368 2111 3444">
    <p class='ocr_par' dir='ltr' id='par_1_66' title="bbox 392 3368 2111 3444">
     <span class='ocr_line' id='line_1_66' title="bbox 392 3368 2111 3444; baseline -0.001 -14"><span class='ocrx_word' id='word_1_518' title='bbox 392 3386 518 3430; x_wconf 89' lang='lat' dir='ltr'>ram</span> <span class='ocrx_word' id='word_1_519' title='bbox 548 3370 739 3431; x_wconf 91' lang='lat' dir='ltr'>lucem</span> <span class='ocrx_word' id='word_1_520' title='bbox 768 3368 881 3429; x_wconf 93' lang='lat' dir='ltr'>ulli</span> <span class='ocrx_word' id='word_1_521' title='bbox 910 3369 1109 3428; x_wconf 90' lang='lat' dir='ltr'>liceret</span> <span class='ocrx_word' id='word_1_522' title='bbox 1132 3369 1269 3428; x_wconf 89' lang='lat' dir='ltr'>ﬁdei</span> <span class='ocrx_word' id='word_1_523' title='bbox 1297 3370 1481 3428; x_wconf 91' lang='lat' dir='ltr'>oculis</span> <span class='ocrx_word' id='word_1_524' title='bbox 1516 3371 1910 3444; x_wconf 90' lang='lat' dir='ltr'>contemplari.</span> <span class='ocrx_word' id='word_1_525' title='bbox 1932 3373 1976 3430; x_wconf 93' lang='lat'>0</span> <span class='ocrx_word' id='word_1_526' title='bbox 2004 3373 2111 3429; x_wconf 89' lang='lat' dir='ltr'>mi-</span> 
     </span>
    </p>
   </div>
   <div class='ocr_carea' id='block_1_67' title="bbox 392 3458 2113 3534">
    <p class='ocr_par' dir='ltr' id='par_1_67' title="bbox 392 3458 2113 3534">
     <span class='ocr_line' id='line_1_67' title="bbox 392 3458 2113 3534; baseline 0 -15"><span class='ocrx_word' id='word_1_527' title='bbox 392 3475 608 3532; x_wconf 91' lang='lat' dir='ltr'>serum,</span> <span class='ocrx_word' id='word_1_528' title='bbox 658 3458 762 3534; x_wconf 91' lang='lat' dir='ltr'>qui</span> <span class='ocrx_word' id='word_1_529' title='bbox 807 3474 926 3518; x_wconf 92' lang='lat' dir='ltr'>non</span> <span class='ocrx_word' id='word_1_530' title='bbox 980 3460 1275 3532; x_wconf 88' lang='lat' dir='ltr'>ingressus</span> <span class='ocrx_word' id='word_1_531' title='bbox 1327 3475 1431 3532; x_wconf 91' lang='lat' dir='ltr'>per</span> <span class='ocrx_word' id='word_1_532' title='bbox 1478 3459 1741 3532; x_wconf 83' lang='lat' dir='ltr'>januain,</span> <span class='ocrx_word' id='word_1_533' title='bbox 1786 3460 1845 3517; x_wconf 91' lang='lat' dir='ltr'>id</span> <span class='ocrx_word' id='word_1_534' title='bbox 1886 3467 1969 3519; x_wconf 91' lang='lat' dir='ltr'>est</span> <span class='ocrx_word' id='word_1_535' title='bbox 2012 3477 2113 3534; x_wconf 92' lang='lat' dir='ltr'>per</span> 
     </span>
    </p>
   </div>
   <div class='ocr_carea' id='block_1_68' title="bbox 391 3547 2110 3624">
    <p class='ocr_par' dir='ltr' id='par_1_68' title="bbox 391 3547 2110 3624">
     <span class='ocr_line' id='line_1_68' title="bbox 391 3547 2110 3624; baseline 0.001 -16"><span class='ocrx_word' id='word_1_536' title='bbox 391 3547 709 3619; x_wconf 90' lang='lat' dir='ltr'>Christum,</span> <span class='ocrx_word' id='word_1_537' title='bbox 740 3548 843 3623; x_wconf 90' lang='lat' dir='ltr'>qui</span> <span class='ocrx_word' id='word_1_538' title='bbox 863 3554 948 3606; x_wconf 92' lang='lat' dir='ltr'>est</span> <span class='ocrx_word' id='word_1_539' title='bbox 965 3548 1145 3621; x_wconf 91' lang='lat' dir='ltr'>janua</span> <span class='ocrx_word' id='word_1_540' title='bbox 1162 3562 1317 3617; x_wconf 89' lang='lat' dir='ltr'>vera,</span> <span class='ocrx_word' id='word_1_541' title='bbox 1347 3548 1521 3621; x_wconf 89' lang='lat' dir='ltr'>lupus</span> <span class='ocrx_word' id='word_1_542' title='bbox 1548 3549 1732 3623; x_wconf 90' lang='lat' dir='ltr'>magis</span> <span class='ocrx_word' id='word_1_543' title='bbox 1759 3550 1919 3624; x_wconf 90' lang='lat' dir='ltr'>gregi</span> <span class='ocrx_word' id='word_1_544' title='bbox 1936 3566 2110 3624; x_wconf 90' lang='lat' dir='ltr'>quam</span> 
     </span>
    </p>
   </div>
   <div class='ocr_carea' id='block_1_69' title="bbox 390 3635 2112 3711">
    <p class='ocr_par' dir='ltr' id='par_1_69' title="bbox 390 3635 2112 3711">
     <span class='ocr_line' id='line_1_69' title="bbox 390 3635 2112 3711; baseline -0.001 -14"><span class='ocrx_word' id='word_1_545' title='bbox 390 3644 585 3697; x_wconf 88' lang='lat' dir='ltr'>custos</span> <span class='ocrx_word' id='word_1_546' title='bbox 612 3637 848 3694; x_wconf 84' lang='lat' dir='ltr'>eﬁ‘ectus</span> <span class='ocrx_word' id='word_1_547' title='bbox 888 3639 1003 3706; x_wconf 88' lang='lat' dir='ltr'>est;</span> <span class='ocrx_word' id='word_1_548' title='bbox 1052 3640 1108 3693; x_wconf 93' lang='lat' dir='ltr'>et</span> <span class='ocrx_word' id='word_1_549' title='bbox 1144 3650 1341 3707; x_wconf 90' lang='lat' dir='ltr'>pacem</span> <span class='ocrx_word' id='word_1_550' title='bbox 1370 3645 1391 3672; x_wconf 71' lang='grc' dir='ltr'>α</span> <span class='ocrx_word' id='word_1_551' title='bbox 1412 3635 1545 3692; x_wconf 88' lang='lat' dir='ltr'>ﬁdei</span> <span class='ocrx_word' id='word_1_552' title='bbox 1575 3652 1749 3711; x_wconf 88' lang='lat' dir='ltr'>quam</span> <span class='ocrx_word' id='word_1_553' title='bbox 1779 3638 1840 3695; x_wconf 91' lang='lat' dir='ltr'>in</span> <span class='ocrx_word' id='word_1_554' title='bbox 1874 3639 2112 3696; x_wconf 90' lang='lat' dir='ltr'>creden-</span> 
     </span>
    </p>
   </div>
   <div class='ocr_carea' id='block_1_70' title="bbox 391 3726 2113 3801">
    <p class='ocr_par' dir='ltr' id='par_1_70' title="bbox 391 3726 2113 3801">
     <span class='ocr_line' id='line_1_70' title="bbox 391 3726 2113 3801; baseline 0.001 -14"><span class='ocrx_word' id='word_1_555' title='bbox 391 3729 545 3789; x_wconf 89' lang='lat' dir='ltr'>tium</span> <span class='ocrx_word' id='word_1_556' title='bbox 592 3727 868 3787; x_wconf 89' lang='lat' dir='ltr'>cordibus</span> <span class='ocrx_word' id='word_1_557' title='bbox 918 3726 1193 3785; x_wconf 88' lang='lat' dir='ltr'>debuerat</span> <span class='ocrx_word' id='word_1_558' title='bbox 1243 3726 1569 3797; x_wconf 90' lang='lat' dir='ltr'>accendere,</span> <span class='ocrx_word' id='word_1_559' title='bbox 1611 3727 1891 3801; x_wconf 89' lang='lat' dir='ltr'>pravitato</span> <span class='ocrx_word' id='word_1_560' title='bbox 1925 3729 2113 3788; x_wconf 90' lang='lat' dir='ltr'>cordis</span> 
     </span>
    </p>
   </div>
   <div class='ocr_carea' id='block_1_71' title="bbox 392 3815 2107 3893">
    <p class='ocr_par' dir='ltr' id='par_1_71' title="bbox 392 3815 2107 3893">
     <span class='ocr_line' id='line_1_71' title="bbox 392 3815 2107 3893; baseline -0.001 -15"><span class='ocrx_word' id='word_1_561' title='bbox 392 3819 492 3878; x_wconf 88' lang='lat' dir='ltr'>sui</span> <span class='ocrx_word' id='word_1_562' title='bbox 515 3817 833 3877; x_wconf 87' lang='lat' dir='ltr'>conabatur</span> <span class='ocrx_word' id='word_1_563' title='bbox 858 3815 1250 3888; x_wconf 86' lang='lat' dir='ltr'>exstinguere.</span> <span class='ocrx_word' id='word_1_564' title='bbox 1284 3815 1478 3875; x_wconf 89' lang='lat' dir='ltr'>Sancti</span> <span class='ocrx_word' id='word_1_565' title='bbox 1505 3832 1641 3875; x_wconf 89' lang='lat' dir='ltr'>vero</span> <span class='ocrx_word' id='word_1_566' title='bbox 1664 3817 1771 3877; x_wconf 90' lang='lat' dir='ltr'>Dei</span> <span class='ocrx_word' id='word_1_567' title='bbox 1794 3818 1907 3877; x_wconf 88' lang='lat' dir='ltr'>alia</span> <span class='ocrx_word' id='word_1_568' title='bbox 1941 3820 2107 3893; x_wconf 88' lang='lat' dir='ltr'>signa</span> 
     </span>
    </p>
   </div>
   <div class='ocr_carea' id='block_1_72' title="bbox 394 3905 2107 3982">
    <p class='ocr_par' dir='ltr' id='par_1_72' title="bbox 394 3905 2107 3982">
     <span class='ocr_line' id='line_1_72' title="bbox 394 3905 2107 3982; baseline -0.001 -16"><span class='ocrx_word' id='word_1_569' title='bbox 394 3906 459 3966; x_wconf 91' lang='lat' dir='ltr'>in</span> <span class='ocrx_word' id='word_1_570' title='bbox 498 3906 730 3981; x_wconf 90' lang='lat' dir='ltr'>populis</span> <span class='ocrx_word' id='word_1_571' title='bbox 773 3905 959 3964; x_wconf 91' lang='lat' dir='ltr'>multa</span> <span class='ocrx_word' id='word_1_572' title='bbox 1009 3906 1289 3976; x_wconf 86' lang='lat' dir='ltr'>fecerunt,</span> <span class='ocrx_word' id='word_1_573' title='bbox 1324 3911 1381 3964; x_wconf 86' lang='lat' dir='ltr'>et</span> <span class='ocrx_word' id='word_1_574' title='bbox 1432 3912 1552 3964; x_wconf 89' lang='lat' dir='ltr'>erat</span> <span class='ocrx_word' id='word_1_575' title='bbox 1582 3922 1698 3965; x_wconf 91' lang='lat' dir='ltr'>vox</span> <span class='ocrx_word' id='word_1_576' title='bbox 1741 3923 1859 3966; x_wconf 90' lang='lat' dir='ltr'>una</span> <span class='ocrx_word' id='word_1_577' title='bbox 1908 3907 2107 3982; x_wconf 90' lang='lat' dir='ltr'>populi</span> 
     </span>
    </p>
   </div>
   <div class='ocr_carea' id='block_1_73' title="bbox 393 3995 2108 4070">
    <p class='ocr_par' dir='ltr' id='par_1_73' title="bbox 393 3995 2108 4070">
     <span class='ocr_line' id='line_1_73' title="bbox 393 3995 2108 4070; baseline -0.001 -12"><span class='ocrx_word' id='word_1_578' title='bbox 393 3998 674 4058; x_wconf 89' lang='lat' dir='ltr'>dicentis:</span> <span class='ocrx_word' id='word_1_579' title='bbox 699 3996 886 4055; x_wconf 90' lang='lat' dir='ltr'>Verus</span> <span class='ocrx_word' id='word_1_580' title='bbox 919 3995 1072 4055; x_wconf 91' lang='lat' dir='ltr'>Deus</span> <span class='ocrx_word' id='word_1_581' title='bbox 1099 3996 1285 4067; x_wconf 90' lang='lat' dir='ltr'>Pater,</span> <span class='ocrx_word' id='word_1_582' title='bbox 1316 4012 1489 4055; x_wconf 89' lang='lat' dir='ltr'>verus</span> <span class='ocrx_word' id='word_1_583' title='bbox 1517 3997 1671 4057; x_wconf 92' lang='lat' dir='ltr'>Deus</span> <span class='ocrx_word' id='word_1_584' title='bbox 1701 3998 1906 4070; x_wconf 89' lang='lat' dir='ltr'>Filius,</span> <span class='ocrx_word' id='word_1_585' title='bbox 1938 4015 2108 4057; x_wconf 89' lang='lat' dir='ltr'>verus</span> 
     </span>
    </p>
   </div>
   <div class='ocr_carea' id='block_1_74' title="bbox 395 4086 2109 4162">
    <p class='ocr_par' dir='ltr' id='par_1_74' title="bbox 395 4086 2109 4162">
     <span class='ocr_line' id='line_1_74' title="bbox 395 4086 2109 4162; baseline 0.001 -14"><span class='ocrx_word' id='word_1_586' title='bbox 395 4088 551 4148; x_wconf 88' lang='lat' dir='ltr'>Deus</span> <span class='ocrx_word' id='word_1_587' title='bbox 582 4086 829 4160; x_wconf 90' lang='lat' dir='ltr'>Spiritus</span> <span class='ocrx_word' id='word_1_588' title='bbox 855 4094 1106 4153; x_wconf 83' lang='lat' dir='ltr'>sanctus,</span> <span class='ocrx_word' id='word_1_589' title='bbox 1138 4102 1257 4146; x_wconf 91' lang='lat' dir='ltr'>una</span> <span class='ocrx_word' id='word_1_590' title='bbox 1279 4086 1395 4145; x_wconf 87' lang='lat' dir='ltr'>ﬁde</span> <span class='ocrx_word' id='word_1_591' title='bbox 1427 4087 1724 4162; x_wconf 91' lang='lat' dir='ltr'>colendus,</span> <span class='ocrx_word' id='word_1_592' title='bbox 1756 4106 1874 4149; x_wconf 94' lang='lat' dir='ltr'>uno</span> <span class='ocrx_word' id='word_1_593' title='bbox 1906 4090 2109 4149; x_wconf 89' lang='lat' dir='ltr'>timore</span> 
     </span>
    </p>
   </div>
   <div class='ocr_carea' id='block_1_75' title="bbox 394 4175 2110 4254">
    <p class='ocr_par' dir='ltr' id='par_1_75' title="bbox 394 4175 2110 4254">
     <span class='ocr_line' id='line_1_75' title="bbox 394 4175 2110 4254; baseline 0.002 -19"><span class='ocrx_word' id='word_1_594' title='bbox 394 4176 764 4247; x_wconf 88' lang='lat' dir='ltr'>metuendus,</span> <span class='ocrx_word' id='word_1_595' title='bbox 795 4175 1114 4250; x_wconf 90' lang='lat' dir='ltr'>eodemque</span> <span class='ocrx_word' id='word_1_596' title='bbox 1144 4176 1362 4236; x_wconf 91' lang='lat' dir='ltr'>honore</span> <span class='ocrx_word' id='word_1_597' title='bbox 1391 4180 1779 4237; x_wconf 88' lang='lat' dir='ltr'>venerandus.</span> <span class='ocrx_word' id='word_1_598' title='bbox 1809 4179 1957 4237; x_wconf 89' lang='lat' dir='ltr'>Nam</span> <span class='ocrx_word' id='word_1_599' title='bbox 1978 4195 2110 4254; x_wconf 63' lang='lat' dir='ltr'>quae</span> 
     </span>
    </p>
   </div>
   <div class='ocr_carea' id='block_1_76' title="bbox 394 4263 1972 4342">
    <p class='ocr_par' dir='ltr' id='par_1_76' title="bbox 394 4263 1972 4342">
     <span class='ocr_line' id='line_1_76' title="bbox 394 4263 1972 4342; baseline 0.005 -17"><span class='ocrx_word' id='word_1_600' title='bbox 394 4263 600 4342; x_wconf 84' lang='lat' dir='ltr'>Cyrola</span> <span class='ocrx_word' id='word_1_601' title='bbox 628 4265 856 4339; x_wconf 87' lang='lat' dir='ltr'>asserit,</span> <span class='ocrx_word' id='word_1_602' title='bbox 882 4266 1027 4327; x_wconf 84' lang='lat' dir='ltr'>falsa</span> <span class='ocrx_word' id='word_1_603' title='bbox 1053 4284 1177 4328; x_wconf 89' lang='lat' dir='ltr'>esse</span> <span class='ocrx_word' id='word_1_604' title='bbox 1206 4270 1432 4329; x_wconf 91' lang='lat' dir='ltr'>cunctis</span> <span class='ocrx_word' id='word_1_605' title='bbox 1457 4277 1543 4330; x_wconf 90' lang='lat' dir='ltr'>est</span> <span class='ocrx_word' id='word_1_606' title='bbox 1570 4272 1972 4333; x_wconf 81' lang='lat' dir='ltr'>manifestum.</span> 
     </span>
    </p>
   </div>
   <div class='ocr_carea' id='block_1_77' title="bbox 2191 3195 3927 3275">
    <p class='ocr_par' dir='ltr' id='par_1_77' title="bbox 2191 3195 3927 3275">
     <span class='ocr_line' id='line_1_77' title="bbox 2191 3195 3927 3275; baseline -0.007 -15"><span class='ocrx_word' id='word_1_607' title='bbox 2191 3201 2293 3275; x_wconf 93' lang='lat' dir='ltr'>qui</span> <span class='ocrx_word' id='word_1_608' title='bbox 2320 3200 2421 3259; x_wconf 94' lang='lat' dir='ltr'>diu</span> <span class='ocrx_word' id='word_1_609' title='bbox 2447 3200 2518 3258; x_wconf 90' lang='lat' dir='ltr'>de</span> <span class='ocrx_word' id='word_1_610' title='bbox 2548 3206 2882 3258; x_wconf 88' lang='lat' dir='ltr'>sanctorum</span> <span class='ocrx_word' id='word_1_611' title='bbox 2930 3197 3214 3270; x_wconf 89' lang='lat' dir='ltr'>sanguine</span> <span class='ocrx_word' id='word_1_612' title='bbox 3261 3201 3458 3269; x_wconf 88' lang='lat' dir='ltr'>pastus</span> <span class='ocrx_word' id='word_1_613' title='bbox 3496 3195 3712 3263; x_wconf 87' lang='lat' dir='ltr'>fuerat,</span> <span class='ocrx_word' id='word_1_614' title='bbox 3764 3207 3927 3264; x_wconf 86' lang='lat' dir='ltr'>pro-</span> 
     </span>
    </p>
   </div>
   <div class='ocr_carea' id='block_1_78' title="bbox 2189 3278 3928 3362">
    <p class='ocr_par' dir='ltr' id='par_1_78' title="bbox 2189 3278 3928 3362">
     <span class='ocr_line' id='line_1_78' title="bbox 2189 3278 3928 3362; baseline -0.005 -16"><span class='ocrx_word' id='word_1_615' title='bbox 2189 3288 2333 3362; x_wconf 89' lang='lat' dir='ltr'>priis</span> <span class='ocrx_word' id='word_1_616' title='bbox 2381 3304 2441 3346; x_wconf 91' lang='lat' dir='ltr'>se</span> <span class='ocrx_word' id='word_1_617' title='bbox 2488 3287 2779 3346; x_wconf 90' lang='lat' dir='ltr'>morsibus</span> <span class='ocrx_word' id='word_1_618' title='bbox 2830 3285 3129 3344; x_wconf 88' lang='lat' dir='ltr'>laniabat:</span> <span class='ocrx_word' id='word_1_619' title='bbox 3162 3284 3224 3341; x_wconf 92' lang='lat' dir='ltr'>in</span> <span class='ocrx_word' id='word_1_620' title='bbox 3260 3297 3375 3356; x_wconf 93' lang='lat' dir='ltr'>quo</span> <span class='ocrx_word' id='word_1_621' title='bbox 3427 3282 3599 3339; x_wconf 89' lang='lat' dir='ltr'>etiam</span> <span class='ocrx_word' id='word_1_622' title='bbox 3640 3278 3928 3337; x_wconf 88' lang='lat' dir='ltr'>cruciatu</span> 
     </span>
    </p>
   </div>
   <div class='ocr_carea' id='block_1_79' title="bbox 2190 3368 3928 3453">
    <p class='ocr_par' dir='ltr' id='par_1_79' title="bbox 2190 3368 3928 3453">
     <span class='ocr_line' id='line_1_79' title="bbox 2190 3368 3928 3453; baseline -0.006 -15"><span class='ocrx_word' id='word_1_623' title='bbox 2190 3380 2369 3439; x_wconf 89' lang='lat' dir='ltr'>vitam</span> <span class='ocrx_word' id='word_1_624' title='bbox 2399 3378 2703 3453; x_wconf 89' lang='lat' dir='ltr'>indignam</span> <span class='ocrx_word' id='word_1_625' title='bbox 2728 3377 2883 3451; x_wconf 88' lang='lat' dir='ltr'>justa</span> <span class='ocrx_word' id='word_1_626' title='bbox 2910 3382 3092 3435; x_wconf 88' lang='lat' dir='ltr'>morte</span> <span class='ocrx_word' id='word_1_627' title='bbox 3121 3374 3331 3433; x_wconf 90' lang='lat' dir='ltr'>ﬁnivit.</span> <span class='ocrx_word' id='word_1_628' title='bbox 3359 3372 3511 3431; x_wconf 89' lang='lat' dir='ltr'>Huic</span> <span class='ocrx_word' id='word_1_629' title='bbox 3538 3368 3928 3428; x_wconf 84' lang='lat' dir='ltr'>Childericus</span> 
     </span>
    </p>
   </div>
   <div class='ocr_carea' id='block_1_80' title="bbox 2193 3464 3926 3544">
    <p class='ocr_par' dir='ltr' id='par_1_80' title="bbox 2193 3464 3926 3544">
     <span class='ocr_line' id='line_1_80' title="bbox 2193 3464 3926 3544; baseline -0.007 -15"><span class='ocrx_word' id='word_1_630' title='bbox 2193 3472 2212 3511; x_wconf 75' lang='grc' dir='ltr'><strong><em>ῖ</em></strong></span> <span class='ocrx_word' id='word_1_631' title='bbox 2239 3469 2532 3542; x_wconf 89' lang='lat' dir='ltr'>successit,</span> <span class='ocrx_word' id='word_1_632' title='bbox 2575 3485 2691 3544; x_wconf 92' lang='lat' dir='ltr'>quo</span> <span class='ocrx_word' id='word_1_633' title='bbox 2730 3469 3019 3541; x_wconf 83' lang='lat' dir='ltr'>defuncto,</span> <span class='ocrx_word' id='word_1_634' title='bbox 3060 3464 3416 3527; x_wconf 90' lang='lat' dir='ltr'>Gelesimiris</span> <span class='ocrx_word' id='word_1_635' title='bbox 3473 3476 3721 3536; x_wconf 88' lang='lat' dir='ltr'>regnum</span> <span class='ocrx_word' id='word_1_636' title='bbox 3776 3475 3926 3518; x_wconf 84' lang='lat' dir='ltr'>sus-</span> 
     </span>
    </p>
   </div>
   <div class='ocr_carea' id='block_1_81' title="bbox 2193 3546 3929 3635">
    <p class='ocr_par' dir='ltr' id='par_1_81' title="bbox 2193 3546 3929 3635">
     <span class='ocr_line' id='line_1_81' title="bbox 2193 3546 3929 3635; baseline -0.007 -16"><span class='ocrx_word' id='word_1_637' title='bbox 2193 3560 2349 3635; x_wconf 92' lang='lat' dir='ltr'>cipit.</span> <span class='ocrx_word' id='word_1_638' title='bbox 2398 3560 2526 3634; x_wconf 90' lang='lat' dir='ltr'>Ipse</span> <span class='ocrx_word' id='word_1_639' title='bbox 2574 3574 2804 3634; x_wconf 90' lang='lat' dir='ltr'>quoque</span> <span class='ocrx_word' id='word_1_640' title='bbox 2849 3574 2883 3616; x_wconf 90' lang='lat' dir='ltr'>a</span> <span class='ocrx_word' id='word_1_641' title='bbox 2931 3556 3223 3634; x_wconf 91' lang='lat' dir='ltr'>republica</span> <span class='ocrx_word' id='word_1_642' title='bbox 3270 3565 3296 3601; x_wconf 74' lang='lat'><strong>8</strong></span> <span class='ocrx_word' id='word_1_643' title='bbox 3342 3559 3665 3627; x_wconf 89' lang='lat' dir='ltr'>superatus,</span> <span class='ocrx_word' id='word_1_644' title='bbox 3720 3546 3929 3608; x_wconf 86' lang='lat' dir='ltr'>vitam</span> 
     </span>
    </p>
   </div>
   <div class='ocr_carea' id='block_1_82' title="bbox 2193 3638 3924 3723">
    <p class='ocr_par' dir='ltr' id='par_1_82' title="bbox 2193 3638 3924 3723">
     <span class='ocr_line' id='line_1_82' title="bbox 2193 3638 3924 3723; baseline -0.006 -16"><span class='ocrx_word' id='word_1_645' title='bbox 2193 3650 2697 3723; x_wconf 90' lang='lat' dir='ltr'>principatumque</span> <span class='ocrx_word' id='word_1_646' title='bbox 2735 3647 2927 3708; x_wconf 89' lang='lat' dir='ltr'>ﬁnivit</span> <span class='ocrx_word' id='word_1_647' title='bbox 2968 3663 2980 3704; x_wconf 76' lang='grc' dir='ltr'>ε</span> <span class='ocrx_word' id='word_1_648' title='bbox 3022 3652 3078 3706; x_wconf 91' lang='lat' dir='ltr'>et</span> <span class='ocrx_word' id='word_1_649' title='bbox 3105 3645 3188 3704; x_wconf 90' lang='lat' dir='ltr'>sic</span> <span class='ocrx_word' id='word_1_650' title='bbox 3223 3659 3468 3717; x_wconf 89' lang='lat' dir='ltr'>regnum</span> <span class='ocrx_word' id='word_1_651' title='bbox 3500 3640 3714 3701; x_wconf 90' lang='lat' dir='ltr'>decidit</span> <span class='ocrx_word' id='word_1_652' title='bbox 3742 3638 3924 3698; x_wconf 85' lang='lat' dir='ltr'>Van-</span> 
     </span>
    </p>
   </div>
   <div class='ocr_carea' id='block_1_83' title="bbox 2194 3740 2749 3800">
    <p class='ocr_par' dir='ltr' id='par_1_83' title="bbox 2194 3740 2749 3800">
     <span class='ocr_line' id='line_1_83' title="bbox 2194 3740 2749 3800; baseline -0.002 -1"><span class='ocrx_word' id='word_1_653' title='bbox 2194 3740 2478 3800; x_wconf 90' lang='lat' dir='ltr'>dalorum.</span> <span class='ocrx_word' id='word_1_654' title='bbox 2744 3740 2749 3745; x_wconf 83' lang='grc'><em>’</em></span> 
     </span>
    </p>
   </div>
   <div class='ocr_carea' id='block_1_84' title="bbox 2271 3820 3928 3896">
    <p class='ocr_par' dir='ltr' id='par_1_84' title="bbox 2271 3820 3928 3896">
     <span class='ocr_line' id='line_1_84' title="bbox 2271 3820 3928 3896; baseline -0.007 -3"><span class='ocrx_word' id='word_1_655' title='bbox 2271 3836 2360 3893; x_wconf 85' lang='grc'>51</span> <span class='ocrx_word' id='word_1_656' title='bbox 2407 3827 2506 3887; x_wconf 91' lang='lat' dir='ltr'>IV.</span> <span class='ocrx_word' id='word_1_657' title='bbox 2536 3828 2734 3887; x_wconf 76' lang='lat' dir='ltr'>Multze</span> <span class='ocrx_word' id='word_1_658' title='bbox 2780 3827 2938 3885; x_wconf 92' lang='lat' dir='ltr'>enim</span> <span class='ocrx_word' id='word_1_659' title='bbox 2971 3826 3221 3884; x_wconf 68' lang='lat' dir='ltr'>haereses</span> <span class='ocrx_word' id='word_1_660' title='bbox 3272 3838 3338 3882; x_wconf 93' lang='lat' dir='ltr'>eo</span> <span class='ocrx_word' id='word_1_661' title='bbox 3379 3826 3629 3896; x_wconf 89' lang='lat' dir='ltr'>tempore</span> <span class='ocrx_word' id='word_1_662' title='bbox 3661 3820 3773 3879; x_wconf 91' lang='lat' dir='ltr'>Dei</span> <span class='ocrx_word' id='word_1_663' title='bbox 3810 3821 3928 3881; x_wconf 85' lang='lat' dir='ltr'>Ec-</span> 
     </span>
    </p>
   </div>
   <div class='ocr_carea' id='block_1_85' title="bbox 2189 3913 3928 3992">
    <p class='ocr_par' dir='ltr' id='par_1_85' title="bbox 2189 3913 3928 3992">
     <span class='ocr_line' id='line_1_85' title="bbox 2189 3913 3928 3992; baseline -0.001 -17"><span class='ocrx_word' id='word_1_664' title='bbox 2189 3918 2393 3975; x_wconf 89' lang='lat' dir='ltr'>clesias</span> <span class='ocrx_word' id='word_1_665' title='bbox 2440 3917 2879 3991; x_wconf 88' lang='lat' dir='ltr'>impugnabant,</span> <span class='ocrx_word' id='word_1_666' title='bbox 2912 3918 2984 3978; x_wconf 91' lang='lat' dir='ltr'>de</span> <span class='ocrx_word' id='word_1_667' title='bbox 3009 3918 3223 3992; x_wconf 89' lang='lat' dir='ltr'>quibus</span> <span class='ocrx_word' id='word_1_668' title='bbox 3256 3917 3602 3990; x_wconf 88' lang='lat' dir='ltr'>plerumque</span> <span class='ocrx_word' id='word_1_669' title='bbox 3630 3913 3782 3973; x_wconf 92' lang='lat' dir='ltr'>ultio</span> <span class='ocrx_word' id='word_1_670' title='bbox 3815 3914 3928 3973; x_wconf 90' lang='lat' dir='ltr'>di-</span> 
     </span>
    </p>
   </div>
   <div class='ocr_carea' id='block_1_86' title="bbox 2191 3996 3927 4066">
    <p class='ocr_par' dir='ltr' id='par_1_86' title="bbox 2191 3996 3927 4066">
     <span class='ocr_line' id='line_1_86' title="bbox 2191 3996 3927 4066; baseline -0.001 -4"><span class='ocrx_word' id='word_1_671' title='bbox 2191 4004 2328 4063; x_wconf 89' lang='lat' dir='ltr'>vina</span> <span class='ocrx_word' id='word_1_672' title='bbox 2368 4004 2501 4063; x_wconf 86' lang='lat' dir='ltr'>data</span> <span class='ocrx_word' id='word_1_673' title='bbox 2552 4013 2658 4066; x_wconf 89' lang='lat' dir='ltr'>est.</span> <span class='ocrx_word' id='word_1_674' title='bbox 2705 4006 2853 4065; x_wconf 92' lang='lat' dir='ltr'>Nam</span> <span class='ocrx_word' id='word_1_675' title='bbox 2892 4013 2946 4066; x_wconf 90' lang='lat' dir='ltr'>et</span> <span class='ocrx_word' id='word_1_676' title='bbox 2988 3996 3377 4065; x_wconf 81' lang='lat' dir='ltr'>Athanaricus</span> <span class='ocrx_word' id='word_1_677' title='bbox 3422 4003 3773 4063; x_wconf 89' lang='lat' dir='ltr'>Gotthorum</span> <span class='ocrx_word' id='word_1_678' title='bbox 3802 4019 3927 4061; x_wconf 86' lang='lat' dir='ltr'>rex</span> 
     </span>
    </p>
   </div>
   <div class='ocr_carea' id='block_1_87' title="bbox 2191 4093 3927 4173">
    <p class='ocr_par' dir='ltr' id='par_1_87' title="bbox 2191 4093 3927 4173">
     <span class='ocr_line' id='line_1_87' title="bbox 2191 4093 3927 4173; baseline -0.001 -21"><span class='ocrx_word' id='word_1_679' title='bbox 2191 4110 2463 4168; x_wconf 88' lang='lat' dir='ltr'>magnam</span> <span class='ocrx_word' id='word_1_680' title='bbox 2490 4097 2767 4156; x_wconf 88' lang='lat' dir='ltr'>excitavit</span> <span class='ocrx_word' id='word_1_681' title='bbox 2794 4099 3251 4173; x_wconf 84' lang='lat' dir='ltr'>persecutionem</span> <span class='ocrx_word' id='word_1_682' title='bbox 3286 4120 3299 4155; x_wconf 90' lang='lat'><strong>:</strong></span> <span class='ocrx_word' id='word_1_683' title='bbox 3351 4094 3454 4172; x_wconf 90' lang='lat' dir='ltr'>qui</span> <span class='ocrx_word' id='word_1_684' title='bbox 3482 4093 3692 4153; x_wconf 90' lang='lat' dir='ltr'>multos</span> <span class='ocrx_word' id='word_1_685' title='bbox 3735 4093 3927 4151; x_wconf 86' lang='lat' dir='ltr'>Chri—</span> 
     </span>
    </p>
   </div>
   <div class='ocr_carea' id='block_1_88' title="bbox 2191 4183 3927 4261">
    <p class='ocr_par' dir='ltr' id='par_1_88' title="bbox 2191 4183 3927 4261">
     <span class='ocr_line' id='line_1_88' title="bbox 2191 4183 3927 4261; baseline 0.001 -20"><span class='ocrx_word' id='word_1_686' title='bbox 2191 4183 2532 4256; x_wconf 89' lang='lat' dir='ltr'>stianorum,</span> <span class='ocrx_word' id='word_1_687' title='bbox 2563 4185 2809 4244; x_wconf 88' lang='lat' dir='ltr'>diversis</span> <span class='ocrx_word' id='word_1_688' title='bbox 2858 4187 3044 4261; x_wconf 73' lang='lat' dir='ltr'>poenis</span> <span class='ocrx_word' id='word_1_689' title='bbox 3083 4188 3334 4258; x_wconf 87' lang='lat' dir='ltr'>aﬁ&#39;ectos,</span> <span class='ocrx_word' id='word_1_690' title='bbox 3364 4184 3554 4259; x_wconf 88' lang='lat' dir='ltr'>gladio</span> <span class='ocrx_word' id='word_1_691' title='bbox 3602 4183 3927 4242; x_wconf 56' lang='lat' dir='ltr'>detrunca-</span> 
     </span>
    </p>
   </div>
   <div class='ocr_carea' id='block_1_89' title="bbox 2189 4270 3926 4346">
    <p class='ocr_par' dir='ltr' id='par_1_89' title="bbox 2189 4270 3926 4346">
     <span class='ocr_line' id='line_1_89' title="bbox 2189 4270 3926 4346; baseline 0.001 -17"><span class='ocrx_word' id='word_1_692' title='bbox 2189 4270 2310 4340; x_wconf 89' lang='lat' dir='ltr'>bat;</span> <span class='ocrx_word' id='word_1_693' title='bbox 2364 4272 2462 4331; x_wconf 92' lang='lat' dir='ltr'>sed</span> <span class='ocrx_word' id='word_1_694' title='bbox 2490 4271 2511 4301; x_wconf 82' lang='grc'>¹³</span> <span class='ocrx_word' id='word_1_695' title='bbox 2538 4280 2593 4330; x_wconf 90' lang='lat' dir='ltr'>et</span> <span class='ocrx_word' id='word_1_696' title='bbox 2615 4272 2933 4332; x_wconf 91' lang='lat' dir='ltr'>nonnullos</span> <span class='ocrx_word' id='word_1_697' title='bbox 2959 4274 3169 4333; x_wconf 84' lang='lat' dir='ltr'>exsilio</span> <span class='ocrx_word' id='word_1_698' title='bbox 3198 4274 3378 4343; x_wconf 91' lang='lat' dir='ltr'>datos,</span> <span class='ocrx_word' id='word_1_699' title='bbox 3418 4272 3568 4328; x_wconf 85' lang='lat' dir='ltr'>fame</span> <span class='ocrx_word' id='word_1_700' title='bbox 3607 4270 3926 4346; x_wconf 88' lang='lat' dir='ltr'>variisque</span> 
     </span>
    </p>
   </div>
   <div class='ocr_carea' id='block_1_90' title="bbox 2098 4359 3925 4431">
    <p class='ocr_par' dir='ltr' id='par_1_90' title="bbox 2098 4359 3925 4431">
     <span class='ocr_line' id='line_1_90' title="bbox 2098 4359 3925 4431; baseline -0.001 -10"><span class='ocrx_word' id='word_1_701' title='bbox 2098 4372 2111 4384; x_wconf 88' lang='lat'>&#39;</span> <span class='ocrx_word' id='word_1_702' title='bbox 2189 4362 2538 4421; x_wconf 89' lang='lat' dir='ltr'>cruciatibus</span> <span class='ocrx_word' id='word_1_703' title='bbox 2565 4362 2853 4420; x_wconf 88' lang='lat' dir='ltr'>enecabat.</span> <span class='ocrx_word' id='word_1_704' title='bbox 2888 4362 3053 4421; x_wconf 91' lang='lat' dir='ltr'>Unde</span> <span class='ocrx_word' id='word_1_705' title='bbox 3084 4364 3293 4423; x_wconf 86' lang='lat' dir='ltr'>factum</span> <span class='ocrx_word' id='word_1_706' title='bbox 3325 4368 3429 4431; x_wconf 90' lang='lat' dir='ltr'>est,</span> <span class='ocrx_word' id='word_1_707' title='bbox 3467 4368 3531 4419; x_wconf 92' lang='lat' dir='ltr'>ut</span> <span class='ocrx_word' id='word_1_708' title='bbox 3560 4359 3925 4420; x_wconf 85' lang='lat' dir='ltr'>imminente</span> 
     </span>
    </p>
   </div>
   <div class='ocr_carea' id='block_1_91' title="bbox 468 4444 2167 4539">
    <p class='ocr_par' dir='ltr' id='par_1_91' title="bbox 468 4444 2167 4539">
     <span class='ocr_line' id='line_1_91' title="bbox 468 4444 2167 4539; baseline 0.001 -30"><span class='ocrx_word' id='word_1_709' title='bbox 468 4444 687 4509; x_wconf 83' lang='lat' dir='ltr'>Videns</span> <span class='ocrx_word' id='word_1_710' title='bbox 712 4456 908 4510; x_wconf 90' lang='lat' dir='ltr'>autem</span> <span class='ocrx_word' id='word_1_711' title='bbox 936 4449 1262 4508; x_wconf 88' lang='lat' dir='ltr'>Honoricus</span> <span class='ocrx_word' id='word_1_712' title='bbox 1291 4465 1419 4521; x_wconf 85' lang='lat' dir='ltr'>rex,</span> <span class='ocrx_word' id='word_1_713' title='bbox 1465 4451 1806 4509; x_wconf 90' lang='lat' dir='ltr'>assertiones</span> <span class='ocrx_word' id='word_1_714' title='bbox 1837 4468 1970 4511; x_wconf 87' lang='lat' dir='ltr'>suas</span> <span class='ocrx_word' id='word_1_715' title='bbox 2006 4468 2167 4539; x_wconf 81' lang='lat' dir='ltr'>perD</span> 
     </span>
    </p>
   </div>
   <div class='ocr_carea' id='block_1_92' title="bbox 397 4538 2108 4615">
    <p class='ocr_par' dir='ltr' id='par_1_92' title="bbox 397 4538 2108 4615">
     <span class='ocr_line' id='line_1_92' title="bbox 397 4538 2108 4615; baseline -0.001 -14"><span class='ocrx_word' id='word_1_716' title='bbox 397 4545 728 4601; x_wconf 86' lang='lat' dir='ltr'>sanctorum</span> <span class='ocrx_word' id='word_1_717' title='bbox 756 4538 930 4596; x_wconf 90' lang='lat' dir='ltr'>ﬁdem</span> <span class='ocrx_word' id='word_1_718' title='bbox 948 4538 1256 4611; x_wconf 87' lang='lat' dir='ltr'>gloriosam</span> <span class='ocrx_word' id='word_1_719' title='bbox 1284 4538 1470 4596; x_wconf 88' lang='lat' dir='ltr'>taliter</span> <span class='ocrx_word' id='word_1_720' title='bbox 1496 4538 1799 4611; x_wconf 91' lang='lat' dir='ltr'>denudari,</span> <span class='ocrx_word' id='word_1_721' title='bbox 1830 4556 1938 4599; x_wconf 93' lang='lat' dir='ltr'>nec</span> <span class='ocrx_word' id='word_1_722' title='bbox 1964 4542 2108 4615; x_wconf 90' lang='lat' dir='ltr'>erigi</span> 
     </span>
    </p>
   </div>
   <div class='ocr_carea' id='block_1_93' title="bbox 396 4628 2106 4707">
    <p class='ocr_par' dir='ltr' id='par_1_93' title="bbox 396 4628 2106 4707">
     <span class='ocr_line' id='line_1_93' title="bbox 396 4628 2106 4707; baseline -0.001 -14"><span class='ocrx_word' id='word_1_723' title='bbox 396 4637 615 4693; x_wconf 79' lang='lat' dir='ltr'>sectam</span> <span class='ocrx_word' id='word_1_724' title='bbox 660 4628 892 4705; x_wconf 89' lang='lat' dir='ltr'>erroris,</span> <span class='ocrx_word' id='word_1_725' title='bbox 924 4630 1024 4688; x_wconf 90' lang='lat' dir='ltr'>sed</span> <span class='ocrx_word' id='word_1_726' title='bbox 1077 4629 1268 4703; x_wconf 89' lang='lat' dir='ltr'>potius</span> <span class='ocrx_word' id='word_1_727' title='bbox 1311 4628 1550 4702; x_wconf 88' lang='lat' dir='ltr'>destrui,</span> <span class='ocrx_word' id='word_1_728' title='bbox 1586 4628 1964 4707; x_wconf 88' lang='lat' dir='ltr'>fraudemque</span> <span class='ocrx_word' id='word_1_729' title='bbox 2011 4640 2106 4698; x_wconf 88' lang='lat'>50</span> 
     </span>
    </p>
   </div>
   <div class='ocr_carea' id='block_1_94' title="bbox 467 4798 2101 4864">
    <p class='ocr_par' dir='ltr' id='par_1_94' title="bbox 467 4798 2101 4864">
     <span class='ocr_line' id='line_1_94' title="bbox 467 4798 2101 4864; baseline 0.001 -14"><span class='ocrx_word' id='word_1_730' title='bbox 467 4807 489 4829; x_wconf 76' lang='grc' dir='ltr'>ι</span> <span class='ocrx_word' id='word_1_731' title='bbox 518 4798 642 4850; x_wconf 89' lang='lat' dir='ltr'>Cod.</span> <span class='ocrx_word' id='word_1_732' title='bbox 685 4798 891 4852; x_wconf 89' lang='lat' dir='ltr'>Bellov.</span> <span class='ocrx_word' id='word_1_733' title='bbox 930 4799 1147 4863; x_wconf 63' lang='lat' dir='ltr'>caeteris</span> <span class='ocrx_word' id='word_1_734' title='bbox 1199 4798 1405 4851; x_wconf 78' lang='lat' dir='ltr'>avulsis</span> <span class='ocrx_word' id='word_1_735' title='bbox 1441 4798 1635 4864; x_wconf 90' lang='lat' dir='ltr'>incipit</span> <span class='ocrx_word' id='word_1_736' title='bbox 1687 4800 1754 4852; x_wconf 85' lang='lat' dir='ltr'>ab</span> <span class='ocrx_word' id='word_1_737' title='bbox 1790 4800 1875 4852; x_wconf 88' lang='lat' dir='ltr'>his</span> <span class='ocrx_word' id='word_1_738' title='bbox 1896 4800 2101 4860; x_wconf 88' lang='lat' dir='ltr'>verbis,</span> 
     </span>
    </p>
   </div>
   <div class='ocr_carea' id='block_1_95' title="bbox 399 4867 2113 4937">
    <p class='ocr_par' dir='ltr' id='par_1_95' title="bbox 399 4867 2113 4937">
     <span class='ocr_line' id='line_1_95' title="bbox 399 4867 2113 4937; baseline 0.003 -17"><span class='ocrx_word' id='word_1_739' title='bbox 399 4867 699 4937; x_wconf 78' lang='lat' dir='ltr'>patefactus</span> <span class='ocrx_word' id='word_1_740' title='bbox 744 4870 804 4921; x_wconf 79' lang='lat' dir='ltr'>in</span> <span class='ocrx_word' id='word_1_741' title='bbox 856 4868 1082 4933; x_wconf 80' lang='lat' dir='ltr'>publica.</span> <span class='ocrx_word' id='word_1_742' title='bbox 1136 4868 1267 4922; x_wconf 89' lang='lat' dir='ltr'>Tum</span> <span class='ocrx_word' id='word_1_743' title='bbox 1315 4883 1436 4934; x_wconf 63' lang='lat' dir='ltr'>quae</span> <span class='ocrx_word' id='word_1_744' title='bbox 1488 4876 1789 4937; x_wconf 87' lang='lat' dir='ltr'>sequuntur</span> <span class='ocrx_word' id='word_1_745' title='bbox 1832 4885 2009 4937; x_wconf 89' lang='lat' dir='ltr'>usque</span> <span class='ocrx_word' id='word_1_746' title='bbox 2043 4875 2113 4926; x_wconf 83' lang='lat' dir='ltr'>ad</span> 
     </span>
    </p>
   </div>
   <div class='ocr_carea' id='block_1_96' title="bbox 397 4936 2102 5004">
    <p class='ocr_par' dir='ltr' id='par_1_96' title="bbox 397 4936 2102 5004">
     <span class='ocr_line' id='line_1_96' title="bbox 397 4936 2102 5004; baseline 0.006 -15"><span class='ocrx_word' id='word_1_747' title='bbox 397 4936 513 4992; x_wconf 63' lang='lat' dir='ltr'>hac</span> <span class='ocrx_word' id='word_1_748' title='bbox 547 4942 734 5004; x_wconf 84' lang='lat' dir='ltr'>verba,</span> <span class='ocrx_word' id='word_1_749' title='bbox 794 4940 939 4994; x_wconf 83' lang='lat' dir='ltr'>Tunc</span> <span class='ocrx_word' id='word_1_750' title='bbox 992 4942 1173 4995; x_wconf 80' lang='lat' dir='ltr'>sancti</span> <span class='ocrx_word' id='word_1_751' title='bbox 1222 4942 1337 5002; x_wconf 82' lang='lat' dir='ltr'>Dei,</span> <span class='ocrx_word' id='word_1_752' title='bbox 1399 4936 1596 4997; x_wconf 87' lang='lat' dir='ltr'>desunt</span> <span class='ocrx_word' id='word_1_753' title='bbox 1640 4946 1695 4997; x_wconf 89' lang='lat' dir='ltr'>in</span> <span class='ocrx_word' id='word_1_754' title='bbox 1740 4936 1933 4998; x_wconf 86' lang='lat' dir='ltr'>eodem</span> <span class='ocrx_word' id='word_1_755' title='bbox 1981 4945 2102 4999; x_wconf 90' lang='lat' dir='ltr'>cod.</span> 
     </span>
    </p>
   </div>
   <div class='ocr_carea' id='block_1_97' title="bbox 396 5011 2110 5082">
    <p class='ocr_par' dir='ltr' id='par_1_97' title="bbox 396 5011 2110 5082">
     <span class='ocr_line' id='line_1_97' title="bbox 396 5011 2110 5082; baseline 0.005 -18"><span class='ocrx_word' id='word_1_756' title='bbox 396 5011 562 5065; x_wconf 87' lang='lat' dir='ltr'>Porro</span> <span class='ocrx_word' id='word_1_757' title='bbox 623 5012 820 5067; x_wconf 89' lang='lat' dir='ltr'>similis</span> <span class='ocrx_word' id='word_1_758' title='bbox 875 5014 1000 5066; x_wconf 88' lang='lat' dir='ltr'>huic</span> <span class='ocrx_word' id='word_1_759' title='bbox 1050 5015 1285 5069; x_wconf 80' lang='lat' dir='ltr'>Historia</span> <span class='ocrx_word' id='word_1_760' title='bbox 1330 5015 1627 5081; x_wconf 86' lang='lat' dir='ltr'>Leovigildi</span> <span class='ocrx_word' id='word_1_761' title='bbox 1672 5018 2009 5082; x_wconf 85' lang='lat' dir='ltr'>temporibus</span> <span class='ocrx_word' id='word_1_762' title='bbox 2054 5021 2110 5071; x_wconf 88' lang='lat' dir='ltr'>in</span> 
     </span>
    </p>
   </div>
   <div class='ocr_carea' id='block_1_98' title="bbox 393 5085 2113 5157">
    <p class='ocr_par' dir='ltr' id='par_1_98' title="bbox 393 5085 2113 5157">
     <span class='ocr_line' id='line_1_98' title="bbox 393 5085 2113 5157; baseline 0.006 -20"><span class='ocrx_word' id='word_1_763' title='bbox 393 5085 653 5151; x_wconf 81' lang='lat' dir='ltr'>Hispania</span> <span class='ocrx_word' id='word_1_764' title='bbox 702 5089 942 5152; x_wconf 79' lang='lat' dir='ltr'>contigit,</span> <span class='ocrx_word' id='word_1_765' title='bbox 984 5101 1147 5153; x_wconf 86' lang='lat' dir='ltr'>quam</span> <span class='ocrx_word' id='word_1_766' title='bbox 1192 5095 1378 5144; x_wconf 86' lang='lat' dir='ltr'>narrat</span> <span class='ocrx_word' id='word_1_767' title='bbox 1432 5092 1551 5157; x_wconf 91' lang='lat' dir='ltr'>ipse</span> <span class='ocrx_word' id='word_1_768' title='bbox 1599 5093 1893 5156; x_wconf 80' lang='lat' dir='ltr'>Gregorius</span> <span class='ocrx_word' id='word_1_769' title='bbox 1915 5092 2008 5145; x_wconf 88' lang='lat' dir='ltr'>lib.</span> <span class='ocrx_word' id='word_1_770' title='bbox 2046 5093 2113 5147; x_wconf 89' lang='lat' dir='ltr'>de</span> 
     </span>
    </p>
   </div>
   <div class='ocr_carea' id='block_1_99' title="bbox 396 5157 1033 5222">
    <p class='ocr_par' dir='ltr' id='par_1_99' title="bbox 396 5157 1033 5222">
     <span class='ocr_line' id='line_1_99' title="bbox 396 5157 1033 5222; baseline 0.008 -14"><span class='ocrx_word' id='word_1_771' title='bbox 396 5157 574 5210; x_wconf 84' lang='lat' dir='ltr'>Gloria</span> <span class='ocrx_word' id='word_1_772' title='bbox 607 5158 781 5222; x_wconf 87' lang='lat' dir='ltr'>Conf.,</span> <span class='ocrx_word' id='word_1_773' title='bbox 808 5172 925 5222; x_wconf 88' lang='lat' dir='ltr'>cap.</span> <span class='ocrx_word' id='word_1_774' title='bbox 957 5161 1033 5213; x_wconf 74' lang='lat'>13.</span> 
     </span>
    </p>
   </div>
   <div class='ocr_carea' id='block_1_100' title="bbox 460 5229 2110 5355">
    <p class='ocr_par' dir='ltr' id='par_1_100' title="bbox 460 5229 2110 5355">
     <span class='ocr_line' id='line_1_100' title="bbox 460 5229 2110 5355; baseline 0.006 -75"><span class='ocrx_word' id='word_1_775' title='bbox 460 5229 726 5355; x_wconf 46' lang='grc' dir='ltr'>ξῃξὶὲῗιῖιη</span> <span class='ocrx_word' id='word_1_776' title='bbox 782 5230 841 5283; x_wconf 85' lang='grc' dir='ltr'>υἱ</span> <span class='ocrx_word' id='word_1_777' title='bbox 888 5231 1286 5297; x_wconf 68' lang='grc' dir='ltr'>σωυιρνίηιενεε.</span> <span class='ocrx_word' id='word_1_778' title='bbox 1326 5235 1530 5299; x_wconf 71' lang='lat' dir='ltr'>Casin,</span> <span class='ocrx_word' id='word_1_779' title='bbox 1585 5234 1769 5300; x_wconf 78' lang='lat' dir='ltr'>digitis</span> <span class='ocrx_word' id='word_1_780' title='bbox 1815 5237 1927 5290; x_wconf 83' lang='lat' dir='ltr'>suis</span> <span class='ocrx_word' id='word_1_781' title='bbox 1964 5250 2110 5290; x_wconf 87' lang='lat' dir='ltr'>com-</span> 
     </span>
    </p>
   </div>
   <div class='ocr_carea' id='block_1_101' title="bbox 396 5313 683 5366">
    <p class='ocr_par' dir='ltr' id='par_1_101' title="bbox 396 5313 683 5366">
     <span class='ocr_line' id='line_1_101' title="bbox 396 5313 683 5366; baseline 0.014 -13"><span class='ocrx_word' id='word_1_782' title='bbox 396 5313 683 5366; x_wconf 75' lang='lat' dir='ltr'>prsmeret.</span> 
     </span>
    </p>
   </div>
   <div class='ocr_carea' id='block_1_102' title="bbox 458 5375 1615 5446">
    <p class='ocr_par' dir='ltr' id='par_1_102' title="bbox 458 5375 1615 5446">
     <span class='ocr_line' id='line_1_102' title="bbox 458 5375 1615 5446; baseline 0.008 -21"><span class='ocrx_word' id='word_1_783' title='bbox 458 5382 477 5446; x_wconf 58' lang='grc' dir='ltr'>ὲ</span> <span class='ocrx_word' id='word_1_784' title='bbox 512 5375 663 5439; x_wconf 89' lang='lat' dir='ltr'>Bell.,</span> <span class='ocrx_word' id='word_1_785' title='bbox 696 5376 914 5441; x_wconf 82' lang='lat' dir='ltr'>faciem,</span> <span class='ocrx_word' id='word_1_786' title='bbox 946 5392 1048 5446; x_wconf 91' lang='lat' dir='ltr'>pro</span> <span class='ocrx_word' id='word_1_787' title='bbox 1076 5380 1274 5445; x_wconf 82' lang='lat' dir='ltr'>facem,</span> <span class='ocrx_word' id='word_1_788' title='bbox 1307 5383 1412 5433; x_wconf 87' lang='lat' dir='ltr'>nisi</span> <span class='ocrx_word' id='word_1_789' title='bbox 1435 5380 1615 5435; x_wconf 81' lang='lat' dir='ltr'>fallor.</span> 
     </span>
    </p>
   </div>
   <div class='ocr_carea' id='block_1_103' title="bbox 422 5445 2106 5518">
    <p class='ocr_par' dir='ltr' id='par_1_103' title="bbox 422 5445 2106 5518">
     <span class='ocr_line' id='line_1_103' title="bbox 422 5445 2106 5518; baseline 0.005 -19"><span class='ocrx_word' id='word_1_790' title='bbox 422 5445 479 5511; x_wconf 82' lang='grc'>,⁴</span> <span class='ocrx_word' id='word_1_791' title='bbox 510 5447 585 5500; x_wconf 88' lang='lat' dir='ltr'>De</span> <span class='ocrx_word' id='word_1_792' title='bbox 630 5449 887 5516; x_wconf 82' lang='lat' dir='ltr'>Eugenio,</span> <span class='ocrx_word' id='word_1_793' title='bbox 945 5445 1268 5516; x_wconf 78' lang='lat' dir='ltr'>easterisque</span> <span class='ocrx_word' id='word_1_794' title='bbox 1326 5453 1415 5507; x_wconf 89' lang='lat' dir='ltr'>hic</span> <span class='ocrx_word' id='word_1_795' title='bbox 1472 5466 1503 5505; x_wconf 88' lang='lat' dir='ltr'>a</span> <span class='ocrx_word' id='word_1_796' title='bbox 1550 5452 1809 5517; x_wconf 84' lang='lat' dir='ltr'>Gregorio</span> <span class='ocrx_word' id='word_1_797' title='bbox 1848 5453 2106 5518; x_wconf 84' lang='lat' dir='ltr'>laudatis,</span> 
     </span>
    </p>
   </div>
   <div class='ocr_carea' id='block_1_104' title="bbox 395 5519 2108 5586">
    <p class='ocr_par' dir='ltr' id='par_1_104' title="bbox 395 5519 2108 5586">
     <span class='ocr_line' id='line_1_104' title="bbox 395 5519 2108 5586; baseline 0.005 -17"><span class='ocrx_word' id='word_1_798' title='bbox 395 5519 623 5572; x_wconf 86' lang='lat' dir='ltr'>consule</span> <span class='ocrx_word' id='word_1_799' title='bbox 676 5521 967 5575; x_wconf 82' lang='lat' dir='ltr'>Historiam</span> <span class='ocrx_word' id='word_1_800' title='bbox 1028 5523 1432 5586; x_wconf 86' lang='lat' dir='ltr'>persecutionis</span> <span class='ocrx_word' id='word_1_801' title='bbox 1503 5524 1797 5576; x_wconf 80' lang='lat' dir='ltr'>Vandalicas</span> <span class='ocrx_word' id='word_1_802' title='bbox 1862 5537 1895 5577; x_wconf 88' lang='lat' dir='ltr'>a</span> <span class='ocrx_word' id='word_1_803' title='bbox 1953 5526 2108 5579; x_wconf 90' lang='lat' dir='ltr'>nobis</span> 
     </span>
    </p>
   </div>
   <div class='ocr_carea' id='block_1_105' title="bbox 397 5589 2108 5663">
    <p class='ocr_par' dir='ltr' id='par_1_105' title="bbox 397 5589 2108 5663">
     <span class='ocr_line' id='line_1_105' title="bbox 397 5589 2108 5663; baseline 0.005 -21"><span class='ocrx_word' id='word_1_804' title='bbox 397 5589 614 5663; x_wconf 77' lang='lat' dir='ltr'>editam,</span> <span class='ocrx_word' id='word_1_805' title='bbox 668 5604 788 5657; x_wconf 90' lang='lat' dir='ltr'>cap.</span> <span class='ocrx_word' id='word_1_806' title='bbox 833 5595 881 5654; x_wconf 92' lang='lat'>8,</span> <span class='ocrx_word' id='word_1_807' title='bbox 935 5594 1029 5645; x_wconf 90' lang='lat' dir='ltr'>ubi</span> <span class='ocrx_word' id='word_1_808' title='bbox 1074 5594 1195 5647; x_wconf 85' lang='lat' dir='ltr'>inse</span> <span class='ocrx_word' id='word_1_809' title='bbox 1237 5594 1306 5647; x_wconf 88' lang='lat' dir='ltr'>de</span> <span class='ocrx_word' id='word_1_810' title='bbox 1365 5594 1453 5647; x_wconf 90' lang='lat' dir='ltr'>his</span> <span class='ocrx_word' id='word_1_811' title='bbox 1497 5598 1725 5659; x_wconf 84' lang='lat' dir='ltr'>egimus,</span> <span class='ocrx_word' id='word_1_812' title='bbox 1773 5598 1827 5649; x_wconf 88' lang='lat' dir='ltr'>et</span> <span class='ocrx_word' id='word_1_813' title='bbox 1869 5596 1937 5650; x_wconf 92' lang='lat' dir='ltr'>de</span> <span class='ocrx_word' id='word_1_814' title='bbox 1987 5600 2108 5663; x_wconf 87' lang='lat' dir='ltr'>ejus</span> 
     </span>
    </p>
   </div>
   <div class='ocr_carea' id='block_1_106' title="bbox 395 5659 1492 5728">
    <p class='ocr_par' dir='ltr' id='par_1_106' title="bbox 395 5659 1492 5728">
     <span class='ocr_line' id='line_1_106' title="bbox 395 5659 1492 5728; baseline 0.003 -12"><span class='ocrx_word' id='word_1_815' title='bbox 395 5659 648 5725; x_wconf 76' lang='lat' dir='ltr'>sepulcro</span> <span class='ocrx_word' id='word_1_816' title='bbox 678 5675 849 5728; x_wconf 89' lang='lat' dir='ltr'>prope</span> <span class='ocrx_word' id='word_1_817' title='bbox 877 5663 1248 5728; x_wconf 69' lang='lat' dir='ltr'>Albigensium</span> <span class='ocrx_word' id='word_1_818' title='bbox 1282 5666 1492 5719; x_wconf 89' lang='lat' dir='ltr'>urbem.</span> 
     </span>
    </p>
   </div>
   <div class='ocr_carea' id='block_1_107' title="bbox 458 5731 2109 5802">
    <p class='ocr_par' dir='ltr' id='par_1_107' title="bbox 458 5731 2109 5802">
     <span class='ocr_line' id='line_1_107' title="bbox 458 5731 2109 5802; baseline 0.007 -17"><span class='ocrx_word' id='word_1_819' title='bbox 458 5739 481 5769; x_wconf 77' lang='grc' dir='ltr'><strong>ο</strong></span> <span class='ocrx_word' id='word_1_820' title='bbox 505 5731 668 5787; x_wconf 74' lang='lat' dir='ltr'>Anno</span> <span class='ocrx_word' id='word_1_821' title='bbox 722 5734 839 5796; x_wconf 73' lang='lat'>450;</span> <span class='ocrx_word' id='word_1_822' title='bbox 898 5738 1148 5802; x_wconf 86' lang='lat' dir='ltr'>sequenti</span> <span class='ocrx_word' id='word_1_823' title='bbox 1216 5748 1350 5793; x_wconf 84' lang='lat' dir='ltr'>vero</span> <span class='ocrx_word' id='word_1_824' title='bbox 1409 5738 1730 5797; x_wconf 87' lang='lat' dir='ltr'>Hunnorum</span> <span class='ocrx_word' id='word_1_825' title='bbox 1786 5741 1845 5795; x_wconf 90' lang='lat' dir='ltr'>in</span> <span class='ocrx_word' id='word_1_826' title='bbox 1907 5739 2109 5796; x_wconf 82' lang='lat' dir='ltr'>Gallias</span> 
     </span>
    </p>
   </div>
   <div class='ocr_carea' id='block_1_108' title="bbox 2184 4448 3926 4526">
    <p class='ocr_par' dir='ltr' id='par_1_108' title="bbox 2184 4448 3926 4526">
     <span class='ocr_line' id='line_1_108' title="bbox 2184 4448 3926 4526; baseline -0.001 -16"><span class='ocrx_word' id='word_1_827' title='bbox 2184 4450 2403 4526; x_wconf 91' lang='lat' dir='ltr'>judicio</span> <span class='ocrx_word' id='word_1_828' title='bbox 2459 4449 2581 4523; x_wconf 91' lang='lat' dir='ltr'>Dei,</span> <span class='ocrx_word' id='word_1_829' title='bbox 2639 4465 2741 4524; x_wconf 91' lang='lat' dir='ltr'>pro</span> <span class='ocrx_word' id='word_1_830' title='bbox 2786 4451 3070 4509; x_wconf 83' lang='lat' dir='ltr'>eﬁ‘usione</span> <span class='ocrx_word' id='word_1_831' title='bbox 3121 4449 3425 4525; x_wconf 87' lang='lat' dir='ltr'>sanguinis</span> <span class='ocrx_word' id='word_1_832' title='bbox 3453 4448 3598 4521; x_wconf 90' lang='lat' dir='ltr'>justi</span> <span class='ocrx_word' id='word_1_833' title='bbox 3642 4466 3675 4507; x_wconf 90' lang='lat' dir='ltr'>a</span> <span class='ocrx_word' id='word_1_834' title='bbox 3726 4465 3926 4522; x_wconf 88' lang='lat' dir='ltr'>regno</span> 
     </span>
    </p>
   </div>
   <div class='ocr_carea' id='block_1_109' title="bbox 2193 4538 3926 4615">
    <p class='ocr_par' dir='ltr' id='par_1_109' title="bbox 2193 4538 3926 4615">
     <span class='ocr_line' id='line_1_109' title="bbox 2193 4538 3926 4615; baseline -0.002 -14"><span class='ocrx_word' id='word_1_835' title='bbox 2193 4541 2596 4615; x_wconf 87' lang='lat' dir='ltr'>expelleretur,</span> <span class='ocrx_word' id='word_1_836' title='bbox 2632 4547 2685 4599; x_wconf 91' lang='lat' dir='ltr'>et</span> <span class='ocrx_word' id='word_1_837' title='bbox 2732 4546 2881 4600; x_wconf 89' lang='lat' dir='ltr'>esset</span> <span class='ocrx_word' id='word_1_838' title='bbox 2918 4539 3088 4600; x_wconf 90' lang='lat' dir='ltr'>exsul</span> <span class='ocrx_word' id='word_1_839' title='bbox 3116 4557 3150 4599; x_wconf 91' lang='lat' dir='ltr'>a</span> <span class='ocrx_word' id='word_1_840' title='bbox 3176 4540 3381 4615; x_wconf 86' lang='lat' dir='ltr'>patria,</span> <span class='ocrx_word' id='word_1_841' title='bbox 3412 4539 3514 4615; x_wconf 91' lang='lat' dir='ltr'>qui</span> <span class='ocrx_word' id='word_1_842' title='bbox 3562 4539 3665 4597; x_wconf 87' lang='lat' dir='ltr'>Dei</span> <span class='ocrx_word' id='word_1_843' title='bbox 3713 4538 3926 4598; x_wconf 60' lang='lat' dir='ltr'>Eccle</span> 
     </span>
    </p>
   </div>
   <div class='ocr_carea' id='block_1_110' title="bbox 2192 4628 3918 4704">
    <p class='ocr_par' dir='ltr' id='par_1_110' title="bbox 2192 4628 3918 4704">
     <span class='ocr_line' id='line_1_110' title="bbox 2192 4628 3918 4704; baseline -0.002 -14"><span class='ocrx_word' id='word_1_844' title='bbox 2192 4630 2306 4690; x_wconf 89' lang='lat' dir='ltr'>sias</span> <span class='ocrx_word' id='word_1_845' title='bbox 2334 4629 2735 4704; x_wconf 90' lang='lat' dir='ltr'>impugnabat.</span> <span class='ocrx_word' id='word_1_846' title='bbox 2777 4631 2947 4690; x_wconf 93' lang='lat' dir='ltr'>Nunc</span> <span class='ocrx_word' id='word_1_847' title='bbox 2978 4646 3113 4691; x_wconf 91' lang='lat' dir='ltr'>vero</span> <span class='ocrx_word' id='word_1_848' title='bbox 3138 4632 3211 4689; x_wconf 87' lang='lat' dir='ltr'>ad</span> <span class='ocrx_word' id='word_1_849' title='bbox 3240 4630 3534 4704; x_wconf 88' lang='lat' dir='ltr'>superiora</span> <span class='ocrx_word' id='word_1_850' title='bbox 3573 4628 3918 4689; x_wconf 88' lang='lat' dir='ltr'>redeamus.</span> 
     </span>
    </p>
   </div>
   <div class='ocr_carea' id='block_1_111' title="bbox 2190 4796 3917 4922">
    <p class='ocr_par' dir='ltr' id='par_1_111' title="bbox 2190 4796 3917 4922">
     <span class='ocr_line' id='line_1_111' title="bbox 2190 4796 3917 4864; baseline 0.003 -16"><span class='ocrx_word' id='word_1_851' title='bbox 2190 4796 2548 4862; x_wconf 86' lang='lat' dir='ltr'>irruptionem</span> <span class='ocrx_word' id='word_1_852' title='bbox 2620 4798 2917 4863; x_wconf 85' lang='lat' dir='ltr'>contigisse</span> <span class='ocrx_word' id='word_1_853' title='bbox 2984 4797 3179 4864; x_wconf 90' lang='lat' dir='ltr'>probat</span> <span class='ocrx_word' id='word_1_854' title='bbox 3240 4797 3483 4862; x_wconf 78' lang='lat' dir='ltr'>Scaliger</span> <span class='ocrx_word' id='word_1_855' title='bbox 3539 4796 3636 4849; x_wconf 92' lang='lat' dir='ltr'>lib.</span> <span class='ocrx_word' id='word_1_856' title='bbox 3707 4810 3771 4850; x_wconf 79' lang='lat' dir='ltr'>vi</span> <span class='ocrx_word' id='word_1_857' title='bbox 3838 4799 3917 4853; x_wconf 89' lang='lat' dir='ltr'>de</span> 
     </span>
     <span class='ocr_line' id='line_1_112' title="bbox 2193 4870 2603 4922; baseline -0.002 0"><span class='ocrx_word' id='word_1_858' title='bbox 2193 4870 2411 4922; x_wconf 83' lang='lat' dir='ltr'>Emend.</span> <span class='ocrx_word' id='word_1_859' title='bbox 2438 4874 2603 4922; x_wconf 84' lang='lat' dir='ltr'>temp.</span> 
     </span>
    </p>
   </div>
   <div class='ocr_carea' id='block_1_112' title="bbox 2235 4874 2603 4932">
    <p class='ocr_par' dir='ltr' id='par_1_112' title="bbox 2235 4874 2603 4932">
     <span class='ocr_line' id='line_1_113' title="bbox 2235 4874 2603 4932; baseline 0.003 -12"><span class='ocrx_word' id='word_1_860' title='bbox 2235 4874 2411 4922; x_wconf 89' lang='lat' dir='ltr'>mend.</span> <span class='ocrx_word' id='word_1_861' title='bbox 2438 4874 2603 4932; x_wconf 89' lang='lat' dir='ltr'>temp.</span> 
     </span>
    </p>
   </div>
   <div class='ocr_carea' id='block_1_113' title="bbox 2258 4936 3919 5009">
    <p class='ocr_par' dir='ltr' id='par_1_113' title="bbox 2258 4936 3919 5009">
     <span class='ocr_line' id='line_1_114' title="bbox 2258 4936 3919 5009; baseline 0.004 -16"><span class='ocrx_word' id='word_1_862' title='bbox 2258 4942 2278 4979; x_wconf 71' lang='grc' dir='ltr'><strong><em>ε</em></strong></span> <span class='ocrx_word' id='word_1_863' title='bbox 2312 4942 2457 5007; x_wconf 85' lang='lat' dir='ltr'>Reg.,</span> <span class='ocrx_word' id='word_1_864' title='bbox 2510 4941 2831 5006; x_wconf 78' lang='lat' dir='ltr'>Hitdericus,</span> <span class='ocrx_word' id='word_1_865' title='bbox 2887 4942 3035 5009; x_wconf 88' lang='lat' dir='ltr'>quod</span> <span class='ocrx_word' id='word_1_866' title='bbox 3084 4942 3230 4996; x_wconf 91' lang='lat' dir='ltr'>idem</span> <span class='ocrx_word' id='word_1_867' title='bbox 3280 4945 3405 5004; x_wconf 87' lang='lat' dir='ltr'>est;</span> <span class='ocrx_word' id='word_1_868' title='bbox 3460 4954 3584 4995; x_wconf 84' lang='lat' dir='ltr'>nam</span> <span class='ocrx_word' id='word_1_869' title='bbox 3606 4936 3725 4996; x_wconf 77' lang='lat' dir='ltr'>istis</span> <span class='ocrx_word' id='word_1_870' title='bbox 3758 4946 3919 4998; x_wconf 85' lang='lat' dir='ltr'>tem-</span> 
     </span>
    </p>
   </div>
   <div class='ocr_carea' id='block_1_114' title="bbox 2192 5013 3916 5080">
    <p class='ocr_par' dir='ltr' id='par_1_114' title="bbox 2192 5013 3916 5080">
     <span class='ocr_line' id='line_1_115' title="bbox 2192 5013 3916 5080; baseline 0.003 -14"><span class='ocrx_word' id='word_1_871' title='bbox 2192 5014 2417 5080; x_wconf 86' lang='lat' dir='ltr'>poribus</span> <span class='ocrx_word' id='word_1_872' title='bbox 2470 5013 2647 5067; x_wconf 86' lang='lat' dir='ltr'>littera</span> <span class='ocrx_word' id='word_1_873' title='bbox 2696 5017 2734 5067; x_wconf 88' lang='lat' dir='ltr'>H</span> <span class='ocrx_word' id='word_1_874' title='bbox 2780 5016 3009 5078; x_wconf 87' lang='lat' dir='ltr'>perinde</span> <span class='ocrx_word' id='word_1_875' title='bbox 3044 5015 3271 5068; x_wconf 81' lang='lat' dir='ltr'>sonabat</span> <span class='ocrx_word' id='word_1_876' title='bbox 3312 5028 3376 5068; x_wconf 86' lang='lat' dir='ltr'>ac</span> <span class='ocrx_word' id='word_1_877' title='bbox 3420 5015 3621 5067; x_wconf 85' lang='lat' dir='ltr'>nostris</span> <span class='ocrx_word' id='word_1_878' title='bbox 3654 5016 3753 5069; x_wconf 87' lang='lat' dir='ltr'>Ch.</span> <span class='ocrx_word' id='word_1_879' title='bbox 3790 5016 3916 5071; x_wconf 75' lang='lat' dir='ltr'>Ca:-</span> 
     </span>
    </p>
   </div>
   <div class='ocr_carea' id='block_1_115' title="bbox 2192 5086 3921 5142">
    <p class='ocr_par' dir='ltr' id='par_1_115' title="bbox 2192 5086 3921 5142">
     <span class='ocr_line' id='line_1_116' title="bbox 2192 5086 3921 5142; baseline 0.003 -5"><span class='ocrx_word' id='word_1_880' title='bbox 2192 5089 2372 5138; x_wconf 87' lang='lat' dir='ltr'>terum</span> <span class='ocrx_word' id='word_1_881' title='bbox 2416 5098 2526 5138; x_wconf 90' lang='lat' dir='ltr'>non</span> <span class='ocrx_word' id='word_1_882' title='bbox 2561 5087 2665 5137; x_wconf 91' lang='lat' dir='ltr'>nisi</span> <span class='ocrx_word' id='word_1_883' title='bbox 2715 5086 3066 5139; x_wconf 88' lang='lat' dir='ltr'>Guntabundo</span> <span class='ocrx_word' id='word_1_884' title='bbox 3121 5090 3175 5140; x_wconf 89' lang='lat' dir='ltr'>et</span> <span class='ocrx_word' id='word_1_885' title='bbox 3229 5087 3593 5139; x_wconf 84' lang='lat' dir='ltr'>Trasamundo</span> <span class='ocrx_word' id='word_1_886' title='bbox 3653 5088 3921 5142; x_wconf 56' lang='lat' dir='ltr'>interme-</span> 
     </span>
    </p>
   </div>
   <div class='ocr_carea' id='block_1_116' title="bbox 2193 5158 3920 5225">
    <p class='ocr_par' dir='ltr' id='par_1_116' title="bbox 2193 5158 3920 5225">
     <span class='ocr_line' id='line_1_117' title="bbox 2193 5158 3920 5225; baseline 0.005 -16"><span class='ocrx_word' id='word_1_887' title='bbox 2193 5158 2299 5210; x_wconf 90' lang='lat' dir='ltr'>diis</span> <span class='ocrx_word' id='word_1_888' title='bbox 2355 5159 2627 5212; x_wconf 90' lang='lat' dir='ltr'>Hunerico</span> <span class='ocrx_word' id='word_1_889' title='bbox 2673 5162 2814 5225; x_wconf 88' lang='lat' dir='ltr'>patri</span> <span class='ocrx_word' id='word_1_890' title='bbox 2875 5173 2973 5213; x_wconf 88' lang='lat' dir='ltr'>suo</span> <span class='ocrx_word' id='word_1_891' title='bbox 3030 5162 3294 5213; x_wconf 88' lang='lat' dir='ltr'>successit</span> <span class='ocrx_word' id='word_1_892' title='bbox 3339 5159 3671 5219; x_wconf 86' lang='lat' dir='ltr'>Hitdericus;</span> <span class='ocrx_word' id='word_1_893' title='bbox 3707 5173 3817 5214; x_wconf 85' lang='lat' dir='ltr'>nec</span> <span class='ocrx_word' id='word_1_894' title='bbox 3844 5176 3920 5217; x_wconf 89' lang='lat' dir='ltr'>eo</span> 
     </span>
    </p>
   </div>
   <div class='ocr_carea' id='block_1_117' title="bbox 2194 5229 3918 5299">
    <p class='ocr_par' dir='ltr' id='par_1_117' title="bbox 2194 5229 3918 5299">
     <span class='ocr_line' id='line_1_118' title="bbox 2194 5229 3918 5299; baseline 0.003 -17"><span class='ocrx_word' id='word_1_895' title='bbox 2194 5229 2471 5292; x_wconf 86' lang='lat' dir='ltr'>defuncto,</span> <span class='ocrx_word' id='word_1_896' title='bbox 2543 5231 2642 5283; x_wconf 91' lang='lat' dir='ltr'>sed</span> <span class='ocrx_word' id='word_1_897' title='bbox 2722 5232 2894 5297; x_wconf 88' lang='lat' dir='ltr'>pulso,</span> <span class='ocrx_word' id='word_1_898' title='bbox 2962 5231 3248 5285; x_wconf 88' lang='lat' dir='ltr'>Gelisimer</span> <span class='ocrx_word' id='word_1_899' title='bbox 3300 5245 3529 5296; x_wconf 84' lang='lat' dir='ltr'>regnum</span> <span class='ocrx_word' id='word_1_900' title='bbox 3604 5240 3918 5299; x_wconf 79' lang='lat' dir='ltr'>occupavit.</span> 
     </span>
    </p>
   </div>
   <div class='ocr_carea' id='block_1_118' title="bbox 2192 5302 3921 5369">
    <p class='ocr_par' dir='ltr' id='par_1_118' title="bbox 2192 5302 3921 5369">
     <span class='ocr_line' id='line_1_119' title="bbox 2192 5302 3921 5369; baseline 0.004 -14"><span class='ocrx_word' id='word_1_901' title='bbox 2192 5302 2392 5356; x_wconf 89' lang='lat' dir='ltr'>Eorum</span> <span class='ocrx_word' id='word_1_902' title='bbox 2441 5302 2712 5356; x_wconf 84' lang='lat' dir='ltr'>fortunam</span> <span class='ocrx_word' id='word_1_903' title='bbox 2772 5305 3063 5369; x_wconf 88' lang='lat' dir='ltr'>Procopius</span> <span class='ocrx_word' id='word_1_904' title='bbox 3117 5307 3171 5357; x_wconf 92' lang='lat' dir='ltr'>et</span> <span class='ocrx_word' id='word_1_905' title='bbox 3233 5304 3325 5358; x_wconf 88' lang='lat' dir='ltr'>alii</span> <span class='ocrx_word' id='word_1_906' title='bbox 3372 5304 3704 5358; x_wconf 88' lang='lat' dir='ltr'>describunt.</span> <span class='ocrx_word' id='word_1_907' title='bbox 3782 5308 3921 5362; x_wconf 73' lang='lat' dir='ltr'>Vide</span> 
     </span>
    </p>
   </div>
   <div class='ocr_carea' id='block_1_119' title="bbox 2190 5375 3684 5443">
    <p class='ocr_par' dir='ltr' id='par_1_119' title="bbox 2190 5375 3684 5443">
     <span class='ocr_line' id='line_1_120' title="bbox 2190 5375 3684 5443; baseline 0.002 -17"><span class='ocrx_word' id='word_1_908' title='bbox 2190 5375 2324 5427; x_wconf 88' lang='lat' dir='ltr'>Hist.</span> <span class='ocrx_word' id='word_1_909' title='bbox 2355 5380 2625 5441; x_wconf 81' lang='lat' dir='ltr'>persecat.</span> <span class='ocrx_word' id='word_1_910' title='bbox 2642 5377 2947 5429; x_wconf 59' lang='lat' dir='ltr'>‘Vandalicae</span> <span class='ocrx_word' id='word_1_911' title='bbox 2970 5390 3001 5428; x_wconf 91' lang='lat' dir='ltr'>a</span> <span class='ocrx_word' id='word_1_912' title='bbox 3028 5379 3184 5430; x_wconf 87' lang='lat' dir='ltr'>nobis</span> <span class='ocrx_word' id='word_1_913' title='bbox 3210 5379 3430 5439; x_wconf 87' lang='lat' dir='ltr'>editam,</span> <span class='ocrx_word' id='word_1_914' title='bbox 3453 5391 3574 5443; x_wconf 89' lang='lat' dir='ltr'>cap.</span> <span class='ocrx_word' id='word_1_915' title='bbox 3605 5379 3684 5429; x_wconf 82' lang='lat' dir='ltr'>t2.</span> 
     </span>
    </p>
   </div>
   <div class='ocr_carea' id='block_1_120' title="bbox 2254 5451 3923 5573">
    <p class='ocr_par' dir='ltr' id='par_1_120' title="bbox 2254 5451 3923 5573">
     <span class='ocr_line' id='line_1_121' title="bbox 2254 5451 3923 5573; baseline 0.007 -72"><span class='ocrx_word' id='word_1_916' title='bbox 2254 5451 2390 5573; x_wconf 45' lang='lat'>501219</span> <span class='ocrx_word' id='word_1_917' title='bbox 2426 5454 2509 5503; x_wconf 88' lang='lat' dir='ltr'>est</span> <span class='ocrx_word' id='word_1_918' title='bbox 2554 5464 2587 5503; x_wconf 89' lang='lat' dir='ltr'>a</span> <span class='ocrx_word' id='word_1_919' title='bbox 2628 5451 2881 5505; x_wconf 88' lang='lat' dir='ltr'>Belisario</span> <span class='ocrx_word' id='word_1_920' title='bbox 2931 5453 3143 5507; x_wconf 78' lang='lat' dir='ltr'>famoso</span> <span class='ocrx_word' id='word_1_921' title='bbox 3207 5455 3346 5507; x_wconf 87' lang='lat' dir='ltr'>duce</span> <span class='ocrx_word' id='word_1_922' title='bbox 3403 5454 3688 5507; x_wconf 79' lang='lat' dir='ltr'>Justiniani</span> <span class='ocrx_word' id='word_1_923' title='bbox 3739 5454 3923 5522; x_wconf 79' lang='lat' dir='ltr'>impe-</span> 
     </span>
     <span class='ocr_line' id='line_1_122' title="bbox 2314 5536 2411 5573; baseline 0 0"><span class='ocrx_word' id='word_1_924' title='bbox 2314 5536 2339 5573; x_wconf 81' lang='grc' dir='ltr'>ι·</span> <span class='ocrx_word' id='word_1_925' title='bbox 2399 5561 2411 5573; x_wconf 93' lang='grc'><strong><em>.</em></strong></span> 
     </span>
    </p>
   </div>
   <div class='ocr_carea' id='block_1_121' title="bbox 2190 5534 2411 5576">
    <p class='ocr_par' dir='ltr' id='par_1_121' title="bbox 2190 5534 2411 5576">
     <span class='ocr_line' id='line_1_123' title="bbox 2190 5534 2411 5576; baseline -0.014 0"><span class='ocrx_word' id='word_1_926' title='bbox 2190 5534 2411 5576; x_wconf 67' lang='grc' dir='ltr'>Γειοτιε.</span> 
     </span>
    </p>
   </div>
   <div class='ocr_carea' id='block_1_122' title="bbox 2250 5594 3916 5658">
    <p class='ocr_par' dir='ltr' id='par_1_122' title="bbox 2250 5594 3916 5658">
     <span class='ocr_line' id='line_1_124' title="bbox 2250 5594 3916 5658; baseline 0.007 -14"><span class='ocrx_word' id='word_1_927' title='bbox 2250 5594 2273 5624; x_wconf 71' lang='grc' dir='ltr'>ι·</span> <span class='ocrx_word' id='word_1_928' title='bbox 2308 5594 2430 5646; x_wconf 85' lang='lat' dir='ltr'>Haec</span> <span class='ocrx_word' id='word_1_929' title='bbox 2479 5605 2659 5658; x_wconf 90' lang='lat' dir='ltr'>usque</span> <span class='ocrx_word' id='word_1_930' title='bbox 2701 5595 2769 5647; x_wconf 88' lang='lat' dir='ltr'>ad</span> <span class='ocrx_word' id='word_1_931' title='bbox 2797 5595 2941 5647; x_wconf 79' lang='lat' dir='ltr'>unde</span> <span class='ocrx_word' id='word_1_932' title='bbox 2986 5596 3183 5650; x_wconf 91' lang='lat' dir='ltr'>desunt</span> <span class='ocrx_word' id='word_1_933' title='bbox 3224 5596 3280 5649; x_wconf 90' lang='lat' dir='ltr'>in</span> <span class='ocrx_word' id='word_1_934' title='bbox 3301 5609 3430 5651; x_wconf 88' lang='lat' dir='ltr'>mss.</span> <span class='ocrx_word' id='word_1_935' title='bbox 3460 5599 3510 5651; x_wconf 82' lang='lat'>2.</span> <span class='ocrx_word' id='word_1_936' title='bbox 3547 5598 3709 5652; x_wconf 88' lang='lat' dir='ltr'>Porro</span> <span class='ocrx_word' id='word_1_937' title='bbox 3738 5600 3916 5656; x_wconf 71' lang='lat' dir='ltr'>Atha-</span> 
     </span>
    </p>
   </div>
   <div class='ocr_carea' id='block_1_123' title="bbox 2187 5667 3918 5735">
    <p class='ocr_par' dir='ltr' id='par_1_123' title="bbox 2187 5667 3918 5735">
     <span class='ocr_line' id='line_1_125' title="bbox 2187 5667 3918 5735; baseline 0.003 -13"><span class='ocrx_word' id='word_1_938' title='bbox 2187 5667 2362 5722; x_wconf 86' lang='lat' dir='ltr'>narici</span> <span class='ocrx_word' id='word_1_939' title='bbox 2405 5669 2847 5732; x_wconf 88' lang='lat' dir='ltr'>persecutionem</span> <span class='ocrx_word' id='word_1_940' title='bbox 2882 5669 3209 5735; x_wconf 88' lang='lat' dir='ltr'>descriptam</span> <span class='ocrx_word' id='word_1_941' title='bbox 3249 5670 3420 5725; x_wconf 87' lang='lat' dir='ltr'>habes</span> <span class='ocrx_word' id='word_1_942' title='bbox 3473 5671 3532 5724; x_wconf 94' lang='lat' dir='ltr'>in</span> <span class='ocrx_word' id='word_1_943' title='bbox 3569 5673 3710 5725; x_wconf 77' lang='lat' dir='ltr'>Actis</span> <span class='ocrx_word' id='word_1_944' title='bbox 3752 5685 3918 5728; x_wconf 79' lang='lat' dir='ltr'>mar-</span> 
     </span>
    </p>
   </div>
   <div class='ocr_carea' id='block_1_124' title="bbox 2188 5740 3808 5807">
    <p class='ocr_par' dir='ltr' id='par_1_124' title="bbox 2188 5740 3808 5807">
     <span class='ocr_line' id='line_1_126' title="bbox 2188 5740 3808 5807; baseline 0.003 -13"><span class='ocrx_word' id='word_1_945' title='bbox 2188 5742 2372 5806; x_wconf 82' lang='lat' dir='ltr'>tyrum</span> <span class='ocrx_word' id='word_1_946' title='bbox 2396 5740 2648 5805; x_wconf 88' lang='lat' dir='ltr'>sinceris,</span> <span class='ocrx_word' id='word_1_947' title='bbox 2684 5753 2809 5807; x_wconf 81' lang='lat' dir='ltr'>pag.</span> <span class='ocrx_word' id='word_1_948' title='bbox 2836 5741 2948 5804; x_wconf 86' lang='lat'>670,</span> <span class='ocrx_word' id='word_1_949' title='bbox 2980 5741 3073 5796; x_wconf 88' lang='lat' dir='ltr'>ubi</span> <span class='ocrx_word' id='word_1_950' title='bbox 3097 5741 3165 5798; x_wconf 87' lang='lat' dir='ltr'>de</span> <span class='ocrx_word' id='word_1_951' title='bbox 3197 5740 3247 5797; x_wconf 92' lang='lat' dir='ltr'>S.</span> <span class='ocrx_word' id='word_1_952' title='bbox 3264 5742 3398 5797; x_wconf 85' lang='lat' dir='ltr'>Saba</span> <span class='ocrx_word' id='word_1_953' title='bbox 3419 5743 3490 5799; x_wconf 84' lang='lat' dir='ltr'>ad</span> <span class='ocrx_word' id='word_1_954' title='bbox 3528 5756 3654 5799; x_wconf 84' lang='lat' dir='ltr'>ann.</span> <span class='ocrx_word' id='word_1_955' title='bbox 3689 5745 3808 5802; x_wconf 83' lang='lat'>372.</span> 
     </span>
    </p>
   </div>
  </div>
