3994 6332
32 286 119 345 197

969 276 1331 338 HISTORIA
1375 274 1860 335 FBANCORUM.
1903 274 2128 336 LIBER
2169 274 2577 339 SECUNDUS.

3430 284 3535 345 198

90 411 156 468 V.
189 410 386 485 [gitur
410 423 610 468 rumor
638 412 758 466 erat
787 405 1021 465 Chunos
1049 420 1072 444 τί
1098 407 1157 463 in
1186 404 1403 463 Gallias
1433 402 1580 461 velle
1611 404 1795 475 pro-A
1817 402 2113 473 accedens,
2146 403 2373 461 modica
2420 405 2689 477 pulsatus
2736 405 2897 464 febre
2928 407 3162 465 recessit
3188 424 3220 465 a
3248 422 3483 482 corpore
3511 426 3527 467 :

29 514 312 572 rumpere.
358 498 497 556 Erat
535 502 728 556 autem
774 502 909 555 tunc
950 493 1222 565 temporis
1270 492 1425 563 apud
1473 491 1739 561 Tungros

28 590 299 662 oppidum
345 586 709 646 Aravatius"
766 583 1000 642 eximia}
1049 580 1366 640 sanctitatis
1416 580 1736 652 episcopus,

28 679 116 753 qui
152 676 384 749 vigiliis
438 691 505 734 ac
552 675 794 750 jejuniis
844 688 1051 731 vacans
1103 671 1303 729 crebro
1350 671 1739 743 lacrymarum

28 768 201 825 imbre
242 768 544 840 perfusus,
602 765 838 823 Domini
885 762 1335 820 misericordiam
1378 759 1735 833 precabatur,

24 876 88 914 ne
121 873 393 931 unquam
424 864 653 929 gentem
687 856 837 912 hanc
889 852 1266 919 incredulam,
1309 864 1486 922 seque
1515 863 1739 920 semper

30 946 349 1018 indignam,
381 946 443 1003 in
470 944 686 1004 Gallias
714 944 913 1001 venire
948 941 1323 1016 permitteret.
1347 938 1458 996 Sed
1483 937 1737 994 sentiens

30 1051 117 1107 per
143 1035 454 1107 spiritum,
489 1049 591 1108 pro
625 1033 847 1091 delictis
874 1031 1093 1105 populi,
1124 1029 1235 1087 sibi
1274 1029 1382 1085 hoc
1411 1042 1527 1084 non
1562 1024 1739 1081 fuisse

24 1139 389 1193 concessum,
414 1122 724 1181 consilium
753 1120 956 1179 habuit
980 1117 1291 1192 expetendi
1330 1126 1350 1153 ο
1387 1115 1589 1173 urbem
1620 1114 1739 1172 R0-

28 1226 288 1279 manum;
325 1209 569 1279 scilicet,
606 1217 668 1267 ut
697 1210 985 1282 adjunctis
1015 1206 1123 1265 sibi
1157 1203 1480 1278 apostolicze
1508 1200 1739 1259 virtutis

22 1298 382 1372 patrociniis,
430 1315 562 1371 quae
600 1298 902 1357 humiliter
953 1296 1023 1354 ad
1072 1293 1388 1351 Dominum
1426 1290 1736 1363 flagitabat,

25 1398 344 1448 mereretur
376 1390 607 1448 facilius
636 1392 916 1448 obtinere.
967 1387 1262 1445 Accedens
1309 1399 1445 1456 ergo
1482 1382 1553 1440 ad
1588 1380 1739 1438 beati

29 1482 261 1555 apostoli
302 1480 628 1549 tumulum,
675 1479 1091 1552 deprecabatur
1137 1476 1432 1535 auxilium
1474 1471 1741 1530 bonitatis

26 1572 158 1644 ejus,
190 1573 257 1628 in
292 1568 499 1628 ‘multa
528 1568 897 1637 abstinentia,
931 1565 1191 1623 maxima
1216 1563 1409 1622 inedia
1441 1577 1501 1618 se
1529 1576 1740 1619 consu-

26 1674 178 1715 mens
207 1676 225 1729 ;
254 1658 344 1716 ita
372 1663 437 1715 ut
466 1656 639 1714 biduo
690 1656 995 1727 triduoque
1020 1654 1145 1711 sine
1174 1651 1295 1710 ullo
1328 1650 1456 1709 cibo
1485 1657 1741 1722 potuque

27 1756 303 1820 maneret,
356 1763 467 1805 nec
514 1754 659 1805 esset
688 1745 1064 1804 intervallum
1115 1742 1371 1817 aliquod,
1417 1741 1479 1799 in
1527 1756 1641 1813 quo
1668 1741 1796 1827 abB

30 1839 279 1895 oratione
306 1844 578 1895 cessaret.
614 1837 875 1910 Cumque
912 1835 992 1892 ibi
1022 1850 1123 1907 per
1162 1832 1479 1891 multorum
1508 1831 1735 1888 dierum

27 1926 193 1999 spatia
232 1926 299 1983 in
329 1925 435 1982 tali
458 1924 765 1983 aﬂlictione
797 1930 1138 1990 moraretur,
1168 1922 1349 1979 fertur
1372 1920 1478 1977 hoc
1506 1936 1539 1975 a
1572 1918 1735 1975 beato

28 2017 273 2089 apostolo
310 2016 603 2089 accepisse
633 2022 1014 2089 responsum‘:
1050 2012 1203 2081 Quid
1230 2027 1342 2082 me,
1374 2011 1464 2067 vir
1493 2008 1733 2067 sanctis-

28 2108 174 2174 sime,
236 2111 345 2168 52
397 2103 687 2178 inquietas
715 2102 743 2161 ?
785 2104 926 2161 Ecce
960 2102 1116 2161 enim
1146 2101 1297 2173 apud
1325 2097 1559 2157 Domini
1587 2095 1734 2153 deli-

27 2193 393 2253 berationem
443 2210 677 2268 prorsus
728 2193 1018 2252 sancitum
1051 2197 1137 2251 est
1163 2191 1396 2249 Chunos
1428 2190 1490 2247 in
1520 2186 1739 2247 Gallias

26 2284 324 2357 advenire,
381 2301 590 2365 easque
637 2286 893 2343 maxima
931 2291 1266 2358 tempestate
1305 2282 1511 2340 debere
1560 2280 1738 2353 depo-

24 2375 223 2445 pulari.
265 2374 414 2431 Non
455 2373 632 2445 igitur
670 2388 832 2431 sume
872 2373 1204 2440 consilium,
1238 2371 1495 2429 accelera
1526 2368 1737 2426 veloci-

26 2470 115 2531 ter,
164 2462 395 2520 ordina
421 2462 659 2520 domum
688 2470 867 2531 tuam,
902 2460 1258 2534 sepulturam
1296 2473 1616 2531 compone:
1647 2472 1738 2513 re-

1821 486 2169 561 ablutusque
2216 504 2249 545 a
2283 488 2572 562 ﬁdelibus,
2609 490 2779 562 juxta
2813 490 3004 565 ipsum
3040 509 3307 566 aggerem
3344 494 3534 567 publi-

1823 594 1956 636 cum
1993 585 2079 637 est
2104 579 2381 653 sepultus.
2415 581 2593 657 Cujus
2620 584 2853 641 beatum
2887 600 3093 657 corpus
3127 586 3377 658 qualiter
3404 593 3531 658 post

1824 667 2143 726 multorum
2181 677 2504 743 temporum
2536 673 2717 745 spatia
2751 672 2825 731 sit
2850 673 3210 746 translatum,
3242 675 3305 732 in
3335 675 3483 733 libro
3506 677 3527 713 τ

1824 756 2233 818 Miraculorum
2263 761 2617 835 scripsimus.

1896 848 1992 905 VI.
2031 850 2215 921 Igitur
2253 852 2442 910 Chuni
2474 869 2506 909 a
2538 852 2853 911 Pannoniis
2886 855 3119 928 egressi,
3172 862 3237 913 ut
3287 856 3525 927 quidam

1822 938 2034 1011 ferunt,
2068 941 2128 997 in
2166 941 2287 1015 ipsa
2320 942 2501 999 sancti
2534 942 2768 999 Pascha:
2812 944 3032 1015 vigilia,
3078 945 3150 1001 ad
3190 944 3529 1003 Mettensem

1823 1030 2299 1105 urbem,reliqua
2345 1031 2769 1104 depopulando,
2828 1034 3196 1106 perveniunt,
3244 1036 3532 1094 tradentes

1822 1118 2027 1175 urbem
2082 1118 2371 1189 incendio,
2402 1126 2456 1176 et
2486 1120 2768 1191 populum
2815 1121 2875 1178 in
2907 1138 3003 1179 ore
3039 1123 3215 1195 gladii
3246 1126 3531 1183 trucidan-

1825 1210 1925 1274 tes,
1986 1205 2255 1278 ipsosque
2314 1206 2635 1264 sacerdoles
2692 1208 2925 1265 Domini
2985 1218 3118 1267 ante
3171 1220 3527 1272 sacrosancta

1823 1302 1917 1358 53
1966 1297 2166 1354 altaria
2219 1297 2585 1369 perimentes.
2646 1298 2761 1356 Nec
2811 1300 3085 1357 remansit
3139 1302 3199 1359 in
3255 1321 3322 1361 ea
3368 1305 3529 1363 locus

1822 1384 2072 1454 inustus,
2105 1392 2309 1457 printer
2334 1386 2651 1444 oratorium
2679 1388 2827 1444 beati
2871 1388 3148 1461 Stephani
3177 1391 3350 1463 primi
3382 1408 3531 1449 mar-

1824 1475 1965 1547 tyris
2002 1489 2066 1530 ac
2117 1472 2328 1532 levitm.
2361 1474 2442 1531 De
2474 1490 2588 1548 quo
2622 1477 2889 1546 oratorio,
2942 1492 3074 1549 quze
3108 1494 3141 1534 a
3174 1479 3528 1552 quibusdam

1822 1562 2042 1631 audivi,
2084 1577 2317 1619 narrare
2358 1579 2477 1621 non
2504 1564 2726 1623 distuli.
2757 1566 2941 1623 Aiunt
2971 1568 3146 1635 enim,
3182 1568 3527 1645 priusquam

1824 1650 1884 1708 hi
1921 1652 2112 1709 hostes
2153 1652 2439 1724 venirent,
2472 1653 2684 1711 vidisse
2713 1671 2773 1712 se
2802 1656 2996 1715 virum
3022 1657 3252 1716 fidelem
3278 1658 3339 1715 in
3372 1660 3531 1731 visu,

1823 1740 1986 1813 quasi
2045 1740 2436 1797 conferentem
2487 1757 2621 1799 cum
2650 1744 2862 1801 sanctis
2911 1747 3184 1818 apostolis
3240 1747 3405 1806 Petro
3460 1763 3527 1806 ac

1822 1827 2027 1899 Paulo,
2057 1827 2291 1886 beatum
2316 1828 2551 1887 levitam
2589 1831 2965 1904 Stephanum
3022 1836 3091 1892 de
3135 1837 3242 1894 hoc
3272 1837 3524 1909 excidio,

1818 1932 1883 1973 ac
1942 1916 2226 1974 dicentem
2259 1938 2270 1975 :
2311 1917 2440 1988 Oro,
2498 1920 2725 1978 domini
2757 1922 2892 1994 mei,
2930 1930 2993 1980 ut
3033 1939 3148 1981 non
3186 1926 3531 1997 permittatis

1820 2008 2057 2065 obtentu
2088 2014 2278 2066 vestro
2309 2008 2649 2066 Mettensem
2682 2012 2890 2069 urbem
2932 2011 3004 2070 ab
3040 2013 3297 2072 inimicis
3332 2016 3526 2087 exuri,

1819 2100 1957 2172 quia
1996 2098 2153 2175 locus
2185 2100 2245 2156 in
2278 2115 2342 2157 ea
2373 2106 2457 2157 est
2494 2100 2554 2157 in
2584 2117 2699 2175 quo
2726 2103 3024 2175 parvitatis
3062 2120 3208 2161 metu
3236 2105 3474 2178 pignora
3501 2115 3528 2150 ε

1821 2188 2192 2246 continentur
2231 2206 2243 2243 :
2290 2188 2385 2245 sed
2426 2190 2617 2261 potius
2653 2192 2906 2249 sentiant
2960 2208 3019 2249 se
3056 2192 3257 2266 populi
3306 2193 3529 2268 aliquid

1823 2292 1915 2333 me
1962 2292 2129 2350 posse
2175 2292 2311 2335 cum
2346 2277 2609 2336 Domino.
2642 2279 2803 2348 Quod
2842 2281 2891 2338 si
2926 2288 3150 2339 tantum
3186 2283 3410 2340 facinus
3438 2298 3533 2355 po-

1821 2366 1946 2441 puli
1972 2368 2345 2441 supercrevit,
2400 2376 2465 2427 ut
2512 2370 2669 2428 aliud
2702 2372 2828 2429 fieri
2857 2388 2975 2430 non
3002 2372 3198 2446 possit,
3227 2373 3341 2431 nisi
3393 2374 3531 2433 civi-

1828 2463 1911 2515 tas
1942 2458 2196 2516 tradatur
2217 2458 2485 2517 incendio
2516 2480 2529 2533 ;
2563 2462 2767 2519 saltem
2796 2462 2888 2520 vel
2919 2463 3026 2520 hoc
3055 2463 3373 2521 oratorium
3411 2480 3529 2522 non

20 2552 179 2624 quire
204 2550 568 2609 linteamina
602 2551 837 2609 munda.
877 2549 1022 2607 Ecce
1053 2549 1210 2607 enim
1240 2549 1515 2623 migrabis
1542 2565 1574 2605 a
1613 2562 1742 2605 cor-
1826 2555 2132 2607 cremetur.
2162 2547 2268 2607 Cui
2294 2548 2383 2606 illi
2411 2550 2612 2607 aiunt:
2657 2550 2812 2609 Vade
2848 2552 2908 2609 in
2943 2568 3100 2625 pace,
3142 2552 3521 2611 dilectissime

16 2654 169 2712 pore,
199 2657 317 2697 nec
358 2639 641 2697 videbunt
691 2639 842 2697 oculi
897 2637 982 2695 tui
1031 2636 1178 2695 mala
1211 2652 1341 2711 quze
1374 2636 1577 2693 facturi
1607 2640 1744 2693 sunt
1827 2636 2021 2707 frater,
2049 2638 2363 2693 oratorium
2386 2641 2615 2695 tantum
2652 2644 2820 2695 tuum
2851 2638 3068 2695 carebit
3094 2638 3383 2697 incendio.
3420 2639 3528 2697 Pro

18 2727 212 2787 Cbuni
242 2729 311 2786 in
343 2726 574 2799 Galliis,
605 2727 753 2786 sicut
779 2727 1111 2789 locutusest
1142 2725 1425 2784 Dominus
1458 2725 1612 2782 Deus
1636 2740 1743 2781 no-
1826 2726 1972 2785 urbe
2006 2742 2141 2784 vero
2168 2742 2281 2784 non
2316 2726 2727 2799 obtinebimus,
2762 2730 2903 2802 quia
2932 2730 3251 2789 Dominicze
3289 2732 3532 2790 sanctio-

18 2826 147 2876 ster.
208 2819 347 2877 Hoc
398 2834 431 2876 a
478 2826 672 2877 sancto
713 2818 964 2892 apostolo
1009 2816 1273 2891 pontifex
1314 2831 1584 2890 responso
1611 2832 1739 2874 sus-
1824 2814 1917 2872 nis
1947 2831 2120 2889 super
2149 2831 2277 2873 eam
2304 2816 2586 2873 sententia
2610 2819 2728 2888 jam
2756 2818 3048 2890 processit.
3080 2818 3335 2878 Invaluit
3365 2822 3524 2879 enim

18 2916 193 2981 cepto,
256 2910 381 2965 iter
433 2908 726 2980 accelerat,
782 2907 1113 2979 Galliasque
1174 2906 1444 2964 velociter
1482 2906 1736 2978 repetit:
1828 2919 2123 2985 peccatum
2153 2912 2371 2986 populi,
2423 2919 2477 2969 et
2528 2912 2745 2969 clamor
2788 2910 3025 2969 malitias
3052 2927 3253 2971 eorum
3276 2914 3533 2973 ascendit

24 2999 401 3072 veniensque
429 2997 499 3055 ad
530 3000 731 3056 urbem
776 2998 1167 3069 Tungrorum,
1196 3012 1329 3070 qum
1360 3004 1521 3054 erant
1552 3012 1742 3054 neces-
1823 3017 2015 3060 coram
2067 3002 2183 3060 Deo
2216 3022 2229 3061 :
2282 3002 2410 3060 ideo
2459 3002 2662 3060 civitas
2703 3003 2826 3060 hzec
2857 3003 3210 3061 cremabitur
3234 3004 3527 3064 incendio.

27 3092 164 3191 saria
194 3086 549 3191 sepulturae
589 3101 797 3182 secum
839 3085 1011 3191 citius
1064 3084 1254 3191 levat:
1290 3084 1799 3191 ‘valediccnsquec
1824 3090 1986 3148 Unde
2035 3091 2231 3164 procul
2277 3091 2455 3151 dubio
2507 3100 2609 3163 ρει,
2660 3093 2808 3166 quod
2859 3093 3071 3151 horum
3108 3094 3347 3155 obtentu
3386 3096 3531 3155 urbe

28 3176 268 3242 clericis,
328 3190 399 3231 ac
450 3173 690 3247 reliquis
750 3170 978 3262 civibus
1034 3171 1215 3242 urbis,
1274 3172 1577 3230 denuntiat
1609 3170 1799 3229 cum“
1827 3189 2066 3252 vastata,
2099 3183 2416 3241 oratorium
2454 3182 3065 3255 permansitmmsum.

28 3265 151 3325 dein
207 3272 273 3323 et
335 3263 773 3333 lamentatione,
820 3260 957 3335 quia
985 3276 1099 3318 non
1134 3262 1319 3319 visuri
1364 3266 1553 3319 essent
1592 3260 1743 3319 ultra

30 3356 229 3413 faciem
272 3353 466 3410 illius.
491 3350 675 3409 Atilii
701 3365 837 3408 cum
861 3350 1091 3407 ululatu
1109 3351 1133 3385 ει
1154 3366 1364 3423 magno
1391 3357 1445 3407 et
1474 3349 1745 3423 lacrymis

32 3462 147 3504 eum
204 3448 658 3520 prosequentes,
715 3440 1115 3514 supplicabant
1161 3440 1373 3499 humili
1420 3456 1604 3513 prece,
1653 3441 1743 3499 di-

27 3542 213 3593 centes
272 3551 287 3589 :
348 3532 437 3591 Ne
477 3530 842 3605 derelinquas
871 3545 991 3600 nos,
1026 3535 1183 3602 pater
1212 3537 1446 3601 sancte;
1489 3546 1561 3587 ne
1600 3530 1747 3587 obli-

32 3626 269 3682 Viscaris
322 3622 531 3692 nostri,
576 3627 767 3695 pastor
795 3619 965 3677 bone.
1022 3617 1131 3676 Sed
1174 3634 1304 3676 cum
1339 3635 1473 3676 eum
1516 3618 1745 3677 ﬂetibus

26 3730 303 3773 revocare
334 3727 455 3770 non
493 3718 742 3784 possent,
785 3714 1011 3782 accepta
1054 3708 1453 3765 benedictione
1496 3723 1629 3765 cum
1662 3724 1747 3766 os-

28 3806 166 3864 culis
214 3805 546 3863 redierunt.
590 3800 701 3859 Hic
743 3815 879 3859 vero
916 3799 987 3857 ad
1025 3798 1448 3871 Trajectensem
1478 3811 1499 3838 ο
1540 3797 1747 3856 urbem

82 3942 99 3960 '
130 3932 384 3996 Aliquot
436 3941 566 3980 mss.
622 3930 675 3980 et
722 3926 869 3983 editi.
916 3926 1114 3985 Hunos,
1165 3936 1262 3975 seu
1306 3925 1545 3983 Hunnus,
1601 3921 1747 3996 quod

24 3994 281 4065 perinde
312 4005 418 4056 est.
460 4002 521 4053 In
547 4000 711 4065 Regio
759 4000 937 4052 autem
979 3998 1083 4050 hoc
1120 3997 1279 4060 caput
1330 4008 1453 4047 cum
1499 3994 1748 4057 sequenti

26 4080 295 4198 defsﬁtditi
329 4143 452 4196 fere
501 4155 691 4196 omnes
734 4154 859 4194 cum
900 4140 1019 4192 cod.
1052 4140 1192 4203 Bec.,
1240 4137 1541 4192 Servatius.
1565 4137 1745 4201 Corb.,

26 4218 349 4271 Amantius.
405 4216 567 4274 Quem
610 4227 735 4267 cum
783 4212 988 4276 vulgati
1028 4218 1278 4265 auctores
1336 4222 1458 4262 eum
1498 4214 1753 4274 putarent

26 4304 145 4343 esse
213 4288 525 4353 Seevatium
600 4287 939 4351 Tungrorum
1012 4287 1328 4343 antistitem,
1401 4285 1466 4335 ab
1522 4282 1747 4334 Athana-

28 4368 119 4425 sio,
194 4365 416 4414 Severo
472 4362 722 4427 Sulpicio,
784 4360 1015 4425 aliisque
1088 4358 1401 4410 auctoribus
1456 4356 1748 4418 laudatum,

26 4440 112 4499 qui
163 4432 421 4499 synodis
484 4432 805 4494 Sardicensi,
862 4432 1207 4492 Ariminensi,
1258 4431 1419 4480 immo
1466 4432 1519 4480 et
1566 4428 1750 4491 Agrip-

1897 3270 2029 3329 VII.
2062 3270 2241 3329 Attila
2294 3288 2428 3330 vero
2475 3272 2816 3329 Chunorum
2868 3287 2994 3341 rex,
3026 3288 3058 3328 a
3087 3270 3351 3330 Mettensi
3383 3273 3544 3332 urbe-

1827 3362 2147 3434 egrediens,
2182 3378 2316 3421 cum
2366 3362 2579 3421 multas
2607 3360 2927 3419 Galliarum
2958 3362 3215 3420 civitates
3244 3363 3531 3436 opprime-

1829 3458 1934 3522 ret,
1965 3450 2298 3508 Aurelianis
2326 3451 2673 3525 aggreditur,
2710 3466 2957 3524 eamque
2994 3450 3251 3509 maximo
3280 3450 3531 3509 arietum

1827 3537 2089 3612 impulsu
2117 3538 2325 3597 nititur
2353 3555 2710 3613 expugnare.
2766 3540 2903 3597 Erat
2957 3545 3153 3596 autem
3182 3554 3247 3595 eo
3278 3545 3534 3612 tempore

1827 3629 2198 3688 beatissimus
2228 3632 2513 3701 Anianus,
2562 3631 2625 3687 in
2672 3628 2995 3703 supradicta
3028 3629 3172 3687 urbe
3213 3622 3537 3704 episcopus,

1828 3718 1919 3775 vir
1948 3716 2184 3776 eximim
2212 3719 2550 3791 prudentiae,
2598 3734 2664 3776 ac
2712 3716 3021 3776 laudabilis
3072 3718 3404 3785 sanctitatis,
3440 3735 3537 3777 cu-

1828 3804 1928 3878 jus
1973 3805 2261 3864 virtutum
2311 3812 2469 3878 gesta
2496 3804 2798 3863 nobiscum
2854 3803 3101 3862 fideliter
3139 3805 3465 3864 retinentur
3494 3804 3536 3865 ”.

1833 3929 1923 3991 qui
1978 3928 2036 3979 in
2092 3932 2334 3980 nostram
2383 3928 2554 3979 sancti
2610 3928 2859 3978 Germani
2902 3925 3286 3980 bibliothecam
3327 3927 3540 3980 advecti

1834 4004 1977 4058 sunt,
2026 4013 2169 4052 unus
2203 4000 2564 4063 Merovingico
2609 3999 2925 4052 charactere
2978 4002 3195 4063 partim,
3247 4001 3301 4051 et
3342 4002 3540 4064 partim

1834 4070 2072 4123 Romano
2115 4070 2180 4121 ab
2211 4072 2371 4121 annis
2416 4071 2608 4122 saltem
2653 4070 2745 4119 900
2795 4072 3161 4133 conscriptus,
3213 4071 3266 4120 in
3293 4082 3398 4134 quo
3430 4074 3542 4121 tota

1832 4141 1950 4194 haec
2013 4141 2253 4205 Gregorii
2319 4142 2582 4197 narratio,
2648 4147 2702 4192 et
2747 4141 2966 4211 quidem
3036 4140 3540 4211 paulo_prolixior,

1834 4217 2141 4268 continetur
2197 4213 2297 4265 sub
2349 4212 2521 4263 sancti
2573 4210 2816 4262 Servatii
2848 4211 2974 4262 vitae
3014 4210 3190 4261 titulo.
3227 4209 3282 4259 In
3325 4223 3433 4274 quo
3458 4209 3545 4263 co-

1833 4287 1954 4339 dice
2004 4298 2281 4350 nunquam
2328 4284 2503 4341 aliter,
2548 4284 2665 4334 sive
2695 4284 2749 4333 in
2777 4281 2892 4334 Vita
2921 4285 3059 4345 ipsa,
3098 4284 3217 4333 sive
3241 4281 3297 4331 in
3333 4281 3541 4344 Hymno

1834 4362 2074 4424 antiquo,
2120 4361 2212 4422 qui
2258 4358 2309 4408 ei
2341 4355 2713 4419 subjungitur,
2751 4354 2841 4406 hic
2861 4357 3083 4406 sanctus
3106 4354 3194 4424 vir
3215 4353 3540 4417 appellatur,

1836 4423 1996 4498 quam
2039 4428 2335 4482 Servatius.
2374 4426 2523 4480 Unde
2570 4426 2915 4479 inferendum
2953 4429 3057 4485 est,
3095 4423 3184 4476 vel
3227 4426 3403 4489 ipsum
3455 4426 3540 4477 bi—

26 4496 275 4569 pinenéi,
341 4506 393 4556 si
450 4505 663 4557 sincera
726 4508 851 4556 sunt
888 4506 1070 4567 hujus
1124 4502 1343 4554 concilii
1402 4505 1539 4559 acta,
1588 4500 1729 4551 inter
1763 4496 2116 4559 Dnominem
2168 4504 2362 4561 fuisse,
2401 4506 2494 4552 aut
2537 4515 2577 4555 Ct

1902 4510 2116 4559 .minem
2168 4504 2362 4561 fuisse,
2401 4506 2494 4552 aut
2537 4505 2686 4555 certe
2724 4504 2845 4567 jam
2869 4505 2997 4553 tunc
3023 4500 3283 4564 temporis
3312 4500 3545 4553 Aravatii

24 4584 147 4642 fuit;
219 4576 443 4631 cladem
506 4575 811 4637 Galliarum,
863 4588 1026 4641 quam
1077 4576 1165 4626 hic
1214 4573 1507 4635 Gregorius
1542 4571 1751 4623 Hunnis

20 4656 247 4713 tribuit,
326 4648 401 4703 ad
458 4647 813 4700 Vandalorum
884 4648 1228 4701 incursiones
1305 4645 1513 4697 referre
1579 4644 1753 4695 conati

18 4734 186 4789 sunt;
238 4722 346 4777 sed
402 4733 525 4773 cum
561 4734 632 4773 ex
676 4719 927 4772 omnibus
978 4733 1107 4772 mss.
1163 4730 1300 4782 quos
1348 4714 1751 4789 videreilicuit,

22 4788 236 4855 unicos
292 4794 580 4847 Beccensis
623 4792 730 4854 hic,
773 4796 827 4844 et
871 4793 1069 4844 unicus
1123 4790 1242 4843 cod.
1281 4788 1513 4841 Clarum.
1559 4788 1614 4839 in
1660 4788 1751 4839 lib.

29 4878 94 4926 de
150 4871 315 4922 Glor.
369 4864 546 4925 Cant,
614 4876 732 4927 cap.
793 4864 873 4922 72,
925 4862 1214 4916 Servatius
1276 4860 1530 4913 habeant:
1596 4856 1757 4910 facile

28 4955 241 5000 eorum
294 4937 581 4991 sententiae
625 4937 927 4999 subscribe,
979 4936 1071 4998 qui
1127 4934 1250 4985 illos
1292 4946 1325 4984 a
1359 4945 1486 4984 sese
1518 4931 1759 4983 invicem

26 5009 473 5077 distinguemus
511 5020 637 5060 esse
694 5014 935 5067 censent,
992 5018 1226 5069 quorum
1279 5004 1432 5077 prior
1474 5002 1759 5077 Ser-vatius

28 5075 259 5142 εκεωό
312 5083 504 5146 quarto
550 5079 791 5139 vixerit;
865 5078 1135 5142 posterior
1200 5089 1351 5138 vero,
1402 5076 1469 5127 de
1529 5087 1633 5139 quo
1672 5075 1762 5126 hic

28 5166 241 5213 noster
278 5152 592 5216 Gregorius,
646 5150 953 5213 Aravalius,
996 5162 1095 5203 seu
1144 5148 1453 5209 Asavaiius,
1515 5153 1573 5200 ut
1604 5147 1764 5199 habet

29 5232 231 5292 Cori)"
291 5237 397 5279 seu
446 5225 720 5285 Arantius,
776 5229 835 5277 ut
876 5224 931 5275 in
970 5222 1110 5274 libro
1143 5223 1211 5274 de
1266 5222 1442 5272 Gloria
1486 5220 1764 5273 Confessu-

32 5319 199 5365 πω,
250 5311 377 5361 cap.
423 5296 503 5353 7‘2.
547 5299 687 5348 sicut
737 5301 790 5350 et
847 5296 989 5360 apud
1058 5294 1444 5357 Fredegarium
1494 5295 1652 5345 etiam
1706 5295 1764 5345 in

32 5378 281 5433 retusus
334 5382 469 5422 mss.
517 5369 737 5433 legitur,
772 5370 1097 5437 appellatus,
1148 5370 1348 5421 saeculo
1398 5370 1662 5432 sequenti.
1689 5367 1761 5420 De

32 5457 144 5506 hac
174 5460 244 5501 re
273 5442 525 5519 Valesius
557 5442 678 5495 fuse
706 5446 831 5519 agit
848 5446 911 5519 in
958 5441 1109 5519 liuet.
1146 5440 1276 5493 tomi
1318 5440 1359 5490 ll
1384 5440 1577 5519 Hister.
1607 5439 1763 5519 Fra'n-

34 5532 259 5582 corum,
298 5515 415 5587 lnbi
462 5513 605 5565 duos
655 5515 902 5567 admittit.
959 5513 1184 5587 [inicum
1236 5510 1596 5587 veronfuisse

34 5598 203 5651 n‘bns
258 5582 503 5656 probare
551 5590 778 5639 conatur
828 5586 1203 5638 Henscbenius
1262 5584 1329 5636 ad
1364 5583 1511 5636 diem
1545 5585 1599 5634 i3
1647 5582 1765 5633 Maii

36 5665 294 5726 Boihnd.
328 5661 470 5713 Cum
524 5659 649 5712 huic
697 5658 997 5711 difficultati
1049 5656 1384 5708 illustrandae
1440 5666 1618 5709 essem
1670 5665 1762 5707 oc-

37 5743 301 5808 παρειαί,
329 5732 577 5789 occurrit
620 5730 751 5786 mihi
797 5730 938 5784 inter
962 5729 1118 5795 “alios
1155 5728 1374 5783 codices
1402 5726 1766 5785 Gorbeienses

1840 4592 2040 4633 nomen
2096 4578 2153 4628 in
2205 4572 2504 4628 Servatium
2563 4573 2736 4628 fuisse
2790 4573 3130 4625 translatum.
3180 4571 3241 4623 1n
3295 4571 3541 4625 Vaticano

1842 4658 1897 4708 et
1930 4650 2310 4706 Vindocinensi
2362 4645 2525 4699 codd.
2569 4660 2699 4702 mss.
2753 4647 2897 4700 idem
2939 4644 3243 4699 Aravatius
3288 4648 3541 4712 appella-

1842 4730 1948 4780 tur.

1905 4826 1923 4847 ο
1955 4814 2164 4879 Aliquot
2192 4810 2368 4872 codd.,
2394 4808 2532 4874 cepit
2565 4810 2627 4861 ut
2652 4809 2938 4872 expeteret.

1901 4905 1923 4934 ἀ
1956 4904 2041 4956 Sic
2078 4901 2233 4954 Corb.
2271 4903 2323 4953 et
2351 4899 2490 4952 Bell.
2514 4914 2526 4959 ;
2553 4901 2606 4951 at
2626 4897 2806 4950 caeteri
2828 4907 2950 4948 cum
2972 4895 3150 4959 editis,
3183 4896 3414 4962 ejulatu.

1906 5005 1928 5033 θ
1957 4992 2257 5055 Trajectum
2337 4990 2548 5043 scilicet
2609 4988 2677 5040 ad
2734 4987 2951 5051 Mosam,
3018 4985 3250 5039 inferius
3314 4988 3541 5051 dictum,

1843 5066 2009 5127 vulgo
2054 5061 2362 5122 Mastricht,
2413 5073 2518 5124 quo
2562 5060 2723 5124 paulo
2778 5063 2900 5122 post
2949 5070 3144 5110 eversa
3196 5071 3294 5123 per
3335 5060 3542 5114 Attilam

1845 5141 2073 5197 Aduaca,
2136 5139 2475 5202 Tungrorum
2541 5133 2865 5197 episcopalis
2923 5132 3087 5186 sedes
3131 5134 3397 5189 translata
3440 5139 3542 5200 est,

1845 5225 1965 5279 quae
1988 5212 2205 5264 tandem
2238 5209 2492 5261 Leodium
2515 5207 2785 5271 migravit.

1907 5311 1926 5347 ί
1960 5309 2172 5363 Scilicet
2196 5310 2251 5359 in
2284 5305 2424 5359 libro
2446 5306 2514 5358 de
2533 5303 2708 5356 Gloria
2736 5301 3007 5367 Confess,
3028 5314 3146 5367 cap.
3176 5304 3261 5358 72.

1906 5419 1931 5456 ε
1963 5410 2129 5461 Etiam
2189 5416 2335 5458 nunc
2395 5405 2451 5455 in
2498 5402 2692 5466 majori
2754 5400 2906 5453 urbis
2976 5400 3253 5455 Mettensis
3311 5399 3543 5453 ecclesia

1844 5486 2030 5533 sancto
2095 5479 2362 5542 Stephano
2423 5474 2597 5527 dicata
2658 5477 2947 5527 servantur
3017 5470 3223 5538 aliquot
3297 5471 3539 5535 reliquie

1845 5553 2016 5605 sancti
2054 5551 2486 5613 Protomartyris.

1906 5652 1930 5682 ’³
1968 5652 2096 5717 Ejus
2165 5652 2363 5703 festum
2440 5646 2635 5701 colitur
2681 5646 2769 5699 die
2821 5646 2876 5697 17
2918 5640 3381 5717 Νογθωῢῄε.ωῡᾳ
3439 5639 3543 5696 hac

1847 5712 2132 5783 obsidione
2161 5722 2288 5778 vide
2344 5720 2668 5787 Apollinaris
2708 5718 2913 5775 Sidonii
2948 5717 3107 5783 epist.
3154 5715 3212 5768 15
3249 5712 3378 5770 libri
3415 5726 3542 5782 vui,
