  <div class='ocr_page' id='page_1' title='image "/cluster/home/n/w/nwhite01/storage/ocr_20150623/71/hvd.32044054758743/108.png"; bbox 0 0 3994 6332; ppageno 0'>
   <div class='ocr_carea' id='block_1_1' title="bbox 226 443 329 500">
    <p class='ocr_par' dir='ltr' id='par_1_1' title="bbox 226 443 329 500">
     <span class='ocr_line' id='line_1_1' title="bbox 226 443 329 500; baseline 0 -1"><span class='ocrx_word' id='word_1_1' title='bbox 226 443 329 500; x_wconf 71' lang='grc' dir='ltr'><strong>ξοι</strong></span> 
     </span>
    </p>
   </div>
   <div class='ocr_carea' id='block_1_2' title="bbox 1135 382 2606 489">
    <p class='ocr_par' dir='ltr' id='par_1_2' title="bbox 1135 382 2606 489">
     <span class='ocr_line' id='line_1_2' title="bbox 1135 382 2606 489; baseline -0.005 -2"><span class='ocrx_word' id='word_1_2' title='bbox 1135 430 1453 489; x_wconf 68' lang='grc' dir='ltr'><strong>ικδτῡιιιΑ</strong></span> <span class='ocrx_word' id='word_1_3' title='bbox 1502 382 1951 485; x_wconf 55' lang='grc' dir='ltr'><strong>Ηιυῦυιὶὼι.</strong></span> <span class='ocrx_word' id='word_1_4' title='bbox 1991 427 2192 481; x_wconf 64' lang='grc' dir='ltr'>ωηιξη</span> <span class='ocrx_word' id='word_1_5' title='bbox 2227 426 2606 483; x_wconf 71' lang='lat' dir='ltr'><strong>SECUNDUS.</strong></span> 
     </span>
    </p>
   </div>
   <div class='ocr_carea' id='block_1_3' title="bbox 3406 432 3513 486">
    <p class='ocr_par' dir='ltr' id='par_1_3' title="bbox 3406 432 3513 486">
     <span class='ocr_line' id='line_1_3' title="bbox 3406 432 3513 486; baseline -0.009 -1"><span class='ocrx_word' id='word_1_6' title='bbox 3406 432 3513 486; x_wconf 65' lang='lat'><strong>‘2‘?!</strong></span> 
     </span>
    </p>
   </div>
   <div class='ocr_carea' id='block_1_4' title="bbox 222 542 3511 620">
    <p class='ocr_par' dir='ltr' id='par_1_4' title="bbox 222 542 3511 620">
     <span class='ocr_line' id='line_1_4' title="bbox 222 542 3511 620; baseline -0.004 -6"><span class='ocrx_word' id='word_1_7' title='bbox 222 560 294 615; x_wconf 86' lang='lat' dir='ltr'><strong>de</strong></span> <span class='ocrx_word' id='word_1_8' title='bbox 324 560 486 612; x_wconf 84' lang='lat' dir='ltr'><strong>nocte</strong></span> <span class='ocrx_word' id='word_1_9' title='bbox 507 565 636 610; x_wconf 90' lang='lat' dir='ltr'><strong>vero</strong></span> <span class='ocrx_word' id='word_1_10' title='bbox 658 561 1015 620; x_wconf 88' lang='lat' dir='ltr'><strong>consurgens,</strong></span> <span class='ocrx_word' id='word_1_11' title='bbox 1050 544 1417 603; x_wconf 67' lang='lat' dir='ltr'><strong>relucentibus</strong></span> <span class='ocrx_word' id='word_1_12' title='bbox 1439 560 1531 614; x_wconf 88' lang='lat' dir='ltr'><strong>per</strong></span> <span class='ocrx_word' id='word_1_13' title='bbox 1562 554 1669 598; x_wconf 86' lang='lat' dir='ltr'><strong>tota</strong></span> <span class='ocrx_word' id='word_1_14' title='bbox 1692 542 1822 597; x_wconf 77' lang='lat' dir='ltr'><strong>mdis</strong></span> <span class='ocrx_word' id='word_1_15' title='bbox 1853 547 1899 604; x_wconf 83' lang='grc' dir='ltr'><strong>Α</strong></span> <span class='ocrx_word' id='word_1_16' title='bbox 1930 557 2236 608; x_wconf 79' lang='lat' dir='ltr'><strong>excessum,</strong></span> <span class='ocrx_word' id='word_1_17' title='bbox 2266 542 2686 598; x_wconf 72' lang='lat' dir='ltr'><strong>Valentinianum</strong></span> <span class='ocrx_word' id='word_1_18' title='bbox 2720 545 3020 613; x_wconf 78' lang='lat' dir='ltr'><strong>puerulum,</strong></span> <span class='ocrx_word' id='word_1_19' title='bbox 3053 558 3159 598; x_wconf 83' lang='lat' dir='ltr'><strong>uno</strong></span> <span class='ocrx_word' id='word_1_20' title='bbox 3190 552 3396 600; x_wconf 80' lang='lat' dir='ltr'><strong>tantum</strong></span> <span class='ocrx_word' id='word_1_21' title='bbox 3423 547 3511 602; x_wconf 87' lang='lat' dir='ltr'><strong>In-</strong></span> 
     </span>
    </p>
   </div>
   <div class='ocr_carea' id='block_1_5' title="bbox 223 636 1827 722">
    <p class='ocr_par' dir='ltr' id='par_1_5' title="bbox 223 636 1827 722">
     <span class='ocr_line' id='line_1_5' title="bbox 223 636 1827 722; baseline -0.012 -15"><span class='ocrx_word' id='word_1_22' title='bbox 223 651 397 722; x_wconf 86' lang='lat' dir='ltr'><strong>spatia</strong></span> <span class='ocrx_word' id='word_1_23' title='bbox 421 646 652 720; x_wconf 81' lang='lat' dir='ltr'><strong>lychnis,</strong></span> <span class='ocrx_word' id='word_1_24' title='bbox 672 654 871 714; x_wconf 80' lang='lat' dir='ltr'><strong>pavore</strong></span> <span class='ocrx_word' id='word_1_25' title='bbox 902 643 1255 711; x_wconf 81' lang='lat' dir='ltr'><strong>perterritus,</strong></span> <span class='ocrx_word' id='word_1_26' title='bbox 1289 640 1483 708; x_wconf 65' lang='lat' dir='ltr'><strong>quaerit</strong></span> <span class='ocrx_word' id='word_1_27' title='bbox 1510 636 1713 691; x_wconf 87' lang='lat' dir='ltr'><strong>aditum</strong></span> <span class='ocrx_word' id='word_1_28' title='bbox 1748 636 1827 689; x_wconf 60' lang='lat' dir='ltr'><strong>to.</strong></span> 
     </span>
    </p>
   </div>
   <div class='ocr_carea' id='block_1_6' title="bbox 227 729 1828 801">
    <p class='ocr_par' dir='ltr' id='par_1_6' title="bbox 227 729 1828 801">
     <span class='ocr_line' id='line_1_6' title="bbox 227 729 1828 801; baseline -0.011 -3"><span class='ocrx_word' id='word_1_29' title='bbox 227 747 299 798; x_wconf 88' lang='lat' dir='ltr'><strong>ris</strong></span> <span class='ocrx_word' id='word_1_30' title='bbox 329 753 387 796; x_wconf 92' lang='lat' dir='ltr'><strong>ut</strong></span> <span class='ocrx_word' id='word_1_31' title='bbox 406 738 661 795; x_wconf 84' lang='lat' dir='ltr'><strong>evaderet</strong></span> <span class='ocrx_word' id='word_1_32' title='bbox 692 746 742 789; x_wconf 75' lang='grc' dir='ltr'><strong>ο.</strong></span> <span class='ocrx_word' id='word_1_33' title='bbox 772 734 969 789; x_wconf 70' lang='lat' dir='ltr'><strong>Verum</strong></span> <span class='ocrx_word' id='word_1_34' title='bbox 1001 733 1088 787; x_wconf 89' lang='lat' dir='ltr'><strong>ubi</strong></span> <span class='ocrx_word' id='word_1_35' title='bbox 1120 731 1275 801; x_wconf 83' lang='lat' dir='ltr'><strong>primi</strong></span> <span class='ocrx_word' id='word_1_36' title='bbox 1303 741 1461 799; x_wconf 83' lang='lat' dir='ltr'><strong>atque</strong></span> <span class='ocrx_word' id='word_1_37' title='bbox 1490 729 1712 783; x_wconf 91' lang='lat' dir='ltr'><strong>alterius</strong></span> <span class='ocrx_word' id='word_1_38' title='bbox 1741 742 1828 781; x_wconf 65' lang='lat' dir='ltr'><strong>oso</strong></span> 
     </span>
    </p>
   </div>
   <div class='ocr_carea' id='block_1_7' title="bbox 226 821 1827 898">
    <p class='ocr_par' dir='ltr' id='par_1_7' title="bbox 226 821 1827 898">
     <span class='ocr_line' id='line_1_7' title="bbox 226 821 1827 898; baseline -0.007 -10"><span class='ocrx_word' id='word_1_39' title='bbox 226 837 283 888; x_wconf 91' lang='lat' dir='ltr'><strong>tii</strong></span> <span class='ocrx_word' id='word_1_40' title='bbox 306 834 545 888; x_wconf 85' lang='lat' dir='ltr'><strong>claustra</strong></span> <span class='ocrx_word' id='word_1_41' title='bbox 574 829 770 898; x_wconf 93' lang='lat' dir='ltr'><strong>pulsat,</strong></span> <span class='ocrx_word' id='word_1_42' title='bbox 806 836 861 882; x_wconf 81' lang='lat' dir='ltr'><strong>et</strong></span> <span class='ocrx_word' id='word_1_43' title='bbox 887 826 1138 881; x_wconf 77' lang='lat' dir='ltr'><strong>obserata</strong></span> <span class='ocrx_word' id='word_1_44' title='bbox 1170 834 1363 878; x_wconf 87' lang='lat' dir='ltr'><strong>cuncta</strong></span> <span class='ocrx_word' id='word_1_45' title='bbox 1387 821 1681 891; x_wconf 86' lang='lat' dir='ltr'><strong>cognoscit,</strong></span> <span class='ocrx_word' id='word_1_46' title='bbox 1711 824 1827 877; x_wconf 87' lang='lat' dir='ltr'><strong>solo</strong></span> 
     </span>
    </p>
   </div>
   <div class='ocr_carea' id='block_1_8' title="bbox 224 916 1829 989">
    <p class='ocr_par' dir='ltr' id='par_1_8' title="bbox 224 916 1829 989">
     <span class='ocr_line' id='line_1_8' title="bbox 224 916 1829 989; baseline -0.007 -11"><span class='ocrx_word' id='word_1_47' title='bbox 224 925 503 985; x_wconf 77' lang='lat' dir='ltr'><strong>decubuit,</strong></span> <span class='ocrx_word' id='word_1_48' title='bbox 535 922 773 989; x_wconf 82' lang='lat' dir='ltr'><strong>trepidus</strong></span> <span class='ocrx_word' id='word_1_49' title='bbox 806 917 1123 987; x_wconf 67' lang='lat' dir='ltr'><strong>prtestolans</strong></span> <span class='ocrx_word' id='word_1_50' title='bbox 1166 917 1367 982; x_wconf 83' lang='lat' dir='ltr'><strong>locum,</strong></span> <span class='ocrx_word' id='word_1_51' title='bbox 1404 926 1464 968; x_wconf 92' lang='lat' dir='ltr'><strong>ut</strong></span> <span class='ocrx_word' id='word_1_52' title='bbox 1504 916 1829 969; x_wconf 77' lang='lat' dir='ltr'><strong>convenien-</strong></span> 
     </span>
    </p>
   </div>
   <div class='ocr_carea' id='block_1_9' title="bbox 226 1006 1827 1081">
    <p class='ocr_par' dir='ltr' id='par_1_9' title="bbox 226 1006 1827 1081">
     <span class='ocr_line' id='line_1_9' title="bbox 226 1006 1827 1081; baseline -0.006 -12"><span class='ocrx_word' id='word_1_53' title='bbox 226 1020 371 1071; x_wconf 92' lang='lat' dir='ltr'><strong>tibus</strong></span> <span class='ocrx_word' id='word_1_54' title='bbox 401 1015 467 1069; x_wconf 82' lang='lat' dir='ltr'><strong>ad</strong></span> <span class='ocrx_word' id='word_1_55' title='bbox 500 1015 796 1068; x_wconf 89' lang='lat' dir='ltr'><strong>matutinos</strong></span> <span class='ocrx_word' id='word_1_56' title='bbox 834 1011 1063 1081; x_wconf 86' lang='lat' dir='ltr'><strong>hymnos</strong></span> <span class='ocrx_word' id='word_1_57' title='bbox 1091 1007 1324 1078; x_wconf 80' lang='lat' dir='ltr'><strong>populis,</strong></span> <span class='ocrx_word' id='word_1_58' title='bbox 1358 1008 1444 1061; x_wconf 88' lang='lat' dir='ltr'><strong>hic</strong></span> <span class='ocrx_word' id='word_1_59' title='bbox 1476 1006 1610 1060; x_wconf 85' lang='lat' dir='ltr'><strong>l.ber</strong></span> <span class='ocrx_word' id='word_1_60' title='bbox 1638 1008 1827 1061; x_wconf 83' lang='lat' dir='ltr'><strong>absce-</strong></span> 
     </span>
    </p>
   </div>
   <div class='ocr_carea' id='block_1_10' title="bbox 229 1098 1828 1167">
    <p class='ocr_par' dir='ltr' id='par_1_10' title="bbox 229 1098 1828 1167">
     <span class='ocr_line' id='line_1_10' title="bbox 229 1098 1828 1167; baseline -0.005 -8"><span class='ocrx_word' id='word_1_61' title='bbox 229 1109 402 1161; x_wconf 81' lang='lat' dir='ltr'><strong>deret.</strong></span> <span class='ocrx_word' id='word_1_62' title='bbox 441 1107 644 1159; x_wconf 70' lang='lat' dir='ltr'><strong>lnterea</strong></span> <span class='ocrx_word' id='word_1_63' title='bbox 673 1103 807 1155; x_wconf 74' lang='lat' dir='ltr'><strong>vidit</strong></span> <span class='ocrx_word' id='word_1_64' title='bbox 830 1102 962 1155; x_wconf 88' lang='lat' dir='ltr'><strong>duas</strong></span> <span class='ocrx_word' id='word_1_65' title='bbox 996 1113 1259 1167; x_wconf 81' lang='lat' dir='ltr'><strong>personas</strong></span> <span class='ocrx_word' id='word_1_66' title='bbox 1282 1110 1343 1152; x_wconf 88' lang='lat' dir='ltr'><strong>se</strong></span> <span class='ocrx_word' id='word_1_67' title='bbox 1394 1098 1621 1151; x_wconf 81' lang='lat' dir='ltr'><strong>invicem</strong></span> <span class='ocrx_word' id='word_1_68' title='bbox 1664 1112 1828 1152; x_wconf 65' lang='lat' dir='ltr'><strong>vene~</strong></span> 
     </span>
    </p>
   </div>
   <div class='ocr_carea' id='block_1_11' title="bbox 230 1192 1828 1261">
    <p class='ocr_par' dir='ltr' id='par_1_11' title="bbox 230 1192 1828 1261">
     <span class='ocr_line' id='line_1_11' title="bbox 230 1192 1828 1261; baseline -0.007 -7"><span class='ocrx_word' id='word_1_69' title='bbox 230 1201 475 1254; x_wconf 83' lang='lat' dir='ltr'><strong>rabiliter</strong></span> <span class='ocrx_word' id='word_1_70' title='bbox 501 1200 819 1259; x_wconf 81' lang='lat' dir='ltr'><strong>salutantes,</strong></span> <span class='ocrx_word' id='word_1_71' title='bbox 849 1194 1223 1261; x_wconf 86' lang='lat' dir='ltr'><strong>sollicitosque</strong></span> <span class='ocrx_word' id='word_1_72' title='bbox 1251 1192 1319 1246; x_wconf 85' lang='lat' dir='ltr'><strong>de</strong></span> <span class='ocrx_word' id='word_1_73' title='bbox 1340 1192 1453 1246; x_wconf 83' lang='lat' dir='ltr'><strong>suis</strong></span> <span class='ocrx_word' id='word_1_74' title='bbox 1465 1205 1587 1247; x_wconf 86' lang='lat' dir='ltr'><strong>esse</strong></span> <span class='ocrx_word' id='word_1_75' title='bbox 1605 1204 1828 1259; x_wconf 87' lang='lat' dir='ltr'><strong>prospe-</strong></span> 
     </span>
    </p>
   </div>
   <div class='ocr_carea' id='block_1_12' title="bbox 230 1281 1829 1357">
    <p class='ocr_par' dir='ltr' id='par_1_12' title="bbox 230 1281 1829 1357">
     <span class='ocr_line' id='line_1_12' title="bbox 230 1281 1829 1357; baseline -0.006 -11"><span class='ocrx_word' id='word_1_76' title='bbox 230 1293 500 1346; x_wconf 84' lang='lat' dir='ltr'><strong>ritatibus.</strong></span> <span class='ocrx_word' id='word_1_77' title='bbox 534 1290 683 1344; x_wconf 87' lang='lat' dir='ltr'><strong>Tunc</strong></span> <span class='ocrx_word' id='word_1_78' title='bbox 702 1287 792 1357; x_wconf 89' lang='lat' dir='ltr'><strong>qui</strong></span> <span class='ocrx_word' id='word_1_79' title='bbox 822 1296 939 1341; x_wconf 84' lang='lat' dir='ltr'><strong>erat</strong></span> <span class='ocrx_word' id='word_1_80' title='bbox 968 1286 1170 1349; x_wconf 86' lang='lat' dir='ltr'><strong>senior,</strong></span> <span class='ocrx_word' id='word_1_81' title='bbox 1201 1284 1269 1337; x_wconf 85' lang='lat' dir='ltr'><strong>ita</strong></span> <span class='ocrx_word' id='word_1_82' title='bbox 1286 1296 1511 1338; x_wconf 78' lang='lat' dir='ltr'><strong>exorsus</strong></span> <span class='ocrx_word' id='word_1_83' title='bbox 1539 1293 1652 1336; x_wconf 87' lang='lat' dir='ltr'><strong>est:</strong></span> <span class='ocrx_word' id='word_1_84' title='bbox 1684 1281 1829 1337; x_wconf 79' lang='lat' dir='ltr'><strong>Uxo-</strong></span> 
     </span>
    </p>
   </div>
   <div class='ocr_carea' id='block_1_13' title="bbox 231 1373 1824 1451">
    <p class='ocr_par' dir='ltr' id='par_1_13' title="bbox 231 1373 1824 1451">
     <span class='ocr_line' id='line_1_13' title="bbox 231 1373 1824 1451; baseline -0.005 -13"><span class='ocrx_word' id='word_1_85' title='bbox 231 1385 306 1438; x_wconf 86' lang='lat' dir='ltr'><strong>ris</strong></span> <span class='ocrx_word' id='word_1_86' title='bbox 339 1383 486 1437; x_wconf 82' lang='lat' dir='ltr'><strong>Aetii</strong></span> <span class='ocrx_word' id='word_1_87' title='bbox 519 1383 783 1451; x_wconf 82' lang='lat' dir='ltr'><strong>lacrymas</strong></span> <span class='ocrx_word' id='word_1_88' title='bbox 828 1377 1033 1432; x_wconf 86' lang='lat' dir='ltr'><strong>diutius</strong></span> <span class='ocrx_word' id='word_1_89' title='bbox 1063 1376 1327 1430; x_wconf 87' lang='lat' dir='ltr'><strong>sustinere</strong></span> <span class='ocrx_word' id='word_1_90' title='bbox 1357 1390 1460 1429; x_wconf 89' lang='lat' dir='ltr'><strong>non</strong></span> <span class='ocrx_word' id='word_1_91' title='bbox 1491 1375 1684 1445; x_wconf 88' lang='lat' dir='ltr'><strong>patior.</strong></span> <span class='ocrx_word' id='word_1_92' title='bbox 1721 1373 1824 1430; x_wconf 81' lang='lat' dir='ltr'><strong>Pe-</strong></span> 
     </span>
    </p>
   </div>
   <div class='ocr_carea' id='block_1_14' title="bbox 234 1465 1824 1536">
    <p class='ocr_par' dir='ltr' id='par_1_14' title="bbox 234 1465 1824 1536">
     <span class='ocr_line' id='line_1_14' title="bbox 234 1465 1824 1536; baseline -0.006 -8"><span class='ocrx_word' id='word_1_93' title='bbox 234 1478 297 1528; x_wconf 86' lang='lat' dir='ltr'><strong>tit</strong></span> <span class='ocrx_word' id='word_1_94' title='bbox 321 1475 469 1529; x_wconf 91' lang='lat' dir='ltr'><strong>enim</strong></span> <span class='ocrx_word' id='word_1_95' title='bbox 498 1471 748 1536; x_wconf 84' lang='lat' dir='ltr'><strong>assidue,</strong></span> <span class='ocrx_word' id='word_1_96' title='bbox 783 1478 839 1523; x_wconf 88' lang='lat' dir='ltr'><strong>ut</strong></span> <span class='ocrx_word' id='word_1_97' title='bbox 864 1470 1035 1523; x_wconf 89' lang='lat' dir='ltr'><strong>virum</strong></span> <span class='ocrx_word' id='word_1_98' title='bbox 1065 1481 1223 1522; x_wconf 82' lang='lat' dir='ltr'><strong>suum</strong></span> <span class='ocrx_word' id='word_1_99' title='bbox 1254 1467 1322 1521; x_wconf 89' lang='lat' dir='ltr'><strong>tle</strong></span> <span class='ocrx_word' id='word_1_100' title='bbox 1363 1467 1551 1521; x_wconf 83' lang='lat' dir='ltr'><strong>Galliis</strong></span> <span class='ocrx_word' id='word_1_101' title='bbox 1573 1465 1824 1520; x_wconf 80' lang='lat' dir='ltr'><strong>reducam</strong></span> 
     </span>
    </p>
   </div>
   <div class='ocr_carea' id='block_1_15' title="bbox 232 1555 1824 1629">
    <p class='ocr_par' dir='ltr' id='par_1_15' title="bbox 232 1555 1824 1629">
     <span class='ocr_line' id='line_1_15' title="bbox 232 1555 1824 1629; baseline -0.005 -11"><span class='ocrx_word' id='word_1_102' title='bbox 232 1565 583 1629; x_wconf 78' lang='lat' dir='ltr'><strong>incolumem,</strong></span> <span class='ocrx_word' id='word_1_103' title='bbox 614 1576 736 1616; x_wconf 86' lang='lat' dir='ltr'><strong>cum</strong></span> <span class='ocrx_word' id='word_1_104' title='bbox 778 1559 924 1613; x_wconf 87' lang='lat' dir='ltr'><strong>aliud</strong></span> <span class='ocrx_word' id='word_1_105' title='bbox 952 1559 1157 1613; x_wconf 79' lang='lat' dir='ltr'><strong>exinde</strong></span> <span class='ocrx_word' id='word_1_106' title='bbox 1198 1558 1390 1611; x_wconf 81' lang='lat' dir='ltr'><strong>fuisset</strong></span> <span class='ocrx_word' id='word_1_107' title='bbox 1417 1555 1555 1626; x_wconf 86' lang='lat' dir='ltr'><strong>apud</strong></span> <span class='ocrx_word' id='word_1_108' title='bbox 1585 1557 1824 1611; x_wconf 88' lang='lat' dir='ltr'><strong>divinum</strong></span> 
     </span>
    </p>
   </div>
   <div class='ocr_carea' id='block_1_16' title="bbox 231 1652 1825 1730">
    <p class='ocr_par' dir='ltr' id='par_1_16' title="bbox 231 1652 1825 1730">
     <span class='ocr_line' id='line_1_16' title="bbox 231 1652 1825 1730; baseline -0.005 -17"><span class='ocrx_word' id='word_1_109' title='bbox 231 1660 485 1730; x_wconf 73' lang='lat' dir='ltr'><strong>iudicium</strong></span> <span class='ocrx_word' id='word_1_110' title='bbox 534 1655 891 1727; x_wconf 67' lang='lat' dir='ltr'><strong>praeﬁnitum:</strong></span> <span class='ocrx_word' id='word_1_111' title='bbox 926 1653 1020 1709; x_wconf 81' lang='lat' dir='ltr'><strong>sed</strong></span> <span class='ocrx_word' id='word_1_112' title='bbox 1052 1662 1229 1707; x_wconf 78' lang='lat' dir='ltr'><strong>tamen</strong></span> <span class='ocrx_word' id='word_1_113' title='bbox 1270 1652 1477 1705; x_wconf 82' lang='lat' dir='ltr'><strong>obtinui</strong></span> <span class='ocrx_word' id='word_1_114' title='bbox 1509 1652 1825 1706; x_wconf 79' lang='lat' dir='ltr'><strong>immensam</strong></span> 
     </span>
    </p>
   </div>
   <div class='ocr_carea' id='block_1_17' title="bbox 232 1742 1824 1818">
    <p class='ocr_par' dir='ltr' id='par_1_17' title="bbox 232 1742 1824 1818">
     <span class='ocr_line' id='line_1_17' title="bbox 232 1742 1824 1818; baseline -0.004 -17"><span class='ocrx_word' id='word_1_115' title='bbox 232 1752 487 1817; x_wconf 79' lang='lat' dir='ltr'><strong>pietatem</strong></span> <span class='ocrx_word' id='word_1_116' title='bbox 512 1763 614 1818; x_wconf 88' lang='lat' dir='ltr'><strong>pro</strong></span> <span class='ocrx_word' id='word_1_117' title='bbox 646 1748 754 1801; x_wconf 89' lang='lat' dir='ltr'><strong>vita</strong></span> <span class='ocrx_word' id='word_1_118' title='bbox 786 1746 952 1800; x_wconf 88' lang='lat' dir='ltr'><strong>illius.</strong></span> <span class='ocrx_word' id='word_1_119' title='bbox 989 1744 1056 1798; x_wconf 86' lang='lat' dir='ltr'><strong>Et</strong></span> <span class='ocrx_word' id='word_1_120' title='bbox 1081 1758 1209 1798; x_wconf 88' lang='lat' dir='ltr'><strong>ecce</strong></span> <span class='ocrx_word' id='word_1_121' title='bbox 1235 1756 1374 1797; x_wconf 85' lang='lat' dir='ltr'><strong>nunc</strong></span> <span class='ocrx_word' id='word_1_122' title='bbox 1403 1742 1529 1795; x_wconf 77' lang='lat' dir='ltr'><strong>Illuc</strong></span> <span class='ocrx_word' id='word_1_123' title='bbox 1562 1756 1790 1810; x_wconf 86' lang='lat' dir='ltr'><strong>propero</strong></span> <span class='ocrx_word' id='word_1_124' title='bbox 1810 1781 1824 1805; x_wconf 91' lang='lat'><strong>,</strong></span> 
     </span>
    </p>
   </div>
   <div class='ocr_carea' id='block_1_18' title="bbox 231 1834 1824 1899">
    <p class='ocr_par' dir='ltr' id='par_1_18' title="bbox 231 1834 1824 1899">
     <span class='ocr_line' id='line_1_18' title="bbox 231 1834 1824 1899; baseline -0.007 -1"><span class='ocrx_word' id='word_1_125' title='bbox 231 1844 499 1899; x_wconf 84' lang='lat' dir='ltr'><strong>viventem</strong></span> <span class='ocrx_word' id='word_1_126' title='bbox 528 1857 653 1897; x_wconf 90' lang='lat' dir='ltr'><strong>eum</strong></span> <span class='ocrx_word' id='word_1_127' title='bbox 681 1838 881 1894; x_wconf 78' lang='lat' dir='ltr'><strong>exinde</strong></span> <span class='ocrx_word' id='word_1_128' title='bbox 923 1837 1263 1891; x_wconf 89' lang='lat' dir='ltr'><strong>reducturus.</strong></span> <span class='ocrx_word' id='word_1_129' title='bbox 1314 1835 1694 1889; x_wconf 80' lang='lat' dir='ltr'><strong>Verumtamen</strong></span> <span class='ocrx_word' id='word_1_130' title='bbox 1723 1834 1824 1888; x_wconf 59' lang='lat' dir='ltr'><strong>ob.</strong></span> 
     </span>
    </p>
   </div>
   <div class='ocr_carea' id='block_1_19' title="bbox 1931 636 3511 708">
    <p class='ocr_par' dir='ltr' id='par_1_19' title="bbox 1931 636 3511 708">
     <span class='ocr_line' id='line_1_19' title="bbox 1931 636 3511 708; baseline 0.003 -17"><span class='ocrx_word' id='word_1_131' title='bbox 1931 646 2046 691; x_wconf 89' lang='lat' dir='ltr'><strong>stro</strong></span> <span class='ocrx_word' id='word_1_132' title='bbox 2096 645 2333 704; x_wconf 82' lang='lat' dir='ltr'><strong>peracto,</strong></span> <span class='ocrx_word' id='word_1_133' title='bbox 2366 638 2746 692; x_wconf 84' lang='lat' dir='ltr'><strong>aconsohrino</strong></span> <span class='ocrx_word' id='word_1_134' title='bbox 2788 636 3089 693; x_wconf 70' lang='lat' dir='ltr'><strong>Theodos‘o</strong></span> <span class='ocrx_word' id='word_1_135' title='bbox 3138 639 3511 708; x_wconf 74' lang='lat' dir='ltr'><strong>imperatorem</strong></span> 
     </span>
    </p>
   </div>
   <div class='ocr_carea' id='block_1_20' title="bbox 1930 710 3512 804">
    <p class='ocr_par' dir='ltr' id='par_1_20' title="bbox 1930 710 3512 804">
     <span class='ocr_line' id='line_1_20' title="bbox 1930 710 3512 804; baseline 0.005 -22"><span class='ocrx_word' id='word_1_136' title='bbox 1930 727 2099 783; x_wconf 85' lang='lat' dir='ltr'><strong>fuisse</strong></span> <span class='ocrx_word' id='word_1_137' title='bbox 2126 740 2391 796; x_wconf 80' lang='lat' dir='ltr'><strong>creatum,</strong></span> <span class='ocrx_word' id='word_1_138' title='bbox 2445 740 2501 785; x_wconf 90' lang='lat' dir='ltr'><strong>et</strong></span> <span class='ocrx_word' id='word_1_139' title='bbox 2556 732 2693 798; x_wconf 83' lang='lat' dir='ltr'><strong>apud</strong></span> <span class='ocrx_word' id='word_1_140' title='bbox 2728 710 2913 785; x_wconf 75' lang='lat' dir='ltr'><strong>urbem</strong></span> <span class='ocrx_word' id='word_1_141' title='bbox 2970 731 3192 785; x_wconf 80' lang='lat' dir='ltr'><strong>Romam</strong></span> <span class='ocrx_word' id='word_1_142' title='bbox 3226 744 3512 804; x_wconf 80' lang='lat' dir='ltr'><strong>tyrannum</strong></span> 
     </span>
    </p>
   </div>
   <div class='ocr_carea' id='block_1_21' title="bbox 1929 820 3511 897">
    <p class='ocr_par' dir='ltr' id='par_1_21' title="bbox 1929 820 3511 897">
     <span class='ocr_line' id='line_1_21' title="bbox 1929 820 3511 897; baseline 0.005 -22"><span class='ocrx_word' id='word_1_143' title='bbox 1929 820 2190 878; x_wconf 81' lang='lat' dir='ltr'><strong>Joannem</strong></span> <span class='ocrx_word' id='word_1_144' title='bbox 2223 823 2274 876; x_wconf 90' lang='lat' dir='ltr'><strong>in</strong></span> <span class='ocrx_word' id='word_1_145' title='bbox 2307 823 2589 891; x_wconf 83' lang='lat' dir='ltr'><strong>imperium</strong></span> <span class='ocrx_word' id='word_1_146' title='bbox 2640 822 2960 887; x_wconf 76' lang='lat' dir='ltr'><strong>surrexisse,</strong></span> <span class='ocrx_word' id='word_1_147' title='bbox 2993 823 3298 895; x_wconf 81' lang='lat' dir='ltr'><strong>legatusque</strong></span> <span class='ocrx_word' id='word_1_148' title='bbox 3326 828 3443 897; x_wconf 84' lang='lat' dir='ltr'><strong>ejus</strong></span> <span class='ocrx_word' id='word_1_149' title='bbox 3481 845 3511 883; x_wconf 90' lang='lat' dir='ltr'><strong>a</strong></span> 
     </span>
    </p>
   </div>
   <div class='ocr_carea' id='block_1_22' title="bbox 1930 913 3514 987">
    <p class='ocr_par' dir='ltr' id='par_1_22' title="bbox 1930 913 3514 987">
     <span class='ocr_line' id='line_1_22' title="bbox 1930 913 3514 987; baseline 0.007 -20"><span class='ocrx_word' id='word_1_150' title='bbox 1930 913 2148 969; x_wconf 71' lang='lat' dir='ltr'><strong>Cazsare</strong></span> <span class='ocrx_word' id='word_1_151' title='bbox 2175 914 2318 970; x_wconf 86' lang='lat' dir='ltr'><strong>dicat</strong></span> <span class='ocrx_word' id='word_1_152' title='bbox 2348 915 2515 969; x_wconf 86' lang='lat' dir='ltr'><strong>fuisse</strong></span> <span class='ocrx_word' id='word_1_153' title='bbox 2558 914 2863 985; x_wconf 84' lang='lat' dir='ltr'><strong>despectos,</strong></span> <span class='ocrx_word' id='word_1_154' title='bbox 2896 916 3121 987; x_wconf 84' lang='lat' dir='ltr'><strong>adjecit:</strong></span> <span class='ocrx_word' id='word_1_155' title='bbox 3162 937 3179 970; x_wconf 83' lang='lat' dir='ltr'><strong>t</strong></span> <span class='ocrx_word' id='word_1_156' title='bbox 3219 920 3353 974; x_wconf 73' lang='lat' dir='ltr'><strong>Itum</strong></span> <span class='ocrx_word' id='word_1_157' title='bbox 3399 921 3514 978; x_wconf 68' lang='lat' dir='ltr'><strong>haec</strong></span> 
     </span>
    </p>
   </div>
   <div class='ocr_carea' id='block_1_23' title="bbox 1930 1004 3517 1082">
    <p class='ocr_par' dir='ltr' id='par_1_23' title="bbox 1930 1004 3517 1082">
     <span class='ocr_line' id='line_1_23' title="bbox 1930 1004 3517 1082; baseline 0.006 -22"><span class='ocrx_word' id='word_1_158' title='bbox 1930 1004 2001 1060; x_wconf 91' lang='lat' dir='ltr'><strong>ita</strong></span> <span class='ocrx_word' id='word_1_159' title='bbox 2026 1019 2358 1074; x_wconf 83' lang='lat' dir='ltr'><strong>gererentur,</strong></span> <span class='ocrx_word' id='word_1_160' title='bbox 2385 1008 2539 1079; x_wconf 73' lang='lat' dir='ltr'><strong>legati</strong></span> <span class='ocrx_word' id='word_1_161' title='bbox 2571 1008 2635 1061; x_wconf 87' lang='lat' dir='ltr'><strong>ad</strong></span> <span class='ocrx_word' id='word_1_162' title='bbox 2669 1020 2951 1081; x_wconf 86' lang='lat' dir='ltr'><strong>tyrannum</strong></span> <span class='ocrx_word' id='word_1_163' title='bbox 2975 1012 3175 1067; x_wconf 68' lang='lat' dir='ltr'><strong>reversi</strong></span> <span class='ocrx_word' id='word_1_164' title='bbox 3198 1023 3342 1082; x_wconf 85' lang='lat' dir='ltr'><strong>sunt,</strong></span> <span class='ocrx_word' id='word_1_165' title='bbox 3368 1029 3517 1069; x_wconf 87' lang='lat' dir='ltr'><strong>man-</strong></span> 
     </span>
    </p>
   </div>
   <div class='ocr_carea' id='block_1_24' title="bbox 1930 1097 3513 1175">
    <p class='ocr_par' dir='ltr' id='par_1_24' title="bbox 1930 1097 3513 1175">
     <span class='ocr_line' id='line_1_24' title="bbox 1930 1097 3513 1175; baseline 0.006 -23"><span class='ocrx_word' id='word_1_166' title='bbox 1930 1097 2055 1152; x_wconf 84' lang='lat' dir='ltr'><strong>data</strong></span> <span class='ocrx_word' id='word_1_167' title='bbox 2081 1102 2344 1155; x_wconf 84' lang='lat' dir='ltr'><strong>atrociora</strong></span> <span class='ocrx_word' id='word_1_168' title='bbox 2378 1113 2655 1169; x_wconf 81' lang='lat' dir='ltr'><strong>portantes</strong></span> <span class='ocrx_word' id='word_1_169' title='bbox 2689 1101 2707 1141; x_wconf 71' lang='grc' dir='ltr'><em>τ</em></span> <span class='ocrx_word' id='word_1_170' title='bbox 2739 1122 2751 1156; x_wconf 92' lang='lat'>:</span> <span class='ocrx_word' id='word_1_171' title='bbox 2800 1105 2994 1173; x_wconf 85' lang='lat' dir='ltr'><strong>quibus</strong></span> <span class='ocrx_word' id='word_1_172' title='bbox 3040 1117 3312 1175; x_wconf 80' lang='lat' dir='ltr'><strong>permotus</strong></span> <span class='ocrx_word' id='word_1_173' title='bbox 3353 1107 3513 1162; x_wconf 82' lang='lat' dir='ltr'><strong>Joan-</strong></span> 
     </span>
    </p>
   </div>
   <div class='ocr_carea' id='block_1_25' title="bbox 1930 1192 3512 1266">
    <p class='ocr_par' dir='ltr' id='par_1_25' title="bbox 1930 1192 3512 1266">
     <span class='ocr_line' id='line_1_25' title="bbox 1930 1192 3512 1266; baseline 0.004 -19"><span class='ocrx_word' id='word_1_174' title='bbox 1930 1207 2059 1256; x_wconf 87' lang='lat' dir='ltr'><strong>nes,</strong></span> <span class='ocrx_word' id='word_1_175' title='bbox 2104 1194 2315 1247; x_wconf 85' lang='lat' dir='ltr'><strong>Aetium</strong></span> <span class='ocrx_word' id='word_1_176' title='bbox 2346 1192 2395 1247; x_wconf 91' lang='lat' dir='ltr'><strong>id</strong></span> <span class='ocrx_word' id='word_1_177' title='bbox 2431 1194 2689 1262; x_wconf 87' lang='lat' dir='ltr'><strong>temporis</strong></span> <span class='ocrx_word' id='word_1_178' title='bbox 2742 1209 2921 1248; x_wconf 80' lang='lat' dir='ltr'><strong>curam</strong></span> <span class='ocrx_word' id='word_1_179' title='bbox 2981 1196 3161 1265; x_wconf 80' lang='lat' dir='ltr'><strong>palatii</strong></span> <span class='ocrx_word' id='word_1_180' title='bbox 3216 1208 3512 1266; x_wconf 81' lang='lat' dir='ltr'><strong>gerentem,</strong></span> 
     </span>
    </p>
   </div>
   <div class='ocr_carea' id='block_1_26' title="bbox 1930 1285 3516 1354">
    <p class='ocr_par' dir='ltr' id='par_1_26' title="bbox 1930 1285 3516 1354">
     <span class='ocr_line' id='line_1_26' title="bbox 1930 1285 3516 1354; baseline 0.001 -14"><span class='ocrx_word' id='word_1_181' title='bbox 1930 1299 2052 1340; x_wconf 90' lang='lat' dir='ltr'><strong>cum</strong></span> <span class='ocrx_word' id='word_1_182' title='bbox 2084 1285 2282 1354; x_wconf 85' lang='lat' dir='ltr'><strong>ingenti</strong></span> <span class='ocrx_word' id='word_1_183' title='bbox 2312 1286 2425 1337; x_wconf 87' lang='lat' dir='ltr'><strong>auri</strong></span> <span class='ocrx_word' id='word_1_184' title='bbox 2460 1285 2694 1353; x_wconf 85' lang='lat' dir='ltr'><strong>pondere</strong></span> <span class='ocrx_word' id='word_1_185' title='bbox 2723 1285 2787 1337; x_wconf 86' lang='lat' dir='ltr'><strong>ad</strong></span> <span class='ocrx_word' id='word_1_186' title='bbox 2814 1285 3031 1339; x_wconf 74' lang='lat' dir='ltr'><strong>Chunos</strong></span> <span class='ocrx_word' id='word_1_187' title='bbox 3055 1288 3388 1354; x_wconf 87' lang='lat' dir='ltr'><strong>transmittit,</strong></span> <span class='ocrx_word' id='word_1_188' title='bbox 3422 1304 3516 1342; x_wconf 85' lang='lat' dir='ltr'><strong>no-</strong></span> 
     </span>
    </p>
   </div>
   <div class='ocr_carea' id='block_1_27' title="bbox 1932 1373 3513 1441">
    <p class='ocr_par' dir='ltr' id='par_1_27' title="bbox 1932 1373 3513 1441">
     <span class='ocr_line' id='line_1_27' title="bbox 1932 1373 3513 1441; baseline 0.003 -13"><span class='ocrx_word' id='word_1_189' title='bbox 1932 1384 2015 1429; x_wconf 89' lang='lat' dir='ltr'><strong>tos</strong></span> <span class='ocrx_word' id='word_1_190' title='bbox 2049 1376 2151 1429; x_wconf 89' lang='lat' dir='ltr'><strong>sibi</strong></span> <span class='ocrx_word' id='word_1_191' title='bbox 2196 1373 2492 1429; x_wconf 82' lang='lat' dir='ltr'><strong>obsidiatus</strong></span> <span class='ocrx_word' id='word_1_192' title='bbox 2516 1373 2600 1428; x_wconf 87' lang='lat' dir='ltr'><strong>sui</strong></span> <span class='ocrx_word' id='word_1_193' title='bbox 2632 1384 2893 1441; x_wconf 85' lang='lat' dir='ltr'><strong>tempore,</strong></span> <span class='ocrx_word' id='word_1_194' title='bbox 2925 1385 2979 1430; x_wconf 91' lang='lat' dir='ltr'><strong>ct</strong></span> <span class='ocrx_word' id='word_1_195' title='bbox 3011 1376 3257 1430; x_wconf 77' lang='lat' dir='ltr'><strong>familiari</strong></span> <span class='ocrx_word' id='word_1_196' title='bbox 3285 1378 3513 1432; x_wconf 72' lang='lat' dir='ltr'><strong>arnicitia</strong></span> 
     </span>
    </p>
   </div>
   <div class='ocr_carea' id='block_1_28' title="bbox 1929 1464 3516 1537">
    <p class='ocr_par' dir='ltr' id='par_1_28' title="bbox 1929 1464 3516 1537">
     <span class='ocr_line' id='line_1_28' title="bbox 1929 1464 3516 1537; baseline 0.003 -18"><span class='ocrx_word' id='word_1_197' title='bbox 1929 1464 2225 1527; x_wconf 85' lang='lat' dir='ltr'><strong>devinctos.</strong></span> <span class='ocrx_word' id='word_1_198' title='bbox 2261 1480 2381 1519; x_wconf 88' lang='lat' dir='ltr'><strong>cum</strong></span> <span class='ocrx_word' id='word_1_199' title='bbox 2428 1464 2694 1519; x_wconf 80' lang='lat' dir='ltr'><strong>mandatis</strong></span> <span class='ocrx_word' id='word_1_200' title='bbox 2739 1465 3081 1534; x_wconf 71' lang='lat' dir='ltr'><strong>huiusmodi:</strong></span> <span class='ocrx_word' id='word_1_201' title='bbox 3128 1468 3258 1521; x_wconf 88' lang='lat' dir='ltr'><strong>Cum</strong></span> <span class='ocrx_word' id='word_1_202' title='bbox 3289 1471 3516 1537; x_wconf 88' lang='lat' dir='ltr'><strong>primum</strong></span> 
     </span>
    </p>
   </div>
   <div class='ocr_carea' id='block_1_29' title="bbox 1932 1557 3517 1631">
    <p class='ocr_par' dir='ltr' id='par_1_29' title="bbox 1932 1557 3517 1631">
     <span class='ocr_line' id='line_1_29' title="bbox 1932 1557 3517 1631; baseline -0.001 -19"><span class='ocrx_word' id='word_1_203' title='bbox 1932 1568 2112 1629; x_wconf 87' lang='lat' dir='ltr'><strong>partes</strong></span> <span class='ocrx_word' id='word_1_204' title='bbox 2141 1558 2381 1613; x_wconf 69' lang='lat' dir='ltr'><strong>adversa:</strong></span> <span class='ocrx_word' id='word_1_205' title='bbox 2431 1557 2634 1611; x_wconf 88' lang='lat' dir='ltr'><strong>Italiam</strong></span> <span class='ocrx_word' id='word_1_206' title='bbox 2665 1558 2922 1627; x_wconf 76' lang='lat' dir='ltr'><strong>ingressa:</strong></span> <span class='ocrx_word' id='word_1_207' title='bbox 2952 1558 3147 1624; x_wconf 88' lang='lat' dir='ltr'><strong>forent,</strong></span> <span class='ocrx_word' id='word_1_208' title='bbox 3181 1560 3281 1626; x_wconf 83' lang='lat' dir='ltr'><strong>ipsi</strong></span> <span class='ocrx_word' id='word_1_209' title='bbox 3309 1576 3339 1614; x_wconf 91' lang='lat' dir='ltr'><strong>a</strong></span> <span class='ocrx_word' id='word_1_210' title='bbox 3370 1570 3517 1631; x_wconf 80' lang='lat' dir='ltr'><strong>tergo</strong></span> 
     </span>
    </p>
   </div>
   <div class='ocr_carea' id='block_1_30' title="bbox 1932 1647 3518 1721">
    <p class='ocr_par' dir='ltr' id='par_1_30' title="bbox 1932 1647 3518 1721">
     <span class='ocr_line' id='line_1_30' title="bbox 1932 1647 3518 1721; baseline 0.002 -15"><span class='ocrx_word' id='word_1_211' title='bbox 1932 1652 2274 1706; x_wconf 78' lang='lat' dir='ltr'><strong>adorirentur</strong></span> <span class='ocrx_word' id='word_1_212' title='bbox 2300 1692 2313 1716; x_wconf 91' lang='lat'><strong>,</strong></span> <span class='ocrx_word' id='word_1_213' title='bbox 2364 1664 2425 1706; x_wconf 87' lang='lat' dir='ltr'><strong>se</strong></span> <span class='ocrx_word' id='word_1_214' title='bbox 2449 1665 2478 1705; x_wconf 91' lang='lat' dir='ltr'><strong>a</strong></span> <span class='ocrx_word' id='word_1_215' title='bbox 2507 1647 2684 1705; x_wconf 84' lang='lat' dir='ltr'><strong>fronte</strong></span> <span class='ocrx_word' id='word_1_216' title='bbox 2734 1661 3035 1705; x_wconf 82' lang='lat' dir='ltr'><strong>venturum.</strong></span> <span class='ocrx_word' id='word_1_217' title='bbox 3074 1652 3139 1706; x_wconf 84' lang='lat' dir='ltr'><strong>Et</strong></span> <span class='ocrx_word' id='word_1_218' title='bbox 3168 1652 3287 1721; x_wconf 85' lang='lat' dir='ltr'><strong>quia</strong></span> <span class='ocrx_word' id='word_1_219' title='bbox 3316 1654 3383 1709; x_wconf 90' lang='lat' dir='ltr'><strong>de</strong></span> <span class='ocrx_word' id='word_1_220' title='bbox 3414 1654 3518 1709; x_wconf 90' lang='lat' dir='ltr'><strong>hoc</strong></span> 
     </span>
    </p>
   </div>
   <div class='ocr_carea' id='block_1_31' title="bbox 1930 1744 3515 1817">
    <p class='ocr_par' dir='ltr' id='par_1_31' title="bbox 1930 1744 3515 1817">
     <span class='ocr_line' id='line_1_31' title="bbox 1930 1744 3515 1817; baseline 0.004 -22"><span class='ocrx_word' id='word_1_221' title='bbox 1930 1744 2046 1797; x_wconf 90' lang='lat' dir='ltr'><strong>viro</strong></span> <span class='ocrx_word' id='word_1_222' title='bbox 2073 1754 2461 1813; x_wconf 79' lang='lat' dir='ltr'><strong>consequenter</strong></span> <span class='ocrx_word' id='word_1_223' title='bbox 2487 1744 2635 1812; x_wconf 86' lang='lat' dir='ltr'><strong>plura</strong></span> <span class='ocrx_word' id='word_1_224' title='bbox 2669 1744 3016 1799; x_wconf 85' lang='lat' dir='ltr'><strong>memoranda</strong></span> <span class='ocrx_word' id='word_1_225' title='bbox 3044 1754 3190 1813; x_wconf 87' lang='lat' dir='ltr'><strong>sunt,</strong></span> <span class='ocrx_word' id='word_1_226' title='bbox 3213 1746 3327 1816; x_wconf 88' lang='lat' dir='ltr'><strong>ejus</strong></span> <span class='ocrx_word' id='word_1_227' title='bbox 3347 1760 3515 1817; x_wconf 81' lang='lat' dir='ltr'><strong>genus</strong></span> 
     </span>
    </p>
   </div>
   <div class='ocr_carea' id='block_1_32' title="bbox 1931 1834 3513 1908">
    <p class='ocr_par' dir='ltr' id='par_1_32' title="bbox 1931 1834 3513 1908">
     <span class='ocr_line' id='line_1_32' title="bbox 1931 1834 3513 1908; baseline -0.001 -19"><span class='ocrx_word' id='word_1_228' title='bbox 1931 1850 2217 1905; x_wconf 84' lang='lat' dir='ltr'><strong>moresque</strong></span> <span class='ocrx_word' id='word_1_229' title='bbox 2246 1834 2413 1889; x_wconf 91' lang='lat' dir='ltr'><strong>ordiri</strong></span> <span class='ocrx_word' id='word_1_230' title='bbox 2440 1835 2632 1902; x_wconf 87' lang='lat' dir='ltr'><strong>placet.</strong></span> <span class='ocrx_word' id='word_1_231' title='bbox 2660 1835 2992 1889; x_wconf 79' lang='lat' dir='ltr'><strong>Gaudentius</strong></span> <span class='ocrx_word' id='word_1_232' title='bbox 3024 1844 3193 1903; x_wconf 82' lang='lat' dir='ltr'><strong>pater,</strong></span> <span class='ocrx_word' id='word_1_233' title='bbox 3221 1837 3455 1908; x_wconf 78' lang='lat' dir='ltr'><strong>Scytbiat</strong></span> <span class='ocrx_word' id='word_1_234' title='bbox 3485 1845 3513 1887; x_wconf 71' lang='grc' dir='ltr'><em>ε</em></span> 
     </span>
    </p>
   </div>
   <div class='ocr_carea' id='block_1_33' title="bbox 240 1924 3515 2001">
    <p class='ocr_par' dir='ltr' id='par_1_33' title="bbox 240 1924 3515 2001">
     <span class='ocr_line' id='line_1_33' title="bbox 240 1924 3515 2001; baseline -0.001 -14"><span class='ocrx_word' id='word_1_235' title='bbox 240 1945 430 1998; x_wconf 84' lang='lat' dir='ltr'><strong>testor,</strong></span> <span class='ocrx_word' id='word_1_236' title='bbox 468 1942 524 1986; x_wconf 90' lang='lat' dir='ltr'><strong>ut</strong></span> <span class='ocrx_word' id='word_1_237' title='bbox 572 1932 662 2001; x_wconf 90' lang='lat' dir='ltr'><strong>qui</strong></span> <span class='ocrx_word' id='word_1_238' title='bbox 710 1934 823 1983; x_wconf 68' lang='lat' dir='ltr'><strong>lucc</strong></span> <span class='ocrx_word' id='word_1_239' title='bbox 851 1927 1081 1981; x_wconf 86' lang='lat' dir='ltr'><strong>audierit</strong></span> <span class='ocrx_word' id='word_1_240' title='bbox 1109 1926 1292 1990; x_wconf 80' lang='lat' dir='ltr'><strong>sileat,</strong></span> <span class='ocrx_word' id='word_1_241' title='bbox 1343 1936 1702 1994; x_wconf 82' lang='lat' dir='ltr'><strong>arcanumque</strong></span> <span class='ocrx_word' id='word_1_242' title='bbox 1733 1924 1824 1979; x_wconf 88' lang='lat' dir='ltr'><strong>Dei</strong></span> <span class='ocrx_word' id='word_1_243' title='bbox 1858 1930 1904 1988; x_wconf 91' lang='lat' dir='ltr'><strong>B</strong></span> <span class='ocrx_word' id='word_1_244' title='bbox 1938 1929 2228 1998; x_wconf 68' lang='lat' dir='ltr'><strong>provincia:</strong></span> <span class='ocrx_word' id='word_1_245' title='bbox 2255 1928 2506 1998; x_wconf 86' lang='lat' dir='ltr'><strong>primoris</strong></span> <span class='ocrx_word' id='word_1_246' title='bbox 2535 1928 2670 1993; x_wconf 90' lang='lat' dir='ltr'><strong>loci,</strong></span> <span class='ocrx_word' id='word_1_247' title='bbox 2719 1943 2749 1981; x_wconf 88' lang='lat' dir='ltr'><strong>a</strong></span> <span class='ocrx_word' id='word_1_248' title='bbox 2780 1928 3133 1983; x_wconf 80' lang='lat' dir='ltr'><strong>domesticam</strong></span> <span class='ocrx_word' id='word_1_249' title='bbox 3161 1944 3384 1985; x_wconf 85' lang='lat' dir='ltr'><strong>exorsus</strong></span> <span class='ocrx_word' id='word_1_250' title='bbox 3412 1931 3515 1985; x_wconf 85' lang='lat' dir='ltr'><strong>nti-</strong></span> 
     </span>
    </p>
   </div>
   <div class='ocr_carea' id='block_1_34' title="bbox 231 2016 1821 2095">
    <p class='ocr_par' dir='ltr' id='par_1_34' title="bbox 231 2016 1821 2095">
     <span class='ocr_line' id='line_1_34' title="bbox 231 2016 1821 2095; baseline -0.007 -13"><span class='ocrx_word' id='word_1_251' title='bbox 231 2030 447 2095; x_wconf 82' lang='lat' dir='ltr'><strong>vulgare</strong></span> <span class='ocrx_word' id='word_1_252' title='bbox 474 2040 578 2079; x_wconf 89' lang='lat' dir='ltr'><strong>non</strong></span> <span class='ocrx_word' id='word_1_253' title='bbox 603 2023 826 2087; x_wconf 84' lang='lat' dir='ltr'><strong>audeat,</strong></span> <span class='ocrx_word' id='word_1_254' title='bbox 857 2034 924 2075; x_wconf 89' lang='lat' dir='ltr'><strong>ne</strong></span> <span class='ocrx_word' id='word_1_255' title='bbox 951 2027 1137 2088; x_wconf 83' lang='lat' dir='ltr'><strong>pereat</strong></span> <span class='ocrx_word' id='word_1_256' title='bbox 1166 2018 1422 2073; x_wconf 77' lang='lat' dir='ltr'><strong>velociter</strong></span> <span class='ocrx_word' id='word_1_257' title='bbox 1450 2033 1481 2070; x_wconf 87' lang='lat' dir='ltr'><strong>a</strong></span> <span class='ocrx_word' id='word_1_258' title='bbox 1525 2025 1691 2071; x_wconf 91' lang='lat' dir='ltr'><strong>terra.</strong></span> <span class='ocrx_word' id='word_1_259' title='bbox 1723 2016 1821 2071; x_wconf 91' lang='lat' dir='ltr'><strong>Ille</strong></span> 
     </span>
    </p>
   </div>
   <div class='ocr_carea' id='block_1_35' title="bbox 232 2106 1827 2177">
    <p class='ocr_par' dir='ltr' id='par_1_35' title="bbox 232 2106 1827 2177">
     <span class='ocr_line' id='line_1_35' title="bbox 232 2106 1827 2177; baseline -0.006 -6"><span class='ocrx_word' id='word_1_260' title='bbox 232 2129 412 2173; x_wconf 77' lang='lat' dir='ltr'><strong>autem</strong></span> <span class='ocrx_word' id='word_1_261' title='bbox 442 2121 560 2170; x_wconf 72' lang='lat' dir='ltr'><strong>haec</strong></span> <span class='ocrx_word' id='word_1_262' title='bbox 588 2114 833 2177; x_wconf 87' lang='lat' dir='ltr'><strong>audiens,</strong></span> <span class='ocrx_word' id='word_1_263' title='bbox 871 2111 1031 2165; x_wconf 87' lang='lat' dir='ltr'><strong>silere</strong></span> <span class='ocrx_word' id='word_1_264' title='bbox 1054 2123 1160 2166; x_wconf 87' lang='lat' dir='ltr'><strong>non</strong></span> <span class='ocrx_word' id='word_1_265' title='bbox 1191 2110 1397 2177; x_wconf 85' lang='lat' dir='ltr'><strong>potuit:</strong></span> <span class='ocrx_word' id='word_1_266' title='bbox 1430 2106 1525 2162; x_wconf 85' lang='lat' dir='ltr'><strong>sed</strong></span> <span class='ocrx_word' id='word_1_267' title='bbox 1550 2122 1670 2161; x_wconf 86' lang='lat' dir='ltr'><strong>mox</strong></span> <span class='ocrx_word' id='word_1_268' title='bbox 1711 2108 1827 2162; x_wconf 86' lang='lat' dir='ltr'><strong>illu-</strong></span> 
     </span>
    </p>
   </div>
   <div class='ocr_carea' id='block_1_36' title="bbox 230 2198 1828 2272">
    <p class='ocr_par' dir='ltr' id='par_1_36' title="bbox 230 2198 1828 2272">
     <span class='ocr_line' id='line_1_36' title="bbox 230 2198 1828 2272; baseline -0.007 -6"><span class='ocrx_word' id='word_1_269' title='bbox 230 2219 485 2266; x_wconf 84' lang='lat' dir='ltr'><strong>cesceule</strong></span> <span class='ocrx_word' id='word_1_270' title='bbox 515 2208 695 2270; x_wconf 80' lang='lat' dir='ltr'><strong>ccelo,</strong></span> <span class='ocrx_word' id='word_1_271' title='bbox 756 2204 937 2259; x_wconf 86' lang='lat' dir='ltr'><strong>omnia</strong></span> <span class='ocrx_word' id='word_1_272' title='bbox 980 2216 1101 2272; x_wconf 72' lang='lat' dir='ltr'><strong>quae</strong></span> <span class='ocrx_word' id='word_1_273' title='bbox 1156 2202 1399 2255; x_wconf 82' lang='lat' dir='ltr'><strong>audierat</strong></span> <span class='ocrx_word' id='word_1_274' title='bbox 1456 2198 1828 2255; x_wconf 71' lang='lat' dir='ltr'><strong>matrtfamilite</strong></span> 
     </span>
    </p>
   </div>
   <div class='ocr_carea' id='block_1_37' title="bbox 230 2293 1824 2375">
    <p class='ocr_par' dir='ltr' id='par_1_37' title="bbox 230 2293 1824 2375">
     <span class='ocr_line' id='line_1_37' title="bbox 230 2293 1824 2375; baseline -0.005 -19"><span class='ocrx_word' id='word_1_275' title='bbox 230 2304 443 2375; x_wconf 82' lang='lat' dir='ltr'><strong>pandit:</strong></span> <span class='ocrx_word' id='word_1_276' title='bbox 477 2300 812 2371; x_wconf 80' lang='lat' dir='ltr'><strong>expletisque</strong></span> <span class='ocrx_word' id='word_1_277' title='bbox 839 2295 1183 2353; x_wconf 84' lang='lat' dir='ltr'><strong>sermonibus</strong></span> <span class='ocrx_word' id='word_1_278' title='bbox 1228 2295 1432 2350; x_wconf 85' lang='lat' dir='ltr'><strong>lumine</strong></span> <span class='ocrx_word' id='word_1_279' title='bbox 1472 2293 1645 2349; x_wconf 79' lang='lat' dir='ltr'><strong>caruit</strong></span> <span class='ocrx_word' id='word_1_280' title='bbox 1690 2307 1824 2349; x_wconf 87' lang='lat' dir='ltr'><strong>ocu-</strong></span> 
     </span>
    </p>
   </div>
   <div class='ocr_carea' id='block_1_38' title="bbox 230 2397 427 2453">
    <p class='ocr_par' dir='ltr' id='par_1_38' title="bbox 230 2397 427 2453">
     <span class='ocr_line' id='line_1_38' title="bbox 230 2397 427 2453; baseline -0.005 -1"><span class='ocrx_word' id='word_1_281' title='bbox 230 2397 427 2453; x_wconf 87' lang='lat' dir='ltr'><strong>lorum.</strong></span> 
     </span>
    </p>
   </div>
   <div class='ocr_carea' id='block_1_39' title="bbox 299 2476 1822 2555">
    <p class='ocr_par' dir='ltr' id='par_1_39' title="bbox 299 2476 1822 2555">
     <span class='ocr_line' id='line_1_39' title="bbox 299 2476 1822 2555; baseline -0.007 -14"><span class='ocrx_word' id='word_1_282' title='bbox 299 2488 472 2555; x_wconf 77' lang='lat' dir='ltr'><strong>Igitur</strong></span> <span class='ocrx_word' id='word_1_283' title='bbox 498 2484 690 2539; x_wconf 79' lang='lat' dir='ltr'><strong>Aetius</strong></span> <span class='ocrx_word' id='word_1_284' title='bbox 711 2496 831 2537; x_wconf 87' lang='lat' dir='ltr'><strong>cum</strong></span> <span class='ocrx_word' id='word_1_285' title='bbox 860 2480 1073 2538; x_wconf 81' lang='lat' dir='ltr'><strong>Gottbls</strong></span> <span class='ocrx_word' id='word_1_286' title='bbox 1103 2478 1429 2546; x_wconf 83' lang='lat' dir='ltr'><strong>Francisque</strong></span> <span class='ocrx_word' id='word_1_287' title='bbox 1457 2476 1780 2544; x_wconf 76' lang='lat' dir='ltr'><strong>coniunctus</strong></span> <span class='ocrx_word' id='word_1_288' title='bbox 1809 2517 1822 2542; x_wconf 91' lang='lat'><strong>,</strong></span> 
     </span>
    </p>
   </div>
   <div class='ocr_carea' id='block_1_40' title="bbox 229 2566 1828 2641">
    <p class='ocr_par' dir='ltr' id='par_1_40' title="bbox 229 2566 1828 2641">
     <span class='ocr_line' id='line_1_40' title="bbox 229 2566 1828 2641; baseline -0.007 -9"><span class='ocrx_word' id='word_1_289' title='bbox 229 2579 493 2633; x_wconf 79' lang='lat' dir='ltr'><strong>adversus</strong></span> <span class='ocrx_word' id='word_1_290' title='bbox 544 2576 836 2629; x_wconf 83' lang='lat' dir='ltr'><strong>Attilanetn</strong></span> <span class='ocrx_word' id='word_1_291' title='bbox 867 2571 1129 2641; x_wconf 83' lang='lat' dir='ltr'><strong>conﬂigit.</strong></span> <span class='ocrx_word' id='word_1_292' title='bbox 1171 2573 1236 2624; x_wconf 77' lang='lat' dir='ltr'><strong>At</strong></span> <span class='ocrx_word' id='word_1_293' title='bbox 1265 2570 1356 2624; x_wconf 90' lang='lat' dir='ltr'><strong>ille</strong></span> <span class='ocrx_word' id='word_1_294' title='bbox 1383 2566 1450 2622; x_wconf 82' lang='lat' dir='ltr'><strong>ad</strong></span> <span class='ocrx_word' id='word_1_295' title='bbox 1495 2566 1828 2623; x_wconf 83' lang='lat' dir='ltr'><strong>internecio-</strong></span> 
     </span>
    </p>
   </div>
   <div class='ocr_carea' id='block_1_41' title="bbox 233 2657 1825 2730">
    <p class='ocr_par' dir='ltr' id='par_1_41' title="bbox 233 2657 1825 2730">
     <span class='ocr_line' id='line_1_41' title="bbox 233 2657 1825 2730; baseline -0.009 -4"><span class='ocrx_word' id='word_1_296' title='bbox 233 2687 357 2726; x_wconf 88' lang='lat' dir='ltr'><strong>nem</strong></span> <span class='ocrx_word' id='word_1_297' title='bbox 392 2668 594 2723; x_wconf 76' lang='lat' dir='ltr'><strong>vastari</strong></span> <span class='ocrx_word' id='word_1_298' title='bbox 623 2681 777 2721; x_wconf 87' lang='lat' dir='ltr'><strong>suum</strong></span> <span class='ocrx_word' id='word_1_299' title='bbox 808 2678 1039 2720; x_wconf 89' lang='lat' dir='ltr'><strong>cernens</strong></span> <span class='ocrx_word' id='word_1_300' title='bbox 1058 2660 1378 2726; x_wconf 84' lang='lat' dir='ltr'><strong>exercitum,</strong></span> <span class='ocrx_word' id='word_1_301' title='bbox 1404 2660 1521 2730; x_wconf 85' lang='lat' dir='ltr'><strong>fuga</strong></span> <span class='ocrx_word' id='word_1_302' title='bbox 1548 2657 1825 2714; x_wconf 81' lang='lat' dir='ltr'><strong>dilabitur.</strong></span> 
     </span>
    </p>
   </div>
   <div class='ocr_carea' id='block_1_42' title="bbox 231 2753 1825 2828">
    <p class='ocr_par' dir='ltr' id='par_1_42' title="bbox 231 2753 1825 2828">
     <span class='ocr_line' id='line_1_42' title="bbox 231 2753 1825 2828; baseline -0.009 -9"><span class='ocrx_word' id='word_1_303' title='bbox 231 2764 551 2828; x_wconf 75' lang='lat' dir='ltr'><strong>Theodorus</strong></span> <span class='ocrx_word' id='word_1_304' title='bbox 580 2775 708 2815; x_wconf 90' lang='lat' dir='ltr'><strong>vero</strong></span> <span class='ocrx_word' id='word_1_305' title='bbox 739 2757 1059 2813; x_wconf 86' lang='lat' dir='ltr'><strong>Gottborum</strong></span> <span class='ocrx_word' id='word_1_306' title='bbox 1108 2771 1201 2811; x_wconf 87' lang='lat' dir='ltr'><strong>rex</strong></span> <span class='ocrx_word' id='word_1_307' title='bbox 1238 2754 1362 2809; x_wconf 87' lang='lat' dir='ltr'><strong>huic</strong></span> <span class='ocrx_word' id='word_1_308' title='bbox 1391 2753 1672 2809; x_wconf 81' lang='lat' dir='ltr'><strong>certamini</strong></span> <span class='ocrx_word' id='word_1_309' title='bbox 1700 2768 1825 2806; x_wconf 84' lang='lat' dir='ltr'><strong>suc-</strong></span> 
     </span>
    </p>
   </div>
   <div class='ocr_carea' id='block_1_43' title="bbox 230 2845 1827 2917">
    <p class='ocr_par' dir='ltr' id='par_1_43' title="bbox 230 2845 1827 2917">
     <span class='ocr_line' id='line_1_43' title="bbox 230 2845 1827 2917; baseline -0.008 -7"><span class='ocrx_word' id='word_1_310' title='bbox 230 2856 428 2910; x_wconf 84' lang='lat' dir='ltr'><strong>cubuit.</strong></span> <span class='ocrx_word' id='word_1_311' title='bbox 466 2852 598 2907; x_wconf 82' lang='lat' dir='ltr'><strong>Nam</strong></span> <span class='ocrx_word' id='word_1_312' title='bbox 653 2850 832 2904; x_wconf 86' lang='lat' dir='ltr'><strong>nullus</strong></span> <span class='ocrx_word' id='word_1_313' title='bbox 881 2848 1115 2917; x_wconf 82' lang='lat' dir='ltr'><strong>ambigat</strong></span> <span class='ocrx_word' id='word_1_314' title='bbox 1166 2845 1485 2900; x_wconf 75' lang='lat' dir='ltr'><strong>Cltunorum</strong></span> <span class='ocrx_word' id='word_1_315' title='bbox 1528 2845 1827 2900; x_wconf 83' lang='lat' dir='ltr'><strong>exercitum</strong></span> 
     </span>
    </p>
   </div>
   <div class='ocr_carea' id='block_1_44' title="bbox 234 2933 1826 3005">
    <p class='ocr_par' dir='ltr' id='par_1_44' title="bbox 234 2933 1826 3005">
     <span class='ocr_line' id='line_1_44' title="bbox 234 2933 1826 3005; baseline -0.006 -6"><span class='ocrx_word' id='word_1_316' title='bbox 234 2946 461 2999; x_wconf 86' lang='lat' dir='ltr'><strong>obtentu</strong></span> <span class='ocrx_word' id='word_1_317' title='bbox 496 2940 777 2997; x_wconf 82' lang='lat' dir='ltr'><strong>memorati</strong></span> <span class='ocrx_word' id='word_1_318' title='bbox 808 2936 1251 2993; x_wconf 83' lang='lat' dir='ltr'><strong>antistitisfuisse</strong></span> <span class='ocrx_word' id='word_1_319' title='bbox 1282 2939 1545 3005; x_wconf 80' lang='lat' dir='ltr'><strong>fugatum.</strong></span> <span class='ocrx_word' id='word_1_320' title='bbox 1599 2933 1826 2990; x_wconf 83' lang='lat' dir='ltr'><strong>Verum-</strong></span> 
     </span>
    </p>
   </div>
   <div class='ocr_carea' id='block_1_45' title="bbox 233 3027 1826 3101">
    <p class='ocr_par' dir='ltr' id='par_1_45' title="bbox 233 3027 1826 3101">
     <span class='ocr_line' id='line_1_45' title="bbox 233 3027 1826 3101; baseline -0.006 -10"><span class='ocrx_word' id='word_1_321' title='bbox 233 3046 417 3092; x_wconf 79' lang='lat' dir='ltr'><strong>tamen</strong></span> <span class='ocrx_word' id='word_1_322' title='bbox 468 3036 656 3090; x_wconf 77' lang='lat' dir='ltr'><strong>Aetius</strong></span> <span class='ocrx_word' id='word_1_323' title='bbox 684 3033 940 3101; x_wconf 87' lang='lat' dir='ltr'><strong>patricius</strong></span> <span class='ocrx_word' id='word_1_324' title='bbox 966 3044 1089 3087; x_wconf 80' lang='lat' dir='ltr'><strong>cum</strong></span> <span class='ocrx_word' id='word_1_325' title='bbox 1133 3028 1494 3084; x_wconf 74' lang='lat' dir='ltr'><strong>Thorismode</strong></span> <span class='ocrx_word' id='word_1_326' title='bbox 1548 3027 1826 3083; x_wconf 78' lang='lat' dir='ltr'><strong>violetiam</strong></span> 
     </span>
    </p>
   </div>
   <div class='ocr_carea' id='block_1_46' title="bbox 232 3114 1829 3195">
    <p class='ocr_par' dir='ltr' id='par_1_46' title="bbox 232 3114 1829 3195">
     <span class='ocr_line' id='line_1_46' title="bbox 232 3114 1829 3195; baseline -0.006 -11"><span class='ocrx_word' id='word_1_327' title='bbox 232 3132 490 3193; x_wconf 79' lang='lat' dir='ltr'><strong>obtinuit,</strong></span> <span class='ocrx_word' id='word_1_328' title='bbox 516 3114 517 3117; x_wconf 30' lang='grc'><em>“</em></span> <span class='ocrx_word' id='word_1_329' title='bbox 542 3128 832 3195; x_wconf 81' lang='lat' dir='ltr'><strong>hostesque</strong></span> <span class='ocrx_word' id='word_1_330' title='bbox 866 3124 1095 3180; x_wconf 81' lang='lat' dir='ltr'><strong>delevit.</strong></span> <span class='ocrx_word' id='word_1_331' title='bbox 1146 3123 1478 3192; x_wconf 81' lang='lat' dir='ltr'><strong>Expleoque</strong></span> <span class='ocrx_word' id='word_1_332' title='bbox 1519 3122 1704 3188; x_wconf 88' lang='lat' dir='ltr'><strong>bello,</strong></span> <span class='ocrx_word' id='word_1_333' title='bbox 1753 3122 1829 3175; x_wconf 90' lang='lat' dir='ltr'><strong>ait</strong></span> 
     </span>
    </p>
   </div>
   <div class='ocr_carea' id='block_1_47' title="bbox 236 3214 1827 3285">
    <p class='ocr_par' dir='ltr' id='par_1_47' title="bbox 236 3214 1827 3285">
     <span class='ocr_line' id='line_1_47' title="bbox 236 3214 1827 3285; baseline -0.005 -8"><span class='ocrx_word' id='word_1_334' title='bbox 236 3224 420 3277; x_wconf 80' lang='lat' dir='ltr'><strong>Aetius</strong></span> <span class='ocrx_word' id='word_1_335' title='bbox 463 3220 856 3275; x_wconf 75' lang='lat' dir='ltr'><strong>Tltoristnodo:</strong></span> <span class='ocrx_word' id='word_1_336' title='bbox 910 3214 1123 3272; x_wconf 75' lang='lat' dir='ltr'><strong>Festina</strong></span> <span class='ocrx_word' id='word_1_337' title='bbox 1150 3215 1413 3271; x_wconf 82' lang='lat' dir='ltr'><strong>velociter</strong></span> <span class='ocrx_word' id='word_1_338' title='bbox 1441 3216 1619 3271; x_wconf 84' lang='lat' dir='ltr'><strong>redire</strong></span> <span class='ocrx_word' id='word_1_339' title='bbox 1649 3214 1700 3269; x_wconf 92' lang='lat' dir='ltr'><strong>in</strong></span> <span class='ocrx_word' id='word_1_340' title='bbox 1734 3230 1827 3285; x_wconf 85' lang='lat' dir='ltr'><strong>pa-</strong></span> 
     </span>
    </p>
   </div>
   <div class='ocr_carea' id='block_1_48' title="bbox 1933 2019 3516 2091">
    <p class='ocr_par' dir='ltr' id='par_1_48' title="bbox 1933 2019 3516 2091">
     <span class='ocr_line' id='line_1_48' title="bbox 1933 2019 3516 2091; baseline 0.004 -18"><span class='ocrx_word' id='word_1_341' title='bbox 1933 2020 2121 2085; x_wconf 88' lang='lat' dir='ltr'><strong>Iitiam,</strong></span> <span class='ocrx_word' id='word_1_342' title='bbox 2156 2035 2323 2089; x_wconf 84' lang='lat' dir='ltr'><strong>usque</strong></span> <span class='ocrx_word' id='word_1_343' title='bbox 2364 2019 2429 2073; x_wconf 89' lang='lat' dir='ltr'><strong>ad</strong></span> <span class='ocrx_word' id='word_1_344' title='bbox 2460 2020 2748 2090; x_wconf 84' lang='lat' dir='ltr'><strong>magisterii</strong></span> <span class='ocrx_word' id='word_1_345' title='bbox 2789 2020 3027 2088; x_wconf 90' lang='lat' dir='ltr'><strong>equitum</strong></span> <span class='ocrx_word' id='word_1_346' title='bbox 3056 2022 3266 2076; x_wconf 88' lang='lat' dir='ltr'><strong>culmen</strong></span> <span class='ocrx_word' id='word_1_347' title='bbox 3289 2037 3516 2091; x_wconf 84' lang='lat' dir='ltr'><strong>provec-</strong></span> 
     </span>
    </p>
   </div>
   <div class='ocr_carea' id='block_1_49' title="bbox 1933 2110 3517 2182">
    <p class='ocr_par' dir='ltr' id='par_1_49' title="bbox 1933 2110 3517 2182">
     <span class='ocr_line' id='line_1_49' title="bbox 1933 2110 3517 2182; baseline 0.004 -17"><span class='ocrx_word' id='word_1_348' title='bbox 1933 2120 2017 2167; x_wconf 89' lang='lat' dir='ltr'><strong>tus</strong></span> <span class='ocrx_word' id='word_1_349' title='bbox 2047 2122 2149 2167; x_wconf 83' lang='lat' dir='ltr'><strong>est.</strong></span> <span class='ocrx_word' id='word_1_350' title='bbox 2181 2111 2349 2167; x_wconf 72' lang='lat' dir='ltr'><strong>Mater</strong></span> <span class='ocrx_word' id='word_1_351' title='bbox 2376 2111 2527 2176; x_wconf 85' lang='lat' dir='ltr'><strong>Itala,</strong></span> <span class='ocrx_word' id='word_1_352' title='bbox 2568 2110 2759 2166; x_wconf 87' lang='lat' dir='ltr'><strong>nobilis</strong></span> <span class='ocrx_word' id='word_1_353' title='bbox 2788 2127 2851 2167; x_wconf 90' lang='lat' dir='ltr'><strong>ac</strong></span> <span class='ocrx_word' id='word_1_354' title='bbox 2892 2114 3128 2182; x_wconf 74' lang='lat' dir='ltr'><strong>locuples</strong></span> <span class='ocrx_word' id='word_1_355' title='bbox 3159 2114 3376 2169; x_wconf 81' lang='lat' dir='ltr'><strong>femina.</strong></span> <span class='ocrx_word' id='word_1_356' title='bbox 3411 2118 3517 2172; x_wconf 82' lang='lat' dir='ltr'><strong>Ae-</strong></span> 
     </span>
    </p>
   </div>
   <div class='ocr_carea' id='block_1_50' title="bbox 1934 2203 3516 2273">
    <p class='ocr_par' dir='ltr' id='par_1_50' title="bbox 1934 2203 3516 2273">
     <span class='ocr_line' id='line_1_50' title="bbox 1934 2203 3516 2273; baseline 0.004 -16"><span class='ocrx_word' id='word_1_357' title='bbox 1934 2205 2038 2257; x_wconf 90' lang='lat' dir='ltr'><strong>tius</strong></span> <span class='ocrx_word' id='word_1_358' title='bbox 2071 2203 2236 2270; x_wconf 79' lang='lat' dir='ltr'><strong>ﬁlius,</strong></span> <span class='ocrx_word' id='word_1_359' title='bbox 2267 2216 2296 2257; x_wconf 92' lang='lat' dir='ltr'><strong>a</strong></span> <span class='ocrx_word' id='word_1_360' title='bbox 2325 2217 2493 2273; x_wconf 87' lang='lat' dir='ltr'><strong>puero</strong></span> <span class='ocrx_word' id='word_1_361' title='bbox 2525 2205 2897 2273; x_wconf 70' lang='lat' dir='ltr'><strong>pmtoriunus,</strong></span> <span class='ocrx_word' id='word_1_362' title='bbox 2927 2206 3095 2260; x_wconf 86' lang='lat' dir='ltr'><strong>tribus</strong></span> <span class='ocrx_word' id='word_1_363' title='bbox 3136 2209 3290 2262; x_wconf 89' lang='lat' dir='ltr'><strong>annis</strong></span> <span class='ocrx_word' id='word_1_364' title='bbox 3315 2209 3516 2265; x_wconf 82' lang='lat' dir='ltr'><strong>Alarici</strong></span> 
     </span>
    </p>
   </div>
   <div class='ocr_carea' id='block_1_51' title="bbox 1930 2294 3515 2368">
    <p class='ocr_par' dir='ltr' id='par_1_51' title="bbox 1930 2294 3515 2368">
     <span class='ocr_line' id='line_1_51' title="bbox 1930 2294 3515 2368; baseline 0.003 -18"><span class='ocrx_word' id='word_1_365' title='bbox 1930 2296 2123 2361; x_wconf 81' lang='lat' dir='ltr'><strong>obses,</strong></span> <span class='ocrx_word' id='word_1_366' title='bbox 2181 2296 2377 2350; x_wconf 83' lang='lat' dir='ltr'><strong>dehinc</strong></span> <span class='ocrx_word' id='word_1_367' title='bbox 2399 2294 2743 2361; x_wconf 87' lang='lat' dir='ltr'><strong>Cbunorum;</strong></span> <span class='ocrx_word' id='word_1_368' title='bbox 2779 2306 2896 2365; x_wconf 83' lang='lat' dir='ltr'><strong>pOst</strong></span> <span class='ocrx_word' id='word_1_369' title='bbox 2927 2296 3042 2352; x_wconf 66' lang='lat' dir='ltr'><strong>huic</strong></span> <span class='ocrx_word' id='word_1_370' title='bbox 3074 2297 3398 2368; x_wconf 79' lang='lat' dir='ltr'><strong>Carpilionis</strong></span> <span class='ocrx_word' id='word_1_371' title='bbox 3418 2315 3515 2368; x_wconf 83' lang='lat' dir='ltr'><strong>ge-</strong></span> 
     </span>
    </p>
   </div>
   <div class='ocr_carea' id='block_1_52' title="bbox 1930 2384 3514 2460">
    <p class='ocr_par' dir='ltr' id='par_1_52' title="bbox 1930 2384 3514 2460">
     <span class='ocr_line' id='line_1_52' title="bbox 1930 2384 3514 2460; baseline 0.004 -21"><span class='ocrx_word' id='word_1_372' title='bbox 1930 2398 2049 2449; x_wconf 88' lang='lat' dir='ltr'><strong>ner,</strong></span> <span class='ocrx_word' id='word_1_373' title='bbox 2082 2400 2145 2438; x_wconf 80' lang='lat' dir='ltr'><strong>ex</strong></span> <span class='ocrx_word' id='word_1_374' title='bbox 2174 2388 2371 2441; x_wconf 86' lang='lat' dir='ltr'><strong>comite</strong></span> <span class='ocrx_word' id='word_1_375' title='bbox 2398 2386 2815 2441; x_wconf 86' lang='lat' dir='ltr'><strong>domesticorum</strong></span> <span class='ocrx_word' id='word_1_376' title='bbox 2839 2430 2852 2452; x_wconf 93' lang='lat'><strong>,</strong></span> <span class='ocrx_word' id='word_1_377' title='bbox 2884 2397 2940 2443; x_wconf 89' lang='lat' dir='ltr'><strong>et</strong></span> <span class='ocrx_word' id='word_1_378' title='bbox 2959 2384 3183 2443; x_wconf 78' lang='lat' dir='ltr'><strong>Joannis</strong></span> <span class='ocrx_word' id='word_1_379' title='bbox 3206 2404 3387 2445; x_wconf 86' lang='lat' dir='ltr'><strong>curam</strong></span> <span class='ocrx_word' id='word_1_380' title='bbox 3418 2406 3514 2460; x_wconf 85' lang='lat' dir='ltr'><strong>pa-</strong></span> 
     </span>
    </p>
   </div>
   <div class='ocr_carea' id='block_1_53' title="bbox 1932 2473 3507 2547">
    <p class='ocr_par' dir='ltr' id='par_1_53' title="bbox 1932 2473 3507 2547">
     <span class='ocr_line' id='line_1_53' title="bbox 1932 2473 3507 2547; baseline 0.006 -20"><span class='ocrx_word' id='word_1_381' title='bbox 1932 2473 2043 2527; x_wconf 85' lang='lat' dir='ltr'><strong>latii</strong></span> <span class='ocrx_word' id='word_1_382' title='bbox 2078 2475 2181 2546; x_wconf 81' lang='lat'><strong>57</strong></span> <span class='ocrx_word' id='word_1_383' title='bbox 2209 2490 2397 2545; x_wconf 78' lang='lat' dir='ltr'><strong>gerere</strong></span> <span class='ocrx_word' id='word_1_384' title='bbox 2422 2478 2608 2544; x_wconf 69' lang='lat' dir='ltr'><strong>coepit.</strong></span> <span class='ocrx_word' id='word_1_385' title='bbox 2657 2476 2815 2531; x_wconf 77' lang='lat' dir='ltr'><strong>Medii</strong></span> <span class='ocrx_word' id='word_1_386' title='bbox 2858 2479 3121 2547; x_wconf 85' lang='lat' dir='ltr'><strong>corporis,</strong></span> <span class='ocrx_word' id='word_1_387' title='bbox 3160 2480 3334 2535; x_wconf 85' lang='lat' dir='ltr'><strong>virilis</strong></span> <span class='ocrx_word' id='word_1_388' title='bbox 3366 2482 3507 2538; x_wconf 83' lang='lat' dir='ltr'><strong>babi-</strong></span> 
     </span>
    </p>
   </div>
   <div class='ocr_carea' id='block_1_54' title="bbox 1935 2568 3515 2641">
    <p class='ocr_par' dir='ltr' id='par_1_54' title="bbox 1935 2568 3515 2641">
     <span class='ocr_line' id='line_1_54' title="bbox 1935 2568 3515 2641; baseline 0.003 -19"><span class='ocrx_word' id='word_1_389' title='bbox 1935 2568 2136 2623; x_wconf 85' lang='lat' dir='ltr'><strong>tudinis</strong></span> <span class='ocrx_word' id='word_1_390' title='bbox 2161 2569 2415 2624; x_wconf 82' lang='lat' dir='ltr'><strong>decenter</strong></span> <span class='ocrx_word' id='word_1_391' title='bbox 2444 2569 2731 2637; x_wconf 83' lang='lat' dir='ltr'><strong>formatus,</strong></span> <span class='ocrx_word' id='word_1_392' title='bbox 2764 2585 2874 2639; x_wconf 88' lang='lat' dir='ltr'><strong>quo</strong></span> <span class='ocrx_word' id='word_1_393' title='bbox 2918 2587 3093 2641; x_wconf 87' lang='lat' dir='ltr'><strong>neque</strong></span> <span class='ocrx_word' id='word_1_394' title='bbox 3142 2574 3515 2629; x_wconf 85' lang='lat' dir='ltr'><strong>infirmitttdini</strong></span> 
     </span>
    </p>
   </div>
   <div class='ocr_carea' id='block_1_55' title="bbox 1931 2661 3513 2737">
    <p class='ocr_par' dir='ltr' id='par_1_55' title="bbox 1931 2661 3513 2737">
     <span class='ocr_line' id='line_1_55' title="bbox 1931 2661 3513 2737; baseline 0.004 -22"><span class='ocrx_word' id='word_1_395' title='bbox 1931 2670 2077 2717; x_wconf 85' lang='lat' dir='ltr'><strong>esset</strong></span> <span class='ocrx_word' id='word_1_396' title='bbox 2101 2675 2275 2731; x_wconf 83' lang='lat' dir='ltr'><strong>neque</strong></span> <span class='ocrx_word' id='word_1_397' title='bbox 2303 2661 2477 2731; x_wconf 88' lang='lat' dir='ltr'><strong>oneri,</strong></span> <span class='ocrx_word' id='word_1_398' title='bbox 2512 2662 2693 2716; x_wconf 86' lang='lat' dir='ltr'><strong>animo</strong></span> <span class='ocrx_word' id='word_1_399' title='bbox 2717 2662 2919 2729; x_wconf 81' lang='lat' dir='ltr'><strong>alacer,</strong></span> <span class='ocrx_word' id='word_1_400' title='bbox 2972 2665 3228 2721; x_wconf 83' lang='lat' dir='ltr'><strong>membris</strong></span> <span class='ocrx_word' id='word_1_401' title='bbox 3253 2677 3473 2737; x_wconf 83' lang='lat' dir='ltr'><strong>vegetus</strong></span> <span class='ocrx_word' id='word_1_402' title='bbox 3498 2702 3513 2734; x_wconf 90' lang='lat'><strong>,</strong></span> 
     </span>
    </p>
   </div>
   <div class='ocr_carea' id='block_1_56' title="bbox 1931 2754 3511 2827">
    <p class='ocr_par' dir='ltr' id='par_1_56' title="bbox 1931 2754 3511 2827">
     <span class='ocr_line' id='line_1_56' title="bbox 1931 2754 3511 2827; baseline 0.005 -20"><span class='ocrx_word' id='word_1_403' title='bbox 1931 2768 2098 2823; x_wconf 85' lang='lat' dir='ltr'><strong>eques</strong></span> <span class='ocrx_word' id='word_1_404' title='bbox 2159 2754 2625 2823; x_wconf 79' lang='lat' dir='ltr'><strong>promptissimus,</strong></span> <span class='ocrx_word' id='word_1_405' title='bbox 2679 2756 2995 2826; x_wconf 70' lang='lat' dir='ltr'><strong>sagittarum</strong></span> <span class='ocrx_word' id='word_1_406' title='bbox 3050 2757 3197 2827; x_wconf 83' lang='lat' dir='ltr'><strong>jactu</strong></span> <span class='ocrx_word' id='word_1_407' title='bbox 3268 2762 3511 2827; x_wconf 84' lang='lat' dir='ltr'><strong>peritus,</strong></span> 
     </span>
    </p>
   </div>
   <div class='ocr_carea' id='block_1_57' title="bbox 1931 2843 3515 2917">
    <p class='ocr_par' dir='ltr' id='par_1_57' title="bbox 1931 2843 3515 2917">
     <span class='ocr_line' id='line_1_57' title="bbox 1931 2843 3515 2917; baseline 0.003 -18"><span class='ocrx_word' id='word_1_408' title='bbox 1931 2853 2092 2899; x_wconf 84' lang='lat' dir='ltr'><strong>conto</strong></span> <span class='ocrx_word' id='word_1_409' title='bbox 2120 2843 2367 2913; x_wconf 82' lang='lat' dir='ltr'><strong>impiger,</strong></span> <span class='ocrx_word' id='word_1_410' title='bbox 2410 2844 2565 2901; x_wconf 87' lang='lat' dir='ltr'><strong>bellis</strong></span> <span class='ocrx_word' id='word_1_411' title='bbox 2593 2845 2924 2915; x_wconf 79' lang='lat' dir='ltr'><strong>aptissimus,</strong></span> <span class='ocrx_word' id='word_1_412' title='bbox 2959 2852 3106 2917; x_wconf 86' lang='lat' dir='ltr'><strong>pacis</strong></span> <span class='ocrx_word' id='word_1_413' title='bbox 3145 2849 3348 2905; x_wconf 74' lang='lat' dir='ltr'><strong>artibus</strong></span> <span class='ocrx_word' id='word_1_414' title='bbox 3374 2853 3515 2906; x_wconf 82' lang='lat' dir='ltr'><strong>cele-</strong></span> 
     </span>
    </p>
   </div>
   <div class='ocr_carea' id='block_1_58' title="bbox 1932 2937 3515 3012">
    <p class='ocr_par' dir='ltr' id='par_1_58' title="bbox 1932 2937 3515 3012">
     <span class='ocr_line' id='line_1_58' title="bbox 1932 2937 3515 3012; baseline 0.004 -19"><span class='ocrx_word' id='word_1_415' title='bbox 1932 2938 2078 3001; x_wconf 86' lang='lat' dir='ltr'><strong>bris;</strong></span> <span class='ocrx_word' id='word_1_416' title='bbox 2138 2937 2340 2991; x_wconf 87' lang='lat' dir='ltr'><strong>nullius</strong></span> <span class='ocrx_word' id='word_1_417' title='bbox 2369 2939 2631 3005; x_wconf 74' lang='lat' dir='ltr'><strong>avaritize,</strong></span> <span class='ocrx_word' id='word_1_418' title='bbox 2684 2941 2918 2996; x_wconf 68' lang='lat' dir='ltr'><strong>minima</strong></span> <span class='ocrx_word' id='word_1_419' title='bbox 2956 2942 3302 3012; x_wconf 82' lang='lat' dir='ltr'><strong>cupiditatis,</strong></span> <span class='ocrx_word' id='word_1_420' title='bbox 3362 2945 3515 2999; x_wconf 86' lang='lat' dir='ltr'><strong>bonis</strong></span> 
     </span>
    </p>
   </div>
   <div class='ocr_carea' id='block_1_59' title="bbox 1931 3028 3514 3105">
    <p class='ocr_par' dir='ltr' id='par_1_59' title="bbox 1931 3028 3514 3105">
     <span class='ocr_line' id='line_1_59' title="bbox 1931 3028 3514 3105; baseline 0.004 -23"><span class='ocrx_word' id='word_1_421' title='bbox 1931 3028 2094 3083; x_wconf 89' lang='lat' dir='ltr'><strong>animi</strong></span> <span class='ocrx_word' id='word_1_422' title='bbox 2129 3029 2399 3097; x_wconf 62' lang='lat' dir='ltr'><strong>praeditus,</strong></span> <span class='ocrx_word' id='word_1_423' title='bbox 2435 3044 2534 3084; x_wconf 83' lang='lat' dir='ltr'><strong>nec</strong></span> <span class='ocrx_word' id='word_1_424' title='bbox 2562 3030 2949 3100; x_wconf 86' lang='lat' dir='ltr'><strong>impulsoribus</strong></span> <span class='ocrx_word' id='word_1_425' title='bbox 2990 3034 3206 3103; x_wconf 78' lang='lat' dir='ltr'><strong>quidem</strong></span> <span class='ocrx_word' id='word_1_426' title='bbox 3239 3037 3415 3105; x_wconf 83' lang='lat' dir='ltr'><strong>pravis</strong></span> <span class='ocrx_word' id='word_1_427' title='bbox 3445 3038 3514 3089; x_wconf 88' lang='lat' dir='ltr'><strong>ab</strong></span> 
     </span>
    </p>
   </div>
   <div class='ocr_carea' id='block_1_60' title="bbox 1931 3121 3515 3209">
    <p class='ocr_par' dir='ltr' id='par_1_60' title="bbox 1931 3121 3515 3209">
     <span class='ocr_line' id='line_1_60' title="bbox 1931 3121 3515 3209; baseline 0.004 -32"><span class='ocrx_word' id='word_1_428' title='bbox 1931 3121 2177 3209; x_wconf 70' lang='lat' dir='ltr'><strong>instituto</strong></span> <span class='ocrx_word' id='word_1_429' title='bbox 2203 3138 2302 3177; x_wconf 86' lang='lat' dir='ltr'><strong>suo</strong></span> <span class='ocrx_word' id='word_1_430' title='bbox 2324 3123 2563 3187; x_wconf 87' lang='lat' dir='ltr'><strong>devians,</strong></span> <span class='ocrx_word' id='word_1_431' title='bbox 2594 3123 2908 3194; x_wconf 72' lang='lat' dir='ltr'><strong>iniuriarum</strong></span> <span class='ocrx_word' id='word_1_432' title='bbox 2943 3126 3365 3195; x_wconf 84' lang='lat' dir='ltr'><strong>patientissimus</strong></span> <span class='ocrx_word' id='word_1_433' title='bbox 3387 3172 3401 3195; x_wconf 92' lang='lat'><strong>,</strong></span> <span class='ocrx_word' id='word_1_434' title='bbox 3438 3131 3515 3184; x_wconf 51' lang='lat' dir='ltr'><strong>la.</strong></span> 
     </span>
    </p>
   </div>
   <div class='ocr_carea' id='block_1_61' title="bbox 1932 3213 3514 3287">
    <p class='ocr_par' dir='ltr' id='par_1_61' title="bbox 1932 3213 3514 3287">
     <span class='ocr_line' id='line_1_61' title="bbox 1932 3213 3514 3287; baseline 0.006 -19"><span class='ocrx_word' id='word_1_435' title='bbox 1932 3213 2079 3269; x_wconf 82' lang='lat' dir='ltr'><strong>boris</strong></span> <span class='ocrx_word' id='word_1_436' title='bbox 2100 3222 2389 3284; x_wconf 82' lang='lat' dir='ltr'><strong>appetens,</strong></span> <span class='ocrx_word' id='word_1_437' title='bbox 2417 3215 2715 3284; x_wconf 85' lang='lat' dir='ltr'><strong>impavidus</strong></span> <span class='ocrx_word' id='word_1_438' title='bbox 2743 3217 3095 3284; x_wconf 84' lang='lat' dir='ltr'><strong>periculorum</strong></span> <span class='ocrx_word' id='word_1_439' title='bbox 3126 3263 3141 3287; x_wconf 91' lang='lat'><strong>,</strong></span> <span class='ocrx_word' id='word_1_440' title='bbox 3169 3221 3323 3276; x_wconf 85' lang='lat' dir='ltr'><strong>famis</strong></span> <span class='ocrx_word' id='word_1_441' title='bbox 3367 3223 3514 3278; x_wconf 49' lang='lat' dir='ltr'><strong>sitias</strong></span> 
     </span>
    </p>
   </div>
   <div class='ocr_carea' id='block_1_62' title="bbox 234 3309 3514 3385">
    <p class='ocr_par' dir='ltr' id='par_1_62' title="bbox 234 3309 3514 3385">
     <span class='ocr_line' id='line_1_62' title="bbox 234 3309 3514 3385; baseline 0.002 -16"><span class='ocrx_word' id='word_1_442' title='bbox 234 3318 413 3381; x_wconf 81' lang='lat' dir='ltr'><strong>triatu,</strong></span> <span class='ocrx_word' id='word_1_443' title='bbox 449 3330 517 3368; x_wconf 89' lang='lat' dir='ltr'><strong>ne</strong></span> <span class='ocrx_word' id='word_1_444' title='bbox 558 3313 838 3368; x_wconf 82' lang='lat' dir='ltr'><strong>insistente</strong></span> <span class='ocrx_word' id='word_1_445' title='bbox 861 3323 1137 3381; x_wconf 80' lang='lat' dir='ltr'><strong>germano,</strong></span> <span class='ocrx_word' id='word_1_446' title='bbox 1163 3309 1333 3378; x_wconf 85' lang='lat' dir='ltr'><strong>patris</strong></span> <span class='ocrx_word' id='word_1_447' title='bbox 1372 3323 1537 3379; x_wconf 86' lang='lat' dir='ltr'><strong>regno</strong></span> <span class='ocrx_word' id='word_1_448' title='bbox 1578 3309 1825 3378; x_wconf 83' lang='lat' dir='ltr'><strong>priveris.</strong></span> <span class='ocrx_word' id='word_1_449' title='bbox 1857 3322 1904 3385; x_wconf 70' lang='grc' dir='ltr'>α</span> <span class='ocrx_word' id='word_1_450' title='bbox 1936 3323 2043 3378; x_wconf 85' lang='lat' dir='ltr'><strong>que</strong></span> <span class='ocrx_word' id='word_1_451' title='bbox 2080 3320 2243 3380; x_wconf 86' lang='lat' dir='ltr'><strong>atque</strong></span> <span class='ocrx_word' id='word_1_452' title='bbox 2264 3309 2563 3381; x_wconf 73' lang='lat' dir='ltr'><strong>vigiliarum</strong></span> <span class='ocrx_word' id='word_1_453' title='bbox 2594 3312 3057 3369; x_wconf 70' lang='lat' dir='ltr'><strong>tolerantissimus.</strong></span> <span class='ocrx_word' id='word_1_454' title='bbox 3081 3316 3177 3371; x_wconf 88' lang='lat' dir='ltr'><strong>Cui</strong></span> <span class='ocrx_word' id='word_1_455' title='bbox 3204 3318 3272 3371; x_wconf 82' lang='lat' dir='ltr'><strong>ab</strong></span> <span class='ocrx_word' id='word_1_456' title='bbox 3300 3320 3514 3376; x_wconf 86' lang='lat' dir='ltr'><strong>ineunte</strong></span> 
     </span>
    </p>
   </div>
   <div class='ocr_carea' id='block_1_63' title="bbox 233 3398 1815 3474">
    <p class='ocr_par' dir='ltr' id='par_1_63' title="bbox 233 3398 1815 3474">
     <span class='ocr_line' id='line_1_63' title="bbox 233 3398 1815 3474; baseline -0.006 -10"><span class='ocrx_word' id='word_1_457' title='bbox 233 3412 360 3465; x_wconf 73' lang='lat' dir='ltr'><strong>Ilaec</strong></span> <span class='ocrx_word' id='word_1_458' title='bbox 388 3409 476 3464; x_wconf 77' lang='lat' dir='ltr'><strong>ille</strong></span> <span class='ocrx_word' id='word_1_459' title='bbox 499 3408 744 3471; x_wconf 88' lang='lat' dir='ltr'><strong>audiens,</strong></span> <span class='ocrx_word' id='word_1_460' title='bbox 774 3420 894 3461; x_wconf 90' lang='lat' dir='ltr'><strong>cum</strong></span> <span class='ocrx_word' id='word_1_461' title='bbox 923 3405 1205 3459; x_wconf 83' lang='lat' dir='ltr'><strong>velocitate</strong></span> <span class='ocrx_word' id='word_1_462' title='bbox 1230 3398 1497 3467; x_wconf 83' lang='lat' dir='ltr'><strong>discessit,</strong></span> <span class='ocrx_word' id='word_1_463' title='bbox 1523 3405 1673 3472; x_wconf 87' lang='lat' dir='ltr'><strong>quasi</strong></span> <span class='ocrx_word' id='word_1_464' title='bbox 1708 3400 1815 3474; x_wconf 71' lang='lat'><strong>56</strong></span> 
     </span>
    </p>
   </div>
   <div class='ocr_carea' id='block_1_64' title="bbox 229 3493 1824 3569">
    <p class='ocr_par' dir='ltr' id='par_1_64' title="bbox 229 3493 1824 3569">
     <span class='ocr_line' id='line_1_64' title="bbox 229 3493 1824 3569; baseline -0.003 -15"><span class='ocrx_word' id='word_1_465' title='bbox 229 3500 621 3569; x_wconf 73' lang='lat' dir='ltr'><strong>anticipalurtts</strong></span> <span class='ocrx_word' id='word_1_466' title='bbox 646 3498 885 3561; x_wconf 84' lang='lat' dir='ltr'><strong>fratrem,</strong></span> <span class='ocrx_word' id='word_1_467' title='bbox 922 3507 973 3550; x_wconf 87' lang='lat' dir='ltr'><strong>et</strong></span> <span class='ocrx_word' id='word_1_468' title='bbox 1008 3495 1151 3563; x_wconf 86' lang='lat' dir='ltr'><strong>prior</strong></span> <span class='ocrx_word' id='word_1_469' title='bbox 1175 3494 1341 3563; x_wconf 81' lang='lat' dir='ltr'><strong>patris</strong></span> <span class='ocrx_word' id='word_1_470' title='bbox 1364 3493 1672 3548; x_wconf 76' lang='lat' dir='ltr'><strong>cathedram</strong></span> <span class='ocrx_word' id='word_1_471' title='bbox 1698 3497 1824 3550; x_wconf 74' lang='lat' dir='ltr'><strong>ade-</strong></span> 
     </span>
    </p>
   </div>
   <div class='ocr_carea' id='block_1_65' title="bbox 232 3582 1819 3661">
    <p class='ocr_par' dir='ltr' id='par_1_65' title="bbox 232 3582 1819 3661">
     <span class='ocr_line' id='line_1_65' title="bbox 232 3582 1819 3661; baseline -0.004 -16"><span class='ocrx_word' id='word_1_472' title='bbox 232 3601 444 3661; x_wconf 87' lang='lat' dir='ltr'><strong>pturus.</strong></span> <span class='ocrx_word' id='word_1_473' title='bbox 500 3589 672 3645; x_wconf 84' lang='lat' dir='ltr'><strong>Simili</strong></span> <span class='ocrx_word' id='word_1_474' title='bbox 698 3596 754 3641; x_wconf 89' lang='lat' dir='ltr'><strong>et</strong></span> <span class='ocrx_word' id='word_1_475' title='bbox 779 3587 1107 3641; x_wconf 77' lang='lat' dir='ltr'><strong>Francorum</strong></span> <span class='ocrx_word' id='word_1_476' title='bbox 1149 3600 1331 3654; x_wconf 83' lang='lat' dir='ltr'><strong>regem</strong></span> <span class='ocrx_word' id='word_1_477' title='bbox 1371 3582 1399 3622; x_wconf 68' lang='grc' dir='ltr'>δ</span> <span class='ocrx_word' id='word_1_478' title='bbox 1428 3584 1553 3638; x_wconf 83' lang='lat' dir='ltr'><strong>dolo</strong></span> <span class='ocrx_word' id='word_1_479' title='bbox 1595 3583 1819 3656; x_wconf 81' lang='lat' dir='ltr'><strong>fugavit.</strong></span> 
     </span>
    </p>
   </div>
   <div class='ocr_carea' id='block_1_66' title="bbox 234 3675 1824 3745">
    <p class='ocr_par' dir='ltr' id='par_1_66' title="bbox 234 3675 1824 3745">
     <span class='ocr_line' id='line_1_66' title="bbox 234 3675 1824 3745; baseline -0.005 -9"><span class='ocrx_word' id='word_1_480' title='bbox 234 3684 348 3736; x_wconf 74' lang='lat' dir='ltr'><strong>Illis</strong></span> <span class='ocrx_word' id='word_1_481' title='bbox 370 3691 547 3735; x_wconf 87' lang='lat' dir='ltr'><strong>autem</strong></span> <span class='ocrx_word' id='word_1_482' title='bbox 583 3678 974 3743; x_wconf 68' lang='lat' dir='ltr'><strong>recedentibus,</strong></span> <span class='ocrx_word' id='word_1_483' title='bbox 1005 3676 1193 3730; x_wconf 79' lang='lat' dir='ltr'><strong>Aetius</strong></span> <span class='ocrx_word' id='word_1_484' title='bbox 1216 3675 1444 3745; x_wconf 86' lang='lat' dir='ltr'><strong>spoliato</strong></span> <span class='ocrx_word' id='word_1_485' title='bbox 1472 3690 1686 3743; x_wconf 84' lang='lat' dir='ltr'><strong>campo,</strong></span> <span class='ocrx_word' id='word_1_486' title='bbox 1714 3676 1824 3729; x_wconf 86' lang='lat' dir='ltr'><strong>vic-</strong></span> 
     </span>
    </p>
   </div>
   <div class='ocr_carea' id='block_1_67' title="bbox 232 3766 1823 3841">
    <p class='ocr_par' dir='ltr' id='par_1_67' title="bbox 232 3766 1823 3841">
     <span class='ocr_line' id='line_1_67' title="bbox 232 3766 1823 3841; baseline -0.006 -12"><span class='ocrx_word' id='word_1_487' title='bbox 232 3786 318 3829; x_wconf 83' lang='lat' dir='ltr'><strong>tor</strong></span> <span class='ocrx_word' id='word_1_488' title='bbox 347 3774 401 3827; x_wconf 88' lang='lat' dir='ltr'><strong>in</strong></span> <span class='ocrx_word' id='word_1_489' title='bbox 436 3773 658 3841; x_wconf 84' lang='lat' dir='ltr'><strong>patriam</strong></span> <span class='ocrx_word' id='word_1_490' title='bbox 686 3786 808 3824; x_wconf 89' lang='lat' dir='ltr'><strong>cum</strong></span> <span class='ocrx_word' id='word_1_491' title='bbox 838 3770 1026 3838; x_wconf 80' lang='lat' dir='ltr'><strong>grandi</strong></span> <span class='ocrx_word' id='word_1_492' title='bbox 1056 3778 1137 3822; x_wconf 89' lang='lat' dir='ltr'><strong>cst</strong></span> <span class='ocrx_word' id='word_1_493' title='bbox 1167 3781 1414 3822; x_wconf 84' lang='lat' dir='ltr'><strong>reversus</strong></span> <span class='ocrx_word' id='word_1_494' title='bbox 1443 3767 1635 3835; x_wconf 73' lang='lat' dir='ltr'><strong>spolio.</strong></span> <span class='ocrx_word' id='word_1_495' title='bbox 1663 3766 1823 3820; x_wconf 84' lang='lat' dir='ltr'><strong>Attila</strong></span> 
     </span>
    </p>
   </div>
   <div class='ocr_carea' id='block_1_68' title="bbox 231 3859 1826 3935">
    <p class='ocr_par' dir='ltr' id='par_1_68' title="bbox 231 3859 1826 3935">
     <span class='ocr_line' id='line_1_68' title="bbox 231 3859 1826 3935; baseline -0.004 -15"><span class='ocrx_word' id='word_1_496' title='bbox 231 3882 363 3921; x_wconf 80' lang='lat' dir='ltr'><strong>vero</strong></span> <span class='ocrx_word' id='word_1_497' title='bbox 391 3882 509 3920; x_wconf 76' lang='lat' dir='ltr'><strong>cum</strong></span> <span class='ocrx_word' id='word_1_498' title='bbox 541 3865 722 3935; x_wconf 59' lang='lat' dir='ltr'><strong>paucis</strong></span> <span class='ocrx_word' id='word_1_499' title='bbox 771 3875 1016 3917; x_wconf 85' lang='lat' dir='ltr'><strong>reversus</strong></span> <span class='ocrx_word' id='word_1_500' title='bbox 1045 3870 1146 3924; x_wconf 89' lang='lat' dir='ltr'><strong>est,</strong></span> <span class='ocrx_word' id='word_1_501' title='bbox 1194 3875 1291 3915; x_wconf 87' lang='lat' dir='ltr'><strong>nec</strong></span> <span class='ocrx_word' id='word_1_502' title='bbox 1320 3861 1486 3914; x_wconf 91' lang='lat' dir='ltr'><strong>multo</strong></span> <span class='ocrx_word' id='word_1_503' title='bbox 1514 3869 1631 3930; x_wconf 86' lang='lat' dir='ltr'><strong>post</strong></span> <span class='ocrx_word' id='word_1_504' title='bbox 1663 3859 1826 3929; x_wconf 74' lang='lat' dir='ltr'><strong>Aqui-</strong></span> 
     </span>
    </p>
   </div>
   <div class='ocr_carea' id='block_1_69' title="bbox 232 3952 1825 4024">
    <p class='ocr_par' dir='ltr' id='par_1_69' title="bbox 232 3952 1825 4024">
     <span class='ocr_line' id='line_1_69' title="bbox 232 3952 1825 4024; baseline -0.005 -11"><span class='ocrx_word' id='word_1_505' title='bbox 232 3960 336 4013; x_wconf 78' lang='lat' dir='ltr'><strong>leia</strong></span> <span class='ocrx_word' id='word_1_506' title='bbox 365 3974 393 4011; x_wconf 93' lang='lat' dir='ltr'><strong>a</strong></span> <span class='ocrx_word' id='word_1_507' title='bbox 420 3956 626 4011; x_wconf 81' lang='lat' dir='ltr'><strong>Cltunis</strong></span> <span class='ocrx_word' id='word_1_508' title='bbox 651 3965 827 4024; x_wconf 84' lang='lat' dir='ltr'><strong>capta,</strong></span> <span class='ocrx_word' id='word_1_509' title='bbox 859 3954 1075 4008; x_wconf 88' lang='lat' dir='ltr'><strong>incensa</strong></span> <span class='ocrx_word' id='word_1_510' title='bbox 1108 3962 1270 4021; x_wconf 71' lang='lat' dir='ltr'><strong>atque</strong></span> <span class='ocrx_word' id='word_1_511' title='bbox 1299 3952 1496 4011; x_wconf 85' lang='lat' dir='ltr'><strong>diruta.</strong></span> <span class='ocrx_word' id='word_1_512' title='bbox 1532 3953 1679 4007; x_wconf 88' lang='lat' dir='ltr'><strong>Italia</strong></span> <span class='ocrx_word' id='word_1_513' title='bbox 1704 3967 1825 4022; x_wconf 76' lang='lat' dir='ltr'><strong>per-</strong></span> 
     </span>
    </p>
   </div>
   <div class='ocr_carea' id='block_1_70' title="bbox 233 4043 1826 4118">
    <p class='ocr_par' dir='ltr' id='par_1_70' title="bbox 233 4043 1826 4118">
     <span class='ocr_line' id='line_1_70' title="bbox 233 4043 1826 4118; baseline -0.003 -15"><span class='ocrx_word' id='word_1_514' title='bbox 233 4060 425 4118; x_wconf 71' lang='lat' dir='ltr'><strong>ragata</strong></span> <span class='ocrx_word' id='word_1_515' title='bbox 455 4059 615 4115; x_wconf 77' lang='lat' dir='ltr'><strong>atque</strong></span> <span class='ocrx_word' id='word_1_516' title='bbox 641 4048 895 4101; x_wconf 79' lang='lat' dir='ltr'><strong>subversa</strong></span> <span class='ocrx_word' id='word_1_517' title='bbox 918 4056 1023 4103; x_wconf 81' lang='lat' dir='ltr'><strong>est.</strong></span> <span class='ocrx_word' id='word_1_518' title='bbox 1055 4045 1442 4098; x_wconf 79' lang='lat' dir='ltr'><strong>&#39;I‘horismodus</strong></span> <span class='ocrx_word' id='word_1_519' title='bbox 1468 4085 1483 4111; x_wconf 92' lang='lat'><strong>,</strong></span> <span class='ocrx_word' id='word_1_520' title='bbox 1516 4043 1584 4098; x_wconf 87' lang='lat' dir='ltr'><strong>de</strong></span> <span class='ocrx_word' id='word_1_521' title='bbox 1612 4059 1719 4112; x_wconf 84' lang='lat' dir='ltr'><strong>quo</strong></span> <span class='ocrx_word' id='word_1_522' title='bbox 1742 4060 1826 4099; x_wconf 84' lang='lat' dir='ltr'><strong>su-</strong></span> 
     </span>
    </p>
   </div>
   <div class='ocr_carea' id='block_1_71' title="bbox 239 4135 1827 4212">
    <p class='ocr_par' dir='ltr' id='par_1_71' title="bbox 239 4135 1827 4212">
     <span class='ocr_line' id='line_1_71' title="bbox 239 4135 1827 4212; baseline -0.003 -17"><span class='ocrx_word' id='word_1_523' title='bbox 239 4158 336 4212; x_wconf 85' lang='lat' dir='ltr'><strong>pra</strong></span> <span class='ocrx_word' id='word_1_524' title='bbox 368 4140 731 4201; x_wconf 86' lang='lat' dir='ltr'><strong>meminimus,</strong></span> <span class='ocrx_word' id='word_1_525' title='bbox 765 4138 965 4192; x_wconf 81' lang='lat' dir='ltr'><strong>Alanos</strong></span> <span class='ocrx_word' id='word_1_526' title='bbox 998 4147 1021 4176; x_wconf 71' lang='grc' dir='ltr'>ε</span> <span class='ocrx_word' id='word_1_527' title='bbox 1056 4138 1195 4191; x_wconf 83' lang='lat' dir='ltr'><strong>bello</strong></span> <span class='ocrx_word' id='word_1_528' title='bbox 1224 4135 1498 4191; x_wconf 88' lang='lat' dir='ltr'><strong>edomuit:</strong></span> <span class='ocrx_word' id='word_1_529' title='bbox 1533 4136 1648 4204; x_wconf 89' lang='lat' dir='ltr'><strong>ipse</strong></span> <span class='ocrx_word' id='word_1_530' title='bbox 1676 4135 1827 4190; x_wconf 75' lang='lat' dir='ltr'><strong>deiu—</strong></span> 
     </span>
    </p>
   </div>
   <div class='ocr_carea' id='block_1_72' title="bbox 234 4226 1823 4303">
    <p class='ocr_par' dir='ltr' id='par_1_72' title="bbox 234 4226 1823 4303">
     <span class='ocr_line' id='line_1_72' title="bbox 234 4226 1823 4303; baseline -0.003 -15"><span class='ocrx_word' id='word_1_531' title='bbox 234 4249 399 4303; x_wconf 85' lang='lat' dir='ltr'><strong>ceps,</strong></span> <span class='ocrx_word' id='word_1_532' title='bbox 434 4242 553 4301; x_wconf 82' lang='lat' dir='ltr'><strong>post</strong></span> <span class='ocrx_word' id='word_1_533' title='bbox 578 4232 771 4285; x_wconf 86' lang='lat' dir='ltr'><strong>multas</strong></span> <span class='ocrx_word' id='word_1_534' title='bbox 795 4231 913 4285; x_wconf 88' lang='lat' dir='ltr'><strong>lites</strong></span> <span class='ocrx_word' id='word_1_535' title='bbox 935 4237 989 4284; x_wconf 87' lang='lat' dir='ltr'><strong>et</strong></span> <span class='ocrx_word' id='word_1_536' title='bbox 1012 4229 1171 4295; x_wconf 83' lang='lat' dir='ltr'><strong>bella,</strong></span> <span class='ocrx_word' id='word_1_537' title='bbox 1198 4243 1228 4281; x_wconf 85' lang='lat' dir='ltr'><strong>a</strong></span> <span class='ocrx_word' id='word_1_538' title='bbox 1254 4226 1510 4282; x_wconf 83' lang='lat' dir='ltr'><strong>fratribus</strong></span> <span class='ocrx_word' id='word_1_539' title='bbox 1529 4242 1823 4297; x_wconf 81' lang='lat' dir='ltr'><strong>Oppressus</strong></span> 
     </span>
    </p>
   </div>
   <div class='ocr_carea' id='block_1_73' title="bbox 234 4319 899 4395">
    <p class='ocr_par' dir='ltr' id='par_1_73' title="bbox 234 4319 899 4395">
     <span class='ocr_line' id='line_1_73' title="bbox 234 4319 899 4395; baseline -0.009 -14"><span class='ocrx_word' id='word_1_540' title='bbox 234 4340 307 4381; x_wconf 81' lang='lat' dir='ltr'><strong>ac.</strong></span> <span class='ocrx_word' id='word_1_541' title='bbox 325 4325 600 4395; x_wconf 80' lang='lat' dir='ltr'><strong>jugulalus</strong></span> <span class='ocrx_word' id='word_1_542' title='bbox 624 4322 824 4377; x_wconf 82' lang='lat' dir='ltr'><strong>interiit</strong></span> <span class='ocrx_word' id='word_1_543' title='bbox 850 4319 899 4375; x_wconf 73' lang='grc' dir='ltr'><strong>ἀ.</strong></span> 
     </span>
    </p>
   </div>
   <div class='ocr_carea' id='block_1_74' title="bbox 309 4410 1825 4486">
    <p class='ocr_par' dir='ltr' id='par_1_74' title="bbox 309 4410 1825 4486">
     <span class='ocr_line' id='line_1_74' title="bbox 309 4410 1825 4486; baseline -0.004 -14"><span class='ocrx_word' id='word_1_544' title='bbox 309 4418 446 4472; x_wconf 68' lang='grc' dir='ltr'><strong>Ὴέι.</strong></span> <span class='ocrx_word' id='word_1_545' title='bbox 490 4418 763 4486; x_wconf 72' lang='lat' dir='ltr'><strong>Igitur‘ltis</strong></span> <span class='ocrx_word' id='word_1_546' title='bbox 786 4416 853 4469; x_wconf 89' lang='lat' dir='ltr'><strong>ita</strong></span> <span class='ocrx_word' id='word_1_547' title='bbox 882 4413 1101 4484; x_wconf 82' lang='lat' dir='ltr'><strong>digestis</strong></span> <span class='ocrx_word' id='word_1_548' title='bbox 1125 4428 1189 4468; x_wconf 86' lang='lat' dir='ltr'><strong>ac</strong></span> <span class='ocrx_word' id='word_1_549' title='bbox 1216 4428 1314 4484; x_wconf 88' lang='lat' dir='ltr'><strong>per</strong></span> <span class='ocrx_word' id='word_1_550' title='bbox 1359 4413 1601 4467; x_wconf 88' lang='lat' dir='ltr'><strong>ordinem</strong></span> <span class='ocrx_word' id='word_1_551' title='bbox 1643 4410 1825 4479; x_wconf 80' lang='lat' dir='ltr'><strong>exple-</strong></span> 
     </span>
    </p>
   </div>
   <div class='ocr_carea' id='block_1_75' title="bbox 228 4503 1825 4576">
    <p class='ocr_par' dir='ltr' id='par_1_75' title="bbox 228 4503 1825 4576">
     <span class='ocr_line' id='line_1_75' title="bbox 228 4503 1825 4576; baseline -0.003 -15"><span class='ocrx_word' id='word_1_552' title='bbox 228 4512 325 4575; x_wconf 87' lang='lat' dir='ltr'><strong>tis,</strong></span> <span class='ocrx_word' id='word_1_553' title='bbox 359 4506 487 4576; x_wconf 85' lang='lat' dir='ltr'><strong>quid</strong></span> <span class='ocrx_word' id='word_1_554' title='bbox 512 4509 582 4561; x_wconf 77' lang='lat' dir='ltr'><strong>de</strong></span> <span class='ocrx_word' id='word_1_555' title='bbox 606 4508 760 4562; x_wconf 88' lang='lat' dir='ltr'><strong>Aetio</strong></span> <span class='ocrx_word' id='word_1_556' title='bbox 784 4518 943 4576; x_wconf 81' lang='lat' dir='ltr'><strong>supra</strong></span> <span class='ocrx_word' id='word_1_557' title='bbox 971 4509 1269 4559; x_wconf 78' lang='lat' dir='ltr'><strong>memorato</strong></span> <span class='ocrx_word' id='word_1_558' title='bbox 1291 4504 1481 4560; x_wconf 80' lang='lat' dir='ltr'><strong>Iieuati</strong></span> <span class='ocrx_word' id='word_1_559' title='bbox 1507 4503 1767 4576; x_wconf 84' lang='lat' dir='ltr'><strong>Frigeridi</strong></span> <span class='ocrx_word' id='word_1_560' title='bbox 1799 4511 1825 4543; x_wconf 77' lang='grc' dir='ltr'><strong>ο</strong></span> 
     </span>
    </p>
   </div>
   <div class='ocr_carea' id='block_1_76' title="bbox 229 4599 1824 4669">
    <p class='ocr_par' dir='ltr' id='par_1_76' title="bbox 229 4599 1824 4669">
     <span class='ocr_line' id='line_1_76' title="bbox 229 4599 1824 4669; baseline -0.004 -9"><span class='ocrx_word' id='word_1_561' title='bbox 229 4618 421 4661; x_wconf 85' lang='lat' dir='ltr'><strong>narrat</strong></span> <span class='ocrx_word' id='word_1_562' title='bbox 450 4604 678 4658; x_wconf 77' lang='lat' dir='ltr'><strong>ilistoria</strong></span> <span class='ocrx_word' id='word_1_563' title='bbox 706 4613 882 4657; x_wconf 86' lang='lat' dir='ltr'><strong>tacere</strong></span> <span class='ocrx_word' id='word_1_564' title='bbox 911 4600 1059 4655; x_wconf 81' lang='lat' dir='ltr'><strong>nefas</strong></span> <span class='ocrx_word' id='word_1_565' title='bbox 1082 4600 1282 4669; x_wconf 86' lang='lat' dir='ltr'><strong>putavi.</strong></span> <span class='ocrx_word' id='word_1_566' title='bbox 1308 4600 1438 4653; x_wconf 82' lang='lat' dir='ltr'><strong>Nam</strong></span> <span class='ocrx_word' id='word_1_567' title='bbox 1461 4614 1580 4653; x_wconf 90' lang='lat' dir='ltr'><strong>cum</strong></span> <span class='ocrx_word' id='word_1_568' title='bbox 1612 4601 1665 4653; x_wconf 88' lang='lat' dir='ltr'><strong>in</strong></span> <span class='ocrx_word' id='word_1_569' title='bbox 1693 4599 1824 4654; x_wconf 82' lang='lat' dir='ltr'><strong>(luo-</strong></span> 
     </span>
    </p>
   </div>
   <div class='ocr_carea' id='block_1_77' title="bbox 1933 3400 3514 3475">
    <p class='ocr_par' dir='ltr' id='par_1_77' title="bbox 1933 3400 3514 3475">
     <span class='ocr_line' id='line_1_77' title="bbox 1933 3400 3514 3475; baseline -0.002 -19"><span class='ocrx_word' id='word_1_570' title='bbox 1933 3410 2090 3456; x_wconf 63' lang='lat' dir='ltr'><strong>atate</strong></span> <span class='ocrx_word' id='word_1_571' title='bbox 2113 3400 2426 3469; x_wconf 59' lang='lat' dir='ltr'><strong>praedictum</strong></span> <span class='ocrx_word' id='word_1_572' title='bbox 2454 3403 2640 3473; x_wconf 83' lang='lat' dir='ltr'><strong>liquet,</strong></span> <span class='ocrx_word' id='word_1_573' title='bbox 2665 3415 2881 3474; x_wconf 77' lang='lat' dir='ltr'><strong>quanta:</strong></span> <span class='ocrx_word' id='word_1_574' title='bbox 2917 3409 3169 3475; x_wconf 65' lang='lat' dir='ltr'><strong>potentiue</strong></span> <span class='ocrx_word' id='word_1_575' title='bbox 3202 3409 3322 3465; x_wconf 62' lang='lat' dir='ltr'><strong>fatis</strong></span> <span class='ocrx_word' id='word_1_576' title='bbox 3348 3410 3514 3467; x_wconf 60' lang='lat' dir='ltr'><strong>desii.</strong></span> 
     </span>
    </p>
   </div>
   <div class='ocr_carea' id='block_1_78' title="bbox 1930 3495 3507 3568">
    <p class='ocr_par' dir='ltr' id='par_1_78' title="bbox 1930 3495 3507 3568">
     <span class='ocr_line' id='line_1_78' title="bbox 1930 3495 3507 3568; baseline 0.006 -21"><span class='ocrx_word' id='word_1_577' title='bbox 1930 3504 2170 3559; x_wconf 89' lang='lat' dir='ltr'><strong>naretur,</strong></span> <span class='ocrx_word' id='word_1_578' title='bbox 2232 3495 2561 3562; x_wconf 86' lang='lat' dir='ltr'><strong>temporibus</strong></span> <span class='ocrx_word' id='word_1_579' title='bbox 2608 3499 2720 3551; x_wconf 86' lang='lat' dir='ltr'><strong>suis</strong></span> <span class='ocrx_word' id='word_1_580' title='bbox 2773 3498 3011 3568; x_wconf 87' lang='lat' dir='ltr'><strong>locisque</strong></span> <span class='ocrx_word' id='word_1_581' title='bbox 3064 3501 3439 3560; x_wconf 78' lang='lat' dir='ltr'><strong>celebrandus.</strong></span> <span class='ocrx_word' id='word_1_582' title='bbox 3488 3522 3507 3557; x_wconf 71' lang='grc' dir='ltr'><strong>ι</strong></span> 
     </span>
    </p>
   </div>
   <div class='ocr_carea' id='block_1_79' title="bbox 1930 3584 3512 3659">
    <p class='ocr_par' dir='ltr' id='par_1_79' title="bbox 1930 3584 3512 3659">
     <span class='ocr_line' id='line_1_79' title="bbox 1930 3584 3512 3659; baseline 0.006 -17"><span class='ocrx_word' id='word_1_583' title='bbox 1930 3584 2059 3642; x_wconf 60' lang='lat' dir='ltr'><strong>ﬂare</strong></span> <span class='ocrx_word' id='word_1_584' title='bbox 2112 3588 2452 3656; x_wconf 60' lang='lat' dir='ltr'><strong>supradictus</strong></span> <span class='ocrx_word' id='word_1_585' title='bbox 2502 3588 2961 3659; x_wconf 69' lang='lat' dir='ltr'><strong>ltistoriogrziphus</strong></span> <span class='ocrx_word' id='word_1_586' title='bbox 2989 3594 3055 3650; x_wconf 86' lang='lat' dir='ltr'><strong>dc</strong></span> <span class='ocrx_word' id='word_1_587' title='bbox 3104 3598 3259 3651; x_wconf 72' lang='lat' dir='ltr'><strong>Actio</strong></span> <span class='ocrx_word' id='word_1_588' title='bbox 3308 3609 3512 3653; x_wconf 71' lang='lat' dir='ltr'><strong>narrat.</strong></span> 
     </span>
    </p>
   </div>
   <div class='ocr_carea' id='block_1_80' title="bbox 1931 3678 3514 3754">
    <p class='ocr_par' dir='ltr' id='par_1_80' title="bbox 1931 3678 3514 3754">
     <span class='ocr_line' id='line_1_80' title="bbox 1931 3678 3514 3754; baseline 0.008 -21"><span class='ocrx_word' id='word_1_589' title='bbox 1931 3678 2158 3733; x_wconf 79' lang='lat' dir='ltr'><strong>Adultus</strong></span> <span class='ocrx_word' id='word_1_590' title='bbox 2188 3690 2365 3734; x_wconf 79' lang='lat' dir='ltr'><strong>autem</strong></span> <span class='ocrx_word' id='word_1_591' title='bbox 2394 3680 2800 3738; x_wconf 70' lang='lat' dir='ltr'><strong>Valentinianus</strong></span> <span class='ocrx_word' id='word_1_592' title='bbox 2825 3684 3140 3754; x_wconf 75' lang='lat' dir='ltr'><strong>imperator,</strong></span> <span class='ocrx_word' id='word_1_593' title='bbox 3168 3700 3417 3746; x_wconf 86' lang='lat' dir='ltr'><strong>metuens</strong></span> <span class='ocrx_word' id='word_1_594' title='bbox 3447 3707 3514 3746; x_wconf 84' lang='lat' dir='ltr'><strong>ne</strong></span> 
     </span>
    </p>
   </div>
   <div class='ocr_carea' id='block_1_81' title="bbox 1931 3771 3515 3845">
    <p class='ocr_par' dir='ltr' id='par_1_81' title="bbox 1931 3771 3515 3845">
     <span class='ocr_line' id='line_1_81' title="bbox 1931 3771 3515 3845; baseline 0.008 -21"><span class='ocrx_word' id='word_1_595' title='bbox 1931 3785 1991 3824; x_wconf 85' lang='lat' dir='ltr'><strong>se</strong></span> <span class='ocrx_word' id='word_1_596' title='bbox 2037 3785 2135 3839; x_wconf 88' lang='lat' dir='ltr'><strong>per</strong></span> <span class='ocrx_word' id='word_1_597' title='bbox 2188 3771 2520 3841; x_wconf 64' lang='lat' dir='ltr'><strong>tyrannidem</strong></span> <span class='ocrx_word' id='word_1_598' title='bbox 2563 3774 2753 3828; x_wconf 80' lang='lat' dir='ltr'><strong>Aetius</strong></span> <span class='ocrx_word' id='word_1_599' title='bbox 2799 3778 3159 3845; x_wconf 86' lang='lat' dir='ltr'><strong>opprimeret,</strong></span> <span class='ocrx_word' id='word_1_600' title='bbox 3205 3796 3324 3835; x_wconf 83' lang='lat' dir='ltr'><strong>eum</strong></span> <span class='ocrx_word' id='word_1_601' title='bbox 3358 3783 3515 3838; x_wconf 70' lang='lat' dir='ltr'><strong>nullis</strong></span> 
     </span>
    </p>
   </div>
   <div class='ocr_carea' id='block_1_82' title="bbox 1927 3862 3514 3936">
    <p class='ocr_par' dir='ltr' id='par_1_82' title="bbox 1927 3862 3514 3936">
     <span class='ocr_line' id='line_1_82' title="bbox 1927 3862 3514 3936; baseline 0.009 -20"><span class='ocrx_word' id='word_1_602' title='bbox 1927 3862 2106 3916; x_wconf 83' lang='lat' dir='ltr'><strong>causis</strong></span> <span class='ocrx_word' id='word_1_603' title='bbox 2151 3863 2487 3917; x_wconf 82' lang='lat' dir='ltr'><strong>exstantibus</strong></span> <span class='ocrx_word' id='word_1_604' title='bbox 2539 3863 2833 3919; x_wconf 84' lang='lat' dir='ltr'><strong>interemit.</strong></span> <span class='ocrx_word' id='word_1_605' title='bbox 2873 3869 2987 3936; x_wconf 88' lang='lat' dir='ltr'><strong>Ipse</strong></span> <span class='ocrx_word' id='word_1_606' title='bbox 3039 3872 3374 3935; x_wconf 74' lang='lat' dir='ltr'><strong>postmodum</strong></span> <span class='ocrx_word' id='word_1_607' title='bbox 3408 3877 3514 3929; x_wconf 80' lang='lat' dir='ltr'><strong>Au-</strong></span> 
     </span>
    </p>
   </div>
   <div class='ocr_carea' id='block_1_83' title="bbox 1930 3953 3510 4029">
    <p class='ocr_par' dir='ltr' id='par_1_83' title="bbox 1930 3953 3510 4029">
     <span class='ocr_line' id='line_1_83' title="bbox 1930 3953 3510 4029; baseline 0.009 -23"><span class='ocrx_word' id='word_1_608' title='bbox 1930 3965 2136 4023; x_wconf 81' lang='lat' dir='ltr'><strong>gustus,</strong></span> <span class='ocrx_word' id='word_1_609' title='bbox 2166 3953 2292 4009; x_wconf 84' lang='lat' dir='ltr'><strong>dum</strong></span> <span class='ocrx_word' id='word_1_610' title='bbox 2317 3955 2368 4009; x_wconf 91' lang='lat' dir='ltr'><strong>in</strong></span> <span class='ocrx_word' id='word_1_611' title='bbox 2393 3954 2593 4025; x_wconf 87' lang='lat' dir='ltr'><strong>Campo</strong></span> <span class='ocrx_word' id='word_1_612' title='bbox 2623 3955 2811 4011; x_wconf 75' lang='lat' dir='ltr'><strong>Martio</strong></span> <span class='ocrx_word' id='word_1_613' title='bbox 2842 3972 2936 4027; x_wconf 84' lang='lat' dir='ltr'><strong>pro</strong></span> <span class='ocrx_word' id='word_1_614' title='bbox 2968 3961 3221 4016; x_wconf 67' lang='lat' dir='ltr'><strong>tribttn-tli</strong></span> <span class='ocrx_word' id='word_1_615' title='bbox 3250 3967 3510 4029; x_wconf 78' lang='lat' dir='ltr'><strong>residens,</strong></span> 
     </span>
    </p>
   </div>
   <div class='ocr_carea' id='block_1_84' title="bbox 1930 4048 3511 4123">
    <p class='ocr_par' dir='ltr' id='par_1_84' title="bbox 1930 4048 3511 4123">
     <span class='ocr_line' id='line_1_84' title="bbox 1930 4048 3511 4123; baseline 0.008 -22"><span class='ocrx_word' id='word_1_616' title='bbox 1930 4048 2342 4101; x_wconf 84' lang='lat' dir='ltr'><strong>concionaretur</strong></span> <span class='ocrx_word' id='word_1_617' title='bbox 2371 4049 2435 4101; x_wconf 72' lang='lat' dir='ltr'><strong>ad</strong></span> <span class='ocrx_word' id='word_1_618' title='bbox 2457 4051 2728 4117; x_wconf 86' lang='lat' dir='ltr'><strong>populum,</strong></span> <span class='ocrx_word' id='word_1_619' title='bbox 2751 4051 2970 4123; x_wconf 73' lang='lat' dir='ltr'><strong>Ocrylla</strong></span> <span class='ocrx_word' id='word_1_620' title='bbox 2998 4054 3350 4110; x_wconf 82' lang='lat' dir='ltr'><strong>bucce‘larins</strong></span> <span class='ocrx_word' id='word_1_621' title='bbox 3377 4059 3511 4113; x_wconf 82' lang='lat' dir='ltr'><strong>Aetii</strong></span> 
     </span>
    </p>
   </div>
   <div class='ocr_carea' id='block_1_85' title="bbox 1930 4138 3514 4212">
    <p class='ocr_par' dir='ltr' id='par_1_85' title="bbox 1930 4138 3514 4212">
     <span class='ocr_line' id='line_1_85' title="bbox 1930 4138 3514 4212; baseline 0.008 -19"><span class='ocrx_word' id='word_1_622' title='bbox 1930 4152 1996 4193; x_wconf 80' lang='lat' dir='ltr'><strong>ex</strong></span> <span class='ocrx_word' id='word_1_623' title='bbox 2024 4138 2252 4192; x_wconf 78' lang='lat' dir='ltr'><strong>adverso</strong></span> <span class='ocrx_word' id='word_1_624' title='bbox 2276 4140 2518 4209; x_wconf 80' lang='lat' dir='ltr'><strong>veniens,</strong></span> <span class='ocrx_word' id='word_1_625' title='bbox 2548 4156 2672 4197; x_wconf 78' lang='lat' dir='ltr'><strong>eum</strong></span> <span class='ocrx_word' id='word_1_626' title='bbox 2700 4143 2877 4209; x_wconf 73' lang='lat' dir='ltr'><strong>gladio</strong></span> <span class='ocrx_word' id='word_1_627' title='bbox 2902 4143 3151 4212; x_wconf 81' lang='lat' dir='ltr'><strong>perfodit.</strong></span> <span class='ocrx_word' id='word_1_628' title='bbox 3180 4147 3325 4201; x_wconf 79' lang='lat' dir='ltr'><strong>Talis</strong></span> <span class='ocrx_word' id='word_1_629' title='bbox 3356 4151 3514 4205; x_wconf 56' lang='lat' dir='ltr'><strong>utris-</strong></span> 
     </span>
    </p>
   </div>
   <div class='ocr_carea' id='block_1_86' title="bbox 1929 4226 2486 4300">
    <p class='ocr_par' dir='ltr' id='par_1_86' title="bbox 1929 4226 2486 4300">
     <span class='ocr_line' id='line_1_86' title="bbox 1929 4226 2486 4300; baseline 0.002 -17"><span class='ocrx_word' id='word_1_630' title='bbox 1929 4243 2033 4300; x_wconf 85' lang='lat' dir='ltr'><strong>que</strong></span> <span class='ocrx_word' id='word_1_631' title='bbox 2059 4230 2269 4283; x_wconf 76' lang='lat' dir='ltr'><strong>exStitlt</strong></span> <span class='ocrx_word' id='word_1_632' title='bbox 2298 4230 2415 4284; x_wconf 83' lang='lat' dir='ltr'><strong>linis</strong></span> <span class='ocrx_word' id='word_1_633' title='bbox 2438 4226 2486 4284; x_wconf 67' lang='grc' dir='ltr'><strong>δ.</strong></span> 
     </span>
    </p>
   </div>
   <div class='ocr_carea' id='block_1_87' title="bbox 2002 4317 3512 4397">
    <p class='ocr_par' dir='ltr' id='par_1_87' title="bbox 2002 4317 3512 4397">
     <span class='ocr_line' id='line_1_87' title="bbox 2002 4317 3512 4397; baseline -0.002 -22"><span class='ocrx_word' id='word_1_634' title='bbox 2002 4320 2092 4375; x_wconf 86' lang='lat' dir='ltr'><strong>IX.</strong></span> <span class='ocrx_word' id='word_1_635' title='bbox 2135 4320 2209 4375; x_wconf 89' lang='lat' dir='ltr'><strong>De</strong></span> <span class='ocrx_word' id='word_1_636' title='bbox 2235 4317 2566 4375; x_wconf 81' lang='lat' dir='ltr'><strong>Francorum</strong></span> <span class='ocrx_word' id='word_1_637' title='bbox 2593 4338 2721 4377; x_wconf 84' lang='lat' dir='ltr'><strong>vero</strong></span> <span class='ocrx_word' id='word_1_638' title='bbox 2753 4322 2997 4392; x_wconf 84' lang='lat' dir='ltr'><strong>regibus,</strong></span> <span class='ocrx_word' id='word_1_639' title='bbox 3030 4326 3150 4393; x_wconf 87' lang='lat' dir='ltr'><strong>quis</strong></span> <span class='ocrx_word' id='word_1_640' title='bbox 3192 4325 3355 4384; x_wconf 82' lang='lat' dir='ltr'><strong>fuerit</strong></span> <span class='ocrx_word' id='word_1_641' title='bbox 3404 4332 3512 4397; x_wconf 80' lang='lat' dir='ltr'><strong>pri-</strong></span> 
     </span>
    </p>
   </div>
   <div class='ocr_carea' id='block_1_88' title="bbox 1930 4411 3512 4481">
    <p class='ocr_par' dir='ltr' id='par_1_88' title="bbox 1930 4411 3512 4481">
     <span class='ocr_line' id='line_1_88' title="bbox 1930 4411 3512 4481; baseline 0.006 -15"><span class='ocrx_word' id='word_1_642' title='bbox 1930 4427 2051 4467; x_wconf 89' lang='lat' dir='ltr'><strong>mus</strong></span> <span class='ocrx_word' id='word_1_643' title='bbox 2081 4426 2112 4464; x_wconf 88' lang='lat' dir='ltr'><strong>a</strong></span> <span class='ocrx_word' id='word_1_644' title='bbox 2140 4412 2320 4465; x_wconf 88' lang='lat' dir='ltr'><strong>multis</strong></span> <span class='ocrx_word' id='word_1_645' title='bbox 2347 4412 2640 4481; x_wconf 76' lang='lat' dir='ltr'><strong>ignoratur.</strong></span> <span class='ocrx_word' id='word_1_646' title='bbox 2672 4411 2801 4467; x_wconf 82' lang='lat' dir='ltr'><strong>Nam</strong></span> <span class='ocrx_word' id='word_1_647' title='bbox 2827 4429 2949 4468; x_wconf 90' lang='lat' dir='ltr'><strong>cum</strong></span> <span class='ocrx_word' id='word_1_648' title='bbox 2996 4416 3159 4471; x_wconf 84' lang='lat' dir='ltr'><strong>multa</strong></span> <span class='ocrx_word' id='word_1_649' title='bbox 3188 4417 3365 4474; x_wconf 84' lang='lat' dir='ltr'><strong>de‘eis</strong></span> <span class='ocrx_word' id='word_1_650' title='bbox 3391 4422 3512 4477; x_wconf 85' lang='lat' dir='ltr'><strong>Sui-</strong></span> 
     </span>
    </p>
   </div>
   <div class='ocr_carea' id='block_1_89' title="bbox 1931 4503 3508 4583">
    <p class='ocr_par' dir='ltr' id='par_1_89' title="bbox 1931 4503 3508 4583">
     <span class='ocr_line' id='line_1_89' title="bbox 1931 4503 3508 4583; baseline 0.004 -24"><span class='ocrx_word' id='word_1_651' title='bbox 1931 4504 2055 4574; x_wconf 87' lang='lat' dir='ltr'><strong>picii</strong></span> <span class='ocrx_word' id='word_1_652' title='bbox 2080 4503 2367 4559; x_wconf 76' lang='lat' dir='ltr'><strong>Alexandri</strong></span> <span class='ocrx_word' id='word_1_653' title='bbox 2402 4503 2417 4541; x_wconf 76' lang='lat' dir='ltr'><strong>i</strong></span> <span class='ocrx_word' id='word_1_654' title='bbox 2454 4514 2636 4559; x_wconf 85' lang='lat' dir='ltr'><strong>narret</strong></span> <span class='ocrx_word' id='word_1_655' title='bbox 2679 4505 2906 4560; x_wconf 79' lang='lat' dir='ltr'><strong>Historia</strong></span> <span class='ocrx_word' id='word_1_656' title='bbox 2933 4546 2948 4573; x_wconf 91' lang='lat'><strong>,</strong></span> <span class='ocrx_word' id='word_1_657' title='bbox 2980 4503 3085 4561; x_wconf 82' lang='lat' dir='ltr'><strong>non</strong></span> <span class='ocrx_word' id='word_1_658' title='bbox 3120 4518 3297 4565; x_wconf 88' lang='lat' dir='ltr'><strong>tamen</strong></span> <span class='ocrx_word' id='word_1_659' title='bbox 3329 4528 3508 4583; x_wconf 84' lang='lat' dir='ltr'><strong>regem</strong></span> 
     </span>
    </p>
   </div>
   <div class='ocr_carea' id='block_1_90' title="bbox 1930 4596 3512 4667">
    <p class='ocr_par' dir='ltr' id='par_1_90' title="bbox 1930 4596 3512 4667">
     <span class='ocr_line' id='line_1_90' title="bbox 1930 4596 3512 4667; baseline 0.006 -16"><span class='ocrx_word' id='word_1_660' title='bbox 1930 4598 2159 4667; x_wconf 88' lang='lat' dir='ltr'><strong>primum</strong></span> <span class='ocrx_word' id='word_1_661' title='bbox 2212 4612 2396 4652; x_wconf 90' lang='lat' dir='ltr'><strong>eorum</strong></span> <span class='ocrx_word' id='word_1_662' title='bbox 2438 4596 2704 4653; x_wconf 85' lang='lat' dir='ltr'><strong>ullatenus</strong></span> <span class='ocrx_word' id='word_1_663' title='bbox 2762 4599 3021 4664; x_wconf 88' lang='lat' dir='ltr'><strong>nominat,</strong></span> <span class='ocrx_word' id='word_1_664' title='bbox 3074 4602 3166 4655; x_wconf 89' lang='lat' dir='ltr'><strong>sed</strong></span> <span class='ocrx_word' id='word_1_665' title='bbox 3208 4604 3369 4659; x_wconf 87' lang='lat' dir='ltr'><strong>duces</strong></span> <span class='ocrx_word' id='word_1_666' title='bbox 3415 4620 3512 4663; x_wconf 81' lang='lat' dir='ltr'><strong>eos</strong></span> 
     </span>
    </p>
   </div>
   <div class='ocr_carea' id='block_1_91' title="bbox 229 4690 3513 4773">
    <p class='ocr_par' dir='ltr' id='par_1_91' title="bbox 229 4690 3513 4773">
     <span class='ocr_line' id='line_1_91' title="bbox 229 4690 3513 4773; baseline 0 -19"><span class='ocrx_word' id='word_1_667' title='bbox 229 4700 450 4755; x_wconf 78' lang='lat' dir='ltr'><strong>decimo</strong></span> <span class='ocrx_word' id='word_1_668' title='bbox 480 4698 832 4751; x_wconf 81' lang='lat' dir='ltr'><strong>Historiarum</strong></span> <span class='ocrx_word' id='word_1_669' title='bbox 866 4694 1005 4749; x_wconf 90' lang='lat' dir='ltr'><strong>libro</strong></span> <span class='ocrx_word' id='word_1_670' title='bbox 1036 4692 1274 4761; x_wconf 87' lang='lat' dir='ltr'><strong>referat,</strong></span> <span class='ocrx_word' id='word_1_671' title='bbox 1314 4702 1432 4761; x_wconf 86' lang='lat' dir='ltr'><strong>post</strong></span> <span class='ocrx_word' id='word_1_672' title='bbox 1462 4694 1569 4747; x_wconf 91' lang='lat' dir='ltr'><strong>divi</strong></span> <span class='ocrx_word' id='word_1_673' title='bbox 1602 4693 1818 4748; x_wconf 88' lang='lat' dir='ltr'><strong>Ilonorii</strong></span> <span class='ocrx_word' id='word_1_674' title='bbox 1853 4712 1900 4773; x_wconf 66' lang='grc' dir='ltr'><strong>ι)</strong></span> <span class='ocrx_word' id='word_1_675' title='bbox 1931 4692 2180 4747; x_wconf 78' lang='lat' dir='ltr'><strong>habuisse</strong></span> <span class='ocrx_word' id='word_1_676' title='bbox 2195 4690 2357 4746; x_wconf 69' lang='lat' dir='ltr'><strong>dit‘il:</strong></span> <span class='ocrx_word' id='word_1_677' title='bbox 2390 4706 2507 4761; x_wconf 74' lang='lat' dir='ltr'><strong>quae</strong></span> <span class='ocrx_word' id='word_1_678' title='bbox 2540 4700 2716 4747; x_wconf 84' lang='lat' dir='ltr'><strong>tamen</strong></span> <span class='ocrx_word' id='word_1_679' title='bbox 2741 4692 2810 4747; x_wconf 89' lang='lat' dir='ltr'><strong>de</strong></span> <span class='ocrx_word' id='word_1_680' title='bbox 2834 4691 3037 4748; x_wconf 86' lang='lat' dir='ltr'><strong>eisdem</strong></span> <span class='ocrx_word' id='word_1_681' title='bbox 3067 4693 3283 4762; x_wconf 83' lang='lat' dir='ltr'><strong>referat,</strong></span> <span class='ocrx_word' id='word_1_682' title='bbox 3311 4714 3513 4755; x_wconf 88' lang='lat' dir='ltr'><strong>mento-</strong></span> 
     </span>
    </p>
   </div>
   <div class='ocr_carea' id='block_1_92' title="bbox 304 4824 1819 4896">
    <p class='ocr_par' dir='ltr' id='par_1_92' title="bbox 304 4824 1819 4896">
     <span class='ocr_line' id='line_1_92' title="bbox 304 4824 1819 4896; baseline -0.005 -9"><span class='ocrx_word' id='word_1_683' title='bbox 304 4843 332 4869; x_wconf 75' lang='grc' dir='ltr'>ι</span> <span class='ocrx_word' id='word_1_684' title='bbox 374 4831 463 4886; x_wconf 88' lang='lat' dir='ltr'><strong>Sic</strong></span> <span class='ocrx_word' id='word_1_685' title='bbox 514 4830 667 4885; x_wconf 85' lang='lat' dir='ltr'><strong>codd.</strong></span> <span class='ocrx_word' id='word_1_686' title='bbox 717 4828 1060 4893; x_wconf 85' lang='lat' dir='ltr'><strong>vetustiores,</strong></span> <span class='ocrx_word' id='word_1_687' title='bbox 1105 4824 1234 4891; x_wconf 88' lang='lat' dir='ltr'><strong>alii,</strong></span> <span class='ocrx_word' id='word_1_688' title='bbox 1291 4825 1490 4879; x_wconf 76' lang='lat' dir='ltr'><strong>aditum</strong></span> <span class='ocrx_word' id='word_1_689' title='bbox 1539 4842 1630 4895; x_wconf 85' lang='lat' dir='ltr'><strong>per</strong></span> <span class='ocrx_word' id='word_1_690' title='bbox 1671 4843 1819 4896; x_wconf 81' lang='lat' dir='ltr'><strong>quem</strong></span> 
     </span>
    </p>
   </div>
   <div class='ocr_carea' id='block_1_93' title="bbox 233 4901 891 4975">
    <p class='ocr_par' dir='ltr' id='par_1_93' title="bbox 233 4901 891 4975">
     <span class='ocr_line' id='line_1_93' title="bbox 233 4901 891 4975; baseline -0.011 -18"><span class='ocrx_word' id='word_1_691' title='bbox 233 4906 366 4975; x_wconf 73' lang='lat' dir='ltr'><strong>foris</strong></span> <span class='ocrx_word' id='word_1_692' title='bbox 395 4903 624 4975; x_wconf 67' lang='lat' dir='ltr'><strong>eraderet</strong></span> <span class='ocrx_word' id='word_1_693' title='bbox 642 4946 656 4965; x_wconf 81' lang='grc'>,</span> <span class='ocrx_word' id='word_1_694' title='bbox 688 4901 891 4968; x_wconf 71' lang='lat' dir='ltr'><strong>qttwrit.</strong></span> 
     </span>
    </p>
   </div>
   <div class='ocr_carea' id='block_1_94' title="bbox 304 4967 1816 5039">
    <p class='ocr_par' dir='ltr' id='par_1_94' title="bbox 304 4967 1816 5039">
     <span class='ocr_line' id='line_1_94' title="bbox 304 4967 1816 5039; baseline -0.003 -12"><span class='ocrx_word' id='word_1_695' title='bbox 304 4975 333 5014; x_wconf 72' lang='grc' dir='ltr'>δ</span> <span class='ocrx_word' id='word_1_696' title='bbox 379 4973 460 5027; x_wconf 82' lang='lat' dir='ltr'><strong>An</strong></span> <span class='ocrx_word' id='word_1_697' title='bbox 492 4967 793 5027; x_wconf 71' lang='lat' dir='ltr'><strong>Meroveum</strong></span> <span class='ocrx_word' id='word_1_698' title='bbox 822 4967 1037 5039; x_wconf 70' lang='lat' dir='ltr'><strong>regem?</strong></span> <span class='ocrx_word' id='word_1_699' title='bbox 1064 4982 1232 5039; x_wconf 84' lang='lat' dir='ltr'><strong>quem</strong></span> <span class='ocrx_word' id='word_1_700' title='bbox 1266 4976 1389 5037; x_wconf 90' lang='lat' dir='ltr'><strong>post</strong></span> <span class='ocrx_word' id='word_1_701' title='bbox 1417 4968 1552 5023; x_wconf 81' lang='lat' dir='ltr'><strong>Aetii</strong></span> <span class='ocrx_word' id='word_1_702' title='bbox 1586 4977 1816 5023; x_wconf 88' lang='lat' dir='ltr'><strong>mortem</strong></span> 
     </span>
    </p>
   </div>
   <div class='ocr_carea' id='block_1_95' title="bbox 238 5038 1812 5110">
    <p class='ocr_par' dir='ltr' id='par_1_95' title="bbox 238 5038 1812 5110">
     <span class='ocr_line' id='line_1_95' title="bbox 238 5038 1812 5110; baseline -0.004 -11"><span class='ocrx_word' id='word_1_703' title='bbox 238 5044 546 5099; x_wconf 69' lang='lat' dir='ltr'><strong>Germaniae</strong></span> <span class='ocrx_word' id='word_1_704' title='bbox 589 5043 775 5110; x_wconf 72' lang='lat' dir='ltr'><strong>prima:</strong></span> <span class='ocrx_word' id='word_1_705' title='bbox 818 5038 901 5093; x_wconf 83' lang='lat' dir='ltr'><strong>ac</strong></span> <span class='ocrx_word' id='word_1_706' title='bbox 929 5038 1157 5107; x_wconf 74' lang='lat' dir='ltr'><strong>Belgica:</strong></span> <span class='ocrx_word' id='word_1_707' title='bbox 1179 5039 1426 5093; x_wconf 70' lang='lat' dir='ltr'><strong>secunda:</strong></span> <span class='ocrx_word' id='word_1_708' title='bbox 1452 5040 1812 5110; x_wconf 8' lang='lat' dir='ltr'><strong>bellutngintu-</strong></span> 
     </span>
    </p>
   </div>
   <div class='ocr_carea' id='block_1_96' title="bbox 233 5108 1816 5181">
    <p class='ocr_par' dir='ltr' id='par_1_96' title="bbox 233 5108 1816 5181">
     <span class='ocr_line' id='line_1_96' title="bbox 233 5108 1816 5181; baseline -0.003 -13"><span class='ocrx_word' id='word_1_709' title='bbox 233 5119 372 5170; x_wconf 79' lang='lat' dir='ltr'><strong>lisse</strong></span> <span class='ocrx_word' id='word_1_710' title='bbox 398 5126 446 5167; x_wconf 91' lang='lat' dir='ltr'><strong>ut</strong></span> <span class='ocrx_word' id='word_1_711' title='bbox 476 5108 625 5181; x_wconf 82' lang='lat' dir='ltr'><strong>regni</strong></span> <span class='ocrx_word' id='word_1_712' title='bbox 650 5115 781 5165; x_wconf 83' lang='lat' dir='ltr'><strong>lines</strong></span> <span class='ocrx_word' id='word_1_713' title='bbox 810 5120 1167 5180; x_wconf 83' lang='lat' dir='ltr'><strong>promoveret,</strong></span> <span class='ocrx_word' id='word_1_714' title='bbox 1193 5112 1346 5181; x_wconf 85' lang='lat' dir='ltr'><strong>testis</strong></span> <span class='ocrx_word' id='word_1_715' title='bbox 1374 5120 1456 5163; x_wconf 84' lang='lat' dir='ltr'><strong>est</strong></span> <span class='ocrx_word' id='word_1_716' title='bbox 1480 5108 1734 5165; x_wconf 83' lang='lat' dir='ltr'><strong>Sidonius</strong></span> <span class='ocrx_word' id='word_1_717' title='bbox 1764 5110 1816 5164; x_wconf 89' lang='lat' dir='ltr'><strong>in</strong></span> 
     </span>
    </p>
   </div>
   <div class='ocr_carea' id='block_1_97' title="bbox 230 5180 1818 5252">
    <p class='ocr_par' dir='ltr' id='par_1_97' title="bbox 230 5180 1818 5252">
     <span class='ocr_line' id='line_1_97' title="bbox 230 5180 1818 5252; baseline -0.006 -13"><span class='ocrx_word' id='word_1_718' title='bbox 230 5180 600 5252; x_wconf 75' lang='lat' dir='ltr'><strong>Panegyrico,</strong></span> <span class='ocrx_word' id='word_1_719' title='bbox 630 5198 787 5250; x_wconf 87' lang='lat' dir='ltr'><strong>quem</strong></span> <span class='ocrx_word' id='word_1_720' title='bbox 830 5196 1018 5235; x_wconf 86' lang='lat' dir='ltr'><strong>socero</strong></span> <span class='ocrx_word' id='word_1_721' title='bbox 1045 5196 1143 5235; x_wconf 90' lang='lat' dir='ltr'><strong>suo</strong></span> <span class='ocrx_word' id='word_1_722' title='bbox 1170 5180 1333 5235; x_wconf 83' lang='lat' dir='ltr'><strong>dixit.</strong></span> <span class='ocrx_word' id='word_1_723' title='bbox 1376 5182 1607 5250; x_wconf 86' lang='lat' dir='ltr'><strong>Prosper</strong></span> <span class='ocrx_word' id='word_1_724' title='bbox 1647 5181 1818 5235; x_wconf 83' lang='lat' dir='ltr'><strong>Mero-</strong></span> 
     </span>
    </p>
   </div>
   <div class='ocr_carea' id='block_1_98' title="bbox 231 5251 1819 5320">
    <p class='ocr_par' dir='ltr' id='par_1_98' title="bbox 231 5251 1819 5320">
     <span class='ocr_line' id='line_1_98' title="bbox 231 5251 1819 5320; baseline -0.003 -10"><span class='ocrx_word' id='word_1_725' title='bbox 231 5274 399 5311; x_wconf 81' lang='lat' dir='ltr'><strong>veum</strong></span> <span class='ocrx_word' id='word_1_726' title='bbox 427 5251 477 5308; x_wconf 84' lang='lat' dir='ltr'><strong>in</strong></span> <span class='ocrx_word' id='word_1_727' title='bbox 509 5254 729 5307; x_wconf 75' lang='lat' dir='ltr'><strong>Francia</strong></span> <span class='ocrx_word' id='word_1_728' title='bbox 759 5270 897 5305; x_wconf 82' lang='lat' dir='ltr'><strong>anno</strong></span> <span class='ocrx_word' id='word_1_729' title='bbox 919 5251 1020 5304; x_wconf 70' lang='grc'><strong>447</strong></span> <span class='ocrx_word' id='word_1_730' title='bbox 1043 5266 1294 5320; x_wconf 77' lang='lat' dir='ltr'><strong>regnasse</strong></span> <span class='ocrx_word' id='word_1_731' title='bbox 1318 5252 1524 5306; x_wconf 88' lang='lat' dir='ltr'><strong>scribit.</strong></span> <span class='ocrx_word' id='word_1_732' title='bbox 1560 5253 1632 5306; x_wconf 87' lang='lat' dir='ltr'><strong>De</strong></span> <span class='ocrx_word' id='word_1_733' title='bbox 1658 5266 1819 5306; x_wconf 87' lang='lat' dir='ltr'><strong>causa</strong></span> 
     </span>
    </p>
   </div>
   <div class='ocr_carea' id='block_1_99' title="bbox 228 5322 1818 5394">
    <p class='ocr_par' dir='ltr' id='par_1_99' title="bbox 228 5322 1818 5394">
     <span class='ocr_line' id='line_1_99' title="bbox 228 5322 1818 5394; baseline -0.003 -13"><span class='ocrx_word' id='word_1_734' title='bbox 228 5329 369 5382; x_wconf 75' lang='lat' dir='ltr'><strong>betli</strong></span> <span class='ocrx_word' id='word_1_735' title='bbox 404 5342 493 5394; x_wconf 87' lang='lat' dir='ltr'><strong>per</strong></span> <span class='ocrx_word' id='word_1_736' title='bbox 524 5324 739 5379; x_wconf 72' lang='lat' dir='ltr'><strong>Attilam</strong></span> <span class='ocrx_word' id='word_1_737' title='bbox 774 5324 901 5376; x_wconf 83' lang='lat' dir='ltr'><strong>illati</strong></span> <span class='ocrx_word' id='word_1_738' title='bbox 946 5322 1145 5394; x_wconf 72' lang='lat' dir='ltr'><strong>videsis</strong></span> <span class='ocrx_word' id='word_1_739' title='bbox 1174 5322 1339 5394; x_wconf 77' lang='lat' dir='ltr'><strong>Prisci</strong></span> <span class='ocrx_word' id='word_1_740' title='bbox 1371 5323 1605 5394; x_wconf 85' lang='lat' dir='ltr'><strong>rhetoris</strong></span> <span class='ocrx_word' id='word_1_741' title='bbox 1636 5322 1818 5377; x_wconf 57' lang='lat' dir='ltr'><strong>ilisto-</strong></span> 
     </span>
    </p>
   </div>
   <div class='ocr_carea' id='block_1_100' title="bbox 226 5391 1811 5462">
    <p class='ocr_par' dir='ltr' id='par_1_100' title="bbox 226 5391 1811 5462">
     <span class='ocr_line' id='line_1_100' title="bbox 226 5391 1811 5462; baseline -0.005 -9"><span class='ocrx_word' id='word_1_742' title='bbox 226 5391 477 5457; x_wconf 31' lang='lat' dir='ltr'><strong>nam,’et</strong></span> <span class='ocrx_word' id='word_1_743' title='bbox 499 5395 820 5450; x_wconf 84' lang='lat' dir='ltr'><strong>Jornandent</strong></span> <span class='ocrx_word' id='word_1_744' title='bbox 847 5395 911 5447; x_wconf 85' lang='lat' dir='ltr'><strong>de</strong></span> <span class='ocrx_word' id='word_1_745' title='bbox 943 5393 1075 5448; x_wconf 84' lang='lat' dir='ltr'><strong>Reb.</strong></span> <span class='ocrx_word' id='word_1_746' title='bbox 1109 5391 1328 5456; x_wconf 83' lang='lat' dir='ltr'><strong>Geticis,</strong></span> <span class='ocrx_word' id='word_1_747' title='bbox 1354 5409 1472 5457; x_wconf 83' lang='lat' dir='ltr'><strong>cap.</strong></span> <span class='ocrx_word' id='word_1_748' title='bbox 1498 5392 1566 5448; x_wconf 77' lang='grc'><strong>55</strong></span> <span class='ocrx_word' id='word_1_749' title='bbox 1587 5404 1636 5446; x_wconf 81' lang='lat' dir='ltr'><strong>et</strong></span> <span class='ocrx_word' id='word_1_750' title='bbox 1662 5408 1811 5462; x_wconf 84' lang='lat' dir='ltr'><strong>seqq.</strong></span> 
     </span>
    </p>
   </div>
   <div class='ocr_carea' id='block_1_101' title="bbox 304 5462 1817 5531">
    <p class='ocr_par' dir='ltr' id='par_1_101' title="bbox 304 5462 1817 5531">
     <span class='ocr_line' id='line_1_101' title="bbox 304 5462 1817 5531; baseline -0.005 -7"><span class='ocrx_word' id='word_1_751' title='bbox 304 5481 327 5508; x_wconf 73' lang='grc' dir='ltr'><strong>ε</strong></span> <span class='ocrx_word' id='word_1_752' title='bbox 375 5469 466 5524; x_wconf 84' lang='lat' dir='ltr'><strong>Sic</strong></span> <span class='ocrx_word' id='word_1_753' title='bbox 494 5484 624 5521; x_wconf 87' lang='lat' dir='ltr'><strong>tnss.</strong></span> <span class='ocrx_word' id='word_1_754' title='bbox 653 5466 813 5531; x_wconf 84' lang='lat' dir='ltr'><strong>Corb.</strong></span> <span class='ocrx_word' id='word_1_755' title='bbox 837 5504 851 5526; x_wconf 92' lang='lat'><strong>,</strong></span> <span class='ocrx_word' id='word_1_756' title='bbox 887 5465 1017 5520; x_wconf 86' lang='lat' dir='ltr'><strong>Bell.</strong></span> <span class='ocrx_word' id='word_1_757' title='bbox 1038 5505 1051 5528; x_wconf 95' lang='lat'><strong>,</strong></span> <span class='ocrx_word' id='word_1_758' title='bbox 1083 5462 1234 5517; x_wconf 90' lang='lat' dir='ltr'><strong>Culb.</strong></span> <span class='ocrx_word' id='word_1_759' title='bbox 1265 5504 1281 5525; x_wconf 92' lang='lat'><strong>,</strong></span> <span class='ocrx_word' id='word_1_760' title='bbox 1327 5464 1512 5531; x_wconf 73' lang='lat' dir='ltr'><strong>Regio.</strong></span> <span class='ocrx_word' id='word_1_761' title='bbox 1540 5505 1553 5527; x_wconf 95' lang='lat'><strong>,</strong></span> <span class='ocrx_word' id='word_1_762' title='bbox 1588 5462 1721 5530; x_wconf 76' lang='lat' dir='ltr'><strong>Reg.</strong></span> <span class='ocrx_word' id='word_1_763' title='bbox 1764 5475 1817 5518; x_wconf 91' lang='lat' dir='ltr'><strong>et</strong></span> 
     </span>
    </p>
   </div>
   <div class='ocr_carea' id='block_1_102' title="bbox 225 5533 1820 5601">
    <p class='ocr_par' dir='ltr' id='par_1_102' title="bbox 225 5533 1820 5601">
     <span class='ocr_line' id='line_1_102' title="bbox 225 5533 1820 5601; baseline -0.004 -7"><span class='ocrx_word' id='word_1_764' title='bbox 225 5540 531 5601; x_wconf 81' lang='lat' dir='ltr'><strong>Palatinus,</strong></span> <span class='ocrx_word' id='word_1_765' title='bbox 562 5554 682 5590; x_wconf 87' lang='lat' dir='ltr'><strong>cum</strong></span> <span class='ocrx_word' id='word_1_766' title='bbox 711 5537 870 5590; x_wconf 82' lang='lat' dir='ltr'><strong>editis</strong></span> <span class='ocrx_word' id='word_1_767' title='bbox 897 5536 1048 5599; x_wconf 83' lang='lat' dir='ltr'><strong>Bud.,</strong></span> <span class='ocrx_word' id='word_1_768' title='bbox 1082 5546 1191 5588; x_wconf 83' lang='lat' dir='ltr'><strong>etc.</strong></span> <span class='ocrx_word' id='word_1_769' title='bbox 1222 5533 1534 5587; x_wconf 75' lang='lat' dir='ltr'><strong>Alamannos</strong></span> <span class='ocrx_word' id='word_1_770' title='bbox 1564 5548 1692 5587; x_wconf 82' lang='lat' dir='ltr'><strong>vero</strong></span> <span class='ocrx_word' id='word_1_771' title='bbox 1726 5535 1820 5588; x_wconf 83' lang='lat' dir='ltr'><strong>ba-</strong></span> 
     </span>
    </p>
   </div>
   <div class='ocr_carea' id='block_1_103' title="bbox 226 5604 1819 5677">
    <p class='ocr_par' dir='ltr' id='par_1_103' title="bbox 226 5604 1819 5677">
     <span class='ocr_line' id='line_1_103' title="bbox 226 5604 1819 5677; baseline -0.005 -12"><span class='ocrx_word' id='word_1_772' title='bbox 226 5614 363 5665; x_wconf 77' lang='lat' dir='ltr'><strong>bent</strong></span> <span class='ocrx_word' id='word_1_773' title='bbox 397 5610 636 5677; x_wconf 85' lang='lat' dir='ltr'><strong>plerique</strong></span> <span class='ocrx_word' id='word_1_774' title='bbox 660 5606 790 5661; x_wconf 79' lang='lat' dir='ltr'><strong>editi</strong></span> <span class='ocrx_word' id='word_1_775' title='bbox 828 5621 950 5659; x_wconf 82' lang='lat' dir='ltr'><strong>cum</strong></span> <span class='ocrx_word' id='word_1_776' title='bbox 993 5604 1302 5677; x_wconf 15' lang='lat' dir='ltr'><strong>Bec.rCerte</strong></span> <span class='ocrx_word' id='word_1_777' title='bbox 1343 5606 1500 5677; x_wconf 71' lang='lat' dir='ltr'><strong>Alani</strong></span> <span class='ocrx_word' id='word_1_778' title='bbox 1526 5616 1651 5658; x_wconf 86' lang='lat' dir='ltr'><strong>tunc</strong></span> <span class='ocrx_word' id='word_1_779' title='bbox 1685 5613 1819 5657; x_wconf 85' lang='lat' dir='ltr'><strong>tem-</strong></span> 
     </span>
    </p>
   </div>
   <div class='ocr_carea' id='block_1_104' title="bbox 230 5676 1820 5749">
    <p class='ocr_par' dir='ltr' id='par_1_104' title="bbox 230 5676 1820 5749">
     <span class='ocr_line' id='line_1_104' title="bbox 230 5676 1820 5749; baseline -0.003 -13"><span class='ocrx_word' id='word_1_780' title='bbox 230 5686 384 5749; x_wconf 75' lang='lat' dir='ltr'><strong>poris</strong></span> <span class='ocrx_word' id='word_1_781' title='bbox 402 5676 561 5735; x_wconf 87' lang='lat' dir='ltr'><strong>trans</strong></span> <span class='ocrx_word' id='word_1_782' title='bbox 585 5680 817 5748; x_wconf 85' lang='lat' dir='ltr'><strong>Ligerim</strong></span> <span class='ocrx_word' id='word_1_783' title='bbox 845 5678 1030 5749; x_wconf 73' lang='lat' dir='ltr'><strong>sedem</strong></span> <span class='ocrx_word' id='word_1_784' title='bbox 1055 5676 1341 5730; x_wconf 74' lang='lat' dir='ltr'><strong>habebunt.</strong></span> <span class='ocrx_word' id='word_1_785' title='bbox 1384 5676 1459 5730; x_wconf 85' lang='lat' dir='ltr'><strong>De</strong></span> <span class='ocrx_word' id='word_1_786' title='bbox 1491 5676 1573 5730; x_wconf 84' lang='lat' dir='ltr'><strong>bis</strong></span> <span class='ocrx_word' id='word_1_787' title='bbox 1596 5678 1820 5731; x_wconf 71' lang='lat' dir='ltr'><strong>consule</strong></span> 
     </span>
    </p>
   </div>
   <div class='ocr_carea' id='block_1_105' title="bbox 227 5746 1383 5807">
    <p class='ocr_par' dir='ltr' id='par_1_105' title="bbox 227 5746 1383 5807">
     <span class='ocr_line' id='line_1_105' title="bbox 227 5746 1383 5807; baseline -0.005 -1"><span class='ocrx_word' id='word_1_788' title='bbox 227 5746 514 5807; x_wconf 63' lang='lat' dir='ltr'><strong>Valesium</strong></span> <span class='ocrx_word' id='word_1_789' title='bbox 557 5746 727 5804; x_wconf 48' lang='lat' dir='ltr'><strong>libitv</strong></span> <span class='ocrx_word' id='word_1_790' title='bbox 756 5749 950 5802; x_wconf 72' lang='lat' dir='ltr'><strong>Iterum</strong></span> <span class='ocrx_word' id='word_1_791' title='bbox 969 5746 1383 5807; x_wconf 81' lang='lat' dir='ltr'><strong>,Fraucicatum.</strong></span> 
     </span>
    </p>
   </div>
   <div class='ocr_carea' id='block_1_106' title="bbox 301 5816 1813 5885">
    <p class='ocr_par' dir='ltr' id='par_1_106' title="bbox 301 5816 1813 5885">
     <span class='ocr_line' id='line_1_106' title="bbox 301 5816 1813 5885; baseline -0.003 -9"><span class='ocrx_word' id='word_1_792' title='bbox 301 5825 331 5861; x_wconf 69' lang='grc' dir='ltr'><em>ά</em></span> <span class='ocrx_word' id='word_1_793' title='bbox 375 5822 604 5876; x_wconf 63' lang='lat' dir='ltr'><strong>Occisus</strong></span> <span class='ocrx_word' id='word_1_794' title='bbox 631 5831 707 5875; x_wconf 89' lang='lat' dir='ltr'><strong>est</strong></span> <span class='ocrx_word' id='word_1_795' title='bbox 739 5834 881 5872; x_wconf 80' lang='lat' dir='ltr'><strong>anno</strong></span> <span class='ocrx_word' id='word_1_796' title='bbox 906 5816 1035 5881; x_wconf 75' lang='grc'><strong>455,</strong></span> <span class='ocrx_word' id='word_1_797' title='bbox 1065 5828 1119 5871; x_wconf 92' lang='lat' dir='ltr'><strong>ut</strong></span> <span class='ocrx_word' id='word_1_798' title='bbox 1152 5818 1291 5872; x_wconf 87' lang='lat' dir='ltr'><strong>idem</strong></span> <span class='ocrx_word' id='word_1_799' title='bbox 1331 5816 1569 5871; x_wconf 74' lang='lat' dir='ltr'><strong>Valesius</strong></span> <span class='ocrx_word' id='word_1_800' title='bbox 1602 5816 1813 5885; x_wconf 88' lang='lat' dir='ltr'><strong>probat,</strong></span> 
     </span>
    </p>
   </div>
   <div class='ocr_carea' id='block_1_107' title="bbox 220 5886 1821 5959">
    <p class='ocr_par' dir='ltr' id='par_1_107' title="bbox 220 5886 1821 5959">
     <span class='ocr_line' id='line_1_107' title="bbox 220 5886 1821 5959; baseline -0.006 -6"><span class='ocrx_word' id='word_1_801' title='bbox 220 5912 259 5954; x_wconf 74' lang='lat' dir='ltr'><strong>a</strong></span> <span class='ocrx_word' id='word_1_802' title='bbox 284 5894 630 5951; x_wconf 74' lang='lat' dir='ltr'><strong>Theoderico</strong></span> <span class='ocrx_word' id='word_1_803' title='bbox 666 5904 717 5945; x_wconf 91' lang='lat' dir='ltr'><strong>et</strong></span> <span class='ocrx_word' id='word_1_804' title='bbox 765 5889 1037 5943; x_wconf 78' lang='lat' dir='ltr'><strong>Friderico</strong></span> <span class='ocrx_word' id='word_1_805' title='bbox 1072 5886 1326 5944; x_wconf 88' lang='lat' dir='ltr'><strong>fratribus</strong></span> <span class='ocrx_word' id='word_1_806' title='bbox 1353 5928 1368 5956; x_wconf 92' lang='lat'><strong>,</strong></span> <span class='ocrx_word' id='word_1_807' title='bbox 1420 5903 1643 5957; x_wconf 83' lang='lat' dir='ltr'><strong>quorum</strong></span> <span class='ocrx_word' id='word_1_808' title='bbox 1673 5892 1821 5959; x_wconf 82' lang='lat' dir='ltr'><strong>prior</strong></span> 
     </span>
    </p>
   </div>
   <div class='ocr_carea' id='block_1_108' title="bbox 520 6006 1075 6073">
    <p class='ocr_par' dir='ltr' id='par_1_108' title="bbox 520 6006 1075 6073">
     <span class='ocr_line' id='line_1_108' title="bbox 520 6006 1075 6073; baseline -0.011 0"><span class='ocrx_word' id='word_1_809' title='bbox 520 6010 794 6073; x_wconf 73' lang='lat' dir='ltr'><strong>PA&#39;I’BOL.</strong></span> <span class='ocrx_word' id='word_1_810' title='bbox 846 6006 1075 6068; x_wconf 71' lang='lat' dir='ltr'><strong>LXXI.</strong></span> 
     </span>
    </p>
   </div>
   <div class='ocr_carea' id='block_1_109' title="bbox 1926 4825 2909 4893">
    <p class='ocr_par' dir='ltr' id='par_1_109' title="bbox 1926 4825 2909 4893">
     <span class='ocr_line' id='line_1_109' title="bbox 1926 4825 2909 4893; baseline -0.001 -12"><span class='ocrx_word' id='word_1_811' title='bbox 1926 4842 2149 4893; x_wconf 79' lang='lat' dir='ltr'><strong>regnum</strong></span> <span class='ocrx_word' id='word_1_812' title='bbox 2181 4825 2454 4893; x_wconf 81' lang='lat' dir='ltr'><strong>occupavit</strong></span> <span class='ocrx_word' id='word_1_813' title='bbox 2487 4840 2549 4879; x_wconf 86' lang='lat' dir='ltr'><strong>ex</strong></span> <span class='ocrx_word' id='word_1_814' title='bbox 2584 4825 2774 4887; x_wconf 77' lang='lat' dir='ltr'><strong>ldatio.</strong></span> <span class='ocrx_word' id='word_1_815' title='bbox 2801 4836 2909 4882; x_wconf 86' lang='lat' dir='ltr'><strong>etc.</strong></span> 
     </span>
    </p>
   </div>
   <div class='ocr_carea' id='block_1_110' title="bbox 1999 4894 3401 4979">
    <p class='ocr_par' dir='ltr' id='par_1_110' title="bbox 1999 4894 3401 4979">
     <span class='ocr_line' id='line_1_110' title="bbox 1999 4894 3401 4979; baseline 0.002 -28"><span class='ocrx_word' id='word_1_816' title='bbox 1999 4909 2021 4979; x_wconf 63' lang='grc' dir='ltr'>ξ</span> <span class='ocrx_word' id='word_1_817' title='bbox 2187 4912 2373 4950; x_wconf 65' lang='grc' dir='ltr'>θυυςοιο</span> <span class='ocrx_word' id='word_1_818' title='bbox 2393 4911 2458 4979; x_wconf 76' lang='lat' dir='ltr'><strong>ex</strong></span> <span class='ocrx_word' id='word_1_819' title='bbox 2477 4897 2600 4978; x_wconf 71' lang='lat' dir='ltr'><strong>solo</strong></span> <span class='ocrx_word' id='word_1_820' title='bbox 2626 4894 2888 4979; x_wconf 80' lang='lat' dir='ltr'><strong>Gregorio</strong></span> <span class='ocrx_word' id='word_1_821' title='bbox 2918 4899 3073 4979; x_wconf 80' lang='lat' dir='ltr'><strong>nobis</strong></span> <span class='ocrx_word' id='word_1_822' title='bbox 3103 4909 3185 4953; x_wconf 89' lang='lat' dir='ltr'><strong>est</strong></span> <span class='ocrx_word' id='word_1_823' title='bbox 3222 4910 3401 4956; x_wconf 85' lang='lat' dir='ltr'><strong>notus.</strong></span> 
     </span>
    </p>
   </div>
   <div class='ocr_carea' id='block_1_111' title="bbox 2001 4967 3368 5040">
    <p class='ocr_par' dir='ltr' id='par_1_111' title="bbox 2001 4967 3368 5040">
     <span class='ocr_line' id='line_1_111' title="bbox 2001 4967 3368 5040; baseline 0.006 -22"><span class='ocrx_word' id='word_1_824' title='bbox 2001 4967 2020 5006; x_wconf 73' lang='grc' dir='ltr'><em>τ</em></span> <span class='ocrx_word' id='word_1_825' title='bbox 2075 4970 2165 5022; x_wconf 70' lang='lat' dir='ltr'><strong>Sic</strong></span> <span class='ocrx_word' id='word_1_826' title='bbox 2192 4983 2336 5040; x_wconf 74' lang='lat' dir='ltr'><strong>mss.</strong></span> <span class='ocrx_word' id='word_1_827' title='bbox 2358 4967 2632 5040; x_wconf 86' lang='lat' dir='ltr'><strong>plerique;</strong></span> <span class='ocrx_word' id='word_1_828' title='bbox 2664 4967 2775 5040; x_wconf 41' lang='lat' dir='ltr'><strong>alii,</strong></span> <span class='ocrx_word' id='word_1_829' title='bbox 2812 4968 3007 5022; x_wconf 81' lang='lat' dir='ltr'><strong>atrocia</strong></span> <span class='ocrx_word' id='word_1_830' title='bbox 3030 4982 3368 5040; x_wconf 77' lang='lat' dir='ltr'><strong>reportantea.</strong></span> 
     </span>
    </p>
   </div>
   <div class='ocr_carea' id='block_1_112' title="bbox 1994 5036 2898 5105">
    <p class='ocr_par' dir='ltr' id='par_1_112' title="bbox 1994 5036 2898 5105">
     <span class='ocr_line' id='line_1_112' title="bbox 1994 5036 2898 5105; baseline 0 -13"><span class='ocrx_word' id='word_1_831' title='bbox 1994 5046 2021 5084; x_wconf 74' lang='grc' dir='ltr'><strong><em>κ</em></strong></span> <span class='ocrx_word' id='word_1_832' title='bbox 2060 5040 2216 5103; x_wconf 87' lang='lat' dir='ltr'><strong>Bell.,</strong></span> <span class='ocrx_word' id='word_1_833' title='bbox 2250 5038 2472 5098; x_wconf 69' lang='lat' dir='ltr'><strong>Sciciaz;</strong></span> <span class='ocrx_word' id='word_1_834' title='bbox 2507 5040 2652 5099; x_wconf 66' lang='grc' dir='ltr'><strong>ὕεα..</strong></span> <span class='ocrx_word' id='word_1_835' title='bbox 2678 5036 2898 5105; x_wconf 71' lang='lat' dir='ltr'><strong>Scyct&#39;w.</strong></span> 
     </span>
    </p>
   </div>
   <div class='ocr_carea' id='block_1_113' title="bbox 1996 5106 3511 5184">
    <p class='ocr_par' dir='ltr' id='par_1_113' title="bbox 1996 5106 3511 5184">
     <span class='ocr_line' id='line_1_113' title="bbox 1996 5106 3511 5184; baseline 0.004 -21"><span class='ocrx_word' id='word_1_836' title='bbox 1996 5106 2025 5146; x_wconf 62' lang='grc' dir='ltr'><strong><em>ιι</em></strong></span> <span class='ocrx_word' id='word_1_837' title='bbox 2065 5111 2139 5184; x_wconf 80' lang='lat' dir='ltr'><strong>De</strong></span> <span class='ocrx_word' id='word_1_838' title='bbox 2183 5110 2319 5184; x_wconf 81' lang='lat' dir='ltr'><strong>Aetii</strong></span> <span class='ocrx_word' id='word_1_839' title='bbox 2348 5119 2401 5162; x_wconf 82' lang='lat' dir='ltr'><strong>et</strong></span> <span class='ocrx_word' id='word_1_840' title='bbox 2426 5109 2777 5184; x_wconf 68' lang='lat' dir='ltr'><strong>Valentiniani</strong></span> <span class='ocrx_word' id='word_1_841' title='bbox 2807 5110 2973 5177; x_wconf 67' lang='lat' dir='ltr'><strong>caule,</strong></span> <span class='ocrx_word' id='word_1_842' title='bbox 3004 5112 3256 5184; x_wconf 76' lang='lat' dir='ltr'><strong>aliisque</strong></span> <span class='ocrx_word' id='word_1_843' title='bbox 3282 5113 3511 5169; x_wconf 79' lang='lat' dir='ltr'><strong>labentis</strong></span> 
     </span>
    </p>
   </div>
   <div class='ocr_carea' id='block_1_114' title="bbox 1926 5180 3505 5251">
    <p class='ocr_par' dir='ltr' id='par_1_114' title="bbox 1926 5180 3505 5251">
     <span class='ocr_line' id='line_1_114' title="bbox 1926 5180 3505 5251; baseline 0.003 -16"><span class='ocrx_word' id='word_1_844' title='bbox 1926 5180 2139 5248; x_wconf 88' lang='lat' dir='ltr'><strong>imperii</strong></span> <span class='ocrx_word' id='word_1_845' title='bbox 2165 5180 2347 5243; x_wconf 88' lang='lat' dir='ltr'><strong>rebus,</strong></span> <span class='ocrx_word' id='word_1_846' title='bbox 2376 5195 2495 5251; x_wconf 74' lang='lat' dir='ltr'><strong>quae</strong></span> <span class='ocrx_word' id='word_1_847' title='bbox 2521 5180 2608 5235; x_wconf 87' lang='lat' dir='ltr'><strong>hic</strong></span> <span class='ocrx_word' id='word_1_848' title='bbox 2637 5182 2763 5235; x_wconf 88' lang='lat' dir='ltr'><strong>etin</strong></span> <span class='ocrx_word' id='word_1_849' title='bbox 2791 5195 2850 5235; x_wconf 87' lang='lat' dir='ltr'><strong>se</strong></span> <span class='ocrx_word' id='word_1_850' title='bbox 2870 5180 3158 5247; x_wconf 67' lang='lat' dir='ltr'><strong>tuentibus</strong></span> <span class='ocrx_word' id='word_1_851' title='bbox 3177 5180 3505 5251; x_wconf 86' lang='lat' dir='ltr'><strong>referuntur,</strong></span> 
     </span>
    </p>
   </div>
   <div class='ocr_carea' id='block_1_115' title="bbox 1926 5249 3507 5319">
    <p class='ocr_par' dir='ltr' id='par_1_115' title="bbox 1926 5249 3507 5319">
     <span class='ocr_line' id='line_1_115' title="bbox 1926 5249 3507 5319; baseline 0.004 -17"><span class='ocrx_word' id='word_1_852' title='bbox 1926 5251 2136 5305; x_wconf 88' lang='lat' dir='ltr'><strong>videndi</strong></span> <span class='ocrx_word' id='word_1_853' title='bbox 2166 5251 2387 5303; x_wconf 84' lang='lat' dir='ltr'><strong>Orosius</strong></span> <span class='ocrx_word' id='word_1_854' title='bbox 2421 5249 2512 5305; x_wconf 90' lang='lat' dir='ltr'><strong>lib.</strong></span> <span class='ocrx_word' id='word_1_855' title='bbox 2548 5266 2620 5304; x_wconf 83' lang='lat' dir='ltr'><strong>vn</strong></span> <span class='ocrx_word' id='word_1_856' title='bbox 2649 5291 2661 5311; x_wconf 85' lang='lat'><strong>,</strong></span> <span class='ocrx_word' id='word_1_857' title='bbox 2694 5251 2988 5319; x_wconf 84' lang='lat' dir='ltr'><strong>Procopius</strong></span> <span class='ocrx_word' id='word_1_858' title='bbox 3022 5257 3114 5309; x_wconf 92' lang='lat' dir='ltr'><strong>lib.</strong></span> <span class='ocrx_word' id='word_1_859' title='bbox 3148 5274 3166 5311; x_wconf 80' lang='grc' dir='ltr'><em>ι</em></span> <span class='ocrx_word' id='word_1_860' title='bbox 3198 5257 3335 5311; x_wconf 64' lang='lat' dir='ltr'><strong>“isi.</strong></span> <span class='ocrx_word' id='word_1_861' title='bbox 3375 5249 3507 5310; x_wconf 51' lang='lat' dir='ltr'><strong>Van;</strong></span> 
     </span>
    </p>
   </div>
   <div class='ocr_carea' id='block_1_116' title="bbox 1926 5320 3510 5395">
    <p class='ocr_par' dir='ltr' id='par_1_116' title="bbox 1926 5320 3510 5395">
     <span class='ocr_line' id='line_1_116' title="bbox 1926 5320 3510 5395; baseline 0.003 -21"><span class='ocrx_word' id='word_1_862' title='bbox 1926 5320 2480 5395; x_wconf 15' lang='lat' dir='ltr'><strong>dalic.,rlliarcellmus</strong></span> <span class='ocrx_word' id='word_1_863' title='bbox 2502 5336 2712 5384; x_wconf 73' lang='lat' dir='ltr'><strong>comes,</strong></span> <span class='ocrx_word' id='word_1_864' title='bbox 2734 5322 2975 5395; x_wconf 68' lang='lat' dir='ltr'><strong>Prosper</strong></span> <span class='ocrx_word' id='word_1_865' title='bbox 2996 5368 3011 5392; x_wconf 88' lang='lat'><strong>,</strong></span> <span class='ocrx_word' id='word_1_866' title='bbox 3043 5339 3148 5381; x_wconf 71' lang='lat' dir='ltr'><strong>etc.</strong></span> <span class='ocrx_word' id='word_1_867' title='bbox 3172 5370 3185 5393; x_wconf 89' lang='lat'><strong>,</strong></span> <span class='ocrx_word' id='word_1_868' title='bbox 3218 5328 3287 5381; x_wconf 83' lang='lat' dir='ltr'><strong>de</strong></span> <span class='ocrx_word' id='word_1_869' title='bbox 3315 5328 3510 5395; x_wconf 79' lang='lat' dir='ltr'><strong>quibus</strong></span> 
     </span>
    </p>
   </div>
   <div class='ocr_carea' id='block_1_117' title="bbox 1928 5391 3506 5461">
    <p class='ocr_par' dir='ltr' id='par_1_117' title="bbox 1928 5391 3506 5461">
     <span class='ocr_line' id='line_1_117' title="bbox 1928 5391 3506 5461; baseline 0.002 -15"><span class='ocrx_word' id='word_1_870' title='bbox 1928 5393 2095 5446; x_wconf 86' lang='lat' dir='ltr'><strong>fusius</strong></span> <span class='ocrx_word' id='word_1_871' title='bbox 2118 5394 2169 5446; x_wconf 91' lang='lat' dir='ltr'><strong>in</strong></span> <span class='ocrx_word' id='word_1_872' title='bbox 2203 5392 2343 5446; x_wconf 86' lang='lat' dir='ltr'><strong>notis</strong></span> <span class='ocrx_word' id='word_1_873' title='bbox 2373 5407 2529 5458; x_wconf 78' lang='lat' dir='ltr'><strong>agere</strong></span> <span class='ocrx_word' id='word_1_874' title='bbox 2558 5391 2883 5461; x_wconf 83' lang='lat' dir='ltr'><strong>superﬂuum</strong></span> <span class='ocrx_word' id='word_1_875' title='bbox 2920 5397 3145 5452; x_wconf 75' lang='lat' dir='ltr'><strong>videtur.</strong></span> <span class='ocrx_word' id='word_1_876' title='bbox 3175 5391 3306 5453; x_wconf 60' lang='lat' dir='ltr'><strong>Haec</strong></span> <span class='ocrx_word' id='word_1_877' title='bbox 3328 5391 3506 5450; x_wconf 80' lang='lat' dir='ltr'><strong>tamen</strong></span> 
     </span>
    </p>
   </div>
   <div class='ocr_carea' id='block_1_118' title="bbox 1926 5458 3500 5542">
    <p class='ocr_par' dir='ltr' id='par_1_118' title="bbox 1926 5458 3500 5542">
     <span class='ocr_line' id='line_1_118' title="bbox 1926 5458 3500 5542; baseline 0.001 -25"><span class='ocrx_word' id='word_1_878' title='bbox 1926 5464 1995 5542; x_wconf 28' lang='lat' dir='ltr'><strong>in.</strong></span> <span class='ocrx_word' id='word_1_879' title='bbox 2013 5464 2189 5542; x_wconf 80' lang='lat' dir='ltr'><strong>Indice</strong></span> <span class='ocrx_word' id='word_1_880' title='bbox 2208 5461 2585 5542; x_wconf 76' lang='lat' dir='ltr'><strong>cltronologico</strong></span> <span class='ocrx_word' id='word_1_881' title='bbox 2602 5458 2639 5529; x_wconf 62' lang='grc'><strong>,⁷</strong></span> <span class='ocrx_word' id='word_1_882' title='bbox 2658 5480 2814 5542; x_wconf 80' lang='lat' dir='ltr'><strong>quem</strong></span> <span class='ocrx_word' id='word_1_883' title='bbox 2837 5458 3078 5533; x_wconf 69' lang='lat' dir='ltr'><strong>Gregori:</strong></span> <span class='ocrx_word' id='word_1_884' title='bbox 3103 5468 3352 5533; x_wconf 85' lang='lat' dir='ltr'><strong>operibus</strong></span> <span class='ocrx_word' id='word_1_885' title='bbox 3372 5483 3500 5531; x_wconf 50' lang='lat' dir='ltr'><strong>prat-</strong></span> 
     </span>
    </p>
   </div>
   <div class='ocr_carea' id='block_1_119' title="bbox 1926 5534 3500 5604">
    <p class='ocr_par' dir='ltr' id='par_1_119' title="bbox 1926 5534 3500 5604">
     <span class='ocr_line' id='line_1_119' title="bbox 1926 5534 3500 5604; baseline 0.003 -17"><span class='ocrx_word' id='word_1_886' title='bbox 1926 5536 2199 5597; x_wconf 83' lang='lat' dir='ltr'><strong>tnisimus,</strong></span> <span class='ocrx_word' id='word_1_887' title='bbox 2253 5536 2366 5589; x_wconf 80' lang='lat' dir='ltr'><strong>suis</strong></span> <span class='ocrx_word' id='word_1_888' title='bbox 2419 5534 2549 5588; x_wconf 79' lang='lat' dir='ltr'><strong>loris</strong></span> <span class='ocrx_word' id='word_1_889' title='bbox 2579 5538 2881 5604; x_wconf 84' lang='lat' dir='ltr'><strong>posuimus,</strong></span> <span class='ocrx_word' id='word_1_890' title='bbox 2928 5549 2985 5593; x_wconf 90' lang='lat' dir='ltr'><strong>ut</strong></span> <span class='ocrx_word' id='word_1_891' title='bbox 3024 5540 3390 5593; x_wconf 86' lang='lat' dir='ltr'><strong>Francicartun</strong></span> <span class='ocrx_word' id='word_1_892' title='bbox 3426 5552 3500 5591; x_wconf 84' lang='lat' dir='ltr'><strong>re-</strong></span> 
     </span>
    </p>
   </div>
   <div class='ocr_carea' id='block_1_120' title="bbox 1926 5606 3505 5676">
    <p class='ocr_par' dir='ltr' id='par_1_120' title="bbox 1926 5606 3505 5676">
     <span class='ocr_line' id='line_1_120' title="bbox 1926 5606 3505 5676; baseline 0.004 -19"><span class='ocrx_word' id='word_1_893' title='bbox 1926 5620 2043 5658; x_wconf 89' lang='lat' dir='ltr'><strong>rum</strong></span> <span class='ocrx_word' id='word_1_894' title='bbox 2062 5647 2076 5670; x_wconf 93' lang='lat'><strong>,</strong></span> <span class='ocrx_word' id='word_1_895' title='bbox 2107 5606 2422 5675; x_wconf 79' lang='lat' dir='ltr'><strong>quibuscum</strong></span> <span class='ocrx_word' id='word_1_896' title='bbox 2456 5610 2708 5675; x_wconf 83' lang='lat' dir='ltr'><strong>permista</strong></span> <span class='ocrx_word' id='word_1_897' title='bbox 2739 5617 2861 5663; x_wconf 89' lang='lat' dir='ltr'><strong>sunt</strong></span> <span class='ocrx_word' id='word_1_898' title='bbox 2885 5650 2899 5676; x_wconf 88' lang='lat'><strong>,</strong></span> <span class='ocrx_word' id='word_1_899' title='bbox 2938 5612 3107 5666; x_wconf 81' lang='lat' dir='ltr'><strong>series</strong></span> <span class='ocrx_word' id='word_1_900' title='bbox 3139 5606 3313 5664; x_wconf 89' lang='lat' dir='ltr'><strong>notior</strong></span> <span class='ocrx_word' id='word_1_901' title='bbox 3342 5607 3505 5663; x_wconf 41' lang='lat' dir='ltr'><strong>baber-</strong></span> 
     </span>
    </p>
   </div>
   <div class='ocr_carea' id='block_1_121' title="bbox 1927 5690 2096 5731">
    <p class='ocr_par' dir='ltr' id='par_1_121' title="bbox 1927 5690 2096 5731">
     <span class='ocr_line' id='line_1_121' title="bbox 1927 5690 2096 5731; baseline 0 -1"><span class='ocrx_word' id='word_1_902' title='bbox 1927 5690 2096 5731; x_wconf 70' lang='grc'><strong>1⁵01111⁸.</strong></span> 
     </span>
    </p>
   </div>
   <div class='ocr_carea' id='block_1_122' title="bbox 2004 5767 3503 5839">
    <p class='ocr_par' dir='ltr' id='par_1_122' title="bbox 2004 5767 3503 5839">
     <span class='ocr_line' id='line_1_122' title="bbox 2004 5767 3503 5839; baseline 0.003 -17"><span class='ocrx_word' id='word_1_903' title='bbox 2004 5768 2023 5806; x_wconf 78' lang='grc' dir='ltr'>ί</span> <span class='ocrx_word' id='word_1_904' title='bbox 2069 5767 2177 5823; x_wconf 84' lang='lat' dir='ltr'><strong>Nec</strong></span> <span class='ocrx_word' id='word_1_905' title='bbox 2206 5769 2419 5823; x_wconf 84' lang='lat' dir='ltr'><strong>aliunde</strong></span> <span class='ocrx_word' id='word_1_906' title='bbox 2449 5784 2603 5835; x_wconf 84' lang='lat' dir='ltr'><strong>quam</strong></span> <span class='ocrx_word' id='word_1_907' title='bbox 2635 5782 2700 5823; x_wconf 81' lang='lat' dir='ltr'><strong>ex</strong></span> <span class='ocrx_word' id='word_1_908' title='bbox 2745 5770 3005 5839; x_wconf 81' lang='lat' dir='ltr'><strong>Gregorio</strong></span> <span class='ocrx_word' id='word_1_909' title='bbox 3037 5768 3177 5827; x_wconf 86' lang='lat' dir='ltr'><strong>hunc</strong></span> <span class='ocrx_word' id='word_1_910' title='bbox 3207 5784 3503 5837; x_wconf 76' lang='lat' dir='ltr'><strong>auctorem.</strong></span> 
     </span>
    </p>
   </div>
   <div class='ocr_carea' id='block_1_123' title="bbox 1922 5840 2784 5906">
    <p class='ocr_par' dir='ltr' id='par_1_123' title="bbox 1922 5840 2784 5906">
     <span class='ocr_line' id='line_1_123' title="bbox 1922 5840 2784 5906; baseline 0 -11"><span class='ocrx_word' id='word_1_911' title='bbox 1922 5851 2018 5897; x_wconf 80' lang='lat' dir='ltr'><strong>aut</strong></span> <span class='ocrx_word' id='word_1_912' title='bbox 2046 5842 2163 5906; x_wconf 73' lang='lat' dir='ltr'><strong>eius</strong></span> <span class='ocrx_word' id='word_1_913' title='bbox 2202 5840 2491 5896; x_wconf 79' lang='lat' dir='ltr'><strong>Historiam</strong></span> <span class='ocrx_word' id='word_1_914' title='bbox 2520 5841 2784 5895; x_wconf 86' lang='lat' dir='ltr'><strong>novimus.</strong></span> 
     </span>
    </p>
   </div>
   <div class='ocr_carea' id='block_1_124' title="bbox 3192 5995 3233 6063">
    <p class='ocr_par' dir='ltr' id='par_1_124' title="bbox 3192 5995 3233 6063">
     <span class='ocr_line' id='line_1_124' title="bbox 3192 5995 3233 6063; baseline 0 0"><span class='ocrx_word' id='word_1_915' title='bbox 3192 5995 3233 6063; x_wconf 73' lang='lat'><strong>7</strong></span> 
     </span>
    </p>
   </div>
  </div>
