3994 6332
480 385 587 441 ξοδ

1532 391 1592 449 S.
1632 393 1958 449 GREGCRII
2001 393 2304 450 EPiSCUPl
2345 393 2772 450 TURONENSIS

3644 406 3756 456 204

479 513 600 554 rare
632 499 857 554 videtur.
884 497 1017 554 Nam
1046 511 1165 555 cum
1193 498 1326 555 dicit
1372 499 1661 557 Maximum
1709 503 1848 558 intra
1897 505 2058 572 Aqui-
2088 515 2136 569 Α
2167 505 2514 573 corporibus,
2567 505 2719 560 ruina
2769 504 2996 561 invicem
3029 521 3250 562 suorum
3307 517 3552 582 oppressi
3603 528 3756 572 sunt.

479 590 656 656 Ieiam,
683 591 877 646 amissa
903 592 1048 646 omni
1074 607 1168 661 spe
1197 591 1445 662 imperii,
1476 594 1631 663 quasi
1675 606 1944 650 amentem
1977 614 2062 652 rc-

479 680 688 746 sidere,
715 681 984 752 adjungit:
1024 703 1044 734 ι
1083 684 1158 737 Eo
1191 691 1430 752 tempore
1475 685 1801 741 Genubaude
1833 696 1856 722 ι
1881 728 1894 751 ,
1925 689 2062 741 Mar-

476 789 715 842 comere,
754 785 810 830 et
835 776 1091 832 Sunnone
1120 776 1365 840 ducibus,
1398 777 1591 832 Franci
1622 779 1672 832 in
1717 780 2060 835 Germaniam

480 881 808 937 prorupere,
863 883 925 924 ac
974 869 1214 939 pluribus
1264 870 1577 925 mortalium
1633 872 1802 927 limite
1858 872 2062 942 irrupto

479 959 657 1024 casis,
690 961 892 1016 fertiles
932 962 1165 1018 maxime
1216 978 1382 1032 pagos
1407 962 1761 1034 dep0pulati,
1822 965 2063 1036 Agrippi-

480 1051 631 1104 nensi
679 1050 840 1105 etiam
887 1050 1124 1106 Colonia
1166 1061 1369 1108 metum
1415 1057 1710 1110 incussere.
1767 1057 1922 1123 Quod
1974 1058 2060 1111 ubi

479 1141 729 1196 Treveris
783 1143 1046 1212 perlatum
1102 1151 1219 1213 est,
1271 1144 1556 1200 Nannenus
1597 1145 1630 1184 ι’
1673 1157 1726 1202 et
1779 1148 2062 1212 Quintinus

478 1232 679 1288 militia
721 1235 998 1304 magistri,
1031 1235 1223 1304 quibus
1271 1235 1548 1292 infantiam
1593 1237 1686 1292 lilii
1717 1249 1768 1293 et
1798 1238 2063 1293 όιῐοιιείο-

480 1339 602 1378 nem
628 1324 922 1381 Galliarum
952 1326 1214 1382 Maximus
1236 1328 1620 1393 commiserat.
1653 1331 1880 1386 collecto
1910 1347 2064 1386 exer-

479 1414 588 1468 citu
615 1416 751 1483 apud
783 1417 1133 1487 Agrippinam
1160 1433 1487 1476 convenere.
1528 1421 1635 1477 Sed
1670 1424 1846 1476 onusti
1885 1425 2064 1492 praeda

479 1505 698 1573 hostes,
758 1509 1150 1575 provinciarum
1195 1512 1370 1579 opima
1421 1513 1760 1582 depopulati,
1818 1515 2064 1570 Rhenum

482 1598 764 1664 transiere,
797 1599 1038 1669 pluribus
1068 1615 1290 1657 suorum
1341 1604 1392 1658 in
1453 1604 1562 1676 58
1595 1607 1834 1660 Romano
1866 1608 2065 1661 relittis

479 1692 595 1744 solo
616 1732 631 1755 ,
663 1692 729 1745 ad
757 1694 1105 1761 repetendam
1137 1695 1612 1763 depopulationem
1651 1700 1890 1767 paratis,
1940 1714 2062 1753 cum

478 1785 672 1851 quibus
695 1800 1017 1857 congressus
1050 1789 1307 1843 Romanis
1346 1792 1725 1846 accommodus
1749 1791 1886 1857 fuit,
1923 1793 2063 1846 mul-

2170 595 2380 650 Pedites
2407 598 2570 651 etiam
2592 635 2609 661 ,
2638 611 2772 662 quos
2816 596 2960 650 nulla
3011 611 3177 653 onera
3209 615 3471 670 equorum
3509 611 3760 664 calcave-

2167 696 2310 752 rant,
2337 687 2593 757 implicati
2619 687 2745 742 limo
2763 729 2779 753 ,
2812 703 2956 758 agre
2984 690 3318 759 explicantes
3337 711 3614 764 gressum,
3638 717 3762 754 rur-

2165 791 2258 832 sus
2284 792 2364 842 se,
2385 779 2648 847 quipaulo
2673 788 2798 834 ante
2820 779 2906 833 vix
2930 794 3288 850 emerserant,
3312 786 3464 843 silvis
3493 790 3762 859 trepidan-

2168 880 2246 924 tes
2278 873 2613 926 occulebant.
2648 873 2984 930 Perturbatis
3010 890 3140 946 ergo
3163 878 3463 944 ordinibus,
3499 898 3654 938 casa
3686 889 3762 941 le-

2165 963 2373 1032 giones,
2429 963 2679 1019 Heraclio
2733 964 3140 1023 Joviuizmorum
3176 967 3194 1006 ί
3227 970 3336 1042 59
3385 973 3639 1040 tribuno,
3695 994 3763 1033 ac

2166 1070 2302 1125 pene
2351 1057 2600 1110 omnibus
2647 1057 2736 1126 qui
2787 1059 3048 1115 militibus
3098 1076 3391 1129 praeerant,
3421 1069 3711 1124 exstinctis
3744 1114 3760 1136 ,

2166 1149 2349 1216 paucis
2374 1148 2627 1220 ell‘ugium
2662 1160 2830 1206 tutum
2861 1168 2967 1206 nox
2995 1163 3048 1207 et
3079 1155 3297 1210 latibula
3337 1158 3592 1215 silvarum
3620 1181 3762 1231 pra-

2167 1245 2374 1298 stitere.
2415 1263 2434 1296 ι
2484 1245 2608 1299 [Iac
2653 1245 2706 1299 in
2741 1248 2898 1300 tertio
2930 1247 3177 1303 Historia
3209 1251 3346 1304 libro
3377 1256 3638 1310 narravit.

2238 1334 2294 1388 In
2313 1344 2504 1403 quarto
2532 1350 2660 1390 vero
2690 1335 2849 1402 libro,
2876 1353 2998 1390 cum
3030 1340 3096 1394 de
3121 1340 3495 1399 interiectione
3525 1347 3764 1404 Victoris

2168 1423 2261 1476 lilii
2295 1423 2513 1477 Maximi
2545 1427 2755 1493 tyranni
2789 1433 3049 1491 narraret,
3078 1429 3180 1481 ait:
3221 1447 3239 1480 t
3281 1429 3355 1484 Eo
3386 1441 3626 1502 tempere
3652 1436 3763 1491 Ca-

2169 1512 2324 1568 rietto
2345 1525 2400 1568 et
2423 1514 2590 1584 Syrus
2618 1516 2672 1569 in
2700 1515 2875 1570 locum
2905 1516 3145 1570 Nanncni
3179 1519 3475 1590 subrogati,
3529 1526 3580 1578 in
3620 1525 3764 1581 Ger-

2169 1605 2344 1660 mania
2375 1621 2496 1661 cum
2545 1607 2786 1662 exercitu
2839 1609 3090 1677 opposito
3135 1611 3359 1668 Francis
3405 1617 3762 1674 diversaban-

2169 1705 2277 1752 tur.
2318 1716 2337 1750 ι
2376 1697 2442 1752 Ει
2471 1709 2590 1768 post
2623 1714 2812 1768 pauca,
2843 1712 2965 1754 cum
2995 1701 3187 1757 Franci
3212 1703 3279 1757 de
3307 1704 3592 1763 Germania
3619 1728 3761 1779 prm-

2168 1788 2265 1843 das
2315 1791 2593 1854 tulissent,
2646 1790 2875 1859 adjecit:
2916 1810 2934 1842 r
2974 1791 3114 1846 Nihil
3163 1795 3490 1864 Arbogastes
3536 1800 3763 1857 differre

481 1875 549 1929 tis
571 1875 898 1931 Francorum
938 1879 1077 1948 apud
1111 1879 1492 1935 Carbonariam
1529 1891 1551 1920 ε
1587 1883 1728 1938 ferro
1751 1885 2062 1954 peremptis.
2097 1891 2143 1949 Β
2170 1879 2380 1941 volens,
2400 1889 2708 1935 commonet
2734 1881 3002 1936 Casarem
3026 1897 3210 1950 parias
3237 1885 3444 1941 debitas
3471 1903 3500 1942 a
3535 1889 3763 1947 Francis

479 1967 720 2038 Cumque
751 1971 1141 2027 consultaretur
1170 1973 1237 2028 de
1259 1988 1544 2042 successu,
1589 1990 1656 2030 an
1687 1976 1738 2030 in
1784 1975 2063 2032 Franciam

482 2066 717 2119 transire
745 2065 1031 2134 deberent,
1086 2069 1377 2127 Nannenus
1426 2072 1646 2138 abnuit,
1677 2075 1798 2140 quia
1832 2090 1937 2130 non
1970 2077 2071 2131 im-

480 2166 695 2220 paratos
720 2158 852 2211 etin
879 2158 1009 2214 locis
1033 2162 1148 2214 suis
1175 2162 1391 2218 indubie
1418 2164 1672 2220 iuniores
1700 2171 1910 2223 futuros
1933 2170 2070 2224 scie-

483 2248 594 2300 bat.
621 2249 773 2314 Quod
799 2267 918 2303 cum
951 2252 1205 2318 Quintin
1232 2267 1284 2309 et
1308 2257 1527 2326 reliquis
1572 2258 1702 2312 viris
1745 2260 2070 2317 militaribus

483 2338 878 2407 tlisiilicuissct,
907 2342 1165 2398 Nanneno
1196 2345 1592 2415 Mogontiacum
1626 2365 1873 2416 reverso,
1904 2352 2068 2418 Quin-

485 2429 628 2485 tinus
649 2445 770 2485 cum
795 2434 1035 2488 exercitu
1068 2436 1214 2490 circa
1257 2438 1520 2493 N-ivisium
1552 2437 1578 2476 ἀ
1604 2443 1889 2496 castellum
1920 2444 2069 2499 Rbe-

483 2542 611 2582 num
643 2537 1009 2596 transgressus
1034 2572 1047 2593 ,
1103 2533 1354 2588 secundis
1385 2549 1413 2588 a
1442 2534 1604 2590 [Iovio
1653 2539 1846 2592 castris
1867 2582 1882 2606 ,
1915 2553 2070 2594 casas

491 2622 880 2676 habitatoribus
911 2637 1102 2678 vacuas
1123 2635 1283 2695 atque
1313 2626 1558 2697 ingentes
1591 2628 1738 2684 vicos
1780 2629 2069 2684 destitutos

483 2712 724 2768 oﬂ‘endit.
752 2713 941 2768 Franci
965 2717 1106 2769 enim
1130 2757 1144 2780 ,
1170 2717 1418 2772 simulato
1447 2728 1612 2784 metu,
1646 2735 1704 2774 se
1736 2719 1788 2773 in
1818 2720 2072 2774 remotio-

483 2819 570 2859 res
591 2806 758 2860 saltus
798 2816 1137 2876 receperant,
1171 2809 1482 2865 concidibus
1513 2825 1616 2879 per
1645 2821 1886 2866 extrema
1911 2812 2072 2865 silva-

485 2910 602 2948 rum
636 2898 960 2960 procuratis.
1017 2897 1200 2968 Itaque
1230 2899 1495 2955 universis
1526 2901 1774 2956 domibus
1821 2903 2026 2958 exustis
2051 2941 2067 2969 ,

484 2985 538 3040 in
568 3001 702 3055 quas
725 2990 916 3043 savire
942 2989 1206 3044 stoliditas
1238 2992 1429 3061 ignava
1456 2993 1696 3049 victoria
1722 3009 2067 3049 consumma-

484 3077 680 3133 tionem
735 3080 1051 3149 reponebat,
1111 3092 1327 3138 noctem
1377 3085 1664 3141 sollicitam
1723 3087 1922 3144 milites
1971 3090 2071 3146 sub

481 3185 754 3226 armorum
785 3187 952 3227 onere
977 3172 1264 3230 duxerant.
1296 3175 1376 3231 Ac
1403 3177 1578 3246 primo
1604 3177 1874 3245 diluculo,
1903 3179 2072 3246 Quin-

2170 1972 2493 2042 exigeudas,
2535 1972 2644 2027 nisi
2694 1974 2942 2029 universa
2971 1989 3094 2042 qua
3136 1978 3398 2045 superiori
3428 1993 3570 2034 anno
3600 1985 3762 2037 casis

2174 2049 2471 2133 legionibus
2511 2064 2871 2133 diripuerant,
2899 2067 3182 2121 confestim
3211 2069 3588 2138 restituerent,
3623 2088 3760 2128 auc-

2173 2165 2425 2225 tori-sque
2457 2157 2579 2213 belli
2608 2157 2906 2225 traderent,
2932 2159 2984 2212 in
3022 2175 3156 2228 quos
3185 2162 3396 2217 violata
3428 2166 3570 2233 pacis
3592 2168 3762 2235 perfi-

2171 2251 2256 2303 dia
2291 2253 2589 2318 puniretur.
2627 2270 2645 2303 ι
2679 2253 2802 2305 Hac
2819 2263 2960 2320 acta,
2988 2269 3107 2308 cum
3136 2257 3300 2311 duces
3323 2268 3526 2322 essent,
3551 2263 3760 2326 relidit,

2171 2349 2226 2394 et
2254 2341 2508 2410 deinceps
2529 2343 2633 2395 ait:
2671 2359 2689 2394 ι
2731 2342 2858 2396 Post
2884 2343 3001 2398 dies
3031 2329 3309 2413 pauculos,
3343 2348 3674 2405 Marcomere
3706 2361 3764 2407 et

2169 2434 2426 2488 Sunnoue
2474 2434 2802 2489 Francorum
2863 2435 3168 2505 regalibus,
3230 2445 3504 2493 transacto
3553 2443 3758 2496 cursim

2170 2525 2484 2592 colloquio,
2538 2525 2943 2595 impetratisque
2984 2535 3008 2574 ς
3068 2541 3132 2580 ex
3184 2542 3334 2583 more
3361 2528 3660 2599 obsidibus,
3688 2533 3756 2588 ad

2173 2620 2515 2676 hiemandum
2567 2621 2813 2674 Treveris
2861 2623 3150 2675 concessit.
3212 2639 3231 2672 ι
3289 2623 3418 2676 Cum
3446 2633 3622 2679 autem
3660 2642 3758 2682 eos

2173 2715 2379 2781 regale»
2407 2721 2590 2779 vocet,
2617 2712 2885 2766 nescimus
2915 2722 3090 2766 utrum
3122 2727 3276 2783 reges
3307 2713 3539 2782 fuerint,
3569 2731 3634 2770 an
3667 2720 3754 2772 vi-

2171 2819 2262 2858 ces
2299 2803 2567 2858 tenuerint
2617 2818 2827 2872 regum.
2886 2803 3030 2858 Idem
3090 2814 3268 2858 tamen
3322 2807 3587 2875 scriptor,
3630 2823 3757 2864 cum

2173 2896 2521 2951 necessitates
2550 2893 2903 2949 Valentiniani
2935 2894 3162 2965 Augusti
3187 2907 3608 2968 commemorat,
3641 2899 3761 2957 Ita-c

2170 2989 2439 3059 adjungit:
2496 3007 2515 3040 ι
2567 2987 2697 3042 Dum
2725 2988 2937 3044 diversa
2977 2989 3027 3043 in
3059 2989 3277 3045 Oriente
3321 3006 3415 3061 per
3442 2993 3699 3048 Thracias
3729 2991 3762 3035 Ι

2170 3093 2470 3153 geruntur,
2528 3082 2581 3135 in
2638 3082 2807 3137 Gallia
2869 3091 3043 3136 status
3097 3083 3338 3152 publicus
3382 3087 3754 3153 perturbatur.

2173 3175 2373 3230 Clauso
2406 3175 2547 3244 apud
2594 3175 2856 3229 Viennam
2903 3174 3083 3244 palatii
3133 3175 3340 3231 adibus
3369 3179 3605 3248 principe
3657 3180 3762 3234 νε-

484 3262 595 3318 tino
627 3265 791 3332 praelii
815 3265 952 3321 duce
982 3265 1207 3337 ingressi
1232 3268 1424 3334 saltus,
1449 3269 1502 3324 in
1529 3271 1762 3325 medium
1797 3271 1906 3326 fere
1923 3273 2062 3327 diem
2094 3279 2138 3341 ρ
2174 3267 2492 3333 Ientiniano,
2542 3276 2596 3322 et
2647 3282 2783 3336 pene
2812 3266 2946 3321 infra
3005 3267 3192 3338 privati
3245 3268 3461 3323 modum
3494 3270 3716 3324 redacto
3739 3313 3760 3338 ,

484 3358 823 3426 implicantes
875 3373 935 3414 se
988 3360 1267 3415 erroribus
1320 3360 1576 3429 viarum,
1630 3370 1744 3417 toto
1799 3362 2070 3431 pervagati

483 3458 639 3502 sunt:
675 3449 890 3504 tandem
933 3464 1055 3503 cum
1104 3449 1411 3520 ingentibus
1439 3452 1607 3520 septis
1629 3453 1808 3507 omnia
1837 3467 1864 3506 a
1899 3452 2071 3506 solido

485 3538 668 3594 clausa
691 3539 1061 3606 oliendissent,
1107 3540 1160 3594 in
1205 3541 1479 3610 palustres
1520 3555 1759 3611 campos,
1787 3543 1876 3612 qui
1923 3543 2071 3597 silvis

486 3632 865 3704 iungebantur,
893 3649 1216 3704 prorupere:
1251 3635 1595 3690 molientibus
1627 3645 1674 3703 ο,
1702 3635 1932 3691 hostium
1965 3635 2071 3690 rari

495 3743 822 3798 apparuere:
852 3728 942 3798 qui
971 3727 1274 3798 conjunctis
1303 3729 1556 3782 arborum
1587 3728 1812 3794 truncis,
1836 3728 1921 3782 vel
1944 3743 2072 3783 con-

488 3822 701 3877 cidibus
731 3831 1131 3890 superstantes,
1162 3819 1311 3874 velut
1337 3835 1367 3874 e
1411 3805 1637 3889 fastigiis
1686 3820 1910 3874 turrium
1936 3862 1949 3885 ,
1987 3835 2072 3874 sa-

489 3915 648 3984 gittas
679 3919 1071 3968 tormentorum
1122 3913 1230 3969 ritu
1277 3911 1516 3966 eﬁ‘udere
1571 3912 1732 3967 illitas
1784 3911 2070 3966 herbarum

489 4006 734 4072 venenis,
785 4014 846 4060 ut
887 4021 1111 4061 summa
1138 4005 1283 4071 cuti,
1333 4020 1509 4076 neque
1535 4005 1826 4060 Iethalibus
1876 4005 2072 4060 inﬂicta

491 4098 627 4153 Iocis
651 4100 892 4162 vulnera,
927 4097 1066 4152 haud
1112 4097 1288 4152 dubia
1335 4108 1536 4153 mortes
1563 4107 1936 4167 sequerentur.
1971 4097 2075 4151 De-

490 4191 616 4245 hinc
645 4188 839 4261 majori
884 4188 1230 4244 multitudine
1263 4188 1498 4244 hostium
1527 4188 1883 4243 circumfusus
1911 4203 2075 4243 exer-

488 4282 650 4349 citus,
696 4285 750 4338 in
778 4293 962 4352 aperta
993 4298 1340 4352 camporum,
1373 4299 1492 4353 qua
1520 4283 1684 4339 libera
1727 4281 1917 4338 Franci
1948 4282 2074 4337 reli-

488 4386 734 4445 querant,
762 4377 915 4431 avide
951 4377 1152 4432 eﬂ'usus
1183 4386 1302 4431 est:
1333 4391 1396 4430 ac
1439 4376 1594 4444 primi
1625 4377 1834 4445 equites
1862 4375 2073 4444 voragi-

493 4469 648 4522 nibus
679 4467 922 4522 immersi
948 4507 965 4533 ,
999 4466 1281 4535 permixtis
1304 4466 1581 4520 hominum
1601 4466 2073 4536 jumentorumque

571 4612 599 4642 ι
638 4600 885 4668 Plerique
940 4599 1106 4666 edit.,
1148 4597 1481 4662 Genobaldo;
1534 4599 1681 4660 Bec.,
1722 4595 2071 4664 Genebando;

2173 3359 2424 3416 militaris
2440 3359 2526 3415 rei
2558 3373 2684 3413 cura
2708 3356 2939 3413 Francis
2971 3359 3293 3414 satellitibus
3319 3361 3544 3424 tradita,
3576 3361 3761 3416 civilia

2170 3452 2281 3521 ϐο
2327 3464 2538 3519 quoque
2565 3448 2740 3504 officia
2779 3443 2799 3486 ἱ
2836 3459 3169 3517 transgressa
3229 3452 3280 3503 in
3327 3449 3760 3519 conjurationem

2173 3541 2517 3613 Arlmgastis:
2572 3541 2861 3608 nullusque
2888 3555 2952 3595 ex
2983 3541 3232 3595 omnibus
3272 3543 3623 3597 sacramentis
3652 3546 3764 3597 mi-

2173 3634 2302 3688 litia
2345 3633 2622 3688 obstrictis
2650 3632 3024 3702 reperiebatur
3045 3672 3060 3697 ,
3096 3634 3182 3701 qui
3221 3632 3468 3687 familiari
3497 3635 3763 3704 principis

2172 3725 2409 3781 sermoni
2432 3734 2523 3778 aut
2545 3723 2714 3794 jussis
2742 3723 2964 3792 obsequi
2995 3723 3237 3778 auderet.
3288 3723 3491 3778 Dehinc
3539 3724 3762 3793 refert,

2173 3819 2314 3889 quod
2336 3819 2525 3875 eodem
2557 3833 2700 3871 anno
2731 3817 3059 3887 Arlmgastes
3090 3818 3400 3874 Sunnonem
3449 3827 3502 3871 ct
3546 3818 3761 3874 Marco-

2176 3928 2375 3968 merem
2455 3910 2775 3982 subregulos
2832 3909 3158 3966 Francorum
3223 3911 3510 3982 gentilibus
3551 3911 3693 3966 odiis
3739 3915 3757 3964 Ι

2174 4005 2481 4068 insectans,
2536 4004 2883 4073 Agrippinam
2940 4003 3150 4073 rigente
3182 4003 3412 4058 maxime
3461 4004 3635 4059 hieme
3667 4021 3766 4074 pe-

2177 4097 2286 4151 tiit:
2325 4105 2470 4149 ratus
2501 4103 2616 4149 tuto
2639 4109 2827 4150 omnes
2859 4093 3102 4149 Francia
3131 4109 3379 4150 recessus
3403 4097 3767 4164 penetrandos

2176 4189 2540 4257 urendosq-ue,
2573 4203 2694 4242 cum
2735 4186 2976 4242 decussis
3002 4185 3145 4242 ioliis
3176 4186 3331 4241 nuda
3359 4197 3517 4256 atque
3545 4198 3767 4244 arentes

2175 4285 2323 4340 silva
2344 4282 2656 4336 insidiantes
2687 4281 2937 4334 occulere
2967 4294 3071 4332 non
3101 4288 3340 4348 possent.
3370 4277 3612 4333 Collecto
3631 4296 3769 4349 ergo

2175 4375 2435 4440 exercitu,
2460 4383 2827 4442 transgressus
2843 4370 3086 4425 Rhenum
3113 4369 3162 4436 ἱ,
3194 4369 3460 4425 Brictcrus
3483 4371 3615 4439 ripa
3638 4386 3771 4439 pro-

2175 4468 2384 4527 ximus,
2421 4480 2612 4535 pagum
2645 4461 2662 4499 ι
2693 4464 2854 4517 etiam
2884 4477 3044 4533 quem
3072 4461 3333 4517 Chamani
3369 4462 3638 4526 incolunt,
3664 4464 3768 4518 de-

2176 4597 2344 4653 Codd.
2405 4612 2559 4663 mss.,
2595 4597 2881 4660 Bellovac.,
2916 4597 3196 4650 Deccensis
3226 4607 3279 4651 et
3325 4596 3530 4651 Turon.
3559 4596 3772 4654 habent

492 4673 623 4727 Bad.
676 4686 771 4742 pro
800 4659 1068 4726 'Sunnone
1095 4659 1274 4725 habet
1315 4659 1580 4736 Sansone;
1638 4659 1859 4738 Regm.,
1913 4659 2072 4724 Sum;
2101 4659 2154 4718 D
2178 4659 2597 4742 imperatorisque
2631 4685 2693 4721 ex
2730 4659 2875 4742 more
2899 4668 3158 4742 obsidibus
3179 4667 3369 4742 ,_quod
3407 4668 3486 4723 sic
3513 4671 3773 4742 Morelins

491 4761 629 4798 80118.

565 4813 592 4854 δ
632 4813 722 4870 Sic
771 4812 1040 4882 appellant
1071 4821 1282 4869 veteres
1314 4826 1446 4867 mss.
1497 4812 1564 4866 At
1590 4811 1748 4866 Colb.
1799 4820 1853 4865 et
1902 4809 2070 4880 Reg.,

496 4881 817 4938 Namninus.’
839 4881 1086 4952 Plerique
1114 4883 1266 4949 editi,
1299 4883 1559 4937 Nannius.

568 4966 590 4994 ο
630 4954 954 5010 Carbonaria
986 4951 1120 5008 silva
1153 4954 1292 5010 inter
1314 4955 1561 5009 Rhenum
1588 4962 1642 5009 et
1671 4951 1903 5008 Scaldim
1936 4952 2070 5023 sita,

493 5041 609 5093 qua
635 5041 758 5094 pars
786 5034 904 5080 erat
931 5026 1257 5080 Arduenna.

563 5094 592 5132 ά
631 5093 735 5150 Alii
779 5096 978 5151 habent
1031 5094 1330 5150 Novesium.
1381 5093 1511 5161 Qua
1552 5094 1799 5151 lectionis
1845 5095 2078 5151 varietas

493 5166 658 5236 etiam
705 5166 852 5236 apud,
874 5166 1005 5221 alios
1050 5177 1299 5222 auctores
1351 5167 1616 5236 occurrit,
1671 5165 1830 5236 vulgo
1885 5165 2081 5222 dicitur

498 5235 665 5300 Nut'z,
698 5235 949 5306 oppidum
983 5237 1122 5290 haud
1165 5237 1401 5306 procula
1434 5235 1656 5292 Colonia
1691 5235 2002 5306 Agrippina.

571 5316 594 5344 °
635 5306 762 5360 Mss.
799 5305 852 5369 2,
879 5305 1208 5376 prorumpere
1234 5308 1578 5361 molientibus.

571 5376 592 5415 ί
635 5375 903 5448 νπεςεὶυερ
931 5377 1065 5448 legit
1095 5375 1448 5448 Jovianorum.
1509 5378 1576 5432 Et
1601 5375 1815 5448 quidem
1845 5375 2086 5433 celebres

497 5458 652 5503 erant
698 5445 904 5500 Ioviani
956 5445 1161 5509 milites,
1193 5447 1258 5501 de
1288 5447 1482 5516 quibus
1522 5446 1822 5500 'I‘oiuardus
1852 5448 1902 5501 in
1946 5448 2087 5505 nmis

501 5522 564 5572 ad
583 5520 936 5574 Lactantium.
962 5517 1094 5570 Vide
1116 5529 1167 5570 et
1186 5516 1348 5570 Notas
1371 5517 1422 5570 in
1447 5517 1577 5572 Acta
1599 5527 1888 5586 martyrum
1914 5557 1931 5582 ,
1965 5534 2082 5586 pag.

503 5591 626 5646 66b.
660 5591 762 5644 Alii
798 5589 939 5643 forte
980 5588 1066 5641 hic
1095 5596 1492 5653 memorantur,
1523 5588 1602 5643 sic
1631 5587 1760 5643 dicti
1791 5602 1820 5641 a
1849 5589 2042 5644 Joviuo
2068 5630 2084 5657 ,

500 5662 569 5714 de
596 5674 701 5714 ouo
724 5658 881 5714 infra.

575 5674 881 5800 Iq‘ifelglitlita,’
922 5730 1201 5798 imperator
1250 5728 1312 5781 ab
1341 5729 1414 5783 eis
1467 5729 1690 5793 acceptis
1719 5730 1978 5784 obsidibus
2026 5747 2089 5785 ea:

500 5816 638 5854 more
674 5806 739 5853 ad
768 5800 1097 5854 hiemandum
1133 5801 1360 5853 Treveris
1390 5802 1670 5865 concessit;
1701 5811 1752 5855 et
1787 5816 1884 5870 pro
1910 5817 1976 5853 an
2005 5802 2084 5853 vi-

501 5885 603 5938 ces,
643 5880 770 5938 etc.,
819 5871 959 5928 idem
1010 5873 1131 5928 cod.
1159 5888 1224 5926 an
1253 5888 1342 5939 per
1369 5872 1497 5928 rice:
1548 5873 1796 5928 tenuerint
1850 5887 2085 5942 regnum.

2176 4738 2560 4794 rt-Stituendum
2602 4738 2937 4807 suspicatur,
2973 4738 3329 4807 imperatisqne
3358 4755 3421 4792 ex
3465 4755 3608 4793 more
3631 4740 3773 4794 obsi-

2173 4810 2341 4863 dibus.

2249 4877 2280 4916 δ
2320 4879 2410 4934 Sic
2431 4878 2591 4945 Bec.;
2623 4877 2712 4932 alii
2741 4878 2992 4932 Thracas.

2189 4993 2199 5012 .
2257 4948 2272 4987 ί
2319 4949 2376 5004 Id
2433 4959 2515 5005 est
2545 4949 2740 5017 publici
2787 4949 3044 5015 ministri,
3075 4947 3164 5018 qui
3196 4949 3511 5017 prasidibus
3537 4951 3774 5019 provin-

2185 5021 2392 5076 ciarum
2441 5028 2534 5073 aut
2581 5019 2976 5087 magistratibus
3029 5020 3390 5074 inserviebant
3443 5021 3494 5074 in
3544 5022 3778 5089 publicis

2186 5091 2404 5147 muniis.
2455 5091 2592 5145 Hinc
2639 5089 2910 5145 Ofliciales
2956 5089 3081 5145 dicti
3128 5098 3272 5145 sunt.
3309 5091 3438 5146 Vide
3489 5092 3682 5146 Baron.
3725 5097 3777 5148 in

2188 5163 2340 5218 Notis
2369 5161 2435 5216 ad
2466 5162 2737 5231 Martyrol.
2771 5161 3034 5216 Rom.die
3058 5160 3126 5213 27
3158 5160 3300 5214 Maii.

2265 5233 2278 5283 i
2330 5233 2450 5300 Ipse
2475 5230 2616 5287 enim
2645 5232 2968 5297 Arbogastes
2998 5245 3194 5302 genere
3231 5238 3349 5302 erat
3377 5230 3611 5286 Francus
3634 5273 3650 5296 ,
3696 5234 3776 5289 uti

2191 5304 2378 5374 scribit
2407 5303 2660 5357 Paulinus
2691 5303 2742 5357 in
2779 5303 2892 5357 Vita
2921 5301 3090 5357 sancti
3123 5301 3416 5370 Ambrosii,
3445 5311 3499 5358 et
3525 5303 3613 5357 alii
3637 5319 3780 5374 quo-

2193 5390 2298 5444 que
2326 5373 2444 5441 eius
2475 5373 2573 5427 avi
2603 5375 2894 5442 scriptores
2927 5375 3178 5444 innuunt.

2264 5445 2292 5483 ιι
2340 5445 2434 5498 llic
2463 5444 2516 5498 in
2536 5445 2659 5498 cod.
2686 5441 2884 5500 Bellov.
2908 5484 2922 5507 ,
2955 5442 3213 5499 detractis
3235 5443 3442 5499 duobus
3471 5441 3634 5512 foliis,
3653 5458 3788 5514 qua

2191 5525 2486 5626 sequuntur
2512 5515 2576 5568 ad
2606 5529 2723 5584 cap.
2759 5516 2825 5570 I‘2
2856 5517 3069 5569 desunt.

2335 5586 2477 5626 l‘nrh
2554 5584 2794 5626 Rrirtnn'g
2822 5587 2950 5626 rium
2987 5602 3069 5626 Ml

2335 5586 2521 5648 Corb.,
2548 5584 2794 5640 Brictoris
2822 5587 2950 5657 ripa
2974 5587 3276 5657 proximum
3307 5601 3516 5656 pagum.
3541 5585 3579 5641 Ii
3615 5594 3747 5642 sunt
3769 5628 3796 5654 ,

2195 5659 2248 5712 ni
2269 5659 2446 5723 fallor,
2481 5657 2760 5720 Bructeri,
2790 5654 3076 5724 de‘quibus
3106 5654 3441 5721 Paterculus,
3475 5657 3698 5711 Tacitus
3729 5667 3804 5716 eg

2195 5729 2284 5783 alii
2305 5771 2321 5792 ,
2372 5743 2514 5818 quos.
2537 5728 2788 5818 {otiiLtgis-
2803 5769 2820 5796 ,
2855 5728 3074 5818 Francis
3097 5738 3257 5818 ,"et'c.
3281 5727 3501 5818 ,juugit
3525 5728 3806 5818 ISidoning

2195 5815 2362 5854 carm.
2389 5797 2442 5854 7.
2475 5797 2815 5862 Habitabant,
2840 5807 2898 5853 ut
2920 5807 3070 5866 putat
3103 5798 3164 5851 II.
3199 5797 3413 5863 Junius,
3442 5801 3492 5851 in
3524 5797 3809 5856 hodierna

2197 5870 2545 5942 Westplialia.
2598 5869 2739 5926 Editi
2797 5870 2904 5926 duo
2951 5883 3048 5941 pro
3094 5869 3247 5924 etiam
3302 5869 3500 5925 habent
3556 5867 3808 5941 ditium.
