  <div class='ocr_page' id='page_1' title='image "/cluster/home/n/w/nwhite01/storage/ocr_20150623/71/hvd.32044054758743/110.png"; bbox 0 0 4102 6356; ppageno 0'>
   <div class='ocr_carea' id='block_1_1' title="bbox 199 365 289 421">
    <p class='ocr_par' dir='ltr' id='par_1_1' title="bbox 199 365 289 421">
     <span class='ocr_line' id='line_1_1' title="bbox 199 365 289 421; baseline -0.011 -1"><span class='ocrx_word' id='word_1_1' title='bbox 199 365 289 421; x_wconf 72' lang='lat'><strong>205</strong></span> 
     </span>
    </p>
   </div>
   <div class='ocr_carea' id='block_1_2' title="bbox 1070 362 2540 424">
    <p class='ocr_par' dir='ltr' id='par_1_2' title="bbox 1070 362 2540 424">
     <span class='ocr_line' id='line_1_2' title="bbox 1070 362 2540 424; baseline 0.003 -7"><span class='ocrx_word' id='word_1_2' title='bbox 1070 362 1390 419; x_wconf 76' lang='lat' dir='ltr'><strong>HISTORIA</strong></span> <span class='ocrx_word' id='word_1_3' title='bbox 1434 363 1879 420; x_wconf 70' lang='lat' dir='ltr'><strong>FRANCORL&#39;M.</strong></span> <span class='ocrx_word' id='word_1_4' title='bbox 1920 365 2121 422; x_wconf 76' lang='lat' dir='ltr'><strong>LIBER</strong></span> <span class='ocrx_word' id='word_1_5' title='bbox 2165 367 2540 424; x_wconf 70' lang='lat' dir='ltr'><strong>SECUNDUS.</strong></span> 
     </span>
    </p>
   </div>
   <div class='ocr_carea' id='block_1_3' title="bbox 3336 371 3442 426">
    <p class='ocr_par' dir='ltr' id='par_1_3' title="bbox 3336 371 3442 426">
     <span class='ocr_line' id='line_1_3' title="bbox 3336 371 3442 426; baseline -0.019 0"><span class='ocrx_word' id='word_1_6' title='bbox 3336 371 3442 426; x_wconf 71' lang='grc'>206</span> 
     </span>
    </p>
   </div>
   <div class='ocr_carea' id='block_1_4' title="bbox 196 476 3442 556">
    <p class='ocr_par' dir='ltr' id='par_1_4' title="bbox 196 476 3442 556">
     <span class='ocr_line' id='line_1_4' title="bbox 196 476 3442 556; baseline 0.002 -23"><span class='ocrx_word' id='word_1_7' title='bbox 196 478 461 553; x_wconf 84' lang='lat' dir='ltr'><strong>populatus</strong></span> <span class='ocrx_word' id='word_1_8' title='bbox 491 486 606 543; x_wconf 87' lang='lat' dir='ltr'><strong>est,</strong></span> <span class='ocrx_word' id='word_1_9' title='bbox 653 476 802 533; x_wconf 90' lang='lat' dir='ltr'><strong>nullo</strong></span> <span class='ocrx_word' id='word_1_10' title='bbox 846 490 1080 545; x_wconf 85' lang='lat' dir='ltr'><strong>unquam</strong></span> <span class='ocrx_word' id='word_1_11' title='bbox 1110 488 1456 543; x_wconf 67' lang='lat' dir='ltr'><strong>occursante,</strong></span> <span class='ocrx_word' id='word_1_12' title='bbox 1488 476 1591 531; x_wconf 85' lang='lat' dir='ltr'><strong>nisi</strong></span> <span class='ocrx_word' id='word_1_13' title='bbox 1620 478 1760 548; x_wconf 92' lang='lat' dir='ltr'><strong>quod</strong></span> <span class='ocrx_word' id='word_1_14' title='bbox 1791 483 1837 539; x_wconf 78' lang='grc' dir='ltr'>Α</span> <span class='ocrx_word' id='word_1_15' title='bbox 1866 479 2004 544; x_wconf 88' lang='lat' dir='ltr'><strong>suis,</strong></span> <span class='ocrx_word' id='word_1_16' title='bbox 2052 479 2280 549; x_wconf 88' lang='lat' dir='ltr'><strong>imperio</strong></span> <span class='ocrx_word' id='word_1_17' title='bbox 2324 480 2629 549; x_wconf 71' lang='lat' dir='ltr'><strong>prmditum,</strong></span> <span class='ocrx_word' id='word_1_18' title='bbox 2662 488 2821 551; x_wconf 90' lang='lat' dir='ltr'><strong>atque</strong></span> <span class='ocrx_word' id='word_1_19' title='bbox 2850 480 2903 536; x_wconf 91' lang='lat' dir='ltr'><strong>in</strong></span> <span class='ocrx_word' id='word_1_20' title='bbox 2933 496 2991 536; x_wconf 88' lang='lat' dir='ltr'><strong>se</strong></span> <span class='ocrx_word' id='word_1_21' title='bbox 3026 484 3281 539; x_wconf 86' lang='lat' dir='ltr'><strong>comitatu</strong></span> <span class='ocrx_word' id='word_1_22' title='bbox 3312 499 3442 556; x_wconf 69' lang='grc' dir='ltr'><strong>ευπο-</strong></span> 
     </span>
    </p>
   </div>
   <div class='ocr_carea' id='block_1_5' title="bbox 196 569 1761 643">
    <p class='ocr_par' dir='ltr' id='par_1_5' title="bbox 196 569 1761 643">
     <span class='ocr_line' id='line_1_5' title="bbox 196 569 1761 643; baseline 0.001 -21"><span class='ocrx_word' id='word_1_23' title='bbox 196 574 330 643; x_wconf 79' lang='lat' dir='ltr'><strong>pauci</strong></span> <span class='ocrx_word' id='word_1_24' title='bbox 355 588 419 627; x_wconf 78' lang='lat' dir='ltr'><strong>ex</strong></span> <span class='ocrx_word' id='word_1_25' title='bbox 463 570 802 640; x_wconf 82' lang='lat' dir='ltr'><strong>Ampsuariis</strong></span> <span class='ocrx_word' id='word_1_26' title='bbox 830 578 885 623; x_wconf 91' lang='lat' dir='ltr'><strong>et</strong></span> <span class='ocrx_word' id='word_1_27' title='bbox 913 569 1121 624; x_wconf 89' lang='lat' dir='ltr'><strong>Chattis</strong></span> <span class='ocrx_word' id='word_1_28' title='bbox 1170 569 1499 625; x_wconf 73' lang='lat' dir='ltr'><strong>Harcomere</strong></span> <span class='ocrx_word' id='word_1_29' title='bbox 1543 569 1679 626; x_wconf 90' lang='lat' dir='ltr'><strong>duce</strong></span> <span class='ocrx_word' id='word_1_30' title='bbox 1709 571 1761 624; x_wconf 93' lang='lat' dir='ltr'><strong>in</strong></span> 
     </span>
    </p>
   </div>
   <div class='ocr_carea' id='block_1_6' title="bbox 194 661 1765 734">
    <p class='ocr_par' dir='ltr' id='par_1_6' title="bbox 194 661 1765 734">
     <span class='ocr_line' id='line_1_6' title="bbox 194 661 1765 734; baseline -0.001 -16"><span class='ocrx_word' id='word_1_31' title='bbox 194 665 521 719; x_wconf 87' lang='lat' dir='ltr'><strong>ulterioribus</strong></span> <span class='ocrx_word' id='word_1_32' title='bbox 565 664 779 718; x_wconf 78' lang='lat' dir='ltr'><strong>collium</strong></span> <span class='ocrx_word' id='word_1_33' title='bbox 826 662 968 733; x_wconf 77' lang='lat' dir='ltr'><strong>jugis</strong></span> <span class='ocrx_word' id='word_1_34' title='bbox 1015 676 1335 734; x_wconf 83' lang='lat' dir='ltr'><strong>apparuere.</strong></span> <span class='ocrx_word' id='word_1_35' title='bbox 1376 680 1395 714; x_wconf 76' lang='grc' dir='ltr'><strong><em>ι</em></strong></span> <span class='ocrx_word' id='word_1_36' title='bbox 1429 661 1625 717; x_wconf 90' lang='lat' dir='ltr'><strong>lterum</strong></span> <span class='ocrx_word' id='word_1_37' title='bbox 1678 662 1765 718; x_wconf 93' lang='lat' dir='ltr'><strong>hic</strong></span> 
     </span>
    </p>
   </div>
   <div class='ocr_carea' id='block_1_7' title="bbox 193 754 1765 825">
    <p class='ocr_par' dir='ltr' id='par_1_7' title="bbox 193 754 1765 825">
     <span class='ocr_line' id='line_1_7' title="bbox 193 754 1765 825; baseline 0.002 -15"><span class='ocrx_word' id='word_1_38' title='bbox 193 756 381 813; x_wconf 82' lang='lat' dir='ltr'><strong>relictis</strong></span> <span class='ocrx_word' id='word_1_39' title='bbox 408 765 516 809; x_wconf 87' lang='lat' dir='ltr'><strong>tam</strong></span> <span class='ocrx_word' id='word_1_40' title='bbox 545 754 769 809; x_wconf 86' lang='lat' dir='ltr'><strong>ducibus</strong></span> <span class='ocrx_word' id='word_1_41' title='bbox 799 770 955 825; x_wconf 88' lang='lat' dir='ltr'><strong>quam</strong></span> <span class='ocrx_word' id='word_1_42' title='bbox 986 755 1286 824; x_wconf 75' lang='lat' dir='ltr'><strong>regalibus,</strong></span> <span class='ocrx_word' id='word_1_43' title='bbox 1318 764 1502 823; x_wconf 88' lang='lat' dir='ltr'><strong>aperte</strong></span> <span class='ocrx_word' id='word_1_44' title='bbox 1533 754 1765 813; x_wconf 78' lang='lat' dir='ltr'><strong>FranCos</strong></span> 
     </span>
    </p>
   </div>
   <div class='ocr_carea' id='block_1_8' title="bbox 194 845 1767 918">
    <p class='ocr_par' dir='ltr' id='par_1_8' title="bbox 194 845 1767 918">
     <span class='ocr_line' id='line_1_8' title="bbox 194 845 1767 918; baseline 0.001 -19"><span class='ocrx_word' id='word_1_45' title='bbox 194 864 359 917; x_wconf 77' lang='lat' dir='ltr'><strong>regem</strong></span> <span class='ocrx_word' id='word_1_46' title='bbox 392 856 416 885; x_wconf 80' lang='grc'><strong><em>⁸</em></strong></span> <span class='ocrx_word' id='word_1_47' title='bbox 468 847 664 903; x_wconf 76' lang='lat' dir='ltr'><strong>habere</strong></span> <span class='ocrx_word' id='word_1_48' title='bbox 702 846 968 918; x_wconf 78' lang='lat' dir='ltr'><strong>designat,</strong></span> <span class='ocrx_word' id='word_1_49' title='bbox 1011 845 1275 916; x_wconf 87' lang='lat' dir='ltr'><strong>bujusque</strong></span> <span class='ocrx_word' id='word_1_50' title='bbox 1324 862 1516 902; x_wconf 89' lang='lat' dir='ltr'><strong>nomen</strong></span> <span class='ocrx_word' id='word_1_51' title='bbox 1548 857 1767 916; x_wconf 69' lang='lat' dir='ltr'><strong>praeter-</strong></span> 
     </span>
    </p>
   </div>
   <div class='ocr_carea' id='block_1_9' title="bbox 193 941 1765 1012">
    <p class='ocr_par' dir='ltr' id='par_1_9' title="bbox 193 941 1765 1012">
     <span class='ocr_line' id='line_1_9' title="bbox 193 941 1765 1012; baseline -0.001 -18"><span class='ocrx_word' id='word_1_52' title='bbox 193 942 393 995; x_wconf 76' lang='lat' dir='ltr'><strong>mittens</strong></span> <span class='ocrx_word' id='word_1_53' title='bbox 417 982 433 1006; x_wconf 92' lang='lat'><strong>,</strong></span> <span class='ocrx_word' id='word_1_54' title='bbox 468 943 575 996; x_wconf 92' lang='lat' dir='ltr'><strong>ait:</strong></span> <span class='ocrx_word' id='word_1_55' title='bbox 623 958 641 992; x_wconf 73' lang='grc' dir='ltr'>ι</span> <span class='ocrx_word' id='word_1_56' title='bbox 683 941 887 996; x_wconf 91' lang='lat' dir='ltr'><strong>Dehinc</strong></span> <span class='ocrx_word' id='word_1_57' title='bbox 926 941 1194 1010; x_wconf 78' lang='lat' dir='ltr'><strong>Eugenius</strong></span> <span class='ocrx_word' id='word_1_58' title='bbox 1226 950 1483 1012; x_wconf 81' lang='lat' dir='ltr'><strong>tyrannus</strong></span> <span class='ocrx_word' id='word_1_59' title='bbox 1514 948 1765 1008; x_wconf 89' lang='lat' dir='ltr'><strong>suscepto</strong></span> 
     </span>
    </p>
   </div>
   <div class='ocr_carea' id='block_1_10' title="bbox 196 1033 1764 1105">
    <p class='ocr_par' dir='ltr' id='par_1_10' title="bbox 196 1033 1764 1105">
     <span class='ocr_line' id='line_1_10' title="bbox 196 1033 1764 1105; baseline -0.002 -16"><span class='ocrx_word' id='word_1_60' title='bbox 196 1034 571 1104; x_wconf 73' lang='lat' dir='ltr'><strong>expeditioitali</strong></span> <span class='ocrx_word' id='word_1_61' title='bbox 602 1036 901 1105; x_wconf 74' lang='lat' dir='ltr'><strong>procinctu,</strong></span> <span class='ocrx_word' id='word_1_62' title='bbox 939 1034 1114 1089; x_wconf 74' lang='lat' dir='ltr'><strong>Rheni</strong></span> <span class='ocrx_word' id='word_1_63' title='bbox 1144 1034 1361 1089; x_wconf 80' lang='lat' dir='ltr'><strong>limitem</strong></span> <span class='ocrx_word' id='word_1_64' title='bbox 1395 1033 1545 1103; x_wconf 88' lang='lat' dir='ltr'><strong>petit,</strong></span> <span class='ocrx_word' id='word_1_65' title='bbox 1567 1044 1623 1087; x_wconf 90' lang='lat' dir='ltr'><strong>ut</strong></span> <span class='ocrx_word' id='word_1_66' title='bbox 1642 1048 1764 1087; x_wconf 89' lang='lat' dir='ltr'><strong>cum</strong></span> 
     </span>
    </p>
   </div>
   <div class='ocr_carea' id='block_1_11' title="bbox 192 1126 1761 1195">
    <p class='ocr_par' dir='ltr' id='par_1_11' title="bbox 192 1126 1761 1195">
     <span class='ocr_line' id='line_1_11' title="bbox 192 1126 1761 1195; baseline -0.003 -12"><span class='ocrx_word' id='word_1_67' title='bbox 192 1130 600 1183; x_wconf 82' lang='lat' dir='ltr'><strong>Alamannorum</strong></span> <span class='ocrx_word' id='word_1_68' title='bbox 629 1138 681 1181; x_wconf 88' lang='lat' dir='ltr'><strong>et</strong></span> <span class='ocrx_word' id='word_1_69' title='bbox 714 1126 1042 1182; x_wconf 78' lang='lat' dir='ltr'><strong>Francorum</strong></span> <span class='ocrx_word' id='word_1_70' title='bbox 1095 1128 1343 1195; x_wconf 77' lang='lat' dir='ltr'><strong>regibus,</strong></span> <span class='ocrx_word' id='word_1_71' title='bbox 1376 1126 1602 1181; x_wconf 85' lang='lat' dir='ltr'><strong>vetustis</strong></span> <span class='ocrx_word' id='word_1_72' title='bbox 1659 1126 1761 1179; x_wconf 80' lang='lat' dir='ltr'><strong>lce-</strong></span> 
     </span>
    </p>
   </div>
   <div class='ocr_carea' id='block_1_12' title="bbox 190 1218 1765 1286">
    <p class='ocr_par' dir='ltr' id='par_1_12' title="bbox 190 1218 1765 1286">
     <span class='ocr_line' id='line_1_12' title="bbox 190 1218 1765 1286; baseline -0.003 -12"><span class='ocrx_word' id='word_1_73' title='bbox 190 1221 395 1276; x_wconf 68' lang='lat' dir='ltr'><strong>tleribus</strong></span> <span class='ocrx_word' id='word_1_74' title='bbox 441 1236 508 1275; x_wconf 82' lang='lat' dir='ltr'><strong>ex</strong></span> <span class='ocrx_word' id='word_1_75' title='bbox 547 1235 695 1274; x_wconf 89' lang='lat' dir='ltr'><strong>more</strong></span> <span class='ocrx_word' id='word_1_76' title='bbox 746 1218 927 1285; x_wconf 86' lang='lat' dir='ltr'><strong>initis,</strong></span> <span class='ocrx_word' id='word_1_77' title='bbox 960 1219 1281 1273; x_wconf 87' lang='lat' dir='ltr'><strong>immensum</strong></span> <span class='ocrx_word' id='word_1_78' title='bbox 1330 1232 1391 1273; x_wconf 84' lang='lat' dir='ltr'><strong>ea</strong></span> <span class='ocrx_word' id='word_1_79' title='bbox 1447 1224 1765 1286; x_wconf 85' lang='lat' dir='ltr'><strong>tempestate</strong></span> 
     </span>
    </p>
   </div>
   <div class='ocr_carea' id='block_1_13' title="bbox 191 1308 1767 1382">
    <p class='ocr_par' dir='ltr' id='par_1_13' title="bbox 191 1308 1767 1382">
     <span class='ocr_line' id='line_1_13' title="bbox 191 1308 1767 1382; baseline -0.006 -12"><span class='ocrx_word' id='word_1_80' title='bbox 191 1316 474 1370; x_wconf 75' lang='lat' dir='ltr'><strong>exercitum</strong></span> <span class='ocrx_word' id='word_1_81' title='bbox 530 1311 784 1382; x_wconf 77' lang='lat' dir='ltr'><strong>gentibus</strong></span> <span class='ocrx_word' id='word_1_82' title='bbox 833 1310 961 1366; x_wconf 76' lang='lat' dir='ltr'><strong>b-ris</strong></span> <span class='ocrx_word' id='word_1_83' title='bbox 1009 1317 1326 1365; x_wconf 85' lang='lat' dir='ltr'><strong>ostentaret.</strong></span> <span class='ocrx_word' id='word_1_84' title='bbox 1366 1327 1385 1362; x_wconf 76' lang='grc' dir='ltr'><strong><em>ι</em></strong></span> <span class='ocrx_word' id='word_1_85' title='bbox 1425 1308 1551 1363; x_wconf 72' lang='lat' dir='ltr'><strong>ilice</strong></span> <span class='ocrx_word' id='word_1_86' title='bbox 1578 1322 1767 1378; x_wconf 86' lang='lat' dir='ltr'><strong>supra-</strong></span> 
     </span>
    </p>
   </div>
   <div class='ocr_carea' id='block_1_14' title="bbox 189 1395 1549 1473">
    <p class='ocr_par' dir='ltr' id='par_1_14' title="bbox 189 1395 1549 1473">
     <span class='ocr_line' id='line_1_14' title="bbox 189 1395 1549 1473; baseline -0.007 -12"><span class='ocrx_word' id='word_1_87' title='bbox 189 1405 413 1473; x_wconf 87' lang='lat' dir='ltr'><strong>scriptus</strong></span> <span class='ocrx_word' id='word_1_88' title='bbox 442 1402 908 1473; x_wconf 88' lang='lat' dir='ltr'><strong>historiographus</strong></span> <span class='ocrx_word' id='word_1_89' title='bbox 930 1402 998 1457; x_wconf 90' lang='lat' dir='ltr'><strong>de</strong></span> <span class='ocrx_word' id='word_1_90' title='bbox 1029 1395 1251 1457; x_wconf 82' lang='lat' dir='ltr'><strong>Francis</strong></span> <span class='ocrx_word' id='word_1_91' title='bbox 1274 1400 1549 1456; x_wconf 83' lang='lat' dir='ltr'><strong>disseruit.</strong></span> 
     </span>
    </p>
   </div>
   <div class='ocr_carea' id='block_1_15' title="bbox 254 1490 1764 1563">
    <p class='ocr_par' dir='ltr' id='par_1_15' title="bbox 254 1490 1764 1563">
     <span class='ocr_line' id='line_1_15' title="bbox 254 1490 1764 1563; baseline -0.003 -15"><span class='ocrx_word' id='word_1_92' title='bbox 254 1495 489 1549; x_wconf 80' lang='lat' dir='ltr'><strong>Renatus</strong></span> <span class='ocrx_word' id='word_1_93' title='bbox 518 1493 833 1548; x_wconf 76' lang='lat' dir='ltr'><strong>Profuturus</strong></span> <span class='ocrx_word' id='word_1_94' title='bbox 887 1491 1216 1563; x_wconf 75' lang='lat' dir='ltr'><strong>Frigeridus,</strong></span> <span class='ocrx_word' id='word_1_95' title='bbox 1266 1490 1422 1559; x_wconf 88' lang='lat' dir='ltr'><strong>cujus</strong></span> <span class='ocrx_word' id='word_1_96' title='bbox 1467 1491 1575 1558; x_wconf 90' lang='lat' dir='ltr'><strong>jam</strong></span> <span class='ocrx_word' id='word_1_97' title='bbox 1605 1503 1764 1558; x_wconf 85' lang='lat' dir='ltr'><strong>supra</strong></span> 
     </span>
    </p>
   </div>
   <div class='ocr_carea' id='block_1_16' title="bbox 187 1581 1752 1649">
    <p class='ocr_par' dir='ltr' id='par_1_16' title="bbox 187 1581 1752 1649">
     <span class='ocr_line' id='line_1_16' title="bbox 187 1581 1752 1649; baseline -0.003 -10"><span class='ocrx_word' id='word_1_98' title='bbox 187 1586 540 1648; x_wconf 89' lang='lat' dir='ltr'><strong>meminimus,</strong></span> <span class='ocrx_word' id='word_1_99' title='bbox 573 1599 694 1639; x_wconf 90' lang='lat' dir='ltr'><strong>cum</strong></span> <span class='ocrx_word' id='word_1_100' title='bbox 745 1582 969 1636; x_wconf 81' lang='lat' dir='ltr'><strong>Romam</strong></span> <span class='ocrx_word' id='word_1_101' title='bbox 1001 1582 1163 1638; x_wconf 81' lang='lat' dir='ltr'><strong>refert</strong></span> <span class='ocrx_word' id='word_1_102' title='bbox 1209 1597 1238 1637; x_wconf 88' lang='lat' dir='ltr'><strong>a</strong></span> <span class='ocrx_word' id='word_1_103' title='bbox 1286 1581 1498 1635; x_wconf 80' lang='lat' dir='ltr'><strong>Goithis</strong></span> <span class='ocrx_word' id='word_1_104' title='bbox 1541 1588 1752 1649; x_wconf 70' lang='lat' dir='ltr'><strong>captam</strong></span> 
     </span>
    </p>
   </div>
   <div class='ocr_carea' id='block_1_17' title="bbox 186 1672 1762 1745">
    <p class='ocr_par' dir='ltr' id='par_1_17' title="bbox 186 1672 1762 1745">
     <span class='ocr_line' id='line_1_17' title="bbox 186 1672 1762 1745; baseline -0.005 -13"><span class='ocrx_word' id='word_1_105' title='bbox 186 1687 336 1745; x_wconf 83' lang='lat' dir='ltr'><strong>atque</strong></span> <span class='ocrx_word' id='word_1_106' title='bbox 366 1676 702 1743; x_wconf 76' lang='lat' dir='ltr'><strong>subversam,</strong></span> <span class='ocrx_word' id='word_1_107' title='bbox 745 1676 851 1745; x_wconf 76' lang='lat'><strong>61</strong></span> <span class='ocrx_word' id='word_1_108' title='bbox 872 1674 984 1728; x_wconf 82' lang='lat' dir='ltr'><strong>ait:</strong></span> <span class='ocrx_word' id='word_1_109' title='bbox 1022 1692 1041 1725; x_wconf 74' lang='grc' dir='ltr'>ι</span> <span class='ocrx_word' id='word_1_110' title='bbox 1074 1673 1281 1728; x_wconf 87' lang='lat' dir='ltr'><strong>lnierca</strong></span> <span class='ocrx_word' id='word_1_111' title='bbox 1313 1672 1635 1740; x_wconf 76' lang='lat' dir='ltr'><strong>Resreudial</strong></span> <span class='ocrx_word' id='word_1_112' title='bbox 1668 1686 1762 1726; x_wconf 79' lang='lat' dir='ltr'><strong>rex</strong></span> 
     </span>
    </p>
   </div>
   <div class='ocr_carea' id='block_1_18' title="bbox 187 1762 1763 1832">
    <p class='ocr_par' dir='ltr' id='par_1_18' title="bbox 187 1762 1763 1832">
     <span class='ocr_line' id='line_1_18' title="bbox 187 1762 1763 1832; baseline -0.003 -10"><span class='ocrx_word' id='word_1_113' title='bbox 187 1770 604 1822; x_wconf 80' lang='lat' dir='ltr'><strong>Alamannorum</strong></span> <span class='ocrx_word' id='word_1_114' title='bbox 629 1764 678 1829; x_wconf 73' lang='grc' dir='ltr'><strong>δ,</strong></span> <span class='ocrx_word' id='word_1_115' title='bbox 703 1764 879 1820; x_wconf 90' lang='lat' dir='ltr'><strong>Goare</strong></span> <span class='ocrx_word' id='word_1_116' title='bbox 908 1763 974 1817; x_wconf 91' lang='lat' dir='ltr'><strong>ad</strong></span> <span class='ocrx_word' id='word_1_117' title='bbox 1007 1764 1277 1818; x_wconf 79' lang='lat' dir='ltr'><strong>Romanos</strong></span> <span class='ocrx_word' id='word_1_118' title='bbox 1302 1770 1662 1832; x_wconf 79' lang='lat' dir='ltr'><strong>transgresso,</strong></span> <span class='ocrx_word' id='word_1_119' title='bbox 1696 1762 1763 1818; x_wconf 89' lang='lat' dir='ltr'><strong>de</strong></span> 
     </span>
    </p>
   </div>
   <div class='ocr_carea' id='block_1_19' title="bbox 1871 570 3439 642">
    <p class='ocr_par' dir='ltr' id='par_1_19' title="bbox 1871 570 3439 642">
     <span class='ocr_line' id='line_1_19' title="bbox 1871 570 3439 642; baseline 0.004 -18"><span class='ocrx_word' id='word_1_120' title='bbox 1871 570 2001 625; x_wconf 91' lang='lat' dir='ltr'><strong>tium</strong></span> <span class='ocrx_word' id='word_1_121' title='bbox 2034 574 2377 625; x_wconf 84' lang='lat' dir='ltr'><strong>barbararum</strong></span> <span class='ocrx_word' id='word_1_122' title='bbox 2417 574 2713 627; x_wconf 84' lang='lat' dir='ltr'><strong>accinctum</strong></span> <span class='ocrx_word' id='word_1_123' title='bbox 2744 573 2941 642; x_wconf 92' lang='lat' dir='ltr'><strong>parari.</strong></span> <span class='ocrx_word' id='word_1_124' title='bbox 2992 573 3109 640; x_wconf 87' lang='lat' dir='ltr'><strong>Quo</strong></span> <span class='ocrx_word' id='word_1_125' title='bbox 3160 577 3439 641; x_wconf 81' lang='lat' dir='ltr'><strong>exterriti,</strong></span> 
     </span>
    </p>
   </div>
   <div class='ocr_carea' id='block_1_20' title="bbox 1871 662 3438 736">
    <p class='ocr_par' dir='ltr' id='par_1_20' title="bbox 1871 662 3438 736">
     <span class='ocr_line' id='line_1_20' title="bbox 1871 662 3438 736; baseline 0.006 -20"><span class='ocrx_word' id='word_1_126' title='bbox 1871 662 2152 718; x_wconf 81' lang='lat' dir='ltr'><strong>Edobecco</strong></span> <span class='ocrx_word' id='word_1_127' title='bbox 2176 674 2198 702; x_wconf 79' lang='grc' dir='ltr'><strong>ο</strong></span> <span class='ocrx_word' id='word_1_128' title='bbox 2221 664 2285 717; x_wconf 92' lang='lat' dir='ltr'><strong>ad</strong></span> <span class='ocrx_word' id='word_1_129' title='bbox 2312 665 2604 720; x_wconf 88' lang='lat' dir='ltr'><strong>Germanas</strong></span> <span class='ocrx_word' id='word_1_130' title='bbox 2631 676 2815 735; x_wconf 89' lang='lat' dir='ltr'><strong>gentes</strong></span> <span class='ocrx_word' id='word_1_131' title='bbox 2838 667 3133 736; x_wconf 72' lang='lat' dir='ltr'><strong>praemisso,</strong></span> <span class='ocrx_word' id='word_1_132' title='bbox 3152 668 3438 735; x_wconf 88' lang='lat' dir='ltr'><strong>Constans,</strong></span> 
     </span>
    </p>
   </div>
   <div class='ocr_carea' id='block_1_21' title="bbox 1869 753 3442 825">
    <p class='ocr_par' dir='ltr' id='par_1_21' title="bbox 1869 753 3442 825">
     <span class='ocr_line' id='line_1_21' title="bbox 1869 753 3442 825; baseline 0.008 -19"><span class='ocrx_word' id='word_1_133' title='bbox 1869 762 1922 806; x_wconf 81' lang='lat' dir='ltr'><strong>et</strong></span> <span class='ocrx_word' id='word_1_134' title='bbox 1952 753 2231 823; x_wconf 81' lang='lat' dir='ltr'><strong>praefectus</strong></span> <span class='ocrx_word' id='word_1_135' title='bbox 2257 755 2365 825; x_wconf 85' lang='lat' dir='ltr'><strong>jam</strong></span> <span class='ocrx_word' id='word_1_136' title='bbox 2418 756 2662 811; x_wconf 87' lang='lat' dir='ltr'><strong>Decimus</strong></span> <span class='ocrx_word' id='word_1_137' title='bbox 2687 754 2714 794; x_wconf 75' lang='grc' dir='ltr'><strong><em>ἀ</em></strong></span> <span class='ocrx_word' id='word_1_138' title='bbox 2740 757 2988 814; x_wconf 68' lang='lat' dir='ltr'><strong>[insuetis</strong></span> <span class='ocrx_word' id='word_1_139' title='bbox 3035 775 3100 816; x_wconf 78' lang='lat' dir='ltr'><strong>ex</strong></span> <span class='ocrx_word' id='word_1_140' title='bbox 3148 760 3442 818; x_wconf 79' lang='lat' dir='ltr'><strong>ofﬁciorum</strong></span> 
     </span>
    </p>
   </div>
   <div class='ocr_carea' id='block_1_22' title="bbox 1869 844 3441 920">
    <p class='ocr_par' dir='ltr' id='par_1_22' title="bbox 1869 844 3441 920">
     <span class='ocr_line' id='line_1_22' title="bbox 1869 844 3441 920; baseline 0.006 -23"><span class='ocrx_word' id='word_1_141' title='bbox 1869 844 2125 914; x_wconf 83' lang='lat' dir='ltr'><strong>magistro</strong></span> <span class='ocrx_word' id='word_1_142' title='bbox 2158 856 2346 918; x_wconf 83' lang='lat' dir='ltr'><strong>petunt</strong></span> <span class='ocrx_word' id='word_1_143' title='bbox 2392 844 2595 901; x_wconf 89' lang='lat' dir='ltr'><strong>Gallias</strong></span> <span class='ocrx_word' id='word_1_144' title='bbox 2623 862 2742 902; x_wconf 92' lang='lat' dir='ltr'><strong>cum</strong></span> <span class='ocrx_word' id='word_1_145' title='bbox 2773 849 2993 905; x_wconf 81' lang='lat' dir='ltr'><strong>Francis</strong></span> <span class='ocrx_word' id='word_1_146' title='bbox 3015 858 3069 906; x_wconf 92' lang='lat' dir='ltr'><strong>et</strong></span> <span class='ocrx_word' id='word_1_147' title='bbox 3098 851 3404 906; x_wconf 77' lang='lat' dir='ltr'><strong>Alamannis</strong></span> <span class='ocrx_word' id='word_1_148' title='bbox 3425 895 3441 920; x_wconf 91' lang='lat'><strong>,</strong></span> 
     </span>
    </p>
   </div>
   <div class='ocr_carea' id='block_1_23' title="bbox 1867 937 3445 1013">
    <p class='ocr_par' dir='ltr' id='par_1_23' title="bbox 1867 937 3445 1013">
     <span class='ocr_line' id='line_1_23' title="bbox 1867 937 3445 1013; baseline 0.004 -22"><span class='ocrx_word' id='word_1_149' title='bbox 1867 937 2117 1007; x_wconf 87' lang='lat' dir='ltr'><strong>omnique</strong></span> <span class='ocrx_word' id='word_1_150' title='bbox 2141 939 2364 992; x_wconf 86' lang='lat' dir='ltr'><strong>militum</strong></span> <span class='ocrx_word' id='word_1_151' title='bbox 2398 953 2577 1004; x_wconf 89' lang='lat' dir='ltr'><strong>tnanu,</strong></span> <span class='ocrx_word' id='word_1_152' title='bbox 2602 939 2666 993; x_wconf 90' lang='lat' dir='ltr'><strong>ad</strong></span> <span class='ocrx_word' id='word_1_153' title='bbox 2692 939 3099 996; x_wconf 63' lang='lat' dir='ltr'><strong>Constantinum</strong></span> <span class='ocrx_word' id='word_1_154' title='bbox 3117 943 3445 1013; x_wconf 84' lang='lat' dir='ltr'><strong>janijamque</strong></span> 
     </span>
    </p>
   </div>
   <div class='ocr_carea' id='block_1_24' title="bbox 1867 1029 3444 1100">
    <p class='ocr_par' dir='ltr' id='par_1_24' title="bbox 1867 1029 3444 1100">
     <span class='ocr_line' id='line_1_24' title="bbox 1867 1029 3444 1100; baseline 0.004 -18"><span class='ocrx_word' id='word_1_155' title='bbox 1867 1029 2109 1084; x_wconf 86' lang='lat' dir='ltr'><strong>redituri.</strong></span> <span class='ocrx_word' id='word_1_156' title='bbox 2147 1030 2275 1085; x_wconf 89' lang='lat' dir='ltr'><strong>item</strong></span> <span class='ocrx_word' id='word_1_157' title='bbox 2320 1046 2442 1085; x_wconf 92' lang='lat' dir='ltr'><strong>cum</strong></span> <span class='ocrx_word' id='word_1_158' title='bbox 2482 1029 2889 1087; x_wconf 85' lang='lat' dir='ltr'><strong>Constantinum</strong></span> <span class='ocrx_word' id='word_1_159' title='bbox 2939 1033 3172 1089; x_wconf 89' lang='lat' dir='ltr'><strong>obsitlcri</strong></span> <span class='ocrx_word' id='word_1_160' title='bbox 3225 1037 3444 1100; x_wconf 82' lang='lat' dir='ltr'><strong>scribit,</strong></span> 
     </span>
    </p>
   </div>
   <div class='ocr_carea' id='block_1_25' title="bbox 1868 1117 3445 1199">
    <p class='ocr_par' dir='ltr' id='par_1_25' title="bbox 1868 1117 3445 1199">
     <span class='ocr_line' id='line_1_25' title="bbox 1868 1117 3445 1199; baseline 0.004 -25"><span class='ocrx_word' id='word_1_161' title='bbox 1868 1119 1940 1174; x_wconf 85' lang='lat' dir='ltr'><strong>ita</strong></span> <span class='ocrx_word' id='word_1_162' title='bbox 1981 1117 2151 1199; x_wconf 85' lang='lat' dir='ltr'><strong>dicit:</strong></span> <span class='ocrx_word' id='word_1_163' title='bbox 2187 1121 2284 1176; x_wconf 80' lang='lat' dir='ltr'><strong>Vix</strong></span> <span class='ocrx_word' id='word_1_164' title='bbox 2330 1121 2452 1176; x_wconf 92' lang='lat' dir='ltr'><strong>dum</strong></span> <span class='ocrx_word' id='word_1_165' title='bbox 2503 1134 2722 1189; x_wconf 86' lang='lat' dir='ltr'><strong>quartus</strong></span> <span class='ocrx_word' id='word_1_166' title='bbox 2770 1124 3067 1179; x_wconf 89' lang='lat' dir='ltr'><strong>obsidionis</strong></span> <span class='ocrx_word' id='word_1_167' title='bbox 3112 1125 3445 1181; x_wconf 41' lang='lat' dir='ltr'><strong>Constantini</strong></span> 
     </span>
    </p>
   </div>
   <div class='ocr_carea' id='block_1_26' title="bbox 1868 1212 3446 1283">
    <p class='ocr_par' dir='ltr' id='par_1_26' title="bbox 1868 1212 3446 1283">
     <span class='ocr_line' id='line_1_26' title="bbox 1868 1212 3446 1283; baseline 0.003 -19"><span class='ocrx_word' id='word_1_168' title='bbox 1868 1213 2066 1265; x_wconf 84' lang='lat' dir='ltr'><strong>mensis</strong></span> <span class='ocrx_word' id='word_1_169' title='bbox 2116 1212 2403 1280; x_wconf 80' lang='lat' dir='ltr'><strong>agebatur,</strong></span> <span class='ocrx_word' id='word_1_170' title='bbox 2449 1226 2572 1267; x_wconf 91' lang='lat' dir='ltr'><strong>cum</strong></span> <span class='ocrx_word' id='word_1_171' title='bbox 2625 1225 2843 1283; x_wconf 89' lang='lat' dir='ltr'><strong>repente</strong></span> <span class='ocrx_word' id='word_1_172' title='bbox 2871 1231 2937 1269; x_wconf 82' lang='lat' dir='ltr'><strong>ex</strong></span> <span class='ocrx_word' id='word_1_173' title='bbox 2988 1216 3227 1269; x_wconf 90' lang='lat' dir='ltr'><strong>ulteriori</strong></span> <span class='ocrx_word' id='word_1_174' title='bbox 3276 1216 3446 1270; x_wconf 85' lang='lat' dir='ltr'><strong>Gallia</strong></span> 
     </span>
    </p>
   </div>
   <div class='ocr_carea' id='block_1_27' title="bbox 1870 1303 3445 1376">
    <p class='ocr_par' dir='ltr' id='par_1_27' title="bbox 1870 1303 3445 1376">
     <span class='ocr_line' id='line_1_27' title="bbox 1870 1303 3445 1376; baseline 0.003 -20"><span class='ocrx_word' id='word_1_175' title='bbox 1870 1303 2043 1356; x_wconf 90' lang='lat' dir='ltr'><strong>nuntii</strong></span> <span class='ocrx_word' id='word_1_176' title='bbox 2074 1304 2314 1368; x_wconf 86' lang='lat' dir='ltr'><strong>veniunt,</strong></span> <span class='ocrx_word' id='word_1_177' title='bbox 2343 1303 2590 1358; x_wconf 85' lang='lat' dir='ltr'><strong>Jovinum</strong></span> <span class='ocrx_word' id='word_1_178' title='bbox 2621 1306 2980 1375; x_wconf 87' lang='lat' dir='ltr'><strong>assumpsisse</strong></span> <span class='ocrx_word' id='word_1_179' title='bbox 2999 1318 3217 1362; x_wconf 83' lang='lat' dir='ltr'><strong>Ornatus</strong></span> <span class='ocrx_word' id='word_1_180' title='bbox 3250 1310 3445 1376; x_wconf 87' lang='lat' dir='ltr'><strong>regios,</strong></span> 
     </span>
    </p>
   </div>
   <div class='ocr_carea' id='block_1_28' title="bbox 1869 1395 3445 1468">
    <p class='ocr_par' dir='ltr' id='par_1_28' title="bbox 1869 1395 3445 1468">
     <span class='ocr_line' id='line_1_28' title="bbox 1869 1395 3445 1468; baseline 0.004 -19"><span class='ocrx_word' id='word_1_181' title='bbox 1869 1402 1923 1449; x_wconf 89' lang='lat' dir='ltr'><strong>et</strong></span> <span class='ocrx_word' id='word_1_182' title='bbox 1949 1409 2069 1448; x_wconf 83' lang='lat' dir='ltr'><strong>cum</strong></span> <span class='ocrx_word' id='word_1_183' title='bbox 2120 1395 2615 1463; x_wconf 84' lang='lat' dir='ltr'><strong>Burgundionibus,</strong></span> <span class='ocrx_word' id='word_1_184' title='bbox 2650 1398 2758 1468; x_wconf 70' lang='lat'><strong>62</strong></span> <span class='ocrx_word' id='word_1_185' title='bbox 2791 1398 3132 1466; x_wconf 81' lang='lat' dir='ltr'><strong>Alamannis,</strong></span> <span class='ocrx_word' id='word_1_186' title='bbox 3184 1400 3406 1455; x_wconf 77' lang='lat' dir='ltr'><strong>Francis</strong></span> <span class='ocrx_word' id='word_1_187' title='bbox 3428 1440 3445 1466; x_wconf 91' lang='lat'><strong>,</strong></span> 
     </span>
    </p>
   </div>
   <div class='ocr_carea' id='block_1_29' title="bbox 1871 1484 3444 1556">
    <p class='ocr_par' dir='ltr' id='par_1_29' title="bbox 1871 1484 3444 1556">
     <span class='ocr_line' id='line_1_29' title="bbox 1871 1484 3444 1556; baseline 0.007 -19"><span class='ocrx_word' id='word_1_188' title='bbox 1871 1484 2074 1548; x_wconf 80' lang='lat' dir='ltr'><strong>Alanis,</strong></span> <span class='ocrx_word' id='word_1_189' title='bbox 2130 1486 2385 1556; x_wconf 85' lang='lat' dir='ltr'><strong>omnique</strong></span> <span class='ocrx_word' id='word_1_190' title='bbox 2434 1490 2672 1543; x_wconf 79' lang='lat' dir='ltr'><strong>exercitu</strong></span> <span class='ocrx_word' id='word_1_191' title='bbox 2725 1489 3006 1545; x_wconf 83' lang='lat' dir='ltr'><strong>imminere</strong></span> <span class='ocrx_word' id='word_1_192' title='bbox 3058 1492 3444 1548; x_wconf 86' lang='lat' dir='ltr'><strong>obsidentibus.</strong></span> 
     </span>
    </p>
   </div>
   <div class='ocr_carea' id='block_1_30' title="bbox 1869 1573 3449 1644">
    <p class='ocr_par' dir='ltr' id='par_1_30' title="bbox 1869 1573 3449 1644">
     <span class='ocr_line' id='line_1_30' title="bbox 1869 1573 3449 1644; baseline 0.007 -19"><span class='ocrx_word' id='word_1_193' title='bbox 1869 1573 1938 1627; x_wconf 85' lang='lat' dir='ltr'><strong>Ita</strong></span> <span class='ocrx_word' id='word_1_194' title='bbox 1964 1574 2277 1630; x_wconf 8' lang='lat' dir='ltr'><strong>ate-celeratis</strong></span> <span class='ocrx_word' id='word_1_195' title='bbox 2296 1578 2480 1641; x_wconf 88' lang='lat' dir='ltr'><strong>moris,</strong></span> <span class='ocrx_word' id='word_1_196' title='bbox 2515 1588 2748 1633; x_wconf 78' lang='lat' dir='ltr'><strong>reserata</strong></span> <span class='ocrx_word' id='word_1_197' title='bbox 2777 1581 3318 1644; x_wconf 81' lang='lat' dir='ltr'><strong>urbe_Goustautinus</strong></span> <span class='ocrx_word' id='word_1_198' title='bbox 3354 1584 3449 1637; x_wconf 78' lang='lat' dir='ltr'><strong>de-</strong></span> 
     </span>
    </p>
   </div>
   <div class='ocr_carea' id='block_1_31' title="bbox 1868 1666 3447 1743">
    <p class='ocr_par' dir='ltr' id='par_1_31' title="bbox 1868 1666 3447 1743">
     <span class='ocr_line' id='line_1_31' title="bbox 1868 1666 3447 1743; baseline 0.007 -23"><span class='ocrx_word' id='word_1_199' title='bbox 1868 1667 2029 1721; x_wconf 88' lang='lat' dir='ltr'><strong>ditur.</strong></span> <span class='ocrx_word' id='word_1_200' title='bbox 2078 1666 2475 1738; x_wconf 78' lang='lat' dir='ltr'><strong>Confestimque</strong></span> <span class='ocrx_word' id='word_1_201' title='bbox 2522 1671 2587 1724; x_wconf 90' lang='lat' dir='ltr'><strong>ad</strong></span> <span class='ocrx_word' id='word_1_202' title='bbox 2640 1669 2842 1727; x_wconf 63' lang='lat' dir='ltr'><strong>italiam</strong></span> <span class='ocrx_word' id='word_1_203' title='bbox 2891 1674 3155 1743; x_wconf 85' lang='lat' dir='ltr'><strong>directus,</strong></span> <span class='ocrx_word' id='word_1_204' title='bbox 3211 1676 3388 1730; x_wconf 81' lang='lat' dir='ltr'><strong>missis</strong></span> <span class='ocrx_word' id='word_1_205' title='bbox 3418 1692 3447 1731; x_wconf 89' lang='lat' dir='ltr'><strong>a</strong></span> 
     </span>
    </p>
   </div>
   <div class='ocr_carea' id='block_1_32' title="bbox 1870 1758 3449 1833">
    <p class='ocr_par' dir='ltr' id='par_1_32' title="bbox 1870 1758 3449 1833">
     <span class='ocr_line' id='line_1_32' title="bbox 1870 1758 3449 1833; baseline 0.006 -23"><span class='ocrx_word' id='word_1_206' title='bbox 1870 1758 2109 1826; x_wconf 85' lang='lat' dir='ltr'><strong>principe</strong></span> <span class='ocrx_word' id='word_1_207' title='bbox 2151 1758 2365 1812; x_wconf 89' lang='lat' dir='ltr'><strong>obviam</strong></span> <span class='ocrx_word' id='word_1_208' title='bbox 2407 1763 2842 1830; x_wconf 80' lang='lat' dir='ltr'><strong>percussoribus,</strong></span> <span class='ocrx_word' id='word_1_209' title='bbox 2874 1778 3035 1833; x_wconf 81' lang='lat' dir='ltr'><strong>supra</strong></span> <span class='ocrx_word' id='word_1_210' title='bbox 3070 1766 3174 1820; x_wconf 82' lang='lat' dir='ltr'><strong>Mitt</strong></span> <span class='ocrx_word' id='word_1_211' title='bbox 3212 1766 3318 1820; x_wconf 89' lang='lat' dir='ltr'><strong>iutn</strong></span> <span class='ocrx_word' id='word_1_212' title='bbox 3352 1767 3449 1821; x_wconf 83' lang='lat' dir='ltr'><strong>ilii-</strong></span> 
     </span>
    </p>
   </div>
   <div class='ocr_carea' id='block_1_33' title="bbox 188 1847 3449 1928">
    <p class='ocr_par' dir='ltr' id='par_1_33' title="bbox 188 1847 3449 1928">
     <span class='ocr_line' id='line_1_33' title="bbox 188 1847 3449 1928; baseline 0 -15"><span class='ocrx_word' id='word_1_213' title='bbox 188 1858 369 1913; x_wconf 74' lang='lat' dir='ltr'><strong>Rheno</strong></span> <span class='ocrx_word' id='word_1_214' title='bbox 400 1872 590 1928; x_wconf 89' lang='lat' dir='ltr'><strong>agmen</strong></span> <span class='ocrx_word' id='word_1_215' title='bbox 637 1870 857 1910; x_wconf 88' lang='lat' dir='ltr'><strong>suorum</strong></span> <span class='ocrx_word' id='word_1_216' title='bbox 911 1856 1195 1920; x_wconf 80' lang='lat' dir='ltr'><strong>convertit,</strong></span> <span class='ocrx_word' id='word_1_217' title='bbox 1231 1853 1486 1909; x_wconf 90' lang='lat' dir='ltr'><strong>Vandalis</strong></span> <span class='ocrx_word' id='word_1_218' title='bbox 1527 1853 1763 1908; x_wconf 82' lang='lat' dir='ltr'><strong>Franco-</strong></span> <span class='ocrx_word' id='word_1_219' title='bbox 1798 1847 1839 1905; x_wconf 83' lang='grc' dir='ltr'><strong>Β</strong></span> <span class='ocrx_word' id='word_1_220' title='bbox 1870 1858 1991 1904; x_wconf 83' lang='lat' dir='ltr'><strong>men</strong></span> <span class='ocrx_word' id='word_1_221' title='bbox 2019 1848 2193 1917; x_wconf 80' lang='lat' dir='ltr'><strong>capite</strong></span> <span class='ocrx_word' id='word_1_222' title='bbox 2238 1856 2514 1905; x_wconf 89' lang='lat' dir='ltr'><strong>truncatus</strong></span> <span class='ocrx_word' id='word_1_223' title='bbox 2548 1860 2652 1907; x_wconf 89' lang='lat' dir='ltr'><strong>est.</strong></span> <span class='ocrx_word' id='word_1_224' title='bbox 2705 1853 2770 1907; x_wconf 79' lang='lat' dir='ltr'><strong>Et</strong></span> <span class='ocrx_word' id='word_1_225' title='bbox 2815 1864 2933 1923; x_wconf 90' lang='lat' dir='ltr'><strong>post</strong></span> <span class='ocrx_word' id='word_1_226' title='bbox 2978 1871 3139 1924; x_wconf 88' lang='lat' dir='ltr'><strong>pauca</strong></span> <span class='ocrx_word' id='word_1_227' title='bbox 3190 1856 3328 1912; x_wconf 91' lang='lat' dir='ltr'><strong>idem</strong></span> <span class='ocrx_word' id='word_1_228' title='bbox 3360 1874 3449 1912; x_wconf 80' lang='lat' dir='ltr'><strong>rc-</strong></span> 
     </span>
    </p>
   </div>
   <div class='ocr_carea' id='block_1_34' title="bbox 188 1950 1768 2021">
    <p class='ocr_par' dir='ltr' id='par_1_34' title="bbox 188 1950 1768 2021">
     <span class='ocr_line' id='line_1_34' title="bbox 188 1950 1768 2021; baseline -0.006 -9"><span class='ocrx_word' id='word_1_229' title='bbox 188 1974 295 2013; x_wconf 91' lang='lat' dir='ltr'><strong>rum</strong></span> <span class='ocrx_word' id='word_1_230' title='bbox 328 1957 472 2011; x_wconf 90' lang='lat' dir='ltr'><strong>bello</strong></span> <span class='ocrx_word' id='word_1_231' title='bbox 510 1954 909 2018; x_wconf 81' lang='lat' dir='ltr'><strong>laborantibus,</strong></span> <span class='ocrx_word' id='word_1_232' title='bbox 953 1950 1265 2021; x_wconf 87' lang='lat' dir='ltr'><strong>Godegisilo</strong></span> <span class='ocrx_word' id='word_1_233' title='bbox 1294 1965 1422 2021; x_wconf 86' lang='lat' dir='ltr'><strong>rege</strong></span> <span class='ocrx_word' id='word_1_234' title='bbox 1446 1950 1768 2019; x_wconf 85' lang='lat' dir='ltr'><strong>absumpto,</strong></span> 
     </span>
    </p>
   </div>
   <div class='ocr_carea' id='block_1_35' title="bbox 188 2041 1772 2118">
    <p class='ocr_par' dir='ltr' id='par_1_35' title="bbox 188 2041 1772 2118">
     <span class='ocr_line' id='line_1_35' title="bbox 188 2041 1772 2118; baseline -0.005 -15"><span class='ocrx_word' id='word_1_235' title='bbox 188 2052 299 2104; x_wconf 87' lang='lat' dir='ltr'><strong>acie</strong></span> <span class='ocrx_word' id='word_1_236' title='bbox 342 2047 533 2118; x_wconf 84' lang='lat' dir='ltr'><strong>viginti</strong></span> <span class='ocrx_word' id='word_1_237' title='bbox 580 2046 749 2101; x_wconf 81' lang='lat' dir='ltr'><strong>lerme</strong></span> <span class='ocrx_word' id='word_1_238' title='bbox 777 2043 1016 2099; x_wconf 83' lang='lat' dir='ltr'><strong>millibus</strong></span> <span class='ocrx_word' id='word_1_239' title='bbox 1046 2043 1189 2098; x_wconf 82' lang='lat' dir='ltr'><strong>ferro</strong></span> <span class='ocrx_word' id='word_1_240' title='bbox 1223 2043 1539 2112; x_wconf 83' lang='lat' dir='ltr'><strong>peremptis,</strong></span> <span class='ocrx_word' id='word_1_241' title='bbox 1565 2041 1772 2097; x_wconf 88' lang='lat' dir='ltr'><strong>cunctis</strong></span> 
     </span>
    </p>
   </div>
   <div class='ocr_carea' id='block_1_36' title="bbox 192 2131 1771 2198">
    <p class='ocr_par' dir='ltr' id='par_1_36' title="bbox 192 2131 1771 2198">
     <span class='ocr_line' id='line_1_36' title="bbox 192 2131 1771 2198; baseline -0.004 -6"><span class='ocrx_word' id='word_1_242' title='bbox 192 2139 546 2193; x_wconf 79' lang='lat' dir='ltr'><strong>Vandalorum</strong></span> <span class='ocrx_word' id='word_1_243' title='bbox 569 2136 633 2191; x_wconf 86' lang='lat' dir='ltr'><strong>ad</strong></span> <span class='ocrx_word' id='word_1_244' title='bbox 662 2135 1084 2191; x_wconf 90' lang='lat' dir='ltr'><strong>internecionem</strong></span> <span class='ocrx_word' id='word_1_245' title='bbox 1116 2132 1376 2198; x_wconf 89' lang='lat' dir='ltr'><strong>dclendis,</strong></span> <span class='ocrx_word' id='word_1_246' title='bbox 1407 2132 1461 2187; x_wconf 91' lang='lat' dir='ltr'><strong>ni</strong></span> <span class='ocrx_word' id='word_1_247' title='bbox 1482 2131 1771 2187; x_wconf 82' lang='lat' dir='ltr'><strong>Alanorum</strong></span> 
     </span>
    </p>
   </div>
   <div class='ocr_carea' id='block_1_37' title="bbox 190 2226 1770 2299">
    <p class='ocr_par' dir='ltr' id='par_1_37' title="bbox 190 2226 1770 2299">
     <span class='ocr_line' id='line_1_37' title="bbox 190 2226 1770 2299; baseline -0.006 -11"><span class='ocrx_word' id='word_1_248' title='bbox 190 2235 266 2288; x_wconf 91' lang='lat' dir='ltr'><strong>vis</strong></span> <span class='ocrx_word' id='word_1_249' title='bbox 296 2233 350 2287; x_wconf 92' lang='lat' dir='ltr'><strong>in</strong></span> <span class='ocrx_word' id='word_1_250' title='bbox 381 2245 623 2299; x_wconf 90' lang='lat' dir='ltr'><strong>tempore</strong></span> <span class='ocrx_word' id='word_1_251' title='bbox 649 2227 1011 2284; x_wconf 77' lang='lat' dir='ltr'><strong>subvenisset.</strong></span> <span class='ocrx_word' id='word_1_252' title='bbox 1059 2245 1078 2279; x_wconf 83' lang='lat' dir='ltr'><strong>i</strong></span> <span class='ocrx_word' id='word_1_253' title='bbox 1115 2226 1290 2281; x_wconf 83' lang='lat' dir='ltr'><strong>Movet</strong></span> <span class='ocrx_word' id='word_1_254' title='bbox 1321 2241 1419 2280; x_wconf 89' lang='lat' dir='ltr'><strong>nos</strong></span> <span class='ocrx_word' id='word_1_255' title='bbox 1452 2227 1568 2280; x_wconf 66' lang='lat' dir='ltr'><strong>hac</strong></span> <span class='ocrx_word' id='word_1_256' title='bbox 1586 2240 1770 2290; x_wconf 89' lang='lat' dir='ltr'><strong>causa,</strong></span> 
     </span>
    </p>
   </div>
   <div class='ocr_carea' id='block_1_38' title="bbox 188 2318 1772 2395">
    <p class='ocr_par' dir='ltr' id='par_1_38' title="bbox 188 2318 1772 2395">
     <span class='ocr_line' id='line_1_38' title="bbox 188 2318 1772 2395; baseline -0.006 -17"><span class='ocrx_word' id='word_1_257' title='bbox 188 2326 323 2395; x_wconf 90' lang='lat' dir='ltr'><strong>quod</strong></span> <span class='ocrx_word' id='word_1_258' title='bbox 352 2340 474 2377; x_wconf 92' lang='lat' dir='ltr'><strong>cum</strong></span> <span class='ocrx_word' id='word_1_259' title='bbox 507 2322 733 2375; x_wconf 84' lang='lat' dir='ltr'><strong>aliarum</strong></span> <span class='ocrx_word' id='word_1_260' title='bbox 784 2320 1025 2391; x_wconf 90' lang='lat' dir='ltr'><strong>gentium</strong></span> <span class='ocrx_word' id='word_1_261' title='bbox 1057 2333 1211 2389; x_wconf 88' lang='lat' dir='ltr'><strong>reges</strong></span> <span class='ocrx_word' id='word_1_262' title='bbox 1240 2318 1502 2384; x_wconf 90' lang='lat' dir='ltr'><strong>nominat,</strong></span> <span class='ocrx_word' id='word_1_263' title='bbox 1542 2332 1639 2372; x_wconf 92' lang='lat' dir='ltr'><strong>cur</strong></span> <span class='ocrx_word' id='word_1_264' title='bbox 1666 2331 1772 2370; x_wconf 90' lang='lat' dir='ltr'><strong>non</strong></span> 
     </span>
    </p>
   </div>
   <div class='ocr_carea' id='block_1_39' title="bbox 186 2404 1775 2481">
    <p class='ocr_par' dir='ltr' id='par_1_39' title="bbox 186 2404 1775 2481">
     <span class='ocr_line' id='line_1_39' title="bbox 186 2404 1775 2481; baseline -0.005 -8"><span class='ocrx_word' id='word_1_265' title='bbox 186 2420 426 2473; x_wconf 89' lang='lat' dir='ltr'><strong>nominet</strong></span> <span class='ocrx_word' id='word_1_266' title='bbox 455 2426 511 2470; x_wconf 92' lang='lat' dir='ltr'><strong>et</strong></span> <span class='ocrx_word' id='word_1_267' title='bbox 543 2415 890 2469; x_wconf 81' lang='lat' dir='ltr'><strong>Francorum.</strong></span> <span class='ocrx_word' id='word_1_268' title='bbox 925 2404 1127 2479; x_wconf 80' lang='lat' dir='ltr'><strong>Tamen</strong></span> <span class='ocrx_word' id='word_1_269' title='bbox 1158 2420 1277 2466; x_wconf 91' lang='lat' dir='ltr'><strong>cum</strong></span> <span class='ocrx_word' id='word_1_270' title='bbox 1307 2412 1415 2479; x_wconf 91' lang='lat' dir='ltr'><strong>ait,</strong></span> <span class='ocrx_word' id='word_1_271' title='bbox 1446 2409 1588 2481; x_wconf 82' lang='lat' dir='ltr'><strong>qm~d</strong></span> <span class='ocrx_word' id='word_1_272' title='bbox 1632 2410 1775 2465; x_wconf 88' lang='lat' dir='ltr'><strong>Con-</strong></span> 
     </span>
    </p>
   </div>
   <div class='ocr_carea' id='block_1_40' title="bbox 185 2501 1773 2575">
    <p class='ocr_par' dir='ltr' id='par_1_40' title="bbox 185 2501 1773 2575">
     <span class='ocr_line' id='line_1_40' title="bbox 185 2501 1773 2575; baseline -0.004 -12"><span class='ocrx_word' id='word_1_273' title='bbox 185 2512 489 2573; x_wconf 82' lang='lat' dir='ltr'><strong>stantinus,</strong></span> <span class='ocrx_word' id='word_1_274' title='bbox 536 2514 805 2574; x_wconf 88' lang='lat' dir='ltr'><strong>assumpta</strong></span> <span class='ocrx_word' id='word_1_275' title='bbox 860 2503 1164 2575; x_wconf 88' lang='lat' dir='ltr'><strong>tyrannide,</strong></span> <span class='ocrx_word' id='word_1_276' title='bbox 1197 2503 1568 2557; x_wconf 88' lang='lat' dir='ltr'><strong>Constantium</strong></span> <span class='ocrx_word' id='word_1_277' title='bbox 1606 2501 1773 2557; x_wconf 83' lang='lat' dir='ltr'><strong>ﬁlium</strong></span> 
     </span>
    </p>
   </div>
   <div class='ocr_carea' id='block_1_41' title="bbox 187 2591 1765 2665">
    <p class='ocr_par' dir='ltr' id='par_1_41' title="bbox 187 2591 1765 2665">
     <span class='ocr_line' id='line_1_41' title="bbox 187 2591 1765 2665; baseline -0.004 -12"><span class='ocrx_word' id='word_1_278' title='bbox 187 2601 247 2653; x_wconf 83' lang='lat' dir='ltr'><strong>ad</strong></span> <span class='ocrx_word' id='word_1_279' title='bbox 288 2614 348 2653; x_wconf 90' lang='lat' dir='ltr'><strong>se</strong></span> <span class='ocrx_word' id='word_1_280' title='bbox 392 2598 461 2652; x_wconf 89' lang='lat' dir='ltr'><strong>de</strong></span> <span class='ocrx_word' id='word_1_281' title='bbox 511 2596 778 2665; x_wconf 85' lang='lat' dir='ltr'><strong>Hispaniis</strong></span> <span class='ocrx_word' id='word_1_282' title='bbox 809 2593 993 2649; x_wconf 87' lang='lat' dir='ltr'><strong>venire</strong></span> <span class='ocrx_word' id='word_1_283' title='bbox 1018 2593 1287 2663; x_wconf 74' lang='lat' dir='ltr'><strong>iussisset.</strong></span> <span class='ocrx_word' id='word_1_284' title='bbox 1344 2594 1415 2647; x_wconf 91' lang='lat' dir='ltr'><strong>ita</strong></span> <span class='ocrx_word' id='word_1_285' title='bbox 1468 2591 1765 2647; x_wconf 86' lang='lat' dir='ltr'><strong>disseruit:</strong></span> 
     </span>
    </p>
   </div>
   <div class='ocr_carea' id='block_1_42' title="bbox 189 2679 1773 2752">
    <p class='ocr_par' dir='ltr' id='par_1_42' title="bbox 189 2679 1773 2752">
     <span class='ocr_line' id='line_1_42' title="bbox 189 2679 1773 2752; baseline -0.004 -12"><span class='ocrx_word' id='word_1_286' title='bbox 189 2705 207 2740; x_wconf 76' lang='grc' dir='ltr'>ι</span> <span class='ocrx_word' id='word_1_287' title='bbox 245 2688 436 2743; x_wconf 81' lang='lat' dir='ltr'><strong>Accito</strong></span> <span class='ocrx_word' id='word_1_288' title='bbox 484 2684 867 2740; x_wconf 70' lang='lat' dir='ltr'><strong>Constantinus</strong></span> <span class='ocrx_word' id='word_1_289' title='bbox 920 2692 1178 2752; x_wconf 84' lang='lat' dir='ltr'><strong>tyrannus</strong></span> <span class='ocrx_word' id='word_1_290' title='bbox 1209 2682 1275 2736; x_wconf 89' lang='lat' dir='ltr'><strong>de</strong></span> <span class='ocrx_word' id='word_1_291' title='bbox 1308 2680 1576 2751; x_wconf 84' lang='lat' dir='ltr'><strong>Hispaniis</strong></span> <span class='ocrx_word' id='word_1_292' title='bbox 1625 2679 1773 2735; x_wconf 80' lang='lat' dir='ltr'><strong>Con-</strong></span> 
     </span>
    </p>
   </div>
   <div class='ocr_carea' id='block_1_43' title="bbox 184 2773 1772 2850">
    <p class='ocr_par' dir='ltr' id='par_1_43' title="bbox 184 2773 1772 2850">
     <span class='ocr_line' id='line_1_43' title="bbox 184 2773 1772 2850; baseline -0.002 -18"><span class='ocrx_word' id='word_1_293' title='bbox 184 2788 357 2834; x_wconf 85' lang='lat' dir='ltr'><strong>stante</strong></span> <span class='ocrx_word' id='word_1_294' title='bbox 398 2776 530 2841; x_wconf 86' lang='lat' dir='ltr'><strong>lilio,</strong></span> <span class='ocrx_word' id='word_1_295' title='bbox 557 2778 791 2846; x_wconf 90' lang='lat' dir='ltr'><strong>itemque</strong></span> <span class='ocrx_word' id='word_1_296' title='bbox 833 2784 1096 2845; x_wconf 84' lang='lat' dir='ltr'><strong>tyranno,</strong></span> <span class='ocrx_word' id='word_1_297' title='bbox 1130 2788 1236 2850; x_wconf 86' lang='lat' dir='ltr'><strong>quo</strong></span> <span class='ocrx_word' id='word_1_298' title='bbox 1263 2773 1330 2828; x_wconf 91' lang='lat' dir='ltr'><strong>de</strong></span> <span class='ocrx_word' id='word_1_299' title='bbox 1358 2788 1564 2827; x_wconf 86' lang='lat' dir='ltr'><strong>summa</strong></span> <span class='ocrx_word' id='word_1_300' title='bbox 1595 2789 1772 2829; x_wconf 82' lang='lat' dir='ltr'><strong>rerum</strong></span> 
     </span>
    </p>
   </div>
   <div class='ocr_carea' id='block_1_44' title="bbox 183 2865 1774 2936">
    <p class='ocr_par' dir='ltr' id='par_1_44' title="bbox 183 2865 1774 2936">
     <span class='ocr_line' id='line_1_44' title="bbox 183 2865 1774 2936; baseline -0.004 -9"><span class='ocrx_word' id='word_1_301' title='bbox 183 2873 557 2928; x_wconf 82' lang='lat' dir='ltr'><strong>consultarent</strong></span> <span class='ocrx_word' id='word_1_302' title='bbox 581 2879 892 2936; x_wconf 68' lang='lat' dir='ltr'><strong>praesentes,</strong></span> <span class='ocrx_word' id='word_1_303' title='bbox 929 2868 1122 2922; x_wconf 82' lang='lat' dir='ltr'><strong>factum</strong></span> <span class='ocrx_word' id='word_1_304' title='bbox 1151 2874 1319 2921; x_wconf 90' lang='lat' dir='ltr'><strong>estut</strong></span> <span class='ocrx_word' id='word_1_305' title='bbox 1358 2865 1642 2932; x_wconf 87' lang='lat' dir='ltr'><strong>Constans,</strong></span> <span class='ocrx_word' id='word_1_306' title='bbox 1686 2867 1774 2923; x_wconf 88' lang='lat' dir='ltr'><strong>in-</strong></span> 
     </span>
    </p>
   </div>
   <div class='ocr_carea' id='block_1_45' title="bbox 183 2954 1775 3027">
    <p class='ocr_par' dir='ltr' id='par_1_45' title="bbox 183 2954 1775 3027">
     <span class='ocr_line' id='line_1_45' title="bbox 183 2954 1775 3027; baseline -0.004 -9"><span class='ocrx_word' id='word_1_307' title='bbox 183 2971 489 3018; x_wconf 77' lang='lat' dir='ltr'><strong>strumento</strong></span> <span class='ocrx_word' id='word_1_308' title='bbox 520 2961 654 3014; x_wconf 74' lang='lat' dir='ltr'><strong>aulte</strong></span> <span class='ocrx_word' id='word_1_309' title='bbox 698 2967 753 3015; x_wconf 90' lang='lat' dir='ltr'><strong>et</strong></span> <span class='ocrx_word' id='word_1_310' title='bbox 802 2957 1030 3027; x_wconf 83' lang='lat' dir='ltr'><strong>conjuge</strong></span> <span class='ocrx_word' id='word_1_311' title='bbox 1067 2970 1163 3011; x_wconf 88' lang='lat' dir='ltr'><strong>sua</strong></span> <span class='ocrx_word' id='word_1_312' title='bbox 1215 2955 1660 3027; x_wconf 47' lang='lat' dir='ltr'><strong>(aesar-augusta:</strong></span> <span class='ocrx_word' id='word_1_313' title='bbox 1688 2954 1775 3013; x_wconf 86' lang='lat' dir='ltr'><strong>di-</strong></span> 
     </span>
    </p>
   </div>
   <div class='ocr_carea' id='block_1_46' title="bbox 185 3046 1772 3125">
    <p class='ocr_par' dir='ltr' id='par_1_46' title="bbox 185 3046 1772 3125">
     <span class='ocr_line' id='line_1_46' title="bbox 185 3046 1772 3125; baseline -0.006 -13"><span class='ocrx_word' id='word_1_314' title='bbox 185 3057 403 3125; x_wconf 84' lang='lat' dir='ltr'><strong>missis,</strong></span> <span class='ocrx_word' id='word_1_315' title='bbox 439 3052 694 3109; x_wconf 87' lang='lat' dir='ltr'><strong>Gerontio</strong></span> <span class='ocrx_word' id='word_1_316' title='bbox 719 3053 854 3106; x_wconf 90' lang='lat' dir='ltr'><strong>iutra</strong></span> <span class='ocrx_word' id='word_1_317' title='bbox 898 3050 1178 3119; x_wconf 81' lang='lat' dir='ltr'><strong>Hispanias</strong></span> <span class='ocrx_word' id='word_1_318' title='bbox 1218 3046 1469 3105; x_wconf 78' lang='lat' dir='ltr'><strong>omnibus</strong></span> <span class='ocrx_word' id='word_1_319' title='bbox 1515 3049 1731 3106; x_wconf 89' lang='lat' dir='ltr'><strong>creditis</strong></span> <span class='ocrx_word' id='word_1_320' title='bbox 1756 3093 1772 3119; x_wconf 89' lang='lat'><strong>,</strong></span> 
     </span>
    </p>
   </div>
   <div class='ocr_carea' id='block_1_47' title="bbox 183 3140 1773 3220">
    <p class='ocr_par' dir='ltr' id='par_1_47' title="bbox 183 3140 1773 3220">
     <span class='ocr_line' id='line_1_47' title="bbox 183 3140 1773 3220; baseline -0.005 -14"><span class='ocrx_word' id='word_1_321' title='bbox 183 3151 249 3206; x_wconf 87' lang='lat' dir='ltr'><strong>ad</strong></span> <span class='ocrx_word' id='word_1_322' title='bbox 283 3161 491 3220; x_wconf 84' lang='lat' dir='ltr'><strong>patrem</strong></span> <span class='ocrx_word' id='word_1_323' title='bbox 520 3144 829 3202; x_wconf 86' lang='lat' dir='ltr'><strong>continuato</strong></span> <span class='ocrx_word' id='word_1_324' title='bbox 856 3144 1050 3199; x_wconf 91' lang='lat' dir='ltr'><strong>itinere</strong></span> <span class='ocrx_word' id='word_1_325' title='bbox 1089 3140 1424 3199; x_wconf 88' lang='lat' dir='ltr'><strong>decurreret.</strong></span> <span class='ocrx_word' id='word_1_326' title='bbox 1457 3143 1560 3210; x_wconf 83' lang='lat' dir='ltr'><strong>Qui</strong></span> <span class='ocrx_word' id='word_1_327' title='bbox 1597 3142 1687 3199; x_wconf 92' lang='lat' dir='ltr'><strong>ubi</strong></span> <span class='ocrx_word' id='word_1_328' title='bbox 1720 3143 1773 3198; x_wconf 90' lang='lat' dir='ltr'><strong>in</strong></span> 
     </span>
    </p>
   </div>
   <div class='ocr_carea' id='block_1_48' title="bbox 184 3232 1775 3304">
    <p class='ocr_par' dir='ltr' id='par_1_48' title="bbox 184 3232 1775 3304">
     <span class='ocr_line' id='line_1_48' title="bbox 184 3232 1775 3304; baseline -0.003 -9"><span class='ocrx_word' id='word_1_329' title='bbox 184 3257 356 3295; x_wconf 90' lang='lat' dir='ltr'><strong>unum</strong></span> <span class='ocrx_word' id='word_1_330' title='bbox 394 3252 624 3302; x_wconf 87' lang='lat' dir='ltr'><strong>venere,</strong></span> <span class='ocrx_word' id='word_1_331' title='bbox 677 3234 974 3304; x_wconf 87' lang='lat' dir='ltr'><strong>interjectis</strong></span> <span class='ocrx_word' id='word_1_332' title='bbox 1015 3233 1204 3289; x_wconf 88' lang='lat' dir='ltr'><strong>diebus</strong></span> <span class='ocrx_word' id='word_1_333' title='bbox 1236 3232 1501 3303; x_wconf 89' lang='lat' dir='ltr'><strong>plurimis,</strong></span> <span class='ocrx_word' id='word_1_334' title='bbox 1536 3234 1681 3290; x_wconf 91' lang='lat' dir='ltr'><strong>nullo</strong></span> <span class='ocrx_word' id='word_1_335' title='bbox 1708 3251 1775 3291; x_wconf 81' lang='lat' dir='ltr'><strong>ex</strong></span> 
     </span>
    </p>
   </div>
   <div class='ocr_carea' id='block_1_49' title="bbox 182 3320 1777 3396">
    <p class='ocr_par' dir='ltr' id='par_1_49' title="bbox 182 3320 1777 3396">
     <span class='ocr_line' id='line_1_49' title="bbox 182 3320 1777 3396; baseline -0.004 -8"><span class='ocrx_word' id='word_1_336' title='bbox 182 3332 337 3388; x_wconf 84' lang='lat' dir='ltr'><strong>Italia</strong></span> <span class='ocrx_word' id='word_1_337' title='bbox 364 3342 535 3396; x_wconf 88' lang='lat' dir='ltr'><strong>metu,</strong></span> <span class='ocrx_word' id='word_1_338' title='bbox 561 3329 945 3383; x_wconf 81' lang='lat' dir='ltr'><strong>Constantinus</strong></span> <span class='ocrx_word' id='word_1_339' title='bbox 972 3327 1110 3396; x_wconf 70' lang='lat' dir='ltr'><strong>gulae</strong></span> <span class='ocrx_word' id='word_1_340' title='bbox 1141 3320 1192 3381; x_wconf 84' lang='lat' dir='ltr'><strong>et</strong></span> <span class='ocrx_word' id='word_1_341' title='bbox 1225 3328 1396 3381; x_wconf 89' lang='lat' dir='ltr'><strong>ventri</strong></span> <span class='ocrx_word' id='word_1_342' title='bbox 1427 3325 1664 3394; x_wconf 85' lang='lat' dir='ltr'><strong>deditus,</strong></span> <span class='ocrx_word' id='word_1_343' title='bbox 1690 3342 1777 3382; x_wconf 91' lang='lat' dir='ltr'><strong>re-</strong></span> 
     </span>
    </p>
   </div>
   <div class='ocr_carea' id='block_1_50' title="bbox 182 3412 1776 3489">
    <p class='ocr_par' dir='ltr' id='par_1_50' title="bbox 182 3412 1776 3489">
     <span class='ocr_line' id='line_1_50' title="bbox 182 3412 1776 3489; baseline -0.003 -12"><span class='ocrx_word' id='word_1_344' title='bbox 182 3426 303 3478; x_wconf 79' lang='lat' dir='ltr'><strong>dire</strong></span> <span class='ocrx_word' id='word_1_345' title='bbox 331 3423 399 3476; x_wconf 82' lang='lat' dir='ltr'><strong>ad</strong></span> <span class='ocrx_word' id='word_1_346' title='bbox 425 3419 707 3489; x_wconf 83' lang='lat' dir='ltr'><strong>Hispanias</strong></span> <span class='ocrx_word' id='word_1_347' title='bbox 733 3418 895 3472; x_wconf 85' lang='lat' dir='ltr'><strong>lilium</strong></span> <span class='ocrx_word' id='word_1_348' title='bbox 928 3424 1130 3471; x_wconf 88' lang='lat' dir='ltr'><strong>monet.</strong></span> <span class='ocrx_word' id='word_1_349' title='bbox 1158 3415 1259 3483; x_wconf 88' lang='lat' dir='ltr'><strong>Qui</strong></span> <span class='ocrx_word' id='word_1_350' title='bbox 1284 3412 1579 3486; x_wconf 66' lang='lat' dir='ltr'><strong>praemissis</strong></span> <span class='ocrx_word' id='word_1_351' title='bbox 1607 3416 1776 3487; x_wconf 84' lang='lat' dir='ltr'><strong>agmi-</strong></span> 
     </span>
    </p>
   </div>
   <div class='ocr_carea' id='block_1_51' title="bbox 181 3506 1775 3580">
    <p class='ocr_par' dir='ltr' id='par_1_51' title="bbox 181 3506 1775 3580">
     <span class='ocr_line' id='line_1_51' title="bbox 181 3506 1775 3580; baseline -0.003 -10"><span class='ocrx_word' id='word_1_352' title='bbox 181 3517 367 3580; x_wconf 83' lang='lat' dir='ltr'><strong>nibus,</strong></span> <span class='ocrx_word' id='word_1_353' title='bbox 400 3515 527 3567; x_wconf 85' lang='lat' dir='ltr'><strong>dum</strong></span> <span class='ocrx_word' id='word_1_354' title='bbox 556 3523 676 3565; x_wconf 85' lang='lat' dir='ltr'><strong>cum</strong></span> <span class='ocrx_word' id='word_1_355' title='bbox 709 3520 859 3579; x_wconf 85' lang='lat' dir='ltr'><strong>patre</strong></span> <span class='ocrx_word' id='word_1_356' title='bbox 888 3506 1171 3571; x_wconf 84' lang='lat' dir='ltr'><strong>resideret.</strong></span> <span class='ocrx_word' id='word_1_357' title='bbox 1203 3509 1272 3563; x_wconf 91' lang='lat' dir='ltr'><strong>ab</strong></span> <span class='ocrx_word' id='word_1_358' title='bbox 1305 3508 1555 3578; x_wconf 84' lang='lat' dir='ltr'><strong>Hispania</strong></span> <span class='ocrx_word' id='word_1_359' title='bbox 1605 3510 1775 3565; x_wconf 86' lang='lat' dir='ltr'><strong>nuntii</strong></span> 
     </span>
    </p>
   </div>
   <div class='ocr_carea' id='block_1_52' title="bbox 179 3598 1776 3665">
    <p class='ocr_par' dir='ltr' id='par_1_52' title="bbox 179 3598 1776 3665">
     <span class='ocr_line' id='line_1_52' title="bbox 179 3598 1776 3665; baseline -0.003 -2"><span class='ocrx_word' id='word_1_360' title='bbox 179 3615 530 3665; x_wconf 86' lang='lat' dir='ltr'><strong>commeant,</strong></span> <span class='ocrx_word' id='word_1_361' title='bbox 556 3619 582 3655; x_wconf 91' lang='lat' dir='ltr'><strong>a</strong></span> <span class='ocrx_word' id='word_1_362' title='bbox 606 3598 866 3657; x_wconf 85' lang='lat' dir='ltr'><strong>Gerontio</strong></span> <span class='ocrx_word' id='word_1_363' title='bbox 900 3602 1213 3665; x_wconf 79' lang='lat' dir='ltr'><strong>Maximum,</strong></span> <span class='ocrx_word' id='word_1_364' title='bbox 1244 3613 1404 3656; x_wconf 91' lang='lat' dir='ltr'><strong>unum</strong></span> <span class='ocrx_word' id='word_1_365' title='bbox 1437 3617 1468 3657; x_wconf 91' lang='lat' dir='ltr'><strong>e</strong></span> <span class='ocrx_word' id='word_1_366' title='bbox 1492 3603 1776 3659; x_wconf 89' lang='lat' dir='ltr'><strong>clientibus</strong></span> 
     </span>
    </p>
   </div>
   <div class='ocr_carea' id='block_1_53' title="bbox 178 3713 1773 3789">
    <p class='ocr_par' dir='ltr' id='par_1_53' title="bbox 178 3713 1773 3789">
     <span class='ocr_line' id='line_1_53' title="bbox 178 3713 1773 3789; baseline -0.003 -16"><span class='ocrx_word' id='word_1_367' title='bbox 178 3735 292 3789; x_wconf 86' lang='lat' dir='ltr'><strong>quo</strong></span> <span class='ocrx_word' id='word_1_368' title='bbox 324 3732 543 3771; x_wconf 86' lang='lat' dir='ltr'><strong>nomine</strong></span> <span class='ocrx_word' id='word_1_369' title='bbox 573 3714 807 3789; x_wconf 67' lang='lat' dir='ltr'><strong>Ortelitts</strong></span> <span class='ocrx_word' id='word_1_370' title='bbox 837 3713 1042 3789; x_wconf 80' lang='lat' dir='ltr'><strong>putavit</strong></span> <span class='ocrx_word' id='word_1_371' title='bbox 1071 3713 1339 3789; x_wconf 77' lang='lat' dir='ltr'><strong>designari</strong></span> <span class='ocrx_word' id='word_1_372' title='bbox 1371 3728 1585 3789; x_wconf 78' lang='lat' dir='ltr'><strong>pagum,</strong></span> <span class='ocrx_word' id='word_1_373' title='bbox 1613 3732 1773 3789; x_wconf 82' lang='lat' dir='ltr'><strong>quem</strong></span> 
     </span>
    </p>
   </div>
   <div class='ocr_carea' id='block_1_54' title="bbox 179 3784 1775 3850">
    <p class='ocr_par' dir='ltr' id='par_1_54' title="bbox 179 3784 1775 3850">
     <span class='ocr_line' id='line_1_54' title="bbox 179 3784 1775 3850; baseline -0.004 -6"><span class='ocrx_word' id='word_1_374' title='bbox 179 3784 452 3845; x_wconf 76' lang='lat' dir='ltr'><strong>Chamani</strong></span> <span class='ocrx_word' id='word_1_375' title='bbox 473 3827 489 3849; x_wconf 90' lang='lat'><strong>,</strong></span> <span class='ocrx_word' id='word_1_376' title='bbox 518 3790 631 3840; x_wconf 78' lang='lat' dir='ltr'><strong>sive</strong></span> <span class='ocrx_word' id='word_1_377' title='bbox 655 3784 940 3850; x_wconf 89' lang='lat' dir='ltr'><strong>Chamavi,</strong></span> <span class='ocrx_word' id='word_1_378' title='bbox 973 3792 1032 3837; x_wconf 90' lang='lat' dir='ltr'><strong>ut</strong></span> <span class='ocrx_word' id='word_1_379' title='bbox 1066 3784 1157 3838; x_wconf 90' lang='lat' dir='ltr'><strong>alii</strong></span> <span class='ocrx_word' id='word_1_380' title='bbox 1187 3784 1399 3838; x_wconf 87' lang='lat' dir='ltr'><strong>codices</strong></span> <span class='ocrx_word' id='word_1_381' title='bbox 1430 3786 1656 3848; x_wconf 85' lang='lat' dir='ltr'><strong>habent,</strong></span> <span class='ocrx_word' id='word_1_382' title='bbox 1689 3787 1775 3840; x_wconf 84' lang='lat' dir='ltr'><strong>in-</strong></span> 
     </span>
    </p>
   </div>
   <div class='ocr_carea' id='block_1_55' title="bbox 178 3854 1775 3924">
    <p class='ocr_par' dir='ltr' id='par_1_55' title="bbox 178 3854 1775 3924">
     <span class='ocr_line' id='line_1_55' title="bbox 178 3854 1775 3924; baseline -0.002 -12"><span class='ocrx_word' id='word_1_383' title='bbox 178 3860 466 3913; x_wconf 79' lang='lat' dir='ltr'><strong>eolebant.</strong></span> <span class='ocrx_word' id='word_1_384' title='bbox 496 3856 634 3911; x_wconf 84' lang='lat' dir='ltr'><strong>Inl‘ra</strong></span> <span class='ocrx_word' id='word_1_385' title='bbox 669 3870 768 3924; x_wconf 90' lang='lat' dir='ltr'><strong>pro</strong></span> <span class='ocrx_word' id='word_1_386' title='bbox 798 3854 1150 3922; x_wconf 75' lang='lat' dir='ltr'><strong>Ampsnariis,</strong></span> <span class='ocrx_word' id='word_1_387' title='bbox 1182 3854 1475 3924; x_wconf 77' lang='lat' dir='ltr'><strong>Chesnitis,</strong></span> <span class='ocrx_word' id='word_1_388' title='bbox 1506 3865 1647 3923; x_wconf 86' lang='lat' dir='ltr'><strong>elc.,</strong></span> <span class='ocrx_word' id='word_1_389' title='bbox 1679 3857 1775 3909; x_wconf 88' lang='lat' dir='ltr'><strong>ha-</strong></span> 
     </span>
    </p>
   </div>
   <div class='ocr_carea' id='block_1_56' title="bbox 184 3923 1775 3997">
    <p class='ocr_par' dir='ltr' id='par_1_56' title="bbox 184 3923 1775 3997">
     <span class='ocr_line' id='line_1_56' title="bbox 184 3923 1775 3997; baseline -0.003 -14"><span class='ocrx_word' id='word_1_390' title='bbox 184 3932 323 3983; x_wconf 82' lang='lat' dir='ltr'><strong>bent</strong></span> <span class='ocrx_word' id='word_1_391' title='bbox 348 3923 714 3997; x_wconf 72' lang='lat' dir='ltr'><strong>Ampsivariis;</strong></span> <span class='ocrx_word' id='word_1_392' title='bbox 740 3925 817 3980; x_wconf 90' lang='lat' dir='ltr'><strong>sic</strong></span> <span class='ocrx_word' id='word_1_393' title='bbox 834 3940 936 3997; x_wconf 69' lang='lat' dir='ltr'><strong>pro</strong></span> <span class='ocrx_word' id='word_1_394' title='bbox 963 3925 1157 3997; x_wconf 72' lang='lat' dir='ltr'><strong>Chattis</strong></span> <span class='ocrx_word' id='word_1_395' title='bbox 1184 3923 1345 3997; x_wconf 59' lang='grc' dir='ltr'><strong>ϐαι-1).</strong></span> <span class='ocrx_word' id='word_1_396' title='bbox 1389 3923 1553 3981; x_wconf 82' lang='lat' dir='ltr'><strong>habet</strong></span> <span class='ocrx_word' id='word_1_397' title='bbox 1579 3927 1775 3981; x_wconf 82' lang='lat' dir='ltr'><strong>Chatis.</strong></span> 
     </span>
    </p>
   </div>
   <div class='ocr_carea' id='block_1_57' title="bbox 184 3995 1343 4063">
    <p class='ocr_par' dir='ltr' id='par_1_57' title="bbox 184 3995 1343 4063">
     <span class='ocr_line' id='line_1_57' title="bbox 184 3995 1343 4063; baseline -0.006 -8"><span class='ocrx_word' id='word_1_398' title='bbox 184 4003 224 4055; x_wconf 88' lang='lat' dir='ltr'><strong>li</strong></span> <span class='ocrx_word' id='word_1_399' title='bbox 242 4012 376 4054; x_wconf 84' lang='lat' dir='ltr'><strong>sum</strong></span> <span class='ocrx_word' id='word_1_400' title='bbox 401 3995 800 4054; x_wconf 53' lang='lat' dir='ltr'><strong>Cettimelebres</strong></span> <span class='ocrx_word' id='word_1_401' title='bbox 822 3995 1121 4048; x_wconf 71' lang='lat' dir='ltr'><strong>Germaniae</strong></span> <span class='ocrx_word' id='word_1_402' title='bbox 1144 3995 1343 4063; x_wconf 89' lang='lat' dir='ltr'><strong>populi.</strong></span> 
     </span>
    </p>
   </div>
   <div class='ocr_carea' id='block_1_58' title="bbox 260 4065 1771 4135">
    <p class='ocr_par' dir='ltr' id='par_1_58' title="bbox 260 4065 1771 4135">
     <span class='ocr_line' id='line_1_58' title="bbox 260 4065 1771 4135; baseline -0.002 -13"><span class='ocrx_word' id='word_1_403' title='bbox 260 4080 291 4108; x_wconf 78' lang='grc' dir='ltr'>ι</span> <span class='ocrx_word' id='word_1_404' title='bbox 344 4073 427 4122; x_wconf 84' lang='lat' dir='ltr'><strong>An</strong></span> <span class='ocrx_word' id='word_1_405' title='bbox 457 4067 501 4120; x_wconf 90' lang='lat' dir='ltr'><strong>is</strong></span> <span class='ocrx_word' id='word_1_406' title='bbox 522 4082 678 4134; x_wconf 82' lang='lat' dir='ltr'><strong>quem</strong></span> <span class='ocrx_word' id='word_1_407' title='bbox 712 4068 963 4120; x_wconf 86' lang='lat' dir='ltr'><strong>nostratis</strong></span> <span class='ocrx_word' id='word_1_408' title='bbox 994 4066 1226 4118; x_wconf 76' lang='lat' dir='ltr'><strong>historia:</strong></span> <span class='ocrx_word' id='word_1_409' title='bbox 1256 4067 1543 4135; x_wconf 86' lang='lat' dir='ltr'><strong>scriptores</strong></span> <span class='ocrx_word' id='word_1_410' title='bbox 1580 4065 1771 4120; x_wconf 81' lang='lat' dir='ltr'><strong>Phara-</strong></span> 
     </span>
    </p>
   </div>
   <div class='ocr_carea' id='block_1_59' title="bbox 187 4134 1778 4204">
    <p class='ocr_par' dir='ltr' id='par_1_59' title="bbox 187 4134 1778 4204">
     <span class='ocr_line' id='line_1_59' title="bbox 187 4134 1778 4204; baseline -0.003 -10"><span class='ocrx_word' id='word_1_411' title='bbox 187 4142 461 4194; x_wconf 83' lang='lat' dir='ltr'><strong>mundum</strong></span> <span class='ocrx_word' id='word_1_412' title='bbox 493 4152 585 4191; x_wconf 88' lang='lat' dir='ltr'><strong>seu</strong></span> <span class='ocrx_word' id='word_1_413' title='bbox 617 4134 1006 4189; x_wconf 79' lang='lat' dir='ltr'><strong>Faramnntlum</strong></span> <span class='ocrx_word' id='word_1_414' title='bbox 1061 4134 1373 4204; x_wconf 71' lang='lat' dir='ltr'><strong>appellant,</strong></span> <span class='ocrx_word' id='word_1_415' title='bbox 1405 4153 1562 4204; x_wconf 91' lang='lat' dir='ltr'><strong>quem</strong></span> <span class='ocrx_word' id='word_1_416' title='bbox 1617 4136 1778 4189; x_wconf 87' lang='lat' dir='ltr'><strong>Chlo-</strong></span> 
     </span>
    </p>
   </div>
   <div class='ocr_carea' id='block_1_60' title="bbox 183 4204 1774 4276">
    <p class='ocr_par' dir='ltr' id='par_1_60' title="bbox 183 4204 1774 4276">
     <span class='ocr_line' id='line_1_60' title="bbox 183 4204 1774 4276; baseline -0.004 -11"><span class='ocrx_word' id='word_1_417' title='bbox 183 4211 381 4265; x_wconf 88' lang='lat' dir='ltr'><strong>dionis</strong></span> <span class='ocrx_word' id='word_1_418' title='bbox 441 4217 641 4273; x_wconf 87' lang='lat' dir='ltr'><strong>patrem</strong></span> <span class='ocrx_word' id='word_1_419' title='bbox 669 4248 684 4271; x_wconf 90' lang='lat'><strong>,</strong></span> <span class='ocrx_word' id='word_1_420' title='bbox 716 4215 773 4260; x_wconf 91' lang='lat' dir='ltr'><strong>et</strong></span> <span class='ocrx_word' id='word_1_421' title='bbox 830 4206 1095 4260; x_wconf 68' lang='lat' dir='ltr'><strong>Francicaa</strong></span> <span class='ocrx_word' id='word_1_422' title='bbox 1150 4204 1473 4261; x_wconf 69' lang='lat' dir='ltr'><strong>mouarcbia:</strong></span> <span class='ocrx_word' id='word_1_423' title='bbox 1503 4216 1774 4276; x_wconf 89' lang='lat' dir='ltr'><strong>parentem</strong></span> 
     </span>
    </p>
   </div>
   <div class='ocr_carea' id='block_1_61' title="bbox 182 4276 1779 4345">
    <p class='ocr_par' dir='ltr' id='par_1_61' title="bbox 182 4276 1779 4345">
     <span class='ocr_line' id='line_1_61' title="bbox 182 4276 1779 4345; baseline -0.003 -10"><span class='ocrx_word' id='word_1_424' title='bbox 182 4296 317 4335; x_wconf 68' lang='lat' dir='ltr'><strong>esse</strong></span> <span class='ocrx_word' id='word_1_425' title='bbox 366 4277 586 4332; x_wconf 74' lang='lat' dir='ltr'><strong>volunt?</strong></span> <span class='ocrx_word' id='word_1_426' title='bbox 608 4278 955 4330; x_wconf 78' lang='lat' dir='ltr'><strong>Chlotlionem</strong></span> <span class='ocrx_word' id='word_1_427' title='bbox 987 4276 1302 4330; x_wconf 87' lang='lat' dir='ltr'><strong>Faramundi</strong></span> <span class='ocrx_word' id='word_1_428' title='bbox 1336 4276 1499 4331; x_wconf 79' lang='lat' dir='ltr'><strong>lilium</strong></span> <span class='ocrx_word' id='word_1_429' title='bbox 1545 4276 1779 4345; x_wconf 85' lang='lat' dir='ltr'><strong>appellat</strong></span> 
     </span>
    </p>
   </div>
   <div class='ocr_carea' id='block_1_62' title="bbox 182 4346 1775 4415">
    <p class='ocr_par' dir='ltr' id='par_1_62' title="bbox 182 4346 1775 4415">
     <span class='ocr_line' id='line_1_62' title="bbox 182 4346 1775 4415; baseline -0.001 -12"><span class='ocrx_word' id='word_1_430' title='bbox 182 4362 418 4413; x_wconf 80' lang='lat' dir='ltr'><strong>auctor,</strong></span> <span class='ocrx_word' id='word_1_431' title='bbox 451 4350 540 4415; x_wconf 89' lang='lat' dir='ltr'><strong>qui</strong></span> <span class='ocrx_word' id='word_1_432' title='bbox 584 4346 742 4401; x_wconf 86' lang='lat' dir='ltr'><strong>Gesta</strong></span> <span class='ocrx_word' id='word_1_433' title='bbox 792 4347 1113 4401; x_wconf 80' lang='lat' dir='ltr'><strong>Francorum</strong></span> <span class='ocrx_word' id='word_1_434' title='bbox 1153 4351 1363 4415; x_wconf 85' lang='lat' dir='ltr'><strong>scripsit</strong></span> <span class='ocrx_word' id='word_1_435' title='bbox 1399 4349 1500 4402; x_wconf 87' lang='lat' dir='ltr'><strong>sub</strong></span> <span class='ocrx_word' id='word_1_436' title='bbox 1529 4346 1775 4401; x_wconf 86' lang='lat' dir='ltr'><strong>Theode-</strong></span> 
     </span>
    </p>
   </div>
   <div class='ocr_carea' id='block_1_63' title="bbox 184 4416 1778 4487">
    <p class='ocr_par' dir='ltr' id='par_1_63' title="bbox 184 4416 1778 4487">
     <span class='ocr_line' id='line_1_63' title="bbox 184 4416 1778 4487; baseline 0 -18"><span class='ocrx_word' id='word_1_437' title='bbox 184 4422 311 4475; x_wconf 82' lang='lat' dir='ltr'><strong>rico</strong></span> <span class='ocrx_word' id='word_1_438' title='bbox 348 4420 390 4472; x_wconf 88' lang='lat' dir='ltr'><strong>tl</strong></span> <span class='ocrx_word' id='word_1_439' title='bbox 432 4432 579 4486; x_wconf 88' lang='lat' dir='ltr'><strong>rege,</strong></span> <span class='ocrx_word' id='word_1_440' title='bbox 609 4432 765 4487; x_wconf 87' lang='lat' dir='ltr'><strong>quem</strong></span> <span class='ocrx_word' id='word_1_441' title='bbox 815 4418 983 4471; x_wconf 77' lang='lat' dir='ltr'><strong>secuti</strong></span> <span class='ocrx_word' id='word_1_442' title='bbox 1014 4425 1145 4487; x_wconf 81' lang='lat' dir='ltr'><strong>sunt</strong></span> <span class='ocrx_word' id='word_1_443' title='bbox 1177 4416 1392 4483; x_wconf 64' lang='grc' dir='ltr'><strong>Κονίου,</strong></span> <span class='ocrx_word' id='word_1_444' title='bbox 1422 4430 1526 4473; x_wconf 89' lang='lat' dir='ltr'><strong>etc.</strong></span> <span class='ocrx_word' id='word_1_445' title='bbox 1562 4420 1617 4487; x_wconf 90' lang='lat' dir='ltr'><strong>In</strong></span> <span class='ocrx_word' id='word_1_446' title='bbox 1649 4417 1778 4470; x_wconf 80' lang='lat' dir='ltr'><strong>Pro-</strong></span> 
     </span>
    </p>
   </div>
   <div class='ocr_carea' id='block_1_64' title="bbox 184 4485 1773 4553">
    <p class='ocr_par' dir='ltr' id='par_1_64' title="bbox 184 4485 1773 4553">
     <span class='ocr_line' id='line_1_64' title="bbox 184 4485 1773 4553; baseline -0.003 -10"><span class='ocrx_word' id='word_1_447' title='bbox 184 4491 344 4553; x_wconf 62' lang='grc' dir='ltr'><strong>ερρτὶ</strong></span> <span class='ocrx_word' id='word_1_448' title='bbox 374 4485 641 4542; x_wconf 75' lang='lat' dir='ltr'><strong>Chronico</strong></span> <span class='ocrx_word' id='word_1_449' title='bbox 675 4490 741 4541; x_wconf 88' lang='lat' dir='ltr'><strong>ad</strong></span> <span class='ocrx_word' id='word_1_450' title='bbox 779 4502 974 4543; x_wconf 88' lang='lat' dir='ltr'><strong>annum</strong></span> <span class='ocrx_word' id='word_1_451' title='bbox 1012 4485 1084 4541; x_wconf 73' lang='lat'><strong>26</strong></span> <span class='ocrx_word' id='word_1_452' title='bbox 1113 4486 1352 4551; x_wconf 88' lang='lat' dir='ltr'><strong>llonorii,</strong></span> <span class='ocrx_word' id='word_1_453' title='bbox 1387 4488 1549 4541; x_wconf 85' lang='lat' dir='ltr'><strong>idest</strong></span> <span class='ocrx_word' id='word_1_454' title='bbox 1578 4486 1773 4541; x_wconf 84' lang='lat' dir='ltr'><strong>Christi</strong></span> 
     </span>
    </p>
   </div>
   <div class='ocr_carea' id='block_1_65' title="bbox 182 4556 1861 4649">
    <p class='ocr_par' dir='ltr' id='par_1_65' title="bbox 182 4556 1861 4649">
     <span class='ocr_line' id='line_1_65' title="bbox 182 4556 1861 4649; baseline -0.001 -38"><span class='ocrx_word' id='word_1_455' title='bbox 182 4560 341 4623; x_wconf 63' lang='lat'><strong>420,</strong></span> <span class='ocrx_word' id='word_1_456' title='bbox 376 4557 746 4611; x_wconf 82' lang='lat' dir='ltr'><strong>Faramundus</strong></span> <span class='ocrx_word' id='word_1_457' title='bbox 776 4571 1027 4621; x_wconf 71' lang='lat' dir='ltr'><strong>regnasse</strong></span> <span class='ocrx_word' id='word_1_458' title='bbox 1071 4556 1269 4610; x_wconf 91' lang='lat' dir='ltr'><strong>dicitur</strong></span> <span class='ocrx_word' id='word_1_459' title='bbox 1309 4558 1363 4611; x_wconf 91' lang='lat' dir='ltr'><strong>in</strong></span> <span class='ocrx_word' id='word_1_460' title='bbox 1414 4557 1672 4622; x_wconf 83' lang='lat' dir='ltr'><strong>Francia;</strong></span> <span class='ocrx_word' id='word_1_461' title='bbox 1723 4564 1779 4612; x_wconf 91' lang='lat' dir='ltr'><strong>et</strong></span> <span class='ocrx_word' id='word_1_462' title='bbox 1810 4588 1861 4649; x_wconf 67' lang='grc' dir='ltr'><strong>Β</strong></span> 
     </span>
     <span class='ocr_line' id='line_1_66' title="bbox 190 4626 1744 4649; baseline 0 0"><span class='ocrx_word' id='word_1_463' title='bbox 190 4646 207 4649; x_wconf 53' lang='grc' dir='ltr'><strong>Α</strong></span> <span class='ocrx_word' id='word_1_464' title='bbox 264 4648 281 4649; x_wconf 35' lang='lat'><em>7</em></span> <span class='ocrx_word' id='word_1_465' title='bbox 312 4632 453 4649; x_wconf 30' lang='grc' dir='ltr'><strong>κέλ---</strong></span> <span class='ocrx_word' id='word_1_466' title='bbox 505 4627 567 4649; x_wconf 63' lang='grc' dir='ltr'><strong>,Δ</strong></span> <span class='ocrx_word' id='word_1_467' title='bbox 602 4643 791 4649; x_wconf 68' lang='grc'><strong>--..--...</strong></span> <span class='ocrx_word' id='word_1_468' title='bbox 835 4626 852 4649; x_wconf 79' lang='grc' dir='ltr'>ι</span> <span class='ocrx_word' id='word_1_469' title='bbox 879 4626 1164 4649; x_wconf 49' lang='lat' dir='ltr'><strong>&#39;I‘LAAJ---:2</strong></span> <span class='ocrx_word' id='word_1_470' title='bbox 1240 4627 1289 4649; x_wconf 69' lang='lat'><strong>2.]</strong></span> <span class='ocrx_word' id='word_1_471' title='bbox 1320 4638 1394 4649; x_wconf 37' lang='grc' dir='ltr'><strong>ΑΛ.</strong></span> <span class='ocrx_word' id='word_1_472' title='bbox 1420 4628 1611 4649; x_wconf 65' lang='grc' dir='ltr'><strong>ι*ι.-ε-.ξ</strong></span> <span class='ocrx_word' id='word_1_473' title='bbox 1644 4626 1744 4649; x_wconf 67' lang='grc' dir='ltr'><strong>ηοω</strong></span> 
     </span>
    </p>
   </div>
   <div class='ocr_carea' id='block_1_66' title="bbox 185 4626 1777 4697">
    <p class='ocr_par' dir='ltr' id='par_1_66' title="bbox 185 4626 1777 4697">
     <span class='ocr_line' id='line_1_67' title="bbox 185 4626 1777 4697; baseline -0.003 -14"><span class='ocrx_word' id='word_1_474' title='bbox 185 4632 455 4697; x_wconf 78' lang='lat' dir='ltr'><strong>superius</strong></span> <span class='ocrx_word' id='word_1_475' title='bbox 500 4627 569 4680; x_wconf 87' lang='lat' dir='ltr'><strong>ad</strong></span> <span class='ocrx_word' id='word_1_476' title='bbox 600 4643 793 4680; x_wconf 88' lang='lat' dir='ltr'><strong>annum</strong></span> <span class='ocrx_word' id='word_1_477' title='bbox 825 4626 858 4679; x_wconf 71' lang='grc'><strong>4</strong></span> <span class='ocrx_word' id='word_1_478' title='bbox 879 4626 1167 4697; x_wconf 77' lang='lat' dir='ltr'><strong>Theodosii</strong></span> <span class='ocrx_word' id='word_1_479' title='bbox 1193 4672 1206 4693; x_wconf 86' lang='lat'><strong>,</strong></span> <span class='ocrx_word' id='word_1_480' title='bbox 1240 4627 1289 4680; x_wconf 88' lang='lat' dir='ltr'><strong>id</strong></span> <span class='ocrx_word' id='word_1_481' title='bbox 1317 4638 1397 4681; x_wconf 69' lang='lat' dir='ltr'><strong>est</strong></span> <span class='ocrx_word' id='word_1_482' title='bbox 1419 4628 1613 4682; x_wconf 86' lang='lat' dir='ltr'><strong>Christi</strong></span> <span class='ocrx_word' id='word_1_483' title='bbox 1642 4626 1777 4689; x_wconf 69' lang='lat'><strong>382,</strong></span> 
     </span>
    </p>
   </div>
   <div class='ocr_carea' id='block_1_67' title="bbox 183 4695 1783 4770">
    <p class='ocr_par' dir='ltr' id='par_1_67' title="bbox 183 4695 1783 4770">
     <span class='ocr_line' id='line_1_68' title="bbox 183 4695 1783 4770; baseline -0.003 -15"><span class='ocrx_word' id='word_1_484' title='bbox 183 4695 398 4770; x_wconf 73' lang='lat' dir='ltr'><strong>legitur</strong></span> <span class='ocrx_word' id='word_1_485' title='bbox 420 4738 437 4760; x_wconf 89' lang='lat'><strong>,</strong></span> <span class='ocrx_word' id='word_1_486' title='bbox 464 4697 707 4770; x_wconf 49' lang='lat' dir='ltr'><strong>priamus</strong></span> <span class='ocrx_word' id='word_1_487' title='bbox 736 4706 910 4770; x_wconf 66' lang='lat' dir='ltr'><strong>regnat</strong></span> <span class='ocrx_word' id='word_1_488' title='bbox 936 4698 987 4749; x_wconf 85' lang='lat' dir='ltr'><strong>in</strong></span> <span class='ocrx_word' id='word_1_489' title='bbox 1012 4695 1256 4750; x_wconf 76' lang='lat' dir='ltr'><strong>Francia.</strong></span> <span class='ocrx_word' id='word_1_490' title='bbox 1280 4697 1644 4770; x_wconf 70' lang='lat' dir='ltr'><strong>A_t_Eugenius</strong></span> <span class='ocrx_word' id='word_1_491' title='bbox 1669 4739 1684 4763; x_wconf 90' lang='lat'><strong>,</strong></span> <span class='ocrx_word' id='word_1_492' title='bbox 1714 4698 1783 4752; x_wconf 89' lang='lat' dir='ltr'><strong>de</strong></span> 
     </span>
    </p>
   </div>
   <div class='ocr_carea' id='block_1_68' title="bbox 182 4767 1782 4836">
    <p class='ocr_par' dir='ltr' id='par_1_68' title="bbox 182 4767 1782 4836">
     <span class='ocr_line' id='line_1_69' title="bbox 182 4767 1782 4836; baseline -0.003 -13"><span class='ocrx_word' id='word_1_493' title='bbox 182 4767 302 4836; x_wconf 57' lang='lat' dir='ltr'><strong>quo</strong></span> <span class='ocrx_word' id='word_1_494' title='bbox 338 4772 429 4822; x_wconf 90' lang='lat' dir='ltr'><strong>hic</strong></span> <span class='ocrx_word' id='word_1_495' title='bbox 450 4767 762 4836; x_wconf 76' lang='lat' dir='ltr'><strong>Gregorius,</strong></span> <span class='ocrx_word' id='word_1_496' title='bbox 794 4767 1001 4821; x_wconf 66' lang='lat' dir='ltr'><strong>oecisus</strong></span> <span class='ocrx_word' id='word_1_497' title='bbox 1030 4776 1115 4821; x_wconf 90' lang='lat' dir='ltr'><strong>est</strong></span> <span class='ocrx_word' id='word_1_498' title='bbox 1145 4782 1285 4821; x_wconf 82' lang='lat' dir='ltr'><strong>anno</strong></span> <span class='ocrx_word' id='word_1_499' title='bbox 1315 4767 1437 4820; x_wconf 66' lang='lat'><strong>594.</strong></span> <span class='ocrx_word' id='word_1_500' title='bbox 1464 4767 1661 4821; x_wconf 71' lang='lat' dir='ltr'><strong>Mirum</strong></span> <span class='ocrx_word' id='word_1_501' title='bbox 1686 4784 1782 4820; x_wconf 86' lang='lat' dir='ltr'><strong>au-</strong></span> 
     </span>
    </p>
   </div>
   <div class='ocr_carea' id='block_1_69' title="bbox 186 4836 1782 4907">
    <p class='ocr_par' dir='ltr' id='par_1_69' title="bbox 186 4836 1782 4907">
     <span class='ocr_line' id='line_1_70' title="bbox 186 4836 1782 4907; baseline -0.002 -13"><span class='ocrx_word' id='word_1_502' title='bbox 186 4851 304 4893; x_wconf 77' lang='lat' dir='ltr'><strong>tem</strong></span> <span class='ocrx_word' id='word_1_503' title='bbox 334 4850 423 4893; x_wconf 67' lang='lat' dir='ltr'><strong>est</strong></span> <span class='ocrx_word' id='word_1_504' title='bbox 454 4839 581 4892; x_wconf 89' lang='lat' dir='ltr'><strong>nihil</strong></span> <span class='ocrx_word' id='word_1_505' title='bbox 605 4840 670 4889; x_wconf 86' lang='lat' dir='ltr'><strong>de</strong></span> <span class='ocrx_word' id='word_1_506' title='bbox 700 4838 1035 4890; x_wconf 87' lang='lat' dir='ltr'><strong>Faramtindo</strong></span> <span class='ocrx_word' id='word_1_507' title='bbox 1056 4840 1193 4904; x_wconf 81' lang='lat' dir='ltr'><strong>apud</strong></span> <span class='ocrx_word' id='word_1_508' title='bbox 1215 4837 1527 4907; x_wconf 80' lang='lat' dir='ltr'><strong>Gregorium</strong></span> <span class='ocrx_word' id='word_1_509' title='bbox 1558 4846 1612 4890; x_wconf 91' lang='lat' dir='ltr'><strong>et</strong></span> <span class='ocrx_word' id='word_1_510' title='bbox 1650 4836 1782 4891; x_wconf 86' lang='lat' dir='ltr'><strong>Fre-</strong></span> 
     </span>
    </p>
   </div>
   <div class='ocr_carea' id='block_1_70' title="bbox 186 4907 1781 4980">
    <p class='ocr_par' dir='ltr' id='par_1_70' title="bbox 186 4907 1781 4980">
     <span class='ocr_line' id='line_1_71' title="bbox 186 4907 1781 4980; baseline -0.001 -21"><span class='ocrx_word' id='word_1_511' title='bbox 186 4909 485 4980; x_wconf 65' lang='lat' dir='ltr'><strong>sia-geriem</strong></span> <span class='ocrx_word' id='word_1_512' title='bbox 518 4908 721 4980; x_wconf 84' lang='lat' dir='ltr'><strong>haberi.</strong></span> <span class='ocrx_word' id='word_1_513' title='bbox 753 4907 1016 4980; x_wconf 54' lang='lat' dir='ltr'><strong>(laterum</strong></span> <span class='ocrx_word' id='word_1_514' title='bbox 1068 4907 1311 4980; x_wconf 66' lang='lat' dir='ltr'><strong>Valesius</strong></span> <span class='ocrx_word' id='word_1_515' title='bbox 1355 4907 1449 4961; x_wconf 89' lang='lat' dir='ltr'><strong>lib.</strong></span> <span class='ocrx_word' id='word_1_516' title='bbox 1506 4908 1781 4980; x_wconf 31' lang='lat' dir='ltr'><strong>IIARCI‘llll!</strong></span> 
     </span>
    </p>
   </div>
   <div class='ocr_carea' id='block_1_71' title="bbox 185 4976 1784 5047">
    <p class='ocr_par' dir='ltr' id='par_1_71' title="bbox 185 4976 1784 5047">
     <span class='ocr_line' id='line_1_72' title="bbox 185 4976 1784 5047; baseline -0.003 -13"><span class='ocrx_word' id='word_1_517' title='bbox 185 4976 453 5034; x_wconf 62' lang='lat' dir='ltr'><strong>Francic.</strong></span> <span class='ocrx_word' id='word_1_518' title='bbox 476 5019 490 5043; x_wconf 82' lang='lat'><strong>,</strong></span> <span class='ocrx_word' id='word_1_519' title='bbox 524 4994 641 5046; x_wconf 83' lang='lat' dir='ltr'><strong>pag.</strong></span> <span class='ocrx_word' id='word_1_520' title='bbox 675 4978 765 5044; x_wconf 77' lang='lat'><strong>87,</strong></span> <span class='ocrx_word' id='word_1_521' title='bbox 798 4978 1019 5030; x_wconf 74' lang='lat' dir='ltr'><strong>inscilire</strong></span> <span class='ocrx_word' id='word_1_522' title='bbox 1056 4977 1372 5047; x_wconf 77' lang='lat' dir='ltr'><strong>Gregorium</strong></span> <span class='ocrx_word' id='word_1_523' title='bbox 1426 4977 1600 5047; x_wconf 85' lang='lat' dir='ltr'><strong>arguit</strong></span> <span class='ocrx_word' id='word_1_524' title='bbox 1643 4976 1784 5045; x_wconf 87' lang='lat' dir='ltr'><strong>quod</strong></span> 
     </span>
    </p>
   </div>
   <div class='ocr_carea' id='block_1_72' title="bbox 185 5046 1786 5115">
    <p class='ocr_par' dir='ltr' id='par_1_72' title="bbox 185 5046 1786 5115">
     <span class='ocr_line' id='line_1_73' title="bbox 185 5046 1786 5115; baseline -0.002 -15"><span class='ocrx_word' id='word_1_525' title='bbox 185 5067 257 5102; x_wconf 67' lang='lat' dir='ltr'><strong>ra</strong></span> <span class='ocrx_word' id='word_1_526' title='bbox 285 5053 452 5103; x_wconf 81' lang='lat' dir='ltr'><strong>verba</strong></span> <span class='ocrx_word' id='word_1_527' title='bbox 485 5048 704 5115; x_wconf 86' lang='lat' dir='ltr'><strong>Sulpicii</strong></span> <span class='ocrx_word' id='word_1_528' title='bbox 742 5048 1062 5110; x_wconf 75' lang='lat' dir='ltr'><strong>Alexandri,</strong></span> <span class='ocrx_word' id='word_1_529' title='bbox 1094 5046 1431 5112; x_wconf 81' lang='lat' dir='ltr'><strong>Genobaude,</strong></span> <span class='ocrx_word' id='word_1_530' title='bbox 1462 5046 1565 5102; x_wconf 84' lang='lat' dir='ltr'><strong>etc.</strong></span> <span class='ocrx_word' id='word_1_531' title='bbox 1595 5091 1609 5114; x_wconf 87' lang='lat'><strong>,</strong></span> <span class='ocrx_word' id='word_1_532' title='bbox 1641 5048 1786 5098; x_wconf 84' lang='lat' dir='ltr'><strong>duci-</strong></span> 
     </span>
    </p>
   </div>
   <div class='ocr_carea' id='block_1_73' title="bbox 188 5117 1789 5185">
    <p class='ocr_par' dir='ltr' id='par_1_73' title="bbox 188 5117 1789 5185">
     <span class='ocr_line' id='line_1_74' title="bbox 188 5117 1789 5185; baseline -0.002 -12"><span class='ocrx_word' id='word_1_533' title='bbox 188 5120 294 5173; x_wconf 65' lang='lat' dir='ltr'><strong>bus</strong></span> <span class='ocrx_word' id='word_1_534' title='bbox 318 5129 381 5173; x_wconf 86' lang='lat' dir='ltr'><strong>et</strong></span> <span class='ocrx_word' id='word_1_535' title='bbox 404 5117 720 5171; x_wconf 67' lang='lat' dir='ltr'><strong>lamentere</strong></span> <span class='ocrx_word' id='word_1_536' title='bbox 747 5120 876 5171; x_wconf 75' lang='lat' dir='ltr'><strong>duce</strong></span> <span class='ocrx_word' id='word_1_537' title='bbox 893 5158 910 5185; x_wconf 90' lang='lat'><strong>,</strong></span> <span class='ocrx_word' id='word_1_538' title='bbox 947 5118 1325 5181; x_wconf 81' lang='lat' dir='ltr'><strong>interpretatos</strong></span> <span class='ocrx_word' id='word_1_539' title='bbox 1352 5122 1420 5171; x_wconf 90' lang='lat' dir='ltr'><strong>sit</strong></span> <span class='ocrx_word' id='word_1_540' title='bbox 1446 5118 1514 5173; x_wconf 91' lang='lat' dir='ltr'><strong>de</strong></span> <span class='ocrx_word' id='word_1_541' title='bbox 1536 5117 1685 5170; x_wconf 87' lang='lat' dir='ltr'><strong>ducis</strong></span> <span class='ocrx_word' id='word_1_542' title='bbox 1707 5118 1789 5169; x_wconf 90' lang='lat' dir='ltr'><strong>di-</strong></span> 
     </span>
    </p>
   </div>
   <div class='ocr_carea' id='block_1_74' title="bbox 182 5187 1786 5259">
    <p class='ocr_par' dir='ltr' id='par_1_74' title="bbox 182 5187 1786 5259">
     <span class='ocr_line' id='line_1_75' title="bbox 182 5187 1786 5259; baseline -0.001 -19"><span class='ocrx_word' id='word_1_543' title='bbox 182 5198 443 5259; x_wconf 72' lang='lat' dir='ltr'><strong>gnitate,</strong></span> <span class='ocrx_word' id='word_1_544' title='bbox 488 5190 637 5258; x_wconf 87' lang='lat' dir='ltr'><strong>quasi</strong></span> <span class='ocrx_word' id='word_1_545' title='bbox 677 5200 805 5242; x_wconf 88' lang='lat' dir='ltr'><strong>tunc</strong></span> <span class='ocrx_word' id='word_1_546' title='bbox 845 5188 1099 5255; x_wconf 85' lang='lat' dir='ltr'><strong>temporis</strong></span> <span class='ocrx_word' id='word_1_547' title='bbox 1141 5187 1328 5241; x_wconf 86' lang='lat' dir='ltr'><strong>Franci</strong></span> <span class='ocrx_word' id='word_1_548' title='bbox 1372 5188 1540 5243; x_wconf 85' lang='lat' dir='ltr'><strong>duces</strong></span> <span class='ocrx_word' id='word_1_549' title='bbox 1585 5188 1786 5241; x_wconf 83' lang='lat' dir='ltr'><strong>solum-</strong></span> 
     </span>
    </p>
   </div>
   <div class='ocr_carea' id='block_1_75' title="bbox 184 5260 1783 5329">
    <p class='ocr_par' dir='ltr' id='par_1_75' title="bbox 184 5260 1783 5329">
     <span class='ocr_line' id='line_1_76' title="bbox 184 5260 1783 5329; baseline -0.001 -18"><span class='ocrx_word' id='word_1_550' title='bbox 184 5260 369 5311; x_wconf 76' lang='lat' dir='ltr'><strong>iiiodo</strong></span> <span class='ocrx_word' id='word_1_551' title='bbox 419 5260 738 5324; x_wconf 80' lang='lat' dir='ltr'><strong>habuerint,</strong></span> <span class='ocrx_word' id='word_1_552' title='bbox 772 5273 879 5312; x_wconf 86' lang='lat' dir='ltr'><strong>non</strong></span> <span class='ocrx_word' id='word_1_553' title='bbox 924 5273 1115 5329; x_wconf 67' lang='lat' dir='ltr'><strong>reges,</strong></span> <span class='ocrx_word' id='word_1_554' title='bbox 1145 5262 1287 5325; x_wconf 78' lang='lat' dir='ltr'><strong>quod</strong></span> <span class='ocrx_word' id='word_1_555' title='bbox 1311 5300 1325 5323; x_wconf 88' lang='lat'><strong>,</strong></span> <span class='ocrx_word' id='word_1_556' title='bbox 1361 5262 1565 5329; x_wconf 89' lang='lat' dir='ltr'><strong>inquit,</strong></span> <span class='ocrx_word' id='word_1_557' title='bbox 1602 5268 1783 5329; x_wconf 72' lang='lat' dir='ltr'><strong>postea</strong></span> 
     </span>
    </p>
   </div>
   <div class='ocr_carea' id='block_1_76' title="bbox 183 5326 1785 5393">
    <p class='ocr_par' dir='ltr' id='par_1_76' title="bbox 183 5326 1785 5393">
     <span class='ocr_line' id='line_1_77' title="bbox 183 5326 1785 5393; baseline -0.001 -14"><span class='ocrx_word' id='word_1_558' title='bbox 183 5340 418 5384; x_wconf 67' lang='lat' dir='ltr'><strong>veteres</strong></span> <span class='ocrx_word' id='word_1_559' title='bbox 440 5343 504 5381; x_wconf 85' lang='lat' dir='ltr'><strong>ac</strong></span> <span class='ocrx_word' id='word_1_560' title='bbox 530 5334 860 5383; x_wconf 83' lang='lat' dir='ltr'><strong>recentiores</strong></span> <span class='ocrx_word' id='word_1_561' title='bbox 886 5327 1125 5393; x_wconf 81' lang='lat' dir='ltr'><strong>plerique</strong></span> <span class='ocrx_word' id='word_1_562' title='bbox 1156 5330 1371 5382; x_wconf 85' lang='lat' dir='ltr'><strong>incaute</strong></span> <span class='ocrx_word' id='word_1_563' title='bbox 1392 5326 1557 5384; x_wconf 63' lang='lat' dir='ltr'><strong>secuti</strong></span> <span class='ocrx_word' id='word_1_564' title='bbox 1586 5326 1785 5393; x_wconf 70' lang='lat' dir='ltr'><strong>Grego-</strong></span> 
     </span>
    </p>
   </div>
   <div class='ocr_carea' id='block_1_77' title="bbox 180 5400 1782 5468">
    <p class='ocr_par' dir='ltr' id='par_1_77' title="bbox 180 5400 1782 5468">
     <span class='ocr_line' id='line_1_78' title="bbox 180 5400 1782 5468; baseline -0.001 -15"><span class='ocrx_word' id='word_1_565' title='bbox 180 5402 365 5462; x_wconf 77' lang='lat' dir='ltr'><strong>rium,</strong></span> <span class='ocrx_word' id='word_1_566' title='bbox 412 5400 611 5468; x_wconf 79' lang='lat' dir='ltr'><strong>pariter</strong></span> <span class='ocrx_word' id='word_1_567' title='bbox 658 5401 1010 5466; x_wconf 83' lang='lat' dir='ltr'><strong>scripserunt.</strong></span> <span class='ocrx_word' id='word_1_568' title='bbox 1053 5401 1185 5451; x_wconf 77' lang='lat' dir='ltr'><strong>Cum</strong></span> <span class='ocrx_word' id='word_1_569' title='bbox 1234 5412 1409 5453; x_wconf 87' lang='lat' dir='ltr'><strong>tamen</strong></span> <span class='ocrx_word' id='word_1_570' title='bbox 1440 5407 1782 5460; x_wconf 87' lang='lat' dir='ltr'><strong>certumst,</strong></span> 
     </span>
    </p>
   </div>
   <div class='ocr_carea' id='block_1_78' title="bbox 178 5468 1778 5528">
    <p class='ocr_par' dir='ltr' id='par_1_78' title="bbox 178 5468 1778 5528">
     <span class='ocr_line' id='line_1_79' title="bbox 178 5468 1778 5528; baseline 0.002 -8"><span class='ocrx_word' id='word_1_571' title='bbox 178 5481 255 5522; x_wconf 78' lang='grc' dir='ltr'>ιιι</span> <span class='ocrx_word' id='word_1_572' title='bbox 283 5472 381 5522; x_wconf 88' lang='lat' dir='ltr'><strong>ille</strong></span> <span class='ocrx_word' id='word_1_573' title='bbox 422 5469 715 5528; x_wconf 80' lang='lat' dir='ltr'><strong>existimat,</strong></span> <span class='ocrx_word' id='word_1_574' title='bbox 744 5469 890 5522; x_wconf 75' lang='lat' dir='ltr'><strong>ducis</strong></span> <span class='ocrx_word' id='word_1_575' title='bbox 918 5483 1040 5521; x_wconf 92' lang='lat' dir='ltr'><strong>nom</strong></span> <span class='ocrx_word' id='word_1_576' title='bbox 1066 5483 1132 5521; x_wconf 90' lang='lat' dir='ltr'><strong>ne</strong></span> <span class='ocrx_word' id='word_1_577' title='bbox 1181 5483 1246 5523; x_wconf 92' lang='lat' dir='ltr'><strong>eo</strong></span> <span class='ocrx_word' id='word_1_578' title='bbox 1298 5472 1415 5522; x_wconf 83' lang='lat' dir='ltr'><strong>loco</strong></span> <span class='ocrx_word' id='word_1_579' title='bbox 1459 5469 1590 5523; x_wconf 86' lang='lat' dir='ltr'><strong>nihil</strong></span> <span class='ocrx_word' id='word_1_580' title='bbox 1633 5468 1778 5520; x_wconf 82' lang='lat' dir='ltr'><strong>aliud</strong></span> 
     </span>
    </p>
   </div>
   <div class='ocr_carea' id='block_1_79' title="bbox 177 5538 1781 5607">
    <p class='ocr_par' dir='ltr' id='par_1_79' title="bbox 177 5538 1781 5607">
     <span class='ocr_line' id='line_1_80' title="bbox 177 5538 1781 5607; baseline -0.003 -13"><span class='ocrx_word' id='word_1_581' title='bbox 177 5539 503 5607; x_wconf 73' lang='lat' dir='ltr'><strong>Sulpicium</strong></span> <span class='ocrx_word' id='word_1_582' title='bbox 532 5538 795 5602; x_wconf 80' lang='lat' dir='ltr'><strong>volui-se,</strong></span> <span class='ocrx_word' id='word_1_583' title='bbox 843 5553 1000 5606; x_wconf 89' lang='lat' dir='ltr'><strong>quam</strong></span> <span class='ocrx_word' id='word_1_584' title='bbox 1041 5538 1106 5591; x_wconf 86' lang='lat' dir='ltr'><strong>iis</strong></span> <span class='ocrx_word' id='word_1_585' title='bbox 1136 5540 1445 5592; x_wconf 90' lang='lat' dir='ltr'><strong>auctoribus</strong></span> <span class='ocrx_word' id='word_1_586' title='bbox 1472 5553 1564 5592; x_wconf 88' lang='lat' dir='ltr'><strong>seu</strong></span> <span class='ocrx_word' id='word_1_587' title='bbox 1594 5539 1781 5590; x_wconf 82' lang='lat' dir='ltr'><strong>ducto-</strong></span> 
     </span>
    </p>
   </div>
   <div class='ocr_carea' id='block_1_80' title="bbox 178 5608 1785 5677">
    <p class='ocr_par' dir='ltr' id='par_1_80' title="bbox 178 5608 1785 5677">
     <span class='ocr_line' id='line_1_81' title="bbox 178 5608 1785 5677; baseline -0.001 -13"><span class='ocrx_word' id='word_1_588' title='bbox 178 5614 378 5673; x_wconf 80' lang='lat' dir='ltr'><strong>ribus,</strong></span> <span class='ocrx_word' id='word_1_589' title='bbox 431 5608 594 5673; x_wconf 82' lang='lat' dir='ltr'><strong>bella,</strong></span> <span class='ocrx_word' id='word_1_590' title='bbox 641 5624 758 5677; x_wconf 70' lang='lat' dir='ltr'><strong>quae</strong></span> <span class='ocrx_word' id='word_1_591' title='bbox 783 5611 867 5663; x_wconf 91' lang='lat' dir='ltr'><strong>hic</strong></span> <span class='ocrx_word' id='word_1_592' title='bbox 908 5621 1287 5670; x_wconf 89' lang='lat' dir='ltr'><strong>memorantur,</strong></span> <span class='ocrx_word' id='word_1_593' title='bbox 1320 5626 1348 5663; x_wconf 79' lang='grc' dir='ltr'>ιι</span> <span class='ocrx_word' id='word_1_594' title='bbox 1382 5608 1596 5662; x_wconf 82' lang='lat' dir='ltr'><strong>Francis</strong></span> <span class='ocrx_word' id='word_1_595' title='bbox 1624 5610 1785 5663; x_wconf 76' lang='lat' dir='ltr'><strong>fuisse</strong></span> 
     </span>
    </p>
   </div>
   <div class='ocr_carea' id='block_1_81' title="bbox 172 5678 1781 5750">
    <p class='ocr_par' dir='ltr' id='par_1_81' title="bbox 172 5678 1781 5750">
     <span class='ocr_line' id='line_1_82' title="bbox 172 5678 1781 5750; baseline -0.002 -16"><span class='ocrx_word' id='word_1_596' title='bbox 172 5684 469 5738; x_wconf 76' lang='lat' dir='ltr'><strong>contecta,</strong></span> <span class='ocrx_word' id='word_1_597' title='bbox 500 5680 819 5749; x_wconf 85' lang='lat' dir='ltr'><strong>altunueque</strong></span> <span class='ocrx_word' id='word_1_598' title='bbox 850 5680 978 5734; x_wconf 89' lang='lat' dir='ltr'><strong>istos</strong></span> <span class='ocrx_word' id='word_1_599' title='bbox 1011 5681 1280 5750; x_wconf 89' lang='lat' dir='ltr'><strong>principes</strong></span> <span class='ocrx_word' id='word_1_600' title='bbox 1304 5696 1426 5733; x_wconf 86' lang='lat' dir='ltr'><strong>vere</strong></span> <span class='ocrx_word' id='word_1_601' title='bbox 1458 5678 1781 5750; x_wconf 77' lang='lat' dir='ltr'><strong>Francorum</strong></span> 
     </span>
    </p>
   </div>
   <div class='ocr_carea' id='block_1_82' title="bbox 176 5746 1781 5821">
    <p class='ocr_par' dir='ltr' id='par_1_82' title="bbox 176 5746 1781 5821">
     <span class='ocr_line' id='line_1_83' title="bbox 176 5746 1781 5821; baseline 0.001 -22"><span class='ocrx_word' id='word_1_602' title='bbox 176 5768 356 5821; x_wconf 67' lang='lat' dir='ltr'><strong>rcges</strong></span> <span class='ocrx_word' id='word_1_603' title='bbox 414 5750 580 5803; x_wconf 77' lang='lat' dir='ltr'><strong>fuisse</strong></span> <span class='ocrx_word' id='word_1_604' title='bbox 626 5746 834 5804; x_wconf 75' lang='lat' dir='ltr'><strong>constet</strong></span> <span class='ocrx_word' id='word_1_605' title='bbox 861 5767 925 5806; x_wconf 77' lang='lat' dir='ltr'><strong>ex</strong></span> <span class='ocrx_word' id='word_1_606' title='bbox 954 5746 1255 5806; x_wconf 69' lang='lat' dir='ltr'><strong>Claudiano</strong></span> <span class='ocrx_word' id='word_1_607' title='bbox 1278 5790 1294 5813; x_wconf 87' lang='lat'><strong>,</strong></span> <span class='ocrx_word' id='word_1_608' title='bbox 1328 5751 1547 5821; x_wconf 85' lang='lat' dir='ltr'><strong>Paulino</strong></span> <span class='ocrx_word' id='word_1_609' title='bbox 1579 5748 1631 5801; x_wconf 92' lang='lat' dir='ltr'><strong>in</strong></span> <span class='ocrx_word' id='word_1_610' title='bbox 1668 5746 1781 5801; x_wconf 89' lang='lat' dir='ltr'><strong>Vita</strong></span> 
     </span>
    </p>
   </div>
   <div class='ocr_carea' id='block_1_83' title="bbox 174 5820 1782 5891">
    <p class='ocr_par' dir='ltr' id='par_1_83' title="bbox 174 5820 1782 5891">
     <span class='ocr_line' id='line_1_84' title="bbox 174 5820 1782 5891; baseline -0.002 -14"><span class='ocrx_word' id='word_1_611' title='bbox 174 5820 369 5877; x_wconf 68' lang='lat' dir='ltr'><strong>aucti</strong></span> <span class='ocrx_word' id='word_1_612' title='bbox 428 5821 725 5883; x_wconf 78' lang='lat' dir='ltr'><strong>Ambrosii,</strong></span> <span class='ocrx_word' id='word_1_613' title='bbox 754 5832 805 5877; x_wconf 91' lang='lat' dir='ltr'><strong>et</strong></span> <span class='ocrx_word' id='word_1_614' title='bbox 836 5823 1058 5886; x_wconf 73' lang='lat' dir='ltr'><strong>ipsemet</strong></span> <span class='ocrx_word' id='word_1_615' title='bbox 1103 5822 1374 5891; x_wconf 84' lang='lat' dir='ltr'><strong>Sulpicio,</strong></span> <span class='ocrx_word' id='word_1_616' title='bbox 1408 5820 1497 5888; x_wconf 88' lang='lat' dir='ltr'><strong>qui</strong></span> <span class='ocrx_word' id='word_1_617' title='bbox 1540 5834 1634 5875; x_wconf 85' lang='lat' dir='ltr'><strong>eos</strong></span> <span class='ocrx_word' id='word_1_618' title='bbox 1678 5835 1782 5874; x_wconf 90' lang='lat' dir='ltr'><strong>non</strong></span> 
     </span>
    </p>
   </div>
   <div class='ocr_carea' id='block_1_84' title="bbox 1876 1934 3448 2017">
    <p class='ocr_par' dir='ltr' id='par_1_84' title="bbox 1876 1934 3448 2017">
     <span class='ocr_line' id='line_1_85' title="bbox 1876 1934 3448 2017; baseline 0.008 -23"><span class='ocrx_word' id='word_1_619' title='bbox 1876 1942 2009 1996; x_wconf 82' lang='lat' dir='ltr'><strong>fert:</strong></span> <span class='ocrx_word' id='word_1_620' title='bbox 2041 1934 2255 1996; x_wconf 82' lang='lat' dir='ltr'><strong>llisdem</strong></span> <span class='ocrx_word' id='word_1_621' title='bbox 2285 1940 2473 1997; x_wconf 88' lang='lat' dir='ltr'><strong>diebus</strong></span> <span class='ocrx_word' id='word_1_622' title='bbox 2502 1949 2788 2012; x_wconf 68' lang='lat' dir='ltr'><strong>pratlcctus</strong></span> <span class='ocrx_word' id='word_1_623' title='bbox 2815 1954 3162 2017; x_wconf 83' lang='lat' dir='ltr'><strong>tyrannorum</strong></span> <span class='ocrx_word' id='word_1_624' title='bbox 3199 1949 3448 2006; x_wconf 89' lang='lat' dir='ltr'><strong>Decimus</strong></span> 
     </span>
    </p>
   </div>
   <div class='ocr_carea' id='block_1_85' title="bbox 1874 2030 3450 2105">
    <p class='ocr_par' dir='ltr' id='par_1_85' title="bbox 1874 2030 3450 2105">
     <span class='ocr_line' id='line_1_86' title="bbox 1874 2030 3450 2105; baseline 0.007 -21"><span class='ocrx_word' id='word_1_625' title='bbox 1874 2030 2125 2085; x_wconf 62' lang='lat' dir='ltr'><strong>llusticus</strong></span> <span class='ocrx_word' id='word_1_626' title='bbox 2150 2073 2164 2094; x_wconf 88' lang='lat'><strong>,</strong></span> <span class='ocrx_word' id='word_1_627' title='bbox 2223 2032 2507 2102; x_wconf 78' lang='lat' dir='ltr'><strong>Agroetius</strong></span> <span class='ocrx_word' id='word_1_628' title='bbox 2539 2049 2603 2088; x_wconf 81' lang='lat' dir='ltr'><strong>ex</strong></span> <span class='ocrx_word' id='word_1_629' title='bbox 2649 2036 2958 2105; x_wconf 87' lang='lat' dir='ltr'><strong>primicerio</strong></span> <span class='ocrx_word' id='word_1_630' title='bbox 2987 2041 3313 2096; x_wconf 79' lang='lat' dir='ltr'><strong>notariorum</strong></span> <span class='ocrx_word' id='word_1_631' title='bbox 3352 2043 3450 2097; x_wconf 85' lang='lat' dir='ltr'><strong>Jo-</strong></span> 
     </span>
    </p>
   </div>
   <div class='ocr_carea' id='block_1_86' title="bbox 1874 2118 3445 2201">
    <p class='ocr_par' dir='ltr' id='par_1_86' title="bbox 1874 2118 3445 2201">
     <span class='ocr_line' id='line_1_87' title="bbox 1874 2118 3445 2201; baseline 0.007 -25"><span class='ocrx_word' id='word_1_632' title='bbox 1874 2123 1980 2178; x_wconf 88' lang='lat' dir='ltr'><strong>vini</strong></span> <span class='ocrx_word' id='word_1_633' title='bbox 2010 2133 2066 2189; x_wconf 67' lang='lat'><strong>0,</strong></span> <span class='ocrx_word' id='word_1_634' title='bbox 2102 2118 2361 2195; x_wconf 83' lang='lat' dir='ltr'><strong>multique</strong></span> <span class='ocrx_word' id='word_1_635' title='bbox 2409 2124 2615 2182; x_wconf 86' lang='lat' dir='ltr'><strong>tio-biles</strong></span> <span class='ocrx_word' id='word_1_636' title='bbox 2645 2128 2781 2195; x_wconf 86' lang='lat' dir='ltr'><strong>apud</strong></span> <span class='ocrx_word' id='word_1_637' title='bbox 2814 2130 3082 2184; x_wconf 89' lang='lat' dir='ltr'><strong>Arvernos</strong></span> <span class='ocrx_word' id='word_1_638' title='bbox 3111 2135 3249 2201; x_wconf 83' lang='lat' dir='ltr'><strong>capti</strong></span> <span class='ocrx_word' id='word_1_639' title='bbox 3290 2149 3319 2187; x_wconf 88' lang='lat' dir='ltr'><strong>a</strong></span> <span class='ocrx_word' id='word_1_640' title='bbox 3349 2134 3445 2188; x_wconf 80' lang='lat' dir='ltr'><strong>du-</strong></span> 
     </span>
    </p>
   </div>
   <div class='ocr_carea' id='block_1_87' title="bbox 1872 2216 3453 2291">
    <p class='ocr_par' dir='ltr' id='par_1_87' title="bbox 1872 2216 3453 2291">
     <span class='ocr_line' id='line_1_88' title="bbox 1872 2216 3453 2291; baseline 0.006 -20"><span class='ocrx_word' id='word_1_641' title='bbox 1872 2216 2024 2271; x_wconf 89' lang='lat' dir='ltr'><strong>cibus</strong></span> <span class='ocrx_word' id='word_1_642' title='bbox 2077 2217 2419 2285; x_wconf 85' lang='lat' dir='ltr'><strong>llonorianis,</strong></span> <span class='ocrx_word' id='word_1_643' title='bbox 2493 2228 2549 2274; x_wconf 89' lang='lat' dir='ltr'><strong>et</strong></span> <span class='ocrx_word' id='word_1_644' title='bbox 2608 2218 2898 2276; x_wconf 88' lang='lat' dir='ltr'><strong>crudeliter</strong></span> <span class='ocrx_word' id='word_1_645' title='bbox 2948 2221 3254 2291; x_wconf 89' lang='lat' dir='ltr'><strong>interempti</strong></span> <span class='ocrx_word' id='word_1_646' title='bbox 3305 2235 3453 2281; x_wconf 89' lang='lat' dir='ltr'><strong>sunt.</strong></span> 
     </span>
    </p>
   </div>
   <div class='ocr_carea' id='block_1_88' title="bbox 1873 2308 3455 2390">
    <p class='ocr_par' dir='ltr' id='par_1_88' title="bbox 1873 2308 3455 2390">
     <span class='ocr_line' id='line_1_89' title="bbox 1873 2308 3455 2390; baseline 0.009 -27"><span class='ocrx_word' id='word_1_647' title='bbox 1873 2309 2230 2365; x_wconf 86' lang='lat' dir='ltr'><strong>Treverorum</strong></span> <span class='ocrx_word' id='word_1_648' title='bbox 2279 2311 2470 2365; x_wconf 84' lang='lat' dir='ltr'><strong>civitas</strong></span> <span class='ocrx_word' id='word_1_649' title='bbox 2518 2326 2548 2366; x_wconf 92' lang='lat' dir='ltr'><strong>a</strong></span> <span class='ocrx_word' id='word_1_650' title='bbox 2594 2308 2812 2368; x_wconf 79' lang='lat' dir='ltr'><strong>Francis</strong></span> <span class='ocrx_word' id='word_1_651' title='bbox 2844 2314 3087 2386; x_wconf 85' lang='lat' dir='ltr'><strong>direpta,</strong></span> <span class='ocrx_word' id='word_1_652' title='bbox 3126 2316 3455 2390; x_wconf 79' lang='lat' dir='ltr'><strong>incensaque</strong></span> 
     </span>
    </p>
   </div>
   <div class='ocr_carea' id='block_1_89' title="bbox 1873 2402 3452 2472">
    <p class='ocr_par' dir='ltr' id='par_1_89' title="bbox 1873 2402 3452 2472">
     <span class='ocr_line' id='line_1_90' title="bbox 1873 2402 3452 2472; baseline 0.004 -15"><span class='ocrx_word' id='word_1_653' title='bbox 1873 2412 1957 2457; x_wconf 87' lang='lat' dir='ltr'><strong>cst</strong></span> <span class='ocrx_word' id='word_1_654' title='bbox 2001 2402 2236 2457; x_wconf 88' lang='lat' dir='ltr'><strong>secunda</strong></span> <span class='ocrx_word' id='word_1_655' title='bbox 2278 2403 2604 2472; x_wconf 81' lang='lat' dir='ltr'><strong>irruptione.</strong></span> <span class='ocrx_word' id='word_1_656' title='bbox 2642 2419 2662 2456; x_wconf 72' lang='grc' dir='ltr'><strong>ι</strong></span> <span class='ocrx_word' id='word_1_657' title='bbox 2696 2406 2829 2460; x_wconf 91' lang='lat' dir='ltr'><strong>Cum</strong></span> <span class='ocrx_word' id='word_1_658' title='bbox 2862 2417 3038 2463; x_wconf 90' lang='lat' dir='ltr'><strong>autem</strong></span> <span class='ocrx_word' id='word_1_659' title='bbox 3071 2410 3315 2466; x_wconf 87' lang='lat' dir='ltr'><strong>Asterius</strong></span> <span class='ocrx_word' id='word_1_660' title='bbox 3361 2426 3452 2466; x_wconf 77' lang='lat' dir='ltr'><strong>co-</strong></span> 
     </span>
    </p>
   </div>
   <div class='ocr_carea' id='block_1_90' title="bbox 1873 2492 3447 2573">
    <p class='ocr_par' dir='ltr' id='par_1_90' title="bbox 1873 2492 3447 2573">
     <span class='ocr_line' id='line_1_91' title="bbox 1873 2492 3447 2573; baseline 0.009 -26"><span class='ocrx_word' id='word_1_661' title='bbox 1873 2492 2066 2549; x_wconf 88' lang='lat' dir='ltr'><strong>dicillis</strong></span> <span class='ocrx_word' id='word_1_662' title='bbox 2091 2496 2459 2566; x_wconf 87' lang='lat' dir='ltr'><strong>imperialibus</strong></span> <span class='ocrx_word' id='word_1_663' title='bbox 2488 2497 2821 2566; x_wconf 87' lang='lat' dir='ltr'><strong>patriciatum</strong></span> <span class='ocrx_word' id='word_1_664' title='bbox 2844 2501 3066 2556; x_wconf 71' lang='lat' dir='ltr'><strong>sonitus</strong></span> <span class='ocrx_word' id='word_1_665' title='bbox 3099 2502 3306 2573; x_wconf 78' lang='lat' dir='ltr'><strong>luisset,</strong></span> <span class='ocrx_word' id='word_1_666' title='bbox 3333 2506 3447 2561; x_wconf 71' lang='lat' dir='ltr'><strong>hinc</strong></span> 
     </span>
    </p>
   </div>
   <div class='ocr_carea' id='block_1_91' title="bbox 1875 2585 3447 2659">
    <p class='ocr_par' dir='ltr' id='par_1_91' title="bbox 1875 2585 3447 2659">
     <span class='ocr_line' id='line_1_92' title="bbox 1875 2585 3447 2659; baseline 0.01 -21"><span class='ocrx_word' id='word_1_667' title='bbox 1875 2585 2158 2658; x_wconf 83' lang='lat' dir='ltr'><strong>adjtmgit:</strong></span> <span class='ocrx_word' id='word_1_668' title='bbox 2197 2605 2216 2638; x_wconf 72' lang='grc' dir='ltr'>ι</span> <span class='ocrx_word' id='word_1_669' title='bbox 2259 2587 2459 2643; x_wconf 84' lang='lat' dir='ltr'><strong>Eodem</strong></span> <span class='ocrx_word' id='word_1_670' title='bbox 2484 2598 2724 2659; x_wconf 90' lang='lat' dir='ltr'><strong>tempore</strong></span> <span class='ocrx_word' id='word_1_671' title='bbox 2751 2590 3002 2647; x_wconf 84' lang='lat' dir='ltr'><strong>Castinus</strong></span> <span class='ocrx_word' id='word_1_672' title='bbox 3031 2595 3447 2653; x_wconf 87' lang='lat' dir='ltr'><strong>domesticorum</strong></span> 
     </span>
    </p>
   </div>
   <div class='ocr_carea' id='block_1_92' title="bbox 1876 2679 3454 2754">
    <p class='ocr_par' dir='ltr' id='par_1_92' title="bbox 1876 2679 3454 2754">
     <span class='ocr_line' id='line_1_93' title="bbox 1876 2679 3454 2754; baseline 0.007 -22"><span class='ocrx_word' id='word_1_673' title='bbox 1876 2692 2078 2744; x_wconf 75' lang='lat' dir='ltr'><strong>contos,</strong></span> <span class='ocrx_word' id='word_1_674' title='bbox 2124 2679 2465 2749; x_wconf 79' lang='lat' dir='ltr'><strong>expeditione</strong></span> <span class='ocrx_word' id='word_1_675' title='bbox 2509 2682 2559 2736; x_wconf 87' lang='lat' dir='ltr'><strong>in</strong></span> <span class='ocrx_word' id='word_1_676' title='bbox 2605 2680 2839 2737; x_wconf 79' lang='lat' dir='ltr'><strong>Francos</strong></span> <span class='ocrx_word' id='word_1_677' title='bbox 2866 2695 3134 2754; x_wconf 86' lang='lat' dir='ltr'><strong>suscepta,</strong></span> <span class='ocrx_word' id='word_1_678' title='bbox 3162 2687 3227 2741; x_wconf 86' lang='lat' dir='ltr'><strong>ad</strong></span> <span class='ocrx_word' id='word_1_679' title='bbox 3254 2689 3454 2744; x_wconf 85' lang='lat' dir='ltr'><strong>Gallias</strong></span> 
     </span>
    </p>
   </div>
   <div class='ocr_carea' id='block_1_93' title="bbox 1877 2767 3453 2834">
    <p class='ocr_par' dir='ltr' id='par_1_93' title="bbox 1877 2767 3453 2834">
     <span class='ocr_line' id='line_1_94' title="bbox 1877 2767 3453 2834; baseline 0.008 -12"><span class='ocrx_word' id='word_1_680' title='bbox 1877 2770 2128 2824; x_wconf 84' lang='lat' dir='ltr'><strong>mittitur.</strong></span> <span class='ocrx_word' id='word_1_681' title='bbox 2169 2789 2186 2822; x_wconf 76' lang='grc' dir='ltr'><strong>ι</strong></span> <span class='ocrx_word' id='word_1_682' title='bbox 2225 2767 2348 2825; x_wconf 62' lang='lat' dir='ltr'><strong>Haec</strong></span> <span class='ocrx_word' id='word_1_683' title='bbox 2373 2771 2423 2825; x_wconf 94' lang='lat' dir='ltr'><strong>hi</strong></span> <span class='ocrx_word' id='word_1_684' title='bbox 2451 2772 2518 2827; x_wconf 90' lang='lat' dir='ltr'><strong>de</strong></span> <span class='ocrx_word' id='word_1_685' title='bbox 2545 2770 2768 2828; x_wconf 87' lang='lat' dir='ltr'><strong>Francis</strong></span> <span class='ocrx_word' id='word_1_686' title='bbox 2788 2774 2994 2830; x_wconf 79' lang='lat' dir='ltr'><strong>dixere.</strong></span> <span class='ocrx_word' id='word_1_687' title='bbox 3026 2777 3248 2832; x_wconf 90' lang='lat' dir='ltr'><strong>Orosius</strong></span> <span class='ocrx_word' id='word_1_688' title='bbox 3276 2790 3453 2834; x_wconf 89' lang='lat' dir='ltr'><strong>autem</strong></span> 
     </span>
    </p>
   </div>
   <div class='ocr_carea' id='block_1_94' title="bbox 1877 2860 3451 2935">
    <p class='ocr_par' dir='ltr' id='par_1_94' title="bbox 1877 2860 3451 2935">
     <span class='ocr_line' id='line_1_95' title="bbox 1877 2860 3451 2935; baseline 0.006 -21"><span class='ocrx_word' id='word_1_689' title='bbox 1877 2869 1930 2914; x_wconf 92' lang='lat' dir='ltr'><strong>et</strong></span> <span class='ocrx_word' id='word_1_690' title='bbox 1951 2861 2061 2930; x_wconf 77' lang='lat' dir='ltr'><strong>ipse</strong></span> <span class='ocrx_word' id='word_1_691' title='bbox 2096 2860 2557 2932; x_wconf 77' lang='lat' dir='ltr'><strong>historiographus</strong></span> <span class='ocrx_word' id='word_1_692' title='bbox 2579 2863 2631 2917; x_wconf 91' lang='lat' dir='ltr'><strong>in</strong></span> <span class='ocrx_word' id='word_1_693' title='bbox 2662 2866 2891 2933; x_wconf 87' lang='lat' dir='ltr'><strong>septimo</strong></span> <span class='ocrx_word' id='word_1_694' title='bbox 2918 2865 3098 2935; x_wconf 77' lang='lat' dir='ltr'><strong>operis</strong></span> <span class='ocrx_word' id='word_1_695' title='bbox 3127 2868 3207 2923; x_wconf 77' lang='lat' dir='ltr'><strong>sui</strong></span> <span class='ocrx_word' id='word_1_696' title='bbox 3234 2868 3374 2923; x_wconf 87' lang='lat' dir='ltr'><strong>libro</strong></span> <span class='ocrx_word' id='word_1_697' title='bbox 3406 2866 3451 2935; x_wconf 71' lang='grc' dir='ltr'><strong>ί,</strong></span> 
     </span>
    </p>
   </div>
   <div class='ocr_carea' id='block_1_95' title="bbox 1878 2951 3454 3028">
    <p class='ocr_par' dir='ltr' id='par_1_95' title="bbox 1878 2951 3454 3028">
     <span class='ocr_line' id='line_1_96' title="bbox 1878 2951 3454 3028; baseline 0.004 -22"><span class='ocrx_word' id='word_1_698' title='bbox 1878 2951 1951 3006; x_wconf 88' lang='lat' dir='ltr'><strong>ita</strong></span> <span class='ocrx_word' id='word_1_699' title='bbox 2005 2962 2423 3007; x_wconf 85' lang='lat' dir='ltr'><strong>commemorat:</strong></span> <span class='ocrx_word' id='word_1_700' title='bbox 2482 2971 2502 3005; x_wconf 79' lang='grc' dir='ltr'>ι</span> <span class='ocrx_word' id='word_1_701' title='bbox 2563 2953 2751 3010; x_wconf 91' lang='lat' dir='ltr'><strong>Stilico</strong></span> <span class='ocrx_word' id='word_1_702' title='bbox 2813 2957 3147 3028; x_wconf 70' lang='lat' dir='ltr'><strong>congregatis</strong></span> <span class='ocrx_word' id='word_1_703' title='bbox 3208 2960 3454 3028; x_wconf 84' lang='lat' dir='ltr'><strong>gentibus</strong></span> 
     </span>
    </p>
   </div>
   <div class='ocr_carea' id='block_1_96' title="bbox 1879 3038 3454 3119">
    <p class='ocr_par' dir='ltr' id='par_1_96' title="bbox 1879 3038 3454 3119">
     <span class='ocr_line' id='line_1_97' title="bbox 1879 3038 3454 3119; baseline 0.004 -22"><span class='ocrx_word' id='word_1_704' title='bbox 1879 3038 2118 3097; x_wconf 80' lang='lat' dir='ltr'><strong>Francos</strong></span> <span class='ocrx_word' id='word_1_705' title='bbox 2150 3044 2396 3113; x_wconf 90' lang='lat' dir='ltr'><strong>proterit,</strong></span> <span class='ocrx_word' id='word_1_706' title='bbox 2428 3042 2674 3100; x_wconf 83' lang='lat' dir='ltr'><strong>Rhenum</strong></span> <span class='ocrx_word' id='word_1_707' title='bbox 2718 3046 2931 3114; x_wconf 85' lang='lat' dir='ltr'><strong>transit,</strong></span> <span class='ocrx_word' id='word_1_708' title='bbox 2972 3047 3173 3102; x_wconf 89' lang='lat' dir='ltr'><strong>Gallias</strong></span> <span class='ocrx_word' id='word_1_709' title='bbox 3205 3065 3454 3119; x_wconf 67' lang='lat' dir='ltr'><strong>pervaga-</strong></span> 
     </span>
    </p>
   </div>
   <div class='ocr_carea' id='block_1_97' title="bbox 1882 3135 3453 3206">
    <p class='ocr_par' dir='ltr' id='par_1_97' title="bbox 1882 3135 3453 3206">
     <span class='ocr_line' id='line_1_98' title="bbox 1882 3135 3453 3206; baseline 0.006 -19"><span class='ocrx_word' id='word_1_710' title='bbox 1882 3142 1998 3201; x_wconf 89' lang='lat' dir='ltr'><strong>tur,</strong></span> <span class='ocrx_word' id='word_1_711' title='bbox 2023 3141 2077 3188; x_wconf 91' lang='lat' dir='ltr'><strong>et</strong></span> <span class='ocrx_word' id='word_1_712' title='bbox 2101 3135 2166 3186; x_wconf 87' lang='lat' dir='ltr'><strong>ad</strong></span> <span class='ocrx_word' id='word_1_713' title='bbox 2200 3135 2487 3204; x_wconf 59' lang='lat' dir='ltr'><strong>Pyrenaeos</strong></span> <span class='ocrx_word' id='word_1_714' title='bbox 2520 3149 2685 3204; x_wconf 87' lang='lat' dir='ltr'><strong>usque</strong></span> <span class='ocrx_word' id='word_1_715' title='bbox 2716 3138 3025 3206; x_wconf 90' lang='lat' dir='ltr'><strong>perlabitur.</strong></span> <span class='ocrx_word' id='word_1_716' title='bbox 3061 3156 3082 3190; x_wconf 75' lang='grc' dir='ltr'><strong><em>ι</em></strong></span> <span class='ocrx_word' id='word_1_717' title='bbox 3128 3136 3279 3194; x_wconf 83' lang='lat' dir='ltr'><strong>lianc</strong></span> <span class='ocrx_word' id='word_1_718' title='bbox 3300 3139 3453 3196; x_wconf 83' lang='lat' dir='ltr'><strong>nobis</strong></span> 
     </span>
    </p>
   </div>
   <div class='ocr_carea' id='block_1_98' title="bbox 1802 3209 3455 3301">
    <p class='ocr_par' dir='ltr' id='par_1_98' title="bbox 1802 3209 3455 3301">
     <span class='ocr_line' id='line_1_99' title="bbox 1802 3209 3455 3301; baseline 0.008 -26"><span class='ocrx_word' id='word_1_719' title='bbox 1802 3209 1850 3275; x_wconf 87' lang='lat' dir='ltr'><strong>C</strong></span> <span class='ocrx_word' id='word_1_720' title='bbox 1881 3225 2126 3281; x_wconf 89' lang='lat' dir='ltr'><strong>notitiam</strong></span> <span class='ocrx_word' id='word_1_721' title='bbox 2157 3226 2225 3281; x_wconf 88' lang='lat' dir='ltr'><strong>de</strong></span> <span class='ocrx_word' id='word_1_722' title='bbox 2257 3226 2477 3281; x_wconf 88' lang='lat' dir='ltr'><strong>Francis</strong></span> <span class='ocrx_word' id='word_1_723' title='bbox 2519 3230 2800 3283; x_wconf 89' lang='lat' dir='ltr'><strong>memorati</strong></span> <span class='ocrx_word' id='word_1_724' title='bbox 2860 3230 3097 3286; x_wconf 90' lang='lat' dir='ltr'><strong>historici</strong></span> <span class='ocrx_word' id='word_1_725' title='bbox 3144 3231 3410 3300; x_wconf 90' lang='lat' dir='ltr'><strong>reliquere</strong></span> <span class='ocrx_word' id='word_1_726' title='bbox 3435 3272 3455 3301; x_wconf 89' lang='lat'><strong>,</strong></span> 
     </span>
    </p>
   </div>
   <div class='ocr_carea' id='block_1_99' title="bbox 1878 3319 3455 3389">
    <p class='ocr_par' dir='ltr' id='par_1_99' title="bbox 1878 3319 3455 3389">
     <span class='ocr_line' id='line_1_100' title="bbox 1878 3319 3455 3389; baseline 0.003 -15"><span class='ocrx_word' id='word_1_727' title='bbox 1878 3319 2095 3389; x_wconf 83' lang='lat' dir='ltr'><strong>regibus</strong></span> <span class='ocrx_word' id='word_1_728' title='bbox 2128 3333 2234 3374; x_wconf 93' lang='lat' dir='ltr'><strong>non</strong></span> <span class='ocrx_word' id='word_1_729' title='bbox 2264 3321 2572 3375; x_wconf 87' lang='lat' dir='ltr'><strong>nominatis.</strong></span> <span class='ocrx_word' id='word_1_730' title='bbox 2614 3321 2855 3376; x_wconf 83' lang='lat' dir='ltr'><strong>Tradunt</strong></span> <span class='ocrx_word' id='word_1_731' title='bbox 2882 3323 3025 3376; x_wconf 90' lang='lat' dir='ltr'><strong>enim</strong></span> <span class='ocrx_word' id='word_1_732' title='bbox 3057 3323 3209 3378; x_wconf 90' lang='lat' dir='ltr'><strong>multi</strong></span> <span class='ocrx_word' id='word_1_733' title='bbox 3237 3326 3455 3379; x_wconf 88' lang='lat' dir='ltr'><strong>eosdem</strong></span> 
     </span>
    </p>
   </div>
   <div class='ocr_carea' id='block_1_100' title="bbox 1878 3410 3455 3486">
    <p class='ocr_par' dir='ltr' id='par_1_100' title="bbox 1878 3410 3455 3486">
     <span class='ocr_line' id='line_1_101' title="bbox 1878 3410 3455 3486; baseline 0.004 -22"><span class='ocrx_word' id='word_1_734' title='bbox 1878 3410 1946 3466; x_wconf 88' lang='lat' dir='ltr'><strong>de</strong></span> <span class='ocrx_word' id='word_1_735' title='bbox 1995 3410 2270 3465; x_wconf 85' lang='lat' dir='ltr'><strong>Pannonia</strong></span> <span class='ocrx_word' id='word_1_736' title='bbox 2322 3412 2487 3468; x_wconf 76' lang='lat' dir='ltr'><strong>fuisse</strong></span> <span class='ocrx_word' id='word_1_737' title='bbox 2534 3413 2828 3483; x_wconf 87' lang='lat' dir='ltr'><strong>digressos.</strong></span> <span class='ocrx_word' id='word_1_738' title='bbox 2870 3413 2936 3469; x_wconf 85' lang='lat' dir='ltr'><strong>Et</strong></span> <span class='ocrx_word' id='word_1_739' title='bbox 2981 3414 3211 3483; x_wconf 79' lang='lat' dir='ltr'><strong>primum</strong></span> <span class='ocrx_word' id='word_1_740' title='bbox 3239 3417 3455 3486; x_wconf 85' lang='lat' dir='ltr'><strong>quidem</strong></span> 
     </span>
    </p>
   </div>
   <div class='ocr_carea' id='block_1_101' title="bbox 1880 3503 3459 3567">
    <p class='ocr_par' dir='ltr' id='par_1_101' title="bbox 1880 3503 3459 3567">
     <span class='ocr_line' id='line_1_102' title="bbox 1880 3503 3459 3567; baseline 0.006 -10"><span class='ocrx_word' id='word_1_741' title='bbox 1880 3504 2060 3558; x_wconf 89' lang='lat' dir='ltr'><strong>littora</strong></span> <span class='ocrx_word' id='word_1_742' title='bbox 2089 3503 2260 3560; x_wconf 81' lang='lat' dir='ltr'><strong>Rheni</strong></span> <span class='ocrx_word' id='word_1_743' title='bbox 2302 3506 2475 3561; x_wconf 89' lang='lat' dir='ltr'><strong>amnis</strong></span> <span class='ocrx_word' id='word_1_744' title='bbox 2520 3507 2804 3563; x_wconf 88' lang='lat' dir='ltr'><strong>incoluisse</strong></span> <span class='ocrx_word' id='word_1_745' title='bbox 2850 3517 2918 3563; x_wconf 75' lang='grc' dir='ltr'><strong>ιε</strong></span> <span class='ocrx_word' id='word_1_746' title='bbox 2969 3508 3163 3565; x_wconf 88' lang='lat' dir='ltr'><strong>dehinc</strong></span> <span class='ocrx_word' id='word_1_747' title='bbox 3192 3522 3459 3567; x_wconf 87' lang='lat' dir='ltr'><strong>transacto</strong></span> 
     </span>
    </p>
   </div>
   <div class='ocr_carea' id='block_1_102' title="bbox 1882 3590 3459 3673">
    <p class='ocr_par' dir='ltr' id='par_1_102' title="bbox 1882 3590 3459 3673">
     <span class='ocr_line' id='line_1_103' title="bbox 1882 3590 3459 3673; baseline 0.004 -23"><span class='ocrx_word' id='word_1_748' title='bbox 1882 3592 2095 3656; x_wconf 77' lang='lat' dir='ltr'><strong>Rheno.</strong></span> <span class='ocrx_word' id='word_1_749' title='bbox 2136 3590 2479 3666; x_wconf 77' lang='lat' dir='ltr'><strong>&#39;l‘horingiam</strong></span> <span class='ocrx_word' id='word_1_750' title='bbox 2513 3596 2538 3635; x_wconf 67' lang='grc'><strong><em>³</em></strong></span> <span class='ocrx_word' id='word_1_751' title='bbox 2564 3607 2949 3655; x_wconf 87' lang='lat' dir='ltr'><strong>transmeasse:</strong></span> <span class='ocrx_word' id='word_1_752' title='bbox 2982 3600 3157 3670; x_wconf 84' lang='lat' dir='ltr'><strong>ibique</strong></span> <span class='ocrx_word' id='word_1_753' title='bbox 3185 3600 3334 3672; x_wconf 81' lang='lat' dir='ltr'><strong>juxta</strong></span> <span class='ocrx_word' id='word_1_754' title='bbox 3366 3618 3459 3673; x_wconf 87' lang='lat' dir='ltr'><strong>pa-</strong></span> 
     </span>
    </p>
   </div>
   <div class='ocr_carea' id='block_1_103' title="bbox 1882 3713 3457 3786">
    <p class='ocr_par' dir='ltr' id='par_1_103' title="bbox 1882 3713 3457 3786">
     <span class='ocr_line' id='line_1_104' title="bbox 1882 3713 3457 3786; baseline 0.003 -20"><span class='ocrx_word' id='word_1_755' title='bbox 1882 3713 2054 3786; x_wconf 74' lang='lat' dir='ltr'><strong>stilum</strong></span> <span class='ocrx_word' id='word_1_756' title='bbox 2086 3714 2280 3786; x_wconf 73' lang='lat' dir='ltr'><strong>regales</strong></span> <span class='ocrx_word' id='word_1_757' title='bbox 2302 3755 2317 3778; x_wconf 96' lang='lat'><strong>,</strong></span> <span class='ocrx_word' id='word_1_758' title='bbox 2346 3713 2440 3769; x_wconf 78' lang='lat' dir='ltr'><strong>sed</strong></span> <span class='ocrx_word' id='word_1_759' title='bbox 2489 3723 2544 3769; x_wconf 88' lang='lat' dir='ltr'><strong>et</strong></span> <span class='ocrx_word' id='word_1_760' title='bbox 2588 3715 2884 3786; x_wconf 66' lang='lat' dir='ltr'><strong>subregulos</strong></span> <span class='ocrx_word' id='word_1_761' title='bbox 2909 3715 3139 3785; x_wconf 83' lang='lat' dir='ltr'><strong>appellat</strong></span> <span class='ocrx_word' id='word_1_762' title='bbox 3161 3758 3176 3780; x_wconf 91' lang='lat'><strong>,</strong></span> <span class='ocrx_word' id='word_1_763' title='bbox 3212 3730 3317 3786; x_wconf 89' lang='lat' dir='ltr'><strong>quo</strong></span> <span class='ocrx_word' id='word_1_764' title='bbox 3356 3734 3457 3770; x_wconf 78' lang='lat' dir='ltr'><strong>no-</strong></span> 
     </span>
    </p>
   </div>
   <div class='ocr_carea' id='block_1_104' title="bbox 1886 3784 3456 3855">
    <p class='ocr_par' dir='ltr' id='par_1_104' title="bbox 1886 3784 3456 3855">
     <span class='ocr_line' id='line_1_105' title="bbox 1886 3784 3456 3855; baseline 0.006 -22"><span class='ocrx_word' id='word_1_765' title='bbox 1886 3784 2029 3855; x_wconf 72' lang='lat' dir='ltr'><strong>mine</strong></span> <span class='ocrx_word' id='word_1_766' title='bbox 2049 3785 2116 3855; x_wconf 89' lang='lat' dir='ltr'><strong>ab</strong></span> <span class='ocrx_word' id='word_1_767' title='bbox 2139 3800 2204 3837; x_wconf 84' lang='lat' dir='ltr'><strong>eo</strong></span> <span class='ocrx_word' id='word_1_768' title='bbox 2224 3794 2444 3839; x_wconf 89' lang='lat' dir='ltr'><strong>auctore</strong></span> <span class='ocrx_word' id='word_1_769' title='bbox 2471 3801 2629 3855; x_wconf 79' lang='lat' dir='ltr'><strong>reges</strong></span> <span class='ocrx_word' id='word_1_770' title='bbox 2648 3785 2667 3838; x_wconf 81' lang='lat' dir='ltr'><strong>l</strong></span> <span class='ocrx_word' id='word_1_771' title='bbox 2670 3787 2812 3840; x_wconf 85' lang='lat' dir='ltr'><strong>uisse</strong></span> <span class='ocrx_word' id='word_1_772' title='bbox 2833 3786 3138 3855; x_wconf 82' lang='lat' dir='ltr'><strong>designatos</strong></span> <span class='ocrx_word' id='word_1_773' title='bbox 3159 3784 3456 3843; x_wconf 86' lang='lat' dir='ltr'><strong>contendit.</strong></span> 
     </span>
    </p>
   </div>
   <div class='ocr_carea' id='block_1_105' title="bbox 1882 3851 3456 3912">
    <p class='ocr_par' dir='ltr' id='par_1_105' title="bbox 1882 3851 3456 3912">
     <span class='ocr_line' id='line_1_106' title="bbox 1882 3851 3456 3912; baseline 0.003 -6"><span class='ocrx_word' id='word_1_774' title='bbox 1882 3851 2025 3906; x_wconf 81' lang='lat' dir='ltr'><strong>Ideni</strong></span> <span class='ocrx_word' id='word_1_775' title='bbox 2061 3854 2301 3909; x_wconf 81' lang='lat' dir='ltr'><strong>Valesius</strong></span> <span class='ocrx_word' id='word_1_776' title='bbox 2331 3856 2380 3909; x_wconf 91' lang='lat' dir='ltr'><strong>in</strong></span> <span class='ocrx_word' id='word_1_777' title='bbox 2426 3851 2682 3909; x_wconf 65' lang='lat' dir='ltr'><strong>atltléiitlis</strong></span> <span class='ocrx_word' id='word_1_778' title='bbox 2712 3858 2775 3907; x_wconf 86' lang='lat' dir='ltr'><strong>ad</strong></span> <span class='ocrx_word' id='word_1_779' title='bbox 2810 3851 3009 3909; x_wconf 70' lang='lat' dir='ltr'><strong>toniuin</strong></span> <span class='ocrx_word' id='word_1_780' title='bbox 3043 3860 3056 3909; x_wconf 93' lang='grc' dir='ltr'><strong>Ι</strong></span> <span class='ocrx_word' id='word_1_781' title='bbox 3085 3859 3333 3911; x_wconf 79' lang='lat' dir='ltr'><strong>observat</strong></span> <span class='ocrx_word' id='word_1_782' title='bbox 3361 3861 3456 3912; x_wconf 86' lang='lat' dir='ltr'><strong>At-</strong></span> 
     </span>
    </p>
   </div>
   <div class='ocr_carea' id='block_1_106' title="bbox 1882 3922 3455 3997">
    <p class='ocr_par' dir='ltr' id='par_1_106' title="bbox 1882 3922 3455 3997">
     <span class='ocr_line' id='line_1_107' title="bbox 1882 3922 3455 3997; baseline 0.005 -22"><span class='ocrx_word' id='word_1_783' title='bbox 1882 3922 2029 3976; x_wconf 89' lang='lat' dir='ltr'><strong>tilam</strong></span> <span class='ocrx_word' id='word_1_784' title='bbox 2054 3934 2109 3979; x_wconf 85' lang='lat' dir='ltr'><strong>ct</strong></span> <span class='ocrx_word' id='word_1_785' title='bbox 2131 3925 2368 3997; x_wconf 75' lang='lat' dir='ltr'><strong>llletlam,</strong></span> <span class='ocrx_word' id='word_1_786' title='bbox 2399 3926 2709 3980; x_wconf 86' lang='lat' dir='ltr'><strong>llunnorutn</strong></span> <span class='ocrx_word' id='word_1_787' title='bbox 2733 3940 2887 3997; x_wconf 84' lang='lat' dir='ltr'><strong>rcges</strong></span> <span class='ocrx_word' id='word_1_788' title='bbox 2905 3965 2920 3990; x_wconf 89' lang='lat'><strong>,</strong></span> <span class='ocrx_word' id='word_1_789' title='bbox 2944 3941 2972 3978; x_wconf 87' lang='lat' dir='ltr'><strong>a</strong></span> <span class='ocrx_word' id='word_1_790' title='bbox 3003 3926 3185 3982; x_wconf 84' lang='lat' dir='ltr'><strong>Prisco</strong></span> <span class='ocrx_word' id='word_1_791' title='bbox 3207 3944 3455 3983; x_wconf 82' lang='lat' dir='ltr'><strong>nonnun-</strong></span> 
     </span>
    </p>
   </div>
   <div class='ocr_carea' id='block_1_107' title="bbox 1881 3996 2567 4064">
    <p class='ocr_par' dir='ltr' id='par_1_107' title="bbox 1881 3996 2567 4064">
     <span class='ocr_line' id='line_1_108' title="bbox 1881 3996 2567 4064; baseline 0.01 -21"><span class='ocrx_word' id='word_1_792' title='bbox 1881 4008 2039 4064; x_wconf 44' lang='lat' dir='ltr'><strong>qujim</strong></span> <span class='ocrx_word' id='word_1_793' title='bbox 2062 3996 2269 4064; x_wconf 82' lang='lat' dir='ltr'><strong>regales</strong></span> <span class='ocrx_word' id='word_1_794' title='bbox 2292 3997 2567 4064; x_wconf 90' lang='lat' dir='ltr'><strong>appellari.</strong></span> 
     </span>
    </p>
   </div>
   <div class='ocr_carea' id='block_1_108' title="bbox 1954 4061 3136 4136">
    <p class='ocr_par' dir='ltr' id='par_1_108' title="bbox 1954 4061 3136 4136">
     <span class='ocr_line' id='line_1_109' title="bbox 1954 4061 3136 4136; baseline 0.003 -20"><span class='ocrx_word' id='word_1_795' title='bbox 1954 4061 1983 4101; x_wconf 66' lang='grc' dir='ltr'>δ</span> <span class='ocrx_word' id='word_1_796' title='bbox 2026 4061 2268 4119; x_wconf 76' lang='lat' dir='ltr'><strong>Valesius</strong></span> <span class='ocrx_word' id='word_1_797' title='bbox 2303 4061 2611 4119; x_wconf 21' lang='lat' dir='ltr'><strong>e—tillolntitls</strong></span> <span class='ocrx_word' id='word_1_798' title='bbox 2632 4065 2811 4136; x_wconf 77' lang='lat' dir='ltr'><strong>legunt</strong></span> <span class='ocrx_word' id='word_1_799' title='bbox 2835 4066 3136 4120; x_wconf 82' lang='lat' dir='ltr'><strong>Alanorum.</strong></span> 
     </span>
    </p>
   </div>
   <div class='ocr_carea' id='block_1_109' title="bbox 1965 4136 2507 4200">
    <p class='ocr_par' dir='ltr' id='par_1_109' title="bbox 1965 4136 2507 4200">
     <span class='ocr_line' id='line_1_110' title="bbox 1965 4136 2507 4200; baseline 0 -11"><span class='ocrx_word' id='word_1_800' title='bbox 1965 4143 1988 4172; x_wconf 74' lang='grc' dir='ltr'><strong>ε</strong></span> <span class='ocrx_word' id='word_1_801' title='bbox 2030 4137 2153 4189; x_wconf 75' lang='lat' dir='ltr'><strong>Dec.</strong></span> <span class='ocrx_word' id='word_1_802' title='bbox 2175 4175 2190 4200; x_wconf 95' lang='lat'><strong>,</strong></span> <span class='ocrx_word' id='word_1_803' title='bbox 2224 4136 2507 4189; x_wconf 80' lang='lat' dir='ltr'><strong>Udobecco.</strong></span> 
     </span>
    </p>
   </div>
   <div class='ocr_carea' id='block_1_110' title="bbox 1954 4203 3459 4273">
    <p class='ocr_par' dir='ltr' id='par_1_110' title="bbox 1954 4203 3459 4273">
     <span class='ocr_line' id='line_1_111' title="bbox 1954 4203 3459 4273; baseline -0.005 -13"><span class='ocrx_word' id='word_1_804' title='bbox 1954 4209 1981 4246; x_wconf 76' lang='grc' dir='ltr'><strong>ει</strong></span> <span class='ocrx_word' id='word_1_805' title='bbox 2020 4206 2108 4260; x_wconf 86' lang='lat' dir='ltr'><strong>Sic</strong></span> <span class='ocrx_word' id='word_1_806' title='bbox 2132 4203 2319 4271; x_wconf 85' lang='lat' dir='ltr'><strong>Corh.,</strong></span> <span class='ocrx_word' id='word_1_807' title='bbox 2356 4204 2511 4270; x_wconf 84' lang='lat' dir='ltr'><strong>Bad.,</strong></span> <span class='ocrx_word' id='word_1_808' title='bbox 2535 4212 2639 4259; x_wconf 92' lang='lat' dir='ltr'><strong>etc.</strong></span> <span class='ocrx_word' id='word_1_809' title='bbox 2662 4247 2676 4267; x_wconf 87' lang='lat'><strong>,</strong></span> <span class='ocrx_word' id='word_1_810' title='bbox 2708 4204 2841 4257; x_wconf 91' lang='lat' dir='ltr'><strong>sicut</strong></span> <span class='ocrx_word' id='word_1_811' title='bbox 2882 4211 2936 4257; x_wconf 89' lang='lat' dir='ltr'><strong>et</strong></span> <span class='ocrx_word' id='word_1_812' title='bbox 2967 4203 3131 4267; x_wconf 82' lang='lat' dir='ltr'><strong>infra;</strong></span> <span class='ocrx_word' id='word_1_813' title='bbox 3163 4205 3275 4273; x_wconf 83' lang='lat' dir='ltr'><strong>alii,</strong></span> <span class='ocrx_word' id='word_1_814' title='bbox 3310 4206 3459 4263; x_wconf 80' lang='lat' dir='ltr'><strong>Deci.</strong></span> 
     </span>
    </p>
   </div>
   <div class='ocr_carea' id='block_1_111' title="bbox 1882 4274 3452 4348">
    <p class='ocr_par' dir='ltr' id='par_1_111' title="bbox 1882 4274 3452 4348">
     <span class='ocr_line' id='line_1_112' title="bbox 1882 4274 3452 4348; baseline 0 -14"><span class='ocrx_word' id='word_1_815' title='bbox 1882 4279 2107 4348; x_wconf 12' lang='lat' dir='ltr'><strong>minaris</strong></span> <span class='ocrx_word' id='word_1_816' title='bbox 2126 4283 2211 4330; x_wconf 90' lang='lat' dir='ltr'><strong>est</strong></span> <span class='ocrx_word' id='word_1_817' title='bbox 2241 4275 2509 4348; x_wconf 69' lang='lat' dir='ltr'><strong>Rusticus,</strong></span> <span class='ocrx_word' id='word_1_818' title='bbox 2545 4288 2601 4348; x_wconf 84' lang='lat' dir='ltr'><strong>ut</strong></span> <span class='ocrx_word' id='word_1_819' title='bbox 2630 4274 2878 4348; x_wconf 75' lang='lat' dir='ltr'><strong>observat</strong></span> <span class='ocrx_word' id='word_1_820' title='bbox 2904 4274 3222 4348; x_wconf 76' lang='lat' dir='ltr'><strong>Sirmoudus</strong></span> <span class='ocrx_word' id='word_1_821' title='bbox 3245 4318 3261 4344; x_wconf 92' lang='lat'><strong>,</strong></span> <span class='ocrx_word' id='word_1_822' title='bbox 3292 4291 3452 4348; x_wconf 86' lang='lat' dir='ltr'><strong>quem</strong></span> 
     </span>
    </p>
   </div>
   <div class='ocr_carea' id='block_1_112' title="bbox 1883 4345 3097 4420">
    <p class='ocr_par' dir='ltr' id='par_1_112' title="bbox 1883 4345 3097 4420">
     <span class='ocr_line' id='line_1_113' title="bbox 1883 4345 3097 4420; baseline 0.001 -22"><span class='ocrx_word' id='word_1_823' title='bbox 1883 4347 2204 4420; x_wconf 63' lang='lat' dir='ltr'><strong>Apollinaris</strong></span> <span class='ocrx_word' id='word_1_824' title='bbox 2220 4345 2415 4420; x_wconf 85' lang='lat' dir='ltr'><strong>_Sidon.</strong></span> <span class='ocrx_word' id='word_1_825' title='bbox 2451 4345 2633 4420; x_wconf 73' lang='lat' dir='ltr'><strong>laudat</strong></span> <span class='ocrx_word' id='word_1_826' title='bbox 2656 4345 2747 4398; x_wconf 91' lang='lat' dir='ltr'><strong>lib.</strong></span> <span class='ocrx_word' id='word_1_827' title='bbox 2772 4359 2825 4410; x_wconf 87' lang='lat' dir='ltr'><strong>v,</strong></span> <span class='ocrx_word' id='word_1_828' title='bbox 2859 4347 3017 4420; x_wconf 72' lang='lat' dir='ltr'><strong>epist.</strong></span> <span class='ocrx_word' id='word_1_829' title='bbox 3042 4346 3097 4420; x_wconf 65' lang='grc' dir='ltr'><strong>ξ).</strong></span> 
     </span>
    </p>
   </div>
   <div class='ocr_carea' id='block_1_113' title="bbox 1958 4415 3459 4486">
    <p class='ocr_par' dir='ltr' id='par_1_113' title="bbox 1958 4415 3459 4486">
     <span class='ocr_line' id='line_1_114' title="bbox 1958 4415 3459 4486; baseline 0.004 -18"><span class='ocrx_word' id='word_1_830' title='bbox 1958 4431 1981 4458; x_wconf 80' lang='grc' dir='ltr'><strong>ο</strong></span> <span class='ocrx_word' id='word_1_831' title='bbox 2020 4416 2174 4483; x_wconf 78' lang='lat' dir='ltr'><strong>Reg.,</strong></span> <span class='ocrx_word' id='word_1_832' title='bbox 2200 4415 2447 4486; x_wconf 56' lang='grc' dir='ltr'><strong>Ιοιήιηιδε</strong></span> <span class='ocrx_word' id='word_1_833' title='bbox 2488 4415 2763 4484; x_wconf 81' lang='lat' dir='ltr'><strong>multique,</strong></span> <span class='ocrx_word' id='word_1_834' title='bbox 2796 4424 2904 4471; x_wconf 89' lang='lat' dir='ltr'><strong>etc.</strong></span> <span class='ocrx_word' id='word_1_835' title='bbox 2932 4415 3123 4484; x_wconf 84' lang='lat' dir='ltr'><strong>Corb.,</strong></span> <span class='ocrx_word' id='word_1_836' title='bbox 3146 4432 3209 4471; x_wconf 82' lang='lat' dir='ltr'><strong>ea:</strong></span> <span class='ocrx_word' id='word_1_837' title='bbox 3237 4418 3459 4486; x_wconf 80' lang='lat' dir='ltr'><strong>primiti-</strong></span> 
     </span>
    </p>
   </div>
   <div class='ocr_carea' id='block_1_114' title="bbox 1880 4484 2735 4547">
    <p class='ocr_par' dir='ltr' id='par_1_114' title="bbox 1880 4484 2735 4547">
     <span class='ocr_line' id='line_1_115' title="bbox 1880 4484 2735 4547; baseline -0.005 -3"><span class='ocrx_word' id='word_1_838' title='bbox 1880 4504 2057 4544; x_wconf 78' lang='lat' dir='ltr'><strong>vorum</strong></span> <span class='ocrx_word' id='word_1_839' title='bbox 2087 4484 2609 4547; x_wconf 73' lang='lat' dir='ltr'><strong>notariorunnovini,</strong></span> <span class='ocrx_word' id='word_1_840' title='bbox 2633 4496 2735 4541; x_wconf 89' lang='lat' dir='ltr'><strong>etc.</strong></span> 
     </span>
    </p>
   </div>
   <div class='ocr_carea' id='block_1_115' title="bbox 1962 4555 3380 4626">
    <p class='ocr_par' dir='ltr' id='par_1_115' title="bbox 1962 4555 3380 4626">
     <span class='ocr_line' id='line_1_116' title="bbox 1962 4555 3380 4626; baseline 0.008 -18"><span class='ocrx_word' id='word_1_841' title='bbox 1962 4559 1981 4598; x_wconf 73' lang='grc' dir='ltr'>ί</span> <span class='ocrx_word' id='word_1_842' title='bbox 2026 4557 2243 4612; x_wconf 83' lang='lat' dir='ltr'><strong>Scilicet</strong></span> <span class='ocrx_word' id='word_1_843' title='bbox 2264 4571 2382 4624; x_wconf 81' lang='lat' dir='ltr'><strong>cap.</strong></span> <span class='ocrx_word' id='word_1_844' title='bbox 2421 4555 2511 4619; x_wconf 71' lang='lat'><strong>28,</strong></span> <span class='ocrx_word' id='word_1_845' title='bbox 2544 4572 2638 4609; x_wconf 81' lang='lat' dir='ltr'><strong>seu</strong></span> <span class='ocrx_word' id='word_1_846' title='bbox 2672 4561 2832 4615; x_wconf 88' lang='lat' dir='ltr'><strong>totius</strong></span> <span class='ocrx_word' id='word_1_847' title='bbox 2860 4555 3038 4626; x_wconf 79' lang='lat' dir='ltr'><strong>operis</strong></span> <span class='ocrx_word' id='word_1_848' title='bbox 3069 4558 3380 4626; x_wconf 82' lang='lat' dir='ltr'><strong>penultimo.</strong></span> 
     </span>
    </p>
   </div>
   <div class='ocr_carea' id='block_1_116' title="bbox 1958 4626 2715 4692">
    <p class='ocr_par' dir='ltr' id='par_1_116' title="bbox 1958 4626 2715 4692">
     <span class='ocr_line' id='line_1_117' title="bbox 1958 4626 2715 4692; baseline 0.008 -16"><span class='ocrx_word' id='word_1_849' title='bbox 1958 4639 1982 4676; x_wconf 88' lang='lat' dir='ltr'><strong>s</strong></span> <span class='ocrx_word' id='word_1_850' title='bbox 2026 4628 2177 4680; x_wconf 83' lang='lat' dir='ltr'><strong>Colb.</strong></span> <span class='ocrx_word' id='word_1_851' title='bbox 2198 4662 2213 4687; x_wconf 91' lang='lat'><strong>,</strong></span> <span class='ocrx_word' id='word_1_852' title='bbox 2244 4637 2376 4692; x_wconf 88' lang='lat' dir='ltr'><strong>etc.,</strong></span> <span class='ocrx_word' id='word_1_853' title='bbox 2408 4626 2715 4682; x_wconf 76' lang='lat' dir='ltr'><strong>incubuisse.</strong></span> 
     </span>
    </p>
   </div>
   <div class='ocr_carea' id='block_1_117' title="bbox 1957 4698 3459 4769">
    <p class='ocr_par' dir='ltr' id='par_1_117' title="bbox 1957 4698 3459 4769">
     <span class='ocr_line' id='line_1_118' title="bbox 1957 4698 3459 4769; baseline 0.003 -18"><span class='ocrx_word' id='word_1_854' title='bbox 1957 4699 1986 4737; x_wconf 76' lang='grc' dir='ltr'><strong>ιι</strong></span> <span class='ocrx_word' id='word_1_855' title='bbox 2030 4699 2143 4769; x_wconf 60' lang='lat' dir='ltr'><strong>Sic</strong></span> <span class='ocrx_word' id='word_1_856' title='bbox 2166 4698 2362 4750; x_wconf 90' lang='lat' dir='ltr'><strong>habent</strong></span> <span class='ocrx_word' id='word_1_857' title='bbox 2392 4712 2578 4751; x_wconf 89' lang='lat' dir='ltr'><strong>omnes</strong></span> <span class='ocrx_word' id='word_1_858' title='bbox 2620 4712 2748 4751; x_wconf 89' lang='lat' dir='ltr'><strong>mss.</strong></span> <span class='ocrx_word' id='word_1_859' title='bbox 2794 4713 2929 4769; x_wconf 91' lang='lat' dir='ltr'><strong>quos</strong></span> <span class='ocrx_word' id='word_1_860' title='bbox 2974 4698 3123 4752; x_wconf 91' lang='lat' dir='ltr'><strong>licuit</strong></span> <span class='ocrx_word' id='word_1_861' title='bbox 3152 4699 3369 4766; x_wconf 88' lang='lat' dir='ltr'><strong>videre,</strong></span> <span class='ocrx_word' id='word_1_862' title='bbox 3403 4705 3459 4756; x_wconf 78' lang='lat' dir='ltr'><strong>et</strong></span> 
     </span>
    </p>
   </div>
   <div class='ocr_carea' id='block_1_118' title="bbox 1887 4766 3457 4836">
    <p class='ocr_par' dir='ltr' id='par_1_118' title="bbox 1887 4766 3457 4836">
     <span class='ocr_line' id='line_1_119' title="bbox 1887 4766 3457 4836; baseline -0.002 -11"><span class='ocrx_word' id='word_1_863' title='bbox 1887 4769 2047 4834; x_wconf 80' lang='lat' dir='ltr'><strong>infra,</strong></span> <span class='ocrx_word' id='word_1_864' title='bbox 2078 4766 2477 4836; x_wconf 71' lang='lat' dir='ltr'><strong>Thoringorum,</strong></span> <span class='ocrx_word' id='word_1_865' title='bbox 2522 4779 2712 4833; x_wconf 65' lang='lat' dir='ltr'><strong>praeter</strong></span> <span class='ocrx_word' id='word_1_866' title='bbox 2738 4766 2926 4836; x_wconf 78' lang='lat' dir='ltr'><strong>Regm.</strong></span> <span class='ocrx_word' id='word_1_867' title='bbox 2951 4774 3038 4836; x_wconf 87' lang='lat' dir='ltr'><strong>qui</strong></span> <span class='ocrx_word' id='word_1_868' title='bbox 3085 4770 3184 4823; x_wconf 81' lang='lat' dir='ltr'><strong>hac</strong></span> <span class='ocrx_word' id='word_1_869' title='bbox 3224 4776 3457 4835; x_wconf 75' lang='lat' dir='ltr'><strong>secunda</strong></span> 
     </span>
    </p>
   </div>
   <div class='ocr_carea' id='block_1_119' title="bbox 1888 4835 3457 4907">
    <p class='ocr_par' dir='ltr' id='par_1_119' title="bbox 1888 4835 3457 4907">
     <span class='ocr_line' id='line_1_120' title="bbox 1888 4835 3457 4907; baseline 0.001 -16"><span class='ocrx_word' id='word_1_870' title='bbox 1888 4841 1999 4895; x_wconf 86' lang='lat' dir='ltr'><strong>vice</strong></span> <span class='ocrx_word' id='word_1_871' title='bbox 2027 4837 2183 4891; x_wconf 86' lang='lat' dir='ltr'><strong>habet</strong></span> <span class='ocrx_word' id='word_1_872' title='bbox 2208 4835 2521 4907; x_wconf 83' lang='lat' dir='ltr'><strong>Titngorum,</strong></span> <span class='ocrx_word' id='word_1_873' title='bbox 2546 4846 2599 4890; x_wconf 87' lang='lat' dir='ltr'><strong>et</strong></span> <span class='ocrx_word' id='word_1_874' title='bbox 2626 4837 2779 4901; x_wconf 86' lang='lat' dir='ltr'><strong>Bad.,</strong></span> <span class='ocrx_word' id='word_1_875' title='bbox 2802 4835 3140 4907; x_wconf 73' lang='lat' dir='ltr'><strong>Tungrorum.</strong></span> <span class='ocrx_word' id='word_1_876' title='bbox 3163 4838 3313 4892; x_wconf 88' lang='lat' dir='ltr'><strong>Unde</strong></span> <span class='ocrx_word' id='word_1_877' title='bbox 3333 4856 3457 4894; x_wconf 91' lang='lat' dir='ltr'><strong>cuiu</strong></span> 
     </span>
    </p>
   </div>
   <div class='ocr_carea' id='block_1_120' title="bbox 1886 4908 3457 4976">
    <p class='ocr_par' dir='ltr' id='par_1_120' title="bbox 1886 4908 3457 4976">
     <span class='ocr_line' id='line_1_121' title="bbox 1886 4908 3457 4976; baseline 0 -12"><span class='ocrx_word' id='word_1_878' title='bbox 1886 4908 2177 4976; x_wconf 86' lang='lat' dir='ltr'><strong>Tliuringia</strong></span> <span class='ocrx_word' id='word_1_879' title='bbox 2206 4916 2353 4959; x_wconf 89' lang='lat' dir='ltr'><strong>trans</strong></span> <span class='ocrx_word' id='word_1_880' title='bbox 2386 4908 2624 4960; x_wconf 76' lang='lat' dir='ltr'><strong>llhenum</strong></span> <span class='ocrx_word' id='word_1_881' title='bbox 2652 4908 2939 4962; x_wconf 85' lang='lat' dir='ltr'><strong>Galliarum</strong></span> <span class='ocrx_word' id='word_1_882' title='bbox 2968 4920 3213 4973; x_wconf 82' lang='lat' dir='ltr'><strong>rcSpectu</strong></span> <span class='ocrx_word' id='word_1_883' title='bbox 3239 4908 3339 4963; x_wconf 92' lang='lat' dir='ltr'><strong>sita</strong></span> <span class='ocrx_word' id='word_1_884' title='bbox 3364 4917 3457 4975; x_wconf 90' lang='lat' dir='ltr'><strong>sit,</strong></span> 
     </span>
    </p>
   </div>
   <div class='ocr_carea' id='block_1_121' title="bbox 1888 4976 3461 5045">
    <p class='ocr_par' dir='ltr' id='par_1_121' title="bbox 1888 4976 3461 5045">
     <span class='ocr_line' id='line_1_122' title="bbox 1888 4976 3461 5045; baseline 0.001 -13"><span class='ocrx_word' id='word_1_885' title='bbox 1888 4981 2130 5034; x_wconf 83' lang='lat' dir='ltr'><strong>Valesius</strong></span> <span class='ocrx_word' id='word_1_886' title='bbox 2153 4976 2435 5045; x_wconf 83' lang='lat' dir='ltr'><strong>legendum</strong></span> <span class='ocrx_word' id='word_1_887' title='bbox 2471 4986 2616 5042; x_wconf 87' lang='lat' dir='ltr'><strong>putat</strong></span> <span class='ocrx_word' id='word_1_888' title='bbox 2642 4987 2900 5031; x_wconf 81' lang='lat' dir='ltr'><strong>transacto</strong></span> <span class='ocrx_word' id='word_1_889' title='bbox 2932 4977 3122 5038; x_wconf 72' lang='lat' dir='ltr'><strong>Mario,</strong></span> <span class='ocrx_word' id='word_1_890' title='bbox 3152 4980 3238 5045; x_wconf 85' lang='lat' dir='ltr'><strong>qui</strong></span> <span class='ocrx_word' id='word_1_891' title='bbox 3266 4981 3461 5035; x_wconf 86' lang='lat' dir='ltr'><strong>lluvius</strong></span> 
     </span>
    </p>
   </div>
   <div class='ocr_carea' id='block_1_122' title="bbox 1890 5046 3456 5117">
    <p class='ocr_par' dir='ltr' id='par_1_122' title="bbox 1890 5046 3456 5117">
     <span class='ocr_line' id='line_1_123' title="bbox 1890 5046 3456 5117; baseline 0 -12"><span class='ocrx_word' id='word_1_892' title='bbox 1890 5066 1921 5105; x_wconf 89' lang='lat' dir='ltr'><strong>e</strong></span> <span class='ocrx_word' id='word_1_893' title='bbox 1948 5051 2220 5104; x_wconf 75' lang='lat' dir='ltr'><strong>Pannonia</strong></span> <span class='ocrx_word' id='word_1_894' title='bbox 2243 5049 2292 5100; x_wconf 90' lang='lat' dir='ltr'><strong>in</strong></span> <span class='ocrx_word' id='word_1_895' title='bbox 2316 5046 2661 5117; x_wconf 78' lang='lat' dir='ltr'><strong>Thuringiam</strong></span> <span class='ocrx_word' id='word_1_896' title='bbox 2692 5047 3096 5117; x_wconf 81' lang='lat' dir='ltr'><strong>properantibus</strong></span> <span class='ocrx_word' id='word_1_897' title='bbox 3122 5058 3456 5105; x_wconf 83' lang='lat' dir='ltr'><strong>transmean-</strong></span> 
     </span>
    </p>
   </div>
   <div class='ocr_carea' id='block_1_123' title="bbox 1888 5116 3459 5175">
    <p class='ocr_par' dir='ltr' id='par_1_123' title="bbox 1888 5116 3459 5175">
     <span class='ocr_line' id='line_1_124' title="bbox 1888 5116 3459 5175; baseline 0.001 -2"><span class='ocrx_word' id='word_1_898' title='bbox 1888 5121 1988 5173; x_wconf 85' lang='lat' dir='ltr'><strong>dus</strong></span> <span class='ocrx_word' id='word_1_899' title='bbox 2027 5128 2130 5173; x_wconf 89' lang='lat' dir='ltr'><strong>est.</strong></span> <span class='ocrx_word' id='word_1_900' title='bbox 2176 5117 2345 5171; x_wconf 84' lang='lat' dir='ltr'><strong>Aliam</strong></span> <span class='ocrx_word' id='word_1_901' title='bbox 2377 5117 2510 5169; x_wconf 83' lang='lat' dir='ltr'><strong>viam</strong></span> <span class='ocrx_word' id='word_1_902' title='bbox 2530 5116 2659 5171; x_wconf 74' lang='lat' dir='ltr'><strong>iniit</strong></span> <span class='ocrx_word' id='word_1_903' title='bbox 2692 5118 2752 5170; x_wconf 72' lang='lat' dir='ltr'><strong>lt.</strong></span> <span class='ocrx_word' id='word_1_904' title='bbox 2786 5116 2843 5171; x_wconf 86' lang='lat' dir='ltr'><strong>P.</strong></span> <span class='ocrx_word' id='word_1_905' title='bbox 2881 5119 3062 5170; x_wconf 87' lang='lat' dir='ltr'><strong>Daniel</strong></span> <span class='ocrx_word' id='word_1_906' title='bbox 3094 5118 3219 5171; x_wconf 87' lang='lat' dir='ltr'><strong>Soc.</strong></span> <span class='ocrx_word' id='word_1_907' title='bbox 3248 5119 3374 5174; x_wconf 82' lang='lat' dir='ltr'><strong>.lesu</strong></span> <span class='ocrx_word' id='word_1_908' title='bbox 3407 5126 3459 5175; x_wconf 90' lang='lat' dir='ltr'><strong>in</strong></span> 
     </span>
    </p>
   </div>
   <div class='ocr_carea' id='block_1_124' title="bbox 1892 5186 3462 5248">
    <p class='ocr_par' dir='ltr' id='par_1_124' title="bbox 1892 5186 3462 5248">
     <span class='ocr_line' id='line_1_125' title="bbox 1892 5186 3462 5248; baseline -0.004 -3"><span class='ocrx_word' id='word_1_909' title='bbox 1892 5189 2122 5245; x_wconf 87' lang='lat' dir='ltr'><strong>Historia</strong></span> <span class='ocrx_word' id='word_1_910' title='bbox 2144 5187 2384 5241; x_wconf 71' lang='lat' dir='ltr'><strong>Francia:</strong></span> <span class='ocrx_word' id='word_1_911' title='bbox 2410 5201 2439 5239; x_wconf 91' lang='lat' dir='ltr'><strong>a</strong></span> <span class='ocrx_word' id='word_1_912' title='bbox 2462 5202 2521 5241; x_wconf 87' lang='lat' dir='ltr'><strong>se</strong></span> <span class='ocrx_word' id='word_1_913' title='bbox 2541 5186 2743 5242; x_wconf 87' lang='lat' dir='ltr'><strong>Gallice</strong></span> <span class='ocrx_word' id='word_1_914' title='bbox 2765 5188 2927 5248; x_wconf 86' lang='lat' dir='ltr'><strong>edita,</strong></span> <span class='ocrx_word' id='word_1_915' title='bbox 2954 5188 3039 5239; x_wconf 88' lang='lat' dir='ltr'><strong>tibi</strong></span> <span class='ocrx_word' id='word_1_916' title='bbox 3063 5188 3134 5241; x_wconf 88' lang='lat' dir='ltr'><strong>ait</strong></span> <span class='ocrx_word' id='word_1_917' title='bbox 3165 5187 3341 5243; x_wconf 80' lang='lat' dir='ltr'><strong>Rheno</strong></span> <span class='ocrx_word' id='word_1_918' title='bbox 3366 5209 3462 5242; x_wconf 76' lang='lat' dir='ltr'><strong>vn-</strong></span> 
     </span>
    </p>
   </div>
   <div class='ocr_carea' id='block_1_125' title="bbox 1890 5257 3463 5328">
    <p class='ocr_par' dir='ltr' id='par_1_125' title="bbox 1890 5257 3463 5328">
     <span class='ocr_line' id='line_1_126' title="bbox 1890 5257 3463 5328; baseline 0.001 -18"><span class='ocrx_word' id='word_1_919' title='bbox 1890 5276 2006 5314; x_wconf 84' lang='lat' dir='ltr'><strong>cetn</strong></span> <span class='ocrx_word' id='word_1_920' title='bbox 2053 5272 2170 5312; x_wconf 85' lang='lat' dir='ltr'><strong>esse</strong></span> <span class='ocrx_word' id='word_1_921' title='bbox 2201 5257 2527 5328; x_wconf 70' lang='lat' dir='ltr'><strong>retinendam</strong></span> <span class='ocrx_word' id='word_1_922' title='bbox 2558 5271 2624 5328; x_wconf 85' lang='lat' dir='ltr'><strong>eo</strong></span> <span class='ocrx_word' id='word_1_923' title='bbox 2664 5258 2802 5325; x_wconf 85' lang='lat' dir='ltr'><strong>quod</strong></span> <span class='ocrx_word' id='word_1_924' title='bbox 2835 5259 2919 5311; x_wconf 90' lang='lat' dir='ltr'><strong>hic</strong></span> <span class='ocrx_word' id='word_1_925' title='bbox 2944 5258 3188 5328; x_wconf 86' lang='lat' dir='ltr'><strong>Gregorii</strong></span> <span class='ocrx_word' id='word_1_926' title='bbox 3218 5262 3364 5314; x_wconf 88' lang='lat' dir='ltr'><strong>locus</strong></span> <span class='ocrx_word' id='word_1_927' title='bbox 3395 5262 3463 5312; x_wconf 83' lang='lat' dir='ltr'><strong>de</strong></span> 
     </span>
    </p>
   </div>
   <div class='ocr_carea' id='block_1_126' title="bbox 1891 5327 3461 5397">
    <p class='ocr_par' dir='ltr' id='par_1_126' title="bbox 1891 5327 3461 5397">
     <span class='ocr_line' id='line_1_127' title="bbox 1891 5327 3461 5397; baseline 0.001 -17"><span class='ocrx_word' id='word_1_928' title='bbox 1891 5330 2114 5384; x_wconf 65' lang='lat' dir='ltr'><strong>truncis</strong></span> <span class='ocrx_word' id='word_1_929' title='bbox 2142 5327 2509 5396; x_wconf 83' lang='lat' dir='ltr'><strong>intelligeiid-is</strong></span> <span class='ocrx_word' id='word_1_930' title='bbox 2540 5327 2629 5390; x_wconf 91' lang='lat' dir='ltr'><strong>sit,</strong></span> <span class='ocrx_word' id='word_1_931' title='bbox 2661 5328 2750 5397; x_wconf 89' lang='lat' dir='ltr'><strong>qui</strong></span> <span class='ocrx_word' id='word_1_932' title='bbox 2781 5339 2898 5397; x_wconf 85' lang='lat' dir='ltr'><strong>post</strong></span> <span class='ocrx_word' id='word_1_933' title='bbox 2949 5327 3196 5388; x_wconf 69' lang='lat' dir='ltr'><strong>acceptas</strong></span> <span class='ocrx_word' id='word_1_934' title='bbox 3224 5348 3252 5383; x_wconf 87' lang='lat' dir='ltr'><strong>a</strong></span> <span class='ocrx_word' id='word_1_935' title='bbox 3286 5331 3461 5383; x_wconf 78' lang='lat' dir='ltr'><strong>Probo</strong></span> 
     </span>
    </p>
   </div>
   <div class='ocr_carea' id='block_1_127' title="bbox 1891 5398 3458 5468">
    <p class='ocr_par' dir='ltr' id='par_1_127' title="bbox 1891 5398 3458 5468">
     <span class='ocr_line' id='line_1_128' title="bbox 1891 5398 3458 5468; baseline -0.002 -14"><span class='ocrx_word' id='word_1_936' title='bbox 1891 5409 2214 5466; x_wconf 85' lang='lat' dir='ltr'><strong>imperatore</strong></span> <span class='ocrx_word' id='word_1_937' title='bbox 2244 5400 2386 5452; x_wconf 86' lang='lat' dir='ltr'><strong>circa</strong></span> <span class='ocrx_word' id='word_1_938' title='bbox 2437 5398 2658 5451; x_wconf 86' lang='lat' dir='ltr'><strong>Pontem</strong></span> <span class='ocrx_word' id='word_1_939' title='bbox 2712 5400 2979 5453; x_wconf 72' lang='lat' dir='ltr'><strong>Euxinum</strong></span> <span class='ocrx_word' id='word_1_940' title='bbox 3012 5399 3201 5461; x_wconf 79' lang='lat' dir='ltr'><strong>sedes,</strong></span> <span class='ocrx_word' id='word_1_941' title='bbox 3238 5416 3331 5468; x_wconf 78' lang='lat' dir='ltr'><strong>per</strong></span> <span class='ocrx_word' id='word_1_942' title='bbox 3368 5416 3458 5451; x_wconf 73' lang='lat' dir='ltr'><strong>ta-</strong></span> 
     </span>
    </p>
   </div>
   <div class='ocr_carea' id='block_1_128' title="bbox 1894 5469 3460 5541">
    <p class='ocr_par' dir='ltr' id='par_1_128' title="bbox 1894 5469 3460 5541">
     <span class='ocr_line' id='line_1_129' title="bbox 1894 5469 3460 5541; baseline -0.003 -17"><span class='ocrx_word' id='word_1_943' title='bbox 1894 5485 2001 5525; x_wconf 85' lang='lat' dir='ltr'><strong>rtas</strong></span> <span class='ocrx_word' id='word_1_944' title='bbox 2030 5469 2333 5541; x_wconf 84' lang='lat' dir='ltr'><strong>provincias</strong></span> <span class='ocrx_word' id='word_1_945' title='bbox 2387 5469 2648 5541; x_wconf 77' lang='lat' dir='ltr'><strong>divagati,</strong></span> <span class='ocrx_word' id='word_1_946' title='bbox 2706 5469 3016 5541; x_wconf 57' lang='lat' dir='ltr'><strong>tandentln</strong></span> <span class='ocrx_word' id='word_1_947' title='bbox 3058 5474 3277 5538; x_wconf 83' lang='lat' dir='ltr'><strong>patriam</strong></span> <span class='ocrx_word' id='word_1_948' title='bbox 3310 5483 3460 5520; x_wconf 87' lang='lat' dir='ltr'><strong>suam</strong></span> 
     </span>
    </p>
   </div>
   <div class='ocr_carea' id='block_1_129' title="bbox 1891 5538 3459 5608">
    <p class='ocr_par' dir='ltr' id='par_1_129' title="bbox 1891 5538 3459 5608">
     <span class='ocr_line' id='line_1_130' title="bbox 1891 5538 3459 5608; baseline -0.003 -16"><span class='ocrx_word' id='word_1_949' title='bbox 1891 5555 1986 5608; x_wconf 81' lang='lat' dir='ltr'><strong>per</strong></span> <span class='ocrx_word' id='word_1_950' title='bbox 2011 5540 2211 5595; x_wconf 85' lang='lat' dir='ltr'><strong>Gallias</strong></span> <span class='ocrx_word' id='word_1_951' title='bbox 2237 5540 2561 5607; x_wconf 85' lang='lat' dir='ltr'><strong>repedarint,</strong></span> <span class='ocrx_word' id='word_1_952' title='bbox 2587 5555 2692 5606; x_wconf 84' lang='lat' dir='ltr'><strong>quo</strong></span> <span class='ocrx_word' id='word_1_953' title='bbox 2716 5538 2868 5602; x_wconf 84' lang='lat' dir='ltr'><strong>pacto</strong></span> <span class='ocrx_word' id='word_1_954' title='bbox 2902 5538 3143 5608; x_wconf 78' lang='lat' dir='ltr'><strong>Rhenum</strong></span> <span class='ocrx_word' id='word_1_955' title='bbox 3177 5544 3459 5603; x_wconf 79' lang='lat' dir='ltr'><strong>transiere,</strong></span> 
     </span>
    </p>
   </div>
   <div class='ocr_carea' id='block_1_130' title="bbox 1890 5607 3461 5679">
    <p class='ocr_par' dir='ltr' id='par_1_130' title="bbox 1890 5607 3461 5679">
     <span class='ocr_line' id='line_1_131' title="bbox 1890 5607 3461 5679; baseline -0.003 -16"><span class='ocrx_word' id='word_1_956' title='bbox 1890 5607 2046 5679; x_wconf 85' lang='lat' dir='ltr'><strong>quem</strong></span> <span class='ocrx_word' id='word_1_957' title='bbox 2070 5624 2250 5663; x_wconf 87' lang='lat' dir='ltr'><strong>revera</strong></span> <span class='ocrx_word' id='word_1_958' title='bbox 2282 5610 2494 5661; x_wconf 87' lang='lat' dir='ltr'><strong>obvium</strong></span> <span class='ocrx_word' id='word_1_959' title='bbox 2519 5611 2717 5662; x_wconf 87' lang='lat' dir='ltr'><strong>habere</strong></span> <span class='ocrx_word' id='word_1_960' title='bbox 2742 5609 3072 5661; x_wconf 73' lang='lat' dir='ltr'><strong>debuissent.</strong></span> <span class='ocrx_word' id='word_1_961' title='bbox 3100 5607 3201 5679; x_wconf 65' lang='lat' dir='ltr'><strong>Sed</strong></span> <span class='ocrx_word' id='word_1_962' title='bbox 3222 5610 3335 5679; x_wconf 68' lang='lat' dir='ltr'><strong>haec</strong></span> <span class='ocrx_word' id='word_1_963' title='bbox 3362 5620 3461 5659; x_wconf 77' lang='lat' dir='ltr'><strong>e1-</strong></span> 
     </span>
    </p>
   </div>
   <div class='ocr_carea' id='block_1_131' title="bbox 1892 5677 3461 5749">
    <p class='ocr_par' dir='ltr' id='par_1_131' title="bbox 1892 5677 3461 5749">
     <span class='ocr_line' id='line_1_132' title="bbox 1892 5677 3461 5749; baseline -0.005 -13"><span class='ocrx_word' id='word_1_964' title='bbox 1892 5677 2083 5749; x_wconf 81' lang='lat' dir='ltr'><strong>positio</strong></span> <span class='ocrx_word' id='word_1_965' title='bbox 2122 5679 2295 5733; x_wconf 81' lang='lat' dir='ltr'><strong>verbis</strong></span> <span class='ocrx_word' id='word_1_966' title='bbox 2330 5679 2567 5745; x_wconf 84' lang='lat' dir='ltr'><strong>Gregorii</strong></span> <span class='ocrx_word' id='word_1_967' title='bbox 2597 5681 2867 5732; x_wconf 78' lang='lat' dir='ltr'><strong>contraria</strong></span> <span class='ocrx_word' id='word_1_968' title='bbox 2899 5677 3461 5749; x_wconf 81' lang='lat' dir='ltr'><strong>videtur.Gnillelnius</strong></span> 
     </span>
    </p>
   </div>
   <div class='ocr_carea' id='block_1_132' title="bbox 1895 5747 3457 5819">
    <p class='ocr_par' dir='ltr' id='par_1_132' title="bbox 1895 5747 3457 5819">
     <span class='ocr_line' id='line_1_133' title="bbox 1895 5747 3457 5819; baseline -0.004 -14"><span class='ocrx_word' id='word_1_969' title='bbox 1895 5747 2147 5806; x_wconf 74' lang='lat' dir='ltr'><strong>Momlins</strong></span> <span class='ocrx_word' id='word_1_970' title='bbox 2186 5765 2244 5802; x_wconf 81' lang='lat' dir='ltr'><strong>se</strong></span> <span class='ocrx_word' id='word_1_971' title='bbox 2267 5751 2462 5803; x_wconf 80' lang='lat' dir='ltr'><strong>vidisse</strong></span> <span class='ocrx_word' id='word_1_972' title='bbox 2492 5748 2558 5799; x_wconf 89' lang='lat' dir='ltr'><strong>ait</strong></span> <span class='ocrx_word' id='word_1_973' title='bbox 2586 5764 2816 5819; x_wconf 82' lang='lat' dir='ltr'><strong>veterem</strong></span> <span class='ocrx_word' id='word_1_974' title='bbox 2844 5747 3102 5819; x_wconf 82' lang='lat' dir='ltr'><strong>codicem,</strong></span> <span class='ocrx_word' id='word_1_975' title='bbox 3136 5747 3187 5806; x_wconf 91' lang='lat' dir='ltr'><strong>in</strong></span> <span class='ocrx_word' id='word_1_976' title='bbox 3227 5766 3332 5819; x_wconf 81' lang='lat' dir='ltr'><strong>qua</strong></span> <span class='ocrx_word' id='word_1_977' title='bbox 3368 5762 3457 5799; x_wconf 78' lang='lat' dir='ltr'><strong>ea-</strong></span> 
     </span>
    </p>
   </div>
   <div class='ocr_carea' id='block_1_133' title="bbox 1897 5817 3469 5895">
    <p class='ocr_par' dir='ltr' id='par_1_133' title="bbox 1897 5817 3469 5895">
     <span class='ocr_line' id='line_1_134' title="bbox 1897 5817 3469 5895; baseline -0.01 -17"><span class='ocrx_word' id='word_1_978' title='bbox 1897 5824 2019 5880; x_wconf 84' lang='lat' dir='ltr'><strong>dem</strong></span> <span class='ocrx_word' id='word_1_979' title='bbox 2049 5835 2207 5873; x_wconf 84' lang='lat' dir='ltr'><strong>ittanu</strong></span> <span class='ocrx_word' id='word_1_980' title='bbox 2237 5822 2491 5895; x_wconf 80' lang='lat' dir='ltr'><strong>scriptum</strong></span> <span class='ocrx_word' id='word_1_981' title='bbox 2531 5830 2678 5872; x_wconf 84' lang='lat' dir='ltr'><strong>crat.</strong></span> <span class='ocrx_word' id='word_1_982' title='bbox 2718 5817 2905 5869; x_wconf 77' lang='lat' dir='ltr'><strong>Thoria</strong></span> <span class='ocrx_word' id='word_1_983' title='bbox 2928 5824 3089 5887; x_wconf 74' lang='lat' dir='ltr'><strong>‘gium</strong></span> <span class='ocrx_word' id='word_1_984' title='bbox 3122 5820 3203 5866; x_wconf 71' lang='lat' dir='ltr'><strong>vol</strong></span> <span class='ocrx_word' id='word_1_985' title='bbox 3233 5817 3469 5885; x_wconf 73' lang='lat' dir='ltr'><strong>Tungro-</strong></span> 
     </span>
    </p>
   </div>
   <div class='ocr_carea' id='block_1_134' title="bbox 3936 37 3971 881">
    <p class='ocr_par' dir='ltr' id='par_1_134' title="bbox 3940 41 3967 715">
     <span class='ocr_line' id='line_1_135' title="bbox 3940 41 3967 521; baseline 0 0"><span class='ocrx_word' id='word_1_986' title='bbox 3940 41 3967 521; x_wconf 74' lang='lat' dir='ltr'><strong>l</strong></span> 
     </span>
     <span class='ocr_line' id='line_1_136' title="bbox 3954 524 3965 715; baseline 0 0"><span class='ocrx_word' id='word_1_987' title='bbox 3954 524 3965 667; x_wconf 68' lang='lat' dir='ltr'><strong>l</strong></span> 
     </span>
    </p>
   </div>
  </div>
