4102 6356
653 426 758 482 907

1699 417 1754 472 S.
1799 413 2129 471 GREGORH
2173 408 2473 467 EPIBCOPI
2518 408 2949 466 TURONENSiS

3827 408 3921 461 5:08

654 562 750 618 gos
779 544 861 598 vel
889 541 1166 605 civitates,
1198 550 1355 607 rcges
1384 534 1606 589 crinitos
1643 547 1805 602 super
1834 548 1891 587 se
1920 531 2194 586 creavisse
2220 570 2236 597 ,
2269 538 2321 595 Α
2346 533 2506 595 amne
2549 523 2858 618 saltationes
2879 533 3168 618 ,"curn-ore
3216 518 3494 618 immundo
3529 521 3829 618 proferrent
3869 528 3926 580 de

655 640 724 694 de
747 636 939 707 prima.
986 643 1040 687 et
1079 642 1137 685 ut
1162 632 1236 684 ita
1262 630 1459 691 dicam,
1492 624 1744 681 nobiliori
1768 639 1988 678 suorum
2026 621 2244 675 familia.

655 733 809 799 Quod
861 739 1046 802 postea
1083 728 1362 796 probatum
1412 718 1779 777 Chlodovechi
1806 729 1831 755 ιι
1864 717 2104 772 victoriae
2139 726 2248 771 tra-

658 825 869 887 didere,
904 822 1062 892 idque
1090 820 1140 874 in
1173 815 1418 886 sequenti
1452 814 1766 885 digerimus.
1800 812 1930 866 Nam
1958 810 2089 889 etin
2122 822 2249 863 con-

659 917 929 973 sularibus
969 914 1198 982 legimus
1222 910 1651 966 Theodomerem
1676 919 1855 977 regem
1891 904 2243 966 Francorum,

662 1013 829 1066 tilium
865 1004 1187 1061 llicltimeris
1216 1002 1483 1072 quondam
1514 998 1540 1036 δ
1564 1039 1578 1062 ,
1609 1008 1661 1051 et
1708 996 1977 1051 Aschilam
2024 1002 2249 1048 matrem

663 1106 812 1172 ejus,
846 1100 1023 1169 gladio
1053 1095 1385 1149 interiectos.
1430 1089 1633 1144 Ferunt
1664 1089 1823 1141 etiam
1849 1096 1973 1140 tunc
2003 1082 2253 1172 Chlogiof

662 1212 785 1251 nem
812 1196 996 1248 utilem
1026 1206 1088 1244 ac
1112 1185 1502 1242 nobilissimum
1524 1181 1577 1237 in
1602 1190 1761 1252 gente
1788 1195 1905 1245 sua,
1942 1193 2120 1247 regem
2146 1166 2251 1246 63

664 1288 994 1343 Francorum
1030 1283 1225 1345 fuisse,
1280 1278 1370 1347 qui
1408 1277 1547 1345 apud
1593 1276 1904 1342 Disttargum
1956 1280 1978 1307 ε
2020 1277 2251 1322 castrum

673 1378 969 1439 habitabat,
1005 1372 1144 1442 quod
1179 1383 1259 1425 est
1308 1370 1359 1424 iu
1387 1367 1616 1422 termino
1647 1364 2059 1432 Thoringorum.
2095 1359 2148 1411 lu
2175 1357 2256 1411 his

666 1479 843 1522 autem
873 1464 1137 1535 partibus,
1167 1460 1217 1513 id
1249 1469 1331 1514 est
1361 1458 1426 1510 ad
1460 1453 1869 1511 meridionalem
1898 1454 2129 1521 plagam,
2157 1448 2254 1501 ha-

668 1560 915 1614 bitabant
941 1554 1167 1610 Romani
1200 1566 1369 1621 usque
1425 1548 1655 1619 Ligerim
1689 1546 1930 1599 (luvium.
1966 1542 2116 1598 Ultra
2166 1541 2255 1594 Li-

667 1652 838 1723 gerim
870 1662 1000 1703 vero
1025 1645 1206 1702 Gotlbi
1235 1643 1674 1698 dominabantur.
1704 1636 2107 1703 Burgundiones
2128 1647 2258 1703 quo-

668 1755 775 1807 que
812 1738 1134 1793 Arianorum
1180 1744 1382 1789 sectam
1414 1740 1732 1801 sequentes,
1772 1728 2084 1781 habitabant
2116 1733 2261 1778 trans

668 1831 1010 1893 Rhodanum,
1042 1828 1130 1897 qui
1160 1824 1369 1895 adiacet
1412 1822 1613 1877 civitati
1648 1817 2010 1887 Lugdunensi.
2036 1816 2261 1881 Chlogio

2350 614 2538 669 eodem
2567 612 2799 681 sculptili
2830 628 2845 666 :
2875 611 2950 665 Hi
2978 611 3091 677 θῇ.
3115 620 3236 665 sunt
3263 612 3337 665 dii
3368 613 3462 675 tui,
3518 608 3707 676 Israel,
3761 614 3841 681 qui
3886 624 3928 668 te

2352 705 2635 759 eduxerunt
2667 704 2728 756 de
2758 714 2897 757 terra
2924 702 3151 773 [Egyplt'
3170 703 3362 775 (Exod.
3382 718 3553 766 xxx",
3578 702 3673 771 4):
3703 705 3929 761 cecidere

2352 811 2417 852 ex
2446 799 2525 851 eis
2557 796 2742 865 viginti
2767 806 3000 864 quatuor
3046 796 3214 869 millia
3262 796 3563 851 hominum.
3593 796 3725 862 Quid
3756 800 3818 853 de
3858 798 3930 853 bis

2354 890 2440 960 qui
2467 889 2656 945 initiati
2680 887 3016 958 Beelpltegor
3036 903 3159 943 cum
3188 888 3570 943 Moabitidibus
3594 889 3781 944 scortis
3800 906 3933 945 eom-

2354 982 2537 1049 mixti,
2601 998 2630 1035 a
2689 983 2946 1050 proximis
2993 982 3156 1045 cassi,
3207 982 3467 1050 prostrati
3511 984 3683 1036 sunt?
3739 983 3789 1036 In
3839 999 3933 1052 qua

2358 1076 2509 1144 plaga
2542 1074 2771 1127 Phinees
2816 1072 3093 1139 sacerdos,
3129 1073 3467 1143 interemptis
3492 1075 3762 1139 adulteris,
3795 1081 3933 1128 setla.

2356 1166 2433 1219 vit
2464 1166 2694 1219 furorem
2725 1163 2817 1217 Dei
2849 1163 3041 1233 (Nunt.
3073 1180 3202 1230 xxv,
3263 1164 3389 1223 1-H
3414 1165 3433 1234 )
3456 1209 3471 1232 ,
3501 1174 3547 1217 et
3576 1176 3853 1236 reputatum
3874 1177 3934 1219 cst

2354 1256 2435 1309 illi
2457 1240 2794 1326 adjustitiam
2830 1253 3004 1321 (Psal.
3039 1270 3125 1318 cv,
3159 1254 3273 1326 51).
3302 1257 3436 1321 Quid
3468 1256 3512 1308 si
3546 1266 3601 1310 et
3647 1257 3725 1309 Illa
3767 1272 3933 1311 eorum

2358 1346 2581 1401 auribus
2614 1347 2755 1400 illata
2785 1346 3028 1410 fuissent,
3061 1363 3179 1417 qua:
3207 1349 3460 1400 Dominus
3495 1362 3590 1415 per
3620 1347 3779 1402 David
3808 1352 3929 1402 into-

2359 1448 2470 1503 nat,
2500 1436 2686 1491 dieens
2711 1454 2724 1489 :
2756 1437 2889 1502 Quia
2914 1452 3087 1489 omnes
3111 1438 3186 1489 dii
3208 1437 3435 1508 gentium
3460 1439 3730 1501 diemonia,
3779 1439 3941 1493 Domi-

2360 1547 2457 1583 nus
2482 1540 2653 1583 autem
2700 1530 2853 1583 ctelos
2892 1531 3006 1600 fecit
3042 1529 3215 1602 (Psal.
3246 1545 3371 1597 xcv,
3423 1527 3500 1601 5).
3535 1530 3617 1594 Et,
3670 1530 3942 1586 Simulacra

2362 1623 2583 1691 gentium
2610 1633 2875 1689 argentum
2907 1632 2951 1673 cl
2978 1638 3186 1685 aurum,
3214 1639 3365 1690 opera
3391 1639 3635 1675 manuum
3658 1622 3901 1676 hominum
3929 1642 3942 1676 :

2364 1714 2556 1766 similes
2587 1712 2693 1766 illis
2721 1712 2850 1782 [iant
2874 1713 2960 1781 qui
2983 1712 3181 1783 faciunt
3212 1728 3297 1781 ea,
3328 1722 3374 1768 et
3396 1728 3571 1787 omnes
3597 1714 3681 1781 qui
3700 1716 3942 1781 conﬁdunt

2364 1804 2419 1858 in
2448 1802 2706 1877 eis(Psal.
2738 1820 2893 1873 cxm,
2916 1803 2973 1870 4,
3003 1806 3053 1872 8,
3087 1816 3136 1860 et
3169 1805 3315 1860 Psal.
3341 1821 3557 1872 cxxxnv,
3590 1806 3674 1874 15,
3723 1800 3830 1878 18).
3863 1809 3942 1861 νυ]

669 1933 846 1979 autem
879 1922 1058 1976 missis
1085 1916 1519 1988 exploratoribus
1549 1913 1613 1966 ad
1640 1914 1823 1967 urbem
1857 1910 2210 1965 Camaracum
2241 1947 2256 1972 ,
2294 1902 2337 1961 Β
2368 1899 2539 1953 illud:
2572 1898 2969 1968 Confundantnr
2999 1915 3174 1952 omnes
3220 1900 3310 1969 qui
3355 1899 3573 1954 adorant
3615 1902 3860 1969 sculptile,
3907 1917 3942 1955 ct

668 2019 987 2087 perlustrata
1016 2014 1192 2068 omnia
1224 2012 1337 2081 ipse
1365 2021 1580 2065 secutus
1610 2049 1625 2073 ,
1675 2005 1947 2061 Romanos
1991 2002 2259 2073 proterit,

668 2110 941 2166 civitatem
975 2103 1365 2174 apprehendit:
1400 2102 1452 2156 in
1485 2119 1587 2172 qua
1620 2113 1845 2170 paucum
1877 2108 2088 2165 tempus
2130 2095 2263 2150 resi-

673 2204 802 2257 dens
824 2244 838 2267 ,
871 2212 1041 2267 usque
1070 2195 1345 2251 Suminam
1377 2193 1594 2247 ﬂuvium
1626 2190 1907 2259 occupavit
1935 2184 1984 2241 δ.
2009 2187 2083 2242 De
2106 2187 2265 2255 hujus

672 2294 839 2360 stirpe
866 2289 1085 2360 quidam
1138 2284 1514 2340 Meroveehum
1550 2294 1729 2352 regem
1785 2281 1949 2336 fuisse
1977 2288 2265 2344 asserunt,

679 2384 834 2454 cujus
865 2381 960 2437 fuit
993 2382 1131 2434 (ilius
1153 2376 1510 2433 Childericus.

745 2476 817 2531 Χ.
849 2473 953 2530 Sed
998 2471 1112 2527 luce
1156 2469 1430 2541 generatio
1479 2469 1723 2525 fanatieis
1774 2481 1991 2537 semper
2029 2463 2269 2519 cultibus

676 2569 787 2623 visa
814 2577 895 2623 est
925 2565 1239 2631 obsequium
1270 2562 1592 2632 praebuisse,
1627 2577 1726 2618 nec
1755 2575 1972 2632 prorsus
2001 2572 2270 2630 agnovere

677 2664 843 2717 Deum
880 2677 893 2711 :
921 2658 1131 2728 srblque
1156 2657 1413 2711 silvarum
1439 2664 1602 2726 atque
1630 2668 1910 2725 aquarum,
1946 2651 2144 2717 avium,
2175 2649 2269 2703 be-

676 2752 1032 2819 stiarumque,
1064 2756 1113 2804 et
1145 2747 1376 2802 aliorum
1407 2759 1618 2816 quoque
1646 2744 2035 2800 elementorum
2070 2741 2273 2795 tinxere

678 2844 916 2908 formas,
951 2840 1197 2909 ipsasque
1228 2848 1283 2893 ut
1335 2838 1501 2893 Deum
1545 2840 1744 2898 coiere,
1786 2833 1969 2903 eisque
2012 2829 2274 2886 sacriﬁcia

634 2953 642 2959 ν
680 2934 923 2991 delibare
952 2929 1219 2985 consueti.
1251 2929 1295 2983 0
1324 2928 1368 2982 si
1389 2940 1573 2981 eorum
1599 2923 1761 2979 libras
1783 2932 2024 2978 curatum
2056 2936 2159 2976 vox
2184 2921 2275 2975 illa

684 3022 939 3079 terribilis
970 3020 1256 3089 attigisset,
1285 3033 1403 3086 qua:
1436 3032 1532 3085 per
1574 3016 1808 3086 Meysem
1854 3016 2048 3084 populo
2098 3014 2276 3067 locuta

682 3126 783 3183 est,
813 3112 998 3168 dicens
1030 3128 1045 3164 :
1081 3109 1204 3164 Non
1234 3110 1335 3163 sint
1358 3109 1444 3163 tibi
1477 3108 1549 3161 dii
1570 3107 1661 3160 alii
1694 3117 1877 3177 praeter
1902 3121 2000 3159 me.
2043 3102 2166 3159 Non
2194 3107 2277 3176 [a—

683 3206 782 3258 cies
804 3203 892 3256 tibi
912 3202 1167 3271 sculptile,
1201 3215 1361 3269 neque
1386 3198 1628 3253 adorabis
1666 3213 1867 3252 onmem
1895 3196 2281 3250 similitudinem

2366 1992 2452 2061 qui
2476 1992 2769 2063 gloriantur
2800 1991 2853 2043 in
2882 1991 3173 2044 simulacris
3196 1992 3302 2044 suis
3330 1988 3647 2059 (Psalmcvt,
3669 1993 3742 2062 7).
3773 1993 3831 2047 Et
3860 1994 3942 2047 ite‘

2368 2098 2485 2136 rum
2525 2082 2668 2151 quod
2704 2082 2953 2135 llabaeue
2984 2081 3241 2151 prapheta
3287 2091 3530 2150 testatur,
3564 2086 3745 2139 dicens
3774 2100 3788 2140 :
3823 2085 3942 2152 Quia

2368 2175 2574 2245 prodest
2597 2175 2835 2240 sculptile
2863 2175 3001 2242 quod
3026 2175 3547 2245 sculpserunt?1llttd
3572 2177 3858 2245 ﬁnxerunt;
3886 2178 3942 2231 il<

2368 2267 2461 2321 lud
2491 2267 2754 2337 scnﬂatile
2783 2268 3041 2336 {antasma
3079 2266 3094 2305 ί
3124 2269 3367 2321 mentium
3392 2280 3483 2322 est.
3522 2268 3637 2323 Hoc
3657 2281 3820 2322 autem
3844 2286 3942 2336 pro-

2371 2359 2544 2413 ductio
2572 2360 2709 2421 auri,
2741 2369 2787 2409 et
2817 2360 3037 2430 argenti,
3063 2367 3108 2411 et
3127 2359 3290 2412 omnis
3313 2361 3528 2426 spiritus
3555 2376 3654 2413 non
3677 2364 3816 2414 estin
3846 2362 3913 2413 eis

2375 2450 2629 2504 Dominus
2660 2460 2826 2503 autem
2855 2452 2905 2502 in
2941 2451 3125 2520 templo
3157 2463 3331 2503 sancto
3360 2467 3454 2504 suo
3488 2466 3506 2503 :
3535 2452 3679 2504 sileat
3718 2468 3748 2505 a
3772 2461 3795 2499 ε
3835 2453 3942 2521 foci.

2372 2547 2483 2615 ejus
2514 2543 2741 2596 universa
2774 2552 2910 2596 terra
2942 2540 3170 2611 (IIabac.
3215 2556 3252 2596 tt
3274 2585 3288 2609 ,
3321 2542 3537 2615 18-20).
3577 2543 3681 2599 Sed
3728 2554 3779 2599 et
3830 2544 3936 2599 aliu

2375 2633 2637 2704 prepheta
2671 2632 2804 2688 dicit
2838 2651 2850 2686 :
2886 2630 2976 2686 ω
3006 2635 3093 2703 qui
3121 2634 3304 2688 coelum
3344 2644 3392 2689 et
3417 2644 3607 2688 terram
3647 2653 3744 2689 non
3786 2637 3942 2703 fecere

2378 2735 2586 2795 pereant
2607 2742 2637 2777 a
2670 2734 2805 2779 terra
2830 2733 2878 2779 et
2898 2726 2962 2779 de
2984 2724 3063 2779 his
3090 2742 3205 2795 qua:
3221 2725 3312 2779 sub
3340 2728 3479 2780 cwlis
3500 2723 3661 2781 sunth
3683 2726 3894 2797 (Jerent.
3919 2746 3942 2783 π

2380 2822 2493 2891 11).
2539 2821 2672 2876 Item
2704 2820 2858 2874 illic:
2892 2819 3020 2873 Haec
3050 2821 3174 2873 dicit
3224 2819 3508 2886 Dominus,
3564 2836 3741 2875 creans
3785 2824 3936 2876 caelus

2376 2917 2485 2984 ipse
2508 2913 2644 2967 Deus
2676 2913 2908 2983 formans
2941 2923 3153 2981 terram,
3178 2923 3225 2969 et
3246 2931 3358 2980 qua:
3386 2917 3437 2967 in
3458 2932 3519 2969 ea
3544 2925 3662 2968 sunt
3689 2931 3705 2967 :
3732 2916 3837 2985 ipse
3864 2922 3942 2982 pta

2379 3016 2477 3058 stes
2507 3007 2651 3075 ejus,
2684 3019 2786 3057 non
2817 3005 2871 3058 in
2915 3020 3101 3057 vanum
3127 3004 3364 3072 fundavit
3396 3022 3528 3074 eam,
3560 3014 3615 3059 ut
3665 3007 3942 3059 Itabtlm’elu

2380 3096 2570 3149 crearit
2595 3111 2705 3149 eam
2735 3093 2891 3167 (lsai.
2924 3112 3046 3163 XLV,
3076 3095 3183 3166 18).
3222 3095 3333 3165 Ego
3379 3094 3666 3163 Dominus,
3714 3098 3807 3151 hoc
3850 3099 3942 3148 mil

2383 3212 2563 3251 nomen
2588 3203 2684 3261 est,
2717 3196 2937 3266 gloriam
2960 3212 3123 3250 meam
3153 3196 3299 3249 alteri
3321 3199 3427 3249 non
3455 3196 3609 3262 dabo,
3638 3214 3794 3268 neque
3816 3200 3942 3250 virtu

683 3311 798 3365 qua:
816 3294 871 3349 in
901 3270 1032 3347 creto
1056 3300 1148 3358 est,
1172 3301 1219 3344 et
1239 3306 1354 3361 qua:
1381 3292 1433 3344 in
1465 3300 1621 3357 terra,
1668 3298 1717 3345 et
1771 3304 1883 3359 quce
1919 3299 2182 3344 versantur
2225 3288 2279 3342 in
2308 3270 2354 3333 Ο
2385 3298 2481 3342 tem
2503 3298 2666 3341 meam
2696 3285 3043 3357 sculptilibus,
3071 3303 3187 3354 qua:
3235 3287 3297 3340 ab
3348 3287 3495 3343 milia
3537 3290 3780 3342 transiere
3823 3288 3942 3359 (lsat

685 3387 868 3456 aquis:
896 3400 995 3438 non
1024 3383 1179 3452 facies
1205 3399 1283 3450 ea,
1309 3390 1354 3435 et
1380 3397 1482 3437 non
1511 3382 1643 3436 coles
1668 3396 1725 3456 ea
1750 3390 1773 3419 ο
1796 3379 1993 3455 (Exod.
2023 3396 2112 3445 xx,
2139 3378 2277 3449 5—5).

688 3454 754 3532 Et
783 3476 910 3531 illud
940 3493 956 3530 :
983 3474 1260 3528 Dominum
1290 3472 1459 3527 Deum
1491 3484 1634 3527 tuum
1664 3454 1934 3539 .adorabis,
1977 3483 2022 3527 et
2065 3472 2143 3526 illi
2185 3471 2282 3525 soli

689 3572 896 3631 servies,
926 3584 986 3621 ae
1015 3584 1104 3637 per
1129 3581 1309 3621 nomen
1341 3569 1450 3637 ejus
1466 3566 1673 3638 jurabis
1702 3567 1877 3635 (Deut.
1906 3581 1975 3630 vr,
2005 3564 2115 3635 15).
2143 3564 2283 3633 Quid

688 3662 734 3718 si
760 3660 1059 3728 intelligere
1089 3658 1385 3727 potuissent
1408 3672 1525 3727 quas
1560 3672 1655 3727 pro
1686 3657 1843 3711 vituli
1873 3656 2159 3711 conﬂatilis
2190 3671 2284 3711 ve-

614 3746 615 3749 l
692 3752 970 3809 neratione
1001 3749 1348 3806 lsraelitieum
1380 3749 1634 3816 populum
1661 3747 1792 3801 ultio
1821 3749 2108 3801 subsecuta
2137 3761 2283 3799 eom-

693 3842 973 3912 presserit,
1004 3854 1124 3895 eum
1158 3848 1279 3909 post
1306 3839 1605 3917 epulumoet
1644 3840 1872 3917 cantica,
1898 3847 2017 3907 post
2048 3836 2284 3892 luxurias

696 4012 828 4051 rum.
854 3994 1006 4051 Unde
1028 3992 1190 4064 aliqui
1214 3992 1540 4049 recentiores
1564 3992 1800 4048 Francos
1825 4005 1949 4046 tunc
1972 3993 2285 4048 transmisso

696 4070 889 4123 Rheno
919 4067 1256 4135 Tungrorum
1290 4064 1562 4136 regionem
1596 4064 1927 4119 inhabitasse
1952 4074 2155 4131 putant.
2179 4065 2283 4136 Sed

696 4139 822 4193 huic
849 4134 1068 4191 lectioni
1099 4152 1203 4190 non
1231 4134 1403 4189 solum
1429 4134 1558 4188 editi
1585 4145 1639 4187 et
1671 4150 1799 4188 mss.
1834 4136 2071 4202 codices,
2104 4135 2196 4188 sed
2228 4142 2285 4189 et

697 4210 1081 4278 Fredegarius,
1131 4217 1318 4261 auctor
1365 4204 1644 4261 Gestorum
1690 4206 1917 4273 Frane.,
1949 4208 2078 4275 etc.,
2113 4205 2283 4260 retra-

733 4292 908 4334 antur.

697 4296 968 4417 gagl‘geg.
994 4388 1007 4408 ,
1044 4346 1413 4417 illudouvichi.
1454 4347 1548 4401 Hie
1591 4347 1763 4402 innuit
1803 4346 2089 4415 Gregorius
2120 4342 2285 4401 Chlo-

701 4421 857 4472 dovei
908 4416 1141 4471 victoriae
1173 4419 1352 4468 datum
1402 4417 1601 4481 fuisse,
1637 4428 1692 4469 ut
1737 4420 1849 4483 ipse
1881 4433 1970 4468 rex
2005 4428 2181 4481 esset,
2224 4433 2285 4471 ac

702 4502 867 4557 penes
894 4486 1063 4552 ipsius
1092 4496 1335 4557 posteros
1364 4489 1508 4552 regia
1535 4486 1767 4557 dignitaﬁ
1793 4502 2005 4553 semper
2035 4501 2285 4541 remane-

704 4554 805 4610 i'et.
843 4558 1008 4610 Porro
1038 4568 1101 4607 ex
1131 4554 1425 4609 Claudiano
1452 4568 1503 4609 et
1537 4556 1795 4609 Eumeuio
1828 4558 2009 4621 probat
2041 4556 2283 4611 Valesius

701 4628 858 4752 lionge
904 4634 1028 4680 ante
1069 4623 1422 4679 Cblodionetn
1477 4625 1800 4680 Francorum
1844 4640 1998 4695 reges
2041 4638 2281 4682 comatos

729 4713 889 4752 uisse.

729 4713 889 4753 υιεεθ.

775 4766 802 4806 δ
845 4766 1085 4822 Valesius
1109 4782 1201 4835 pro
1215 4770 1472 4835 quondam
1492 4777 1639 4836 putat
1662 4782 1781 4822 esse
1809 4766 2092 4836 legendum
2116 4784 2279 4839 cons.,

702 4840 754 4897 id
803 4851 883 4895 est
907 4840 1192 4905 consulis;
1225 4854 1380 4907 quam
1410 4854 1591 4893 Vocem
1626 4853 1729 4891 non
1770 4839 1931 4893 habet
1961 4840 2081 4892 cod.
2122 4839 2279 4908 Reg.,

702 4920 757 4966 et
787 4912 900 4978 ipse
931 4909 1169 4965 Valesius
1210 4910 1455 4964 eumdem
1486 4910 1657 4964 locum
1700 4908 1921 4962 laudans
1952 4911 2000 4962 iu
2024 4910 2282 4965 addeudis

704 4984 769 5035 ad
800 4992 928 5035 tom.
956 4981 970 5035 Ι
1016 4982 1152 5036 Hist.
1178 4982 1313 5035 hanc
1346 4981 1513 5050 ipsam
1546 4994 1727 5035 vocem
1750 4980 1965 5033 omittit.
2006 4982 2277 5036 Aschilam

705 5052 793 5105 hic
825 5064 1172 5105 memoratam
1212 5052 1369 5121 aliqui
1423 5059 1673 5119 putarunt
1702 5064 1822 5105 esse
1851 5052 2117 5106 Anthemii
2151 5052 2276 5120 imp.

708 5121 905 5192 tiliam,
939 5123 1075 5187 quod
1100 5124 1336 5177 Ricimer
1356 5121 1595 5192 ejusdem
1620 5121 1889 5177 Anthemii
1914 5139 2079 5192 gener
2097 5123 2276 5176 fuerit.

707 5192 812 5245 Sed
846 5191 916 5243 ἱιιι
951 5192 1239 5247 lticimeres
1268 5191 1403 5247 duos
1451 5205 1688 5260 tempore
1715 5204 1766 5246 ct
1796 5191 1964 5262 patria
2010 5194 2273 5258 diversos,

708 5272 767 5315 ut
804 5272 981 5313 mouet
1011 5263 1326 5317 Sirmondus
1357 5264 1410 5318 in
1457 5267 1597 5318 notis
1627 5264 1691 5319 ad
1727 5264 1932 5319 Ennod.
1972 5265 2022 5318 in
2076 5263 2178 5318 Vit.
2217 5264 2275 5318 Β.

712 5332 1025 5402 Eppltanii,
1059 5332 1111 5385 in
1144 5349 1304 5386 unum
1353 5336 1675 5389 conﬂarunt.
1712 5335 1909 5402 Porro,
1944 5346 1999 5389 ut
2028 5334 2279 5389 observat

708 5401 946 5472 scaliger
975 5401 1131 5456 lib.VI
1162 5402 1228 5456 de
1262 5402 1485 5457 Emend.
1522 5416 1711 5472 temp.,
1743 5401 1991 5459 cln'oniea
2022 5406 2160 5470 apud
2186 5420 2281 5457 an-

710 5477 889 5545 tiquos
919 5472 1124 5545 duobus
1156 5473 1654 5545 lllOdliCIlnSCi‘lpla
1683 5488 1864 5529 erant:
1897 5475 1995 5528 alia
2031 5490 2123 5542 per
2151 5491 2281 5529 eun-

712 5541 887 5598 Su'lum
917 5543 1133 5608 seriem,
1164 5558 1279 5610 qua:
1302 5541 1605 5597 Consuluria
1632 5546 2065 5612 appellabantur,
2107 5548 2278 5613 qualia

715 5615 801 5668 hic
829 5617 1007 5669 laudat
1036 5613 1359 5681 Gregorius;
1391 5616 1493 5666 alia
1525 5630 1650 5668 vero
1682 5616 1733 5668 in
1763 5616 1956 5682 quibus
1986 5632 2091 5669 non
2122 5628 2280 5671 erant

714 5686 903 5754 digesti
933 5685 1198 5752 consules,
1229 5682 1543 5754 dicebantur
1568 5685 1850 5738 Chronica.

790 5753 813 5791 δ
842 5754 971 5809 Cum
994 5758 1062 5810 de
1086 5753 1412 5824 'l‘huringiae,
1443 5769 1599 5825 quam
1632 5756 1805 5809 laudat
1839 5754 2146 5823 Gregorius,
2177 5758 2283 5811 situ

717 5835 822 5875 non
845 5827 1034 5880 eadem
1061 5825 1127 5879 sit
1155 5826 1439 5890 sententia,
1490 5827 1633 5881 varie
1671 5828 1831 5880 etiam
1874 5831 2003 5882 varii
2049 5829 2287 5882 sentiunt

716 5894 781 5947 de
814 5893 1067 5965 Diapargo
1104 5906 1279 5951 castro
1310 5895 1395 5952 hic
1423 5905 1744 5965 memorato,
1777 5902 1913 5969 quoi
1960 5899 2048 5953 alii
2105 5908 2290 5968 putant

2384 3394 2511 3447 xui,
2545 3380 2623 3449 8).
2653 3381 2717 3433 Et
2748 3378 2874 3433 alibi
2905 3396 2917 3432 :
2951 3376 3203 3449 Nunquid
3232 3378 3247 3416 ί
3281 3391 3398 3433 sunt
3425 3381 3475 3433 in
3500 3381 3819 3451 sculptilibus
3858 3399 3941 3453 ger

2385 3474 2508 3524 tium
2536 3472 2621 3540 qui
2652 3470 2832 3539 pluant
2858 3468 3073 3543 (Jerem.
3108 3486 3196 3525 xlv
3219 3512 3233 3538 ,
3263 3470 3392 3539 ΞΜ
3426 3472 3490 3525 Ει
3520 3484 3612 3541 per
3662 3473 3850 3526 Isaiam
3883 3474 3942 3529 ite

2384 3576 2503 3617 rum
2528 3560 2656 3615 dicit
2689 3579 2703 3616 :
2737 3560 2848 3633 Ego
2879 3563 3073 3631 primus
3097 3572 3143 3616 et
3173 3562 3474 3615 novissimus
3503 3566 3548 3627 l,
3580 3572 3627 3616 et
3677 3564 3867 3633 absque
3912 3584 3942 3614 η

2385 3668 2487 3706 ηοη
2515 3663 2590 3708 est
2622 3653 2786 3717 Deus,
2811 3662 2857 3706 et
2881 3654 3151 3723 formator,
3176 3670 3321 3723 quem
3339 3670 3430 3725 ego
3455 3671 3554 3707 non
3578 3655 3824 3709 noverim.
3854 3654 3941 3709 Ριε

2385 3753 2477 3798 stre
2504 3742 2634 3797 idoli
2663 3759 2837 3797 omnes
2868 3744 2998 3797 nihil
3019 3753 3156 3811 sunt,
3188 3753 3235 3797 et
3265 3744 3623 3797 amantissima
3664 3761 3845 3798 eorum
3887 3763 3942 3801 nt

2386 3836 2664 3905 proderunt
2685 3837 2773 3890 eis.
2802 3832 2916 3905 Ipsi
2936 3845 3054 3889 sunt
3080 3844 3231 3888 testes
3260 3850 3459 3902 eorum,
3483 3836 3604 3906 quia
3628 3836 3738 3906 65
3767 3854 3873 3890 non
3913 3855 3937 3891 τ

2388 4007 2507 4047 esse
2535 3990 2812 4063 Duysburg
2842 3992 2906 4063 ad
2942 3991 3185 4063 Rhenum
3213 3992 3263 4045 in
3311 3992 3505 4046 ducatu
3547 3991 3853 4054 Monleusi;
3906 4010 3934 4047 a

2390 4077 2509 4117 eum
2539 4063 2740 4117 Ortelio
2761 4061 3152 4131 Asciburgium,
3181 4063 3340 4130 vulgo
3363 4063 3618 4133 Asbourg,
3646 4066 3695 4116 in
3726 4066 3941 4118 rotnita‘

2391 4133 2717 4199 Moersensi;
2753 4135 2842 4187 alii
2885 4134 3078 4201 quibus
3105 4134 3313 4187 accedit
3363 4134 3621 4196 Cointius,
3659 4133 3941 4204 Duysborc

2389 4206 2530 4271 quod
2561 4206 2722 4257 etiam
2748 4218 2888 4258 nunc
2917 4204 3171 4272 oppidum
3212 4211 3298 4257 est
3324 4204 3461 4258 inter
3495 4204 3778 4259 Bruxellas
3805 4220 3861 4260 et
3894 4207 3941 4258 Li

2388 4276 2627 4327 vanium.
2654 4273 3002 4329 Wendeliuus
3033 4285 3081 4327 et
3111 4274 3315 4337 carteri,
3340 4275 3523 4327 volunt
3542 4290 3661 4330 esse
3689 4277 3935 4329 Diestam

2459 4345 2484 4380 ά
2518 4340 2783 4400 Discimus
2826 4360 2890 4399 ex
2951 4346 3243 4413 Apollinari
3284 4344 3506 4397 Sidonio
3552 4345 3601 4398 in
3653 4345 3942 4415 Panegyrn

2388 4414 2683 4479 Maioriani,
2712 4416 3083 4485 Cttlodiouem,
3115 4419 3203 4483 qui
3236 4414 3519 4469 Atrebates
3567 4414 3897 4485 pervaserat
3922 4458 3936 4481 ,

2390 4485 2686 4556 Maioriano
2716 4488 2953 4554 fugatum
2996 4484 3179 4539 fuisse.

2830 4600 2842 4612 .
2870 4600 2881 4613 .
2910 4599 2924 4613 .
2955 4603 2964 4611 .
2994 4564 3110 4626 Post
3134 4571 3357 4625 tempore
3382 4576 3529 4626 parvo

2521 4624 2754 4687 Pugnaiis
2806 4627 2990 4687 pariter
3012 4625 3225 4684 Francis,
3242 4624 3343 4685 qua
3371 4624 3502 4675 Cloio
3539 4631 3775 4687 patentes

2514 4688 2805 4738 Atrebatum
2831 4695 2986 4738 terras
3011 4695 3316 4749 pervaserat,
3343 4692 3441 4736 etc.

2386 4770 2704 4825 Sirmondus
2755 4770 2920 4839 legit,
2982 4768 3223 4823 Francus
3270 4786 3406 4838 qua,
3464 4778 3572 4825 etc.
3642 4771 3895 4841 Prosper

2389 4841 2659 4896 Chronico
2691 4841 2757 4893 ad
2785 4855 2875 4894 an.
2909 4841 2943 4895 5
2975 4851 3093 4907 post
3128 4841 3346 4894 Honorii
3379 4852 3641 4903 mortem,
3691 4844 3747 4896 id
3781 4855 3876 4897 est
3916 4862 3942 4898 a

2385 4912 2509 4975 427,
2543 4910 2753 4964 Clodius
2784 4921 2967 4981 regnat
2994 4911 3045 4963 in
3094 4908 3337 4964 Francra.
3371 4911 3437 4964 Et
3464 4927 3605 4981 anno
3636 4914 3897 4981 posthaec
3932 4933 3942 4963 t

2383 4983 2608 5051 gesimo,
2638 4998 2731 5036 seu
2764 4978 2886 5046 447,
2917 4979 3181 5034 Meroveus
3208 4994 3387 5049 regnat
3417 4983 3468 5034 in
3508 4978 3772 5035 Francia.

2460 5060 2482 5120 (ἒ
2510 5052 2691 5115 Colh.,
2713 5068 2813 5104 non
2834 5052 3004 5120 facias
3032 5067 3110 5119 ea,
3143 5068 3245 5104 non
3270 5054 3408 5105 colas
3435 5068 3515 5108 ea.

2462 5119 2478 5158 τ
2513 5120 2636 5176 Bac.
2669 5132 2722 5176 et
2742 5122 2818 5176 Co
2843 5125 2920 5187 b.,
2954 5136 3075 5175 cum
3118 5122 3250 5176 Mur.
3307 5137 3378 5189 s.,
3430 5122 3629 5178 Cbesn.
3687 5131 3749 5178 et
3806 5124 3941 5179 Frel

2384 5191 2689 5255 Fantasma,
2724 5194 3045 5245 mendacium
3075 5202 3167 5246 est.
3206 5192 3335 5245 Hice
3378 5205 3564 5261 autem,
3609 5205 3723 5248 etc.
3778 5199 3856 5247 At.
3915 5212 3942 5248 a

2382 5264 2509 5318 editi
2540 5262 2760 5316 omnino
2789 5265 2941 5316 aliter
2986 5268 3125 5316 hunc
3154 5273 3355 5317 textum
3389 5265 3648 5318 referunt.
3688 5264 3849 5329 Quid
3885 5284 3941 5333 pr

2382 5336 2491 5406 des:
2522 5332 2758 5406 sculptile
2782 5333 2884 5397 his,
2907 5350 3013 5406 Aqua
3035 5334 3245 5400 sculpsit
3270 5334 3403 5406 illud
3424 5335 3570 5401 ﬁctor
3599 5350 3770 5388 suus»:
3794 5332 3942 5406 cond

2385 5403 2471 5456 ttle
2500 5414 2544 5457 et
2587 5404 2741 5473 intagi
2765 5419 2857 5456 rem
2890 5402 3097 5472 falsam.
3133 5415 3236 5459 etc.
3282 5403 3414 5456 Ecce
3452 5408 3545 5458 iste
3587 5416 3887 5472 coopertus
3914 5402 3941 5453 ἠ

2382 5491 2511 5526 auro
2539 5484 2584 5525 et
2615 5485 2845 5542 argento,
2879 5483 2923 5527 et
2953 5476 3150 5538 omn's,
3188 5486 3319 5539 etc.;
3351 5491 3470 5543 quae
3504 5477 3659 5529 lectio
3704 5479 3899 5543 magis
3934 5497 3942 5527 ι

2387 5543 2679 5597 conformis
2706 5553 2901 5616 nostra:
2936 5545 3184 5598 versioni.
3232 5547 3414 5598 Altera
3456 5562 3581 5599 vero
3611 5548 3851 5601 videtur
3918 5563 3942 5616 ιῖ

2384 5616 2489 5669 tios
2518 5629 2732 5668 sensum
2763 5614 2960 5667 referre
2988 5630 3147 5684 quam
3176 5618 3314 5668 sacri
3344 5615 3546 5670 codicis
3578 5617 3775 5671 verba.

2458 5695 2482 5757 tt
2506 5687 2695 5748 Corb.,
2722 5685 2865 5757 Bue,
2895 5685 3029 5757 Mor.
3056 5700 3102 5738 s.
3130 5695 3184 5741 et
3210 5684 3421 5755 Regm.,
3449 5688 3625 5741 timeat
3654 5705 3689 5741 a
3722 5690 3907 5757 (acie.

2462 5755 2488 5793 ιι
2516 5757 2701 5823 Iidem,
2735 5755 2827 5807 sub
2850 5755 2973 5808 caelo
2994 5767 3136 5809 sunt.

2470 5824 2487 5864 ί
2523 5827 2672 5889 Bec.,
2707 5824 2957 5891 Nunquid
2988 5825 3190 5879 Deus...
3225 5827 3310 5893 qui
3342 5828 3509 5898 pluat.

2471 5899 2485 5947 t
2522 5898 2730 5968 Regum,
2761 5904 2807 5950 et
2836 5912 2924 5964 ego
2946 5898 3267 5951 novissimus.
