3994 6332
231 333 325 390 $.09

1114 333 1431 390 HISTORIA
1475 331 1924 391 FRANCORUM.
1965 330 2170 388 LIBER
2210 334 2586 393 SECUNDUS.

3393 337 3499 411 sto

229 455 336 507 dent
363 467 523 520 neque
568 449 884 523 intelligunt,
914 460 960 510 et
993 453 1380 524 confundantur
1407 464 1432 492 ει
1460 454 1516 509 in
1538 454 1610 509 eis
1642 467 1661 507 :
1695 467 1807 507 ecce
1834 455 1882 510 A
1912 450 2100 521 possit,
2152 450 2287 511 dans
2334 454 2492 509 etiam
2534 454 2745 523 signum
2790 451 3001 523 quando
3031 452 3206 509 redire
3236 454 3404 523 possit
3447 455 3502 511 in

226 562 389 601 omnes
418 526 694 615 participes
720 547 831 614 ejus
859 546 1273 615 confundantur;
1304 547 1437 616 fabri
1457 548 1590 603 enim
1609 556 1728 600 sunt
1746 562 1809 601 ea:

228 638 527 692 hominibus.
561 636 589 677 δ
620 639 745 705 Quis
772 640 1007 709 formavit
1033 641 1207 707 deum,
1238 651 1284 696 et
1309 640 1546 710 sculptile
1571 644 1810 712 con/lauit

227 732 290 784 ad
316 731 449 783 nihil
475 730 641 784 utile?
680 733 732 784 in
762 734 942 800 prunis
971 743 1016 787 et
1048 733 1249 788 malleis
1276 734 1516 804 formavit
1557 734 1714 801 illud,
1760 745 1807 789 et

226 833 457 893 aperatus
488 826 638 877 estin
669 825 877 879 brachio
924 827 1238 895 fortitudinis
1286 844 1411 882 suta.
1468 827 1719 883 Similiter
1760 838 1806 883 et

226 917 409 985 artifex
432 918 684 986 lignarios
712 918 763 971 in
793 919 984 972 circino
1014 920 1235 973 (ornavit
1262 920 1414 987 illud,
1457 930 1505 974 et
1532 921 1654 989 fecit
1675 921 1805 974 ima-

226 1010 385 1080 ginem
409 1011 529 1075 v'ri,
554 1013 700 1078 quasi
739 1013 955 1079 speciosi
983 1014 1208 1066 hominis
1229 1013 1503 1067 habitantis
1533 1016 1585 1067 in
1632 1014 1804 1067 domo.

227 1101 454 1157 Succidit
477 1102 694 1173 lignum,
722 1113 964 1169 aperatus
995 1113 1089 1171 est,
1118 1105 1237 1173 fecit
1264 1104 1521 1175 sculptile,
1545 1114 1591 1157 ct
1616 1104 1807 1157 adora-

224 1192 287 1244 rit
317 1200 371 1244 ut
400 1194 593 1246 deum:
623 1194 778 1246 claris
823 1205 872 1248 et
918 1194 1115 1247 malleis
1164 1196 1557 1265 compaginauit,
1606 1204 1661 1248 ut
1704 1212 1806 1250 nou

224 1285 547 1337 dissolvatur.
590 1283 803 1338 I’ortata
834 1287 1084 1339 tolluntur
1107 1296 1155 1353 ε,
1188 1287 1305 1357 quia
1346 1287 1578 1341 incedere
1600 1304 1700 1340 non
1721 1304 1802 1341 ua»

223 1374 321 1426 lent
350 1390 366 1428 .‘
394 1374 647 1440 reliquum
680 1392 794 1428 vero
824 1379 969 1446 ligni,
1005 1380 1199 1446 factum
1227 1386 1299 1431 est
1322 1377 1612 1432 hominibus
1632 1378 1684 1431 in
1726 1382 1804 1447 fo-

226 1481 353 1528 cum,
380 1476 425 1517 et
453 1466 689 1534 calefacti
718 1476 855 1518 sunt.
884 1465 970 1520 Ea:
998 1468 1101 1520 alio
1127 1484 1240 1521 vero
1263 1469 1411 1522 deum
1437 1468 1576 1537 fecit,
1602 1478 1648 1521 et
1668 1469 1805 1523 scul-

222 1560 340 1630 ptile
368 1558 465 1610 sibi
489 1575 507 1610 :
538 1570 777 1611 curvatur
802 1571 920 1612 ante
949 1561 1099 1624 illud,
1145 1571 1191 1614 et
1220 1562 1450 1613 adoravit
1491 1561 1624 1615 illud
1671 1561 1720 1624 ά,
1756 1571 1804 1617 et

223 1650 443 1701 obsecrat
469 1650 641 1702 dicens
667 1664 686 1703 :
722 1649 900 1702 Libera
924 1655 1021 1714 'me,
1052 1652 1171 1718 quia
1203 1651 1326 1703 deus
1354 1667 1492 1704 meus
1508 1668 1559 1704 es
1586 1661 1659 1707 tu.
1692 1651 1803 1705 Me-

221 1741 453 1795 diehtem
484 1744 595 1809 ejus
626 1743 732 1810 igni
778 1742 1069 1805 combussi,
1113 1753 1159 1794 et
1203 1744 1317 1795 coxi
1362 1759 1515 1807 super
1559 1744 1801 1799 carbones

1915 544 2137 612 patriam
2170 562 2182 596 :
2215 545 2265 599 id
2292 555 2405 611 est,
2439 547 2733 603 diviserunt
2772 546 2928 601 simul
2976 562 3137 601 unum
3169 562 3415 613 aureum,
3443 557 3502 604 et

1912 651 2068 689 unam
2092 637 2306 707 qui-lem
2325 648 2525 707 partem
2552 654 2732 693 secum
2755 638 3316 707 detulithildcricus,
3339 640 3498 694 aliam

1911 741 2042 782 vero
2091 728 2296 784 amicus
2347 729 2466 799 ejus
2519 730 2758 795 retinuit,
2802 730 3026 785 dicens:
3058 730 3496 799 Quandoquidem

1912 819 2048 875 hanc
2077 831 2279 891 partem
2313 822 2406 877 tibi
2438 823 2655 888 misero,
2694 831 2977 891 partesque
2998 822 3297 891 conjunctae
3330 840 3494 878 umim

1910 913 2189 967 effecerint
2236 913 2491 979 solidum,
2521 921 2645 968 tunc
2678 922 2729 967 tu
2758 926 2947 969 securo
2981 913 3160 968 animo
3189 913 3241 967 in
3272 914 3497 982 patriam
3552 978 3553 981 η

1910 1005 2214 1072 repedabis.
2257 1004 2455 1059 Abiens
2494 1018 2623 1072 ergo
2664 1005 2716 1059 in
2755 1004 3120 1072 Thoringiam,
3146 1004 3283 1073 apud
3315 1019 3496 1075 regem
3554 1010 3558 1015 ‘

1911 1096 2178 1159 Bisinumi
2231 1113 2560 1168 uxoremque
2608 1097 2727 1167 ejus
2758 1099 3004 1153 Basinam
3036 1101 3190 1155 latuit
3222 1117 3234 1152 :
3268 1099 3499 1167 denique

1908 1188 2120 1251 Franci,
2145 1189 2244 1243 hoc
2268 1190 2460 1259 cjecto,
2485 1189 2753 1259 ngidium
2780 1191 2903 1255 :ibi,
2926 1207 3081 1259 quem
3110 1192 3358 1260 superius
3386 1206 3472 1247 ma

1905 1282 2128 1349 gistrum
2161 1283 2388 1337 militum
2418 1299 2448 1337 a
2480 1282 2750 1351 republica
2781 1284 3001 1337 missum
3028 1283 3499 1344 diximusrunant-

1907 1374 2065 1429 miter
2116 1388 2296 1443 regem
2345 1374 2634 1429 asciseunt.
2667 1373 2767 1440 Qui
2798 1390 2917 1429 cum
2948 1386 3137 1428 octavo
3168 1388 3307 1429 anno
3335 1387 3498 1441 super

1904 1482 1999 1523 eos
2019 1477 2289 1537 regnaret,
2316 1469 2521 1523 amicus
2540 1470 2627 1524 ille
2656 1470 2850 1534 ﬁdelis,
2880 1470 3082 1539 pacatis
3110 1468 3314 1527 occulte
3338 1468 3499 1522 Fran-

1904 1558 2002 1622 cis,
2036 1559 2249 1614 nuntios
2291 1559 2359 1613 ad
2405 1558 2761 1616 Cbildericum
2791 1605 2806 1628 ,
2840 1575 2962 1615 ctun
3005 1569 3157 1630 parte
3200 1560 3289 1615 illa
3340 1558 3498 1615 divisi

1902 1648 2058 1702 solidi
2089 1664 2246 1715 quam
2279 1650 2599 1719 retinuerat,
2635 1652 2818 1705 mittit.
2850 1651 2944 1705 Ille
2973 1666 3101 1706 vero
3132 1659 3275 1705 certa
3302 1664 3498 1719 cogno-

1904 1753 2058 1794 scens
2112 1739 2326 1804 indicia,
2377 1740 2519 1811 quod
2570 1755 2598 1793 a
2648 1741 2865 1796 Francis
2911 1741 3330 1804 desideraietur,
3371 1740 3499 1805 ipsis

220 1835 325 1903 ejus
357 1849 552 1898 panes;
580 1834 696 1885 cori
722 1849 917 1899 carnes,
944 1843 989 1885 tt
1016 1835 1231 1898 comedi,
1265 1842 1310 1887 et
1355 1835 1418 1887 de
1462 1834 1655 1902 reliquo
1693 1837 1802 1905 ejus
1838 1828 1881 1886 Β
1910 1830 2069 1885 etiam
2116 1832 2456 1901 rogantibus,
2503 1848 2529 1885 a
2571 1832 2858 1902 Thoringia
2906 1848 3202 1902 regressus,
3249 1834 3301 1887 in
3336 1846 3497 1901 regno

219 1922 411 1977 idolum
444 1923 652 1991 faciam.
683 1924 805 1975 Ante
834 1933 1066 1975 truncum
1115 1925 1240 1994 ligni
1282 1924 1545 1991 proridam
1580 1935 1601 1961 θ
1629 1941 1648 1979 :
1680 1942 1799 1993 pars

220 2018 324 2085 ejus
353 2016 484 2067 cinis
514 2023 606 2070 est.
634 2013 735 2067 Cor
760 2015 1003 2085 insipiens
1030 2016 1262 2069 adoravit
1286 2015 1437 2079 illud,
1480 2024 1524 2069 et
1553 2032 1651 2069 non
1677 2017 1801 2069 libe-

218 2105 343 2158 ravit
371 2106 598 2158 animam
619 2122 764 2159 suam
794 2104 813 2143 τ
842 2122 859 2160 .'
884 2124 1043 2171 neque
1064 2108 1204 2169 dicit,
1240 2110 1371 2178 forte
1392 2107 1706 2160 mendacium
1727 2117 1801 2162 est

215 2199 267 2251 in
298 2199 483 2251 dextra
512 2216 622 2252 mea
648 2198 801 2269 (lsai.
829 2216 976 2265 Iuv,
1003 2198 1177 2269 6-9.0).
1215 2201 1338 2254 Ilmc
1365 2209 1543 2254 autem
1572 2202 1800 2254 Franco—

214 2306 330 2344 rum
360 2292 647 2366 geueratio.
677 2305 781 2344 non
814 2290 1077 2346 intellexit
1128 2291 1381 2360 primum,
1417 2291 1801 2346 intellexerunt

214 2392 389 2437 autem
415 2392 622 2452 postea,
644 2384 781 2439 sicut
806 2398 1036 2453 sequens
1065 2382 1281 2439 historia
1311 2394 1514 2438 narrat.

281 2474 374 2529 XI.
419 2474 609 2528 Avitus
636 2476 777 2529 enim
807 2491 946 2529 unus
971 2491 1035 2530 ex
1072 2476 1432 2544 senatoribus,
1461 2485 1534 2544 et,
1567 2486 1623 2531 ut
1647 2477 1802 2532 valde

212 2565 554 2620 manifestum
583 2574 686 2631 est,
729 2566 858 2620 civis
886 2568 1176 2631 Arvernus,
1209 2580 1328 2621 cum
1364 2567 1659 2622 Romanum
1690 2583 1804 2621 am-

212 2659 377 2713 bisset
404 2657 711 2726 imperium,
746 2657 1013 2712 luxuriose
1046 2674 1204 2727 agere
1234 2660 1440 2725 volens,
1470 2674 1500 2714 a
1544 2660 1805 2714 senatori-

211 2750 305 2804 bus
352 2750 629 2817 projectus
646 2758 693 2815 Β,
734 2750 874 2817 apud
916 2750 1239 2805 Placentiam
1290 2753 1475 2806 urbem
1522 2752 1839 2821 episcopus-

210 2842 512 2896 ordinatur.
545 2839 832 2909 Comperto
866 2851 1073 2909 autem,
1110 2843 1250 2914 quod
1301 2844 1473 2899 adhuc
1521 2845 1803 2919 indignans

209 2942 427 2987 scnatus
459 2932 564 2985 vita
605 2948 725 2988 eum
756 2936 961 3001 privare
990 2935 1169 2999 vellet,
1204 2936 1475 2991 basilicam
1507 2939 1676 2993 saneti
1704 2937 1798 2993 Ju~

209 3022 337 3077 limi
361 3023 594 3077 Arverni
623 3025 872 3094 martyris
899 3040 1018 3080 cum
1050 3025 1233 3081 multis
1264 3028 1573 3082 muneribus
1602 3030 1805 3096 espeti-

210 3116 314 3169 vit:
335 3115 431 3168 sed
455 3115 525 3169 im
535 3115 673 3183 pleto
688 3117 739 3169 in
763 3116 955 3171 itinere
972 3117 1095 3170 vita:
1113 3131 1295 3182 cursu,
1309 3118 1462 3182 obiit,
1487 3118 1803 3188 delatosque

1908 1938 2005 1977 suo
2028 1932 2108 1978 est
2129 1926 2427 1981 restitutus.
2461 1926 2551 1978 His
2575 1941 2701 1994 ergo
2726 1926 3073 1995 regnantibus
3091 1926 3272 1988 simul,
3304 1924 3495 1978 llasina

1907 2016 2020 2080 illa,
2052 2033 2210 2087 quant
2241 2034 2403 2086 supra
2436 2018 2871 2080 memoravimus,
2905 2016 3090 2070 relicto
3120 2016 3232 2069 viro
3263 2029 3382 2079 suo,
3428 2015 3495 2066 ad

1905 2108 2268 2163 Childericum
2294 2110 2457 2163 venit.
2481 2109 2581 2175 Qui
2604 2124 2724 2162 cum
2748 2109 2975 2162 sollicite
2998 2108 3369 2174 interrogaret,
3390 2120 3494 2173 qua

1905 2204 1973 2258 de
2000 2218 2157 2256 causa
2189 2203 2254 2256 ad
2298 2218 2416 2256 eum
2447 2203 2515 2257 de
2555 2212 2696 2255 tanta
2728 2202 2949 2273 regione
2976 2201 3243 2266 venisset,
3272 2213 3495 2267 respon~

1908 2294 2055 2349 disse
2088 2293 2254 2349 fertur
2283 2312 2295 2345 :
2328 2292 2489 2355 Novi,
2523 2294 2712 2362 inquit,
2746 2293 3022 2347 utilitatem
3056 2300 3221 2357 tuam,
3255 2291 3394 2359 quod
3422 2289 3497 2343 sis

1906 2386 2060 2439 valde
2105 2395 2363 2443 strenuus,
2402 2403 2415 2439 :
2472 2385 2695 2453 ideoque
2740 2384 2859 2438 veni
2892 2392 2948 2437 ut
2996 2382 3223 2436 habitem
3281 2392 3492 2446 tecum;

1908 2491 2028 2530 nam
2061 2477 2297 2540 noveris,
2328 2478 2369 2529 si
2396 2477 2447 2530 in
2479 2474 2855 2531 transmarinis
2878 2473 3116 2543 partibus
3142 2473 3371 2542 aliquem
3403 2488 3494 2526 coo

1906 2567 2207 2636 gnovissem
2244 2556 2525 2622 utiliorem
2558 2577 2627 2632 te,
2661 2567 2983 2634 expetissem
3007 2566 3187 2633 utique
3214 2564 3493 2619 cohabita-

1910 2660 2107 2714 tionem
2138 2660 2275 2730 ejus.
2329 2664 2399 2713 At
2429 2660 2515 2715 ille
2554 2659 2822 2728 gaudens,
2856 2673 2971 2713 eam
3004 2658 3106 2711 sibi
3149 2658 3200 2711 in
3246 2656 3495 2727 conjugio

1909 2753 2177 2820 copulavit
2204 2771 2217 2807 :
2248 2769 2367 2821 qua:
2388 2753 2698 2822 concipiens
2726 2754 2928 2820 peperit
2962 2752 3151 2815 lilium,
3183 2751 3495 2819 vocavitqne

1909 2858 2107 2898 nomen
2137 2844 2253 2912 ejus
2280 2844 2734 2899 Chlodovechum.
2773 2844 2867 2898 Ilic
2896 2842 2993 2898 fuit
3033 2852 3360 2914 magnus,'et
3398 2856 3494 2911 pu-

1910 2945 2109 3009 gnata;
2130 2937 2398 3007 egregius.

1980 3026 2117 3083 XIII.
2152 3028 2305 3096 Apud
2348 3028 2647 3083 Arvernum
2686 3041 2816 3083 vero
2856 3035 2976 3097 post
3016 3026 3295 3085 transitum
3324 3026 3494 3083 sancti

1908 3120 2157 3187 Artemii,
2182 3120 2531 3175 Venerandus
2560 3136 2590 3173 e
2618 3120 2957 3174 senatoribus
2978 3119 3259 3189 episcopus
3281 3119 3497 3175 ordinas

209 3207 273 3264 ad
300 3208 670 3263 Brivatensem
697 3211 895 3277 vicum,
918 3209 983 3263 ad
1005 3209 1166 3278 pedes
1186 3209 1435 3264 antedicti
1456 3210 1706 3281 martyris
1728 3222 1810 3267 cst
1837 3203 1880 3262 C
1914 3219 2020 3267 tur.
2048 3211 2232 3277 Qualis
2260 3223 2437 3265 autem
2468 3210 2627 3265 fuerit
2654 3211 2738 3264 hic
2768 3211 3027 3279 pontifex,
3063 3218 3286 3265 testatur
3314 3210 3506 3265 Pauli--

208 3294 455 3374 sepultus
482 3321 494 3355 :
518 3303 604 3357 cui
628 3304 916 3357 Martianus
935 3300 1119 3374 [Forte
1148 3300 1491 3372 Majorianus]
1518 3304 1802 3358 successit.

208 3392 270 3449 In
299 3393 489 3448 Galliis
516 3404 693 3449 autem
732 3393 977 3465 Algidius
1006 3409 1072 3448 ex
1101 3392 1357 3448 Romanis
1384 3393 1637 3464 magister
1662 3394 1803 3450 mili-

208 3494 322 3539 tum
355 3482 558 3539 datush
591 3494 693 3539 est.

280 3576 402 3631 XII.
455 3576 785 3632 Childericus
813 3590 941 3632 vero
970 3592 1089 3632 cum
1121 3587 1267 3633 esset
1309 3578 1469 3632 nimia
1510 3579 1561 3632 in
1594 3578 1803 3637 luxuria

208 3669 543 3734 dissolutus,
576 3677 632 3724 et
680 3677 925 3738 regnaret
972 3684 1133 3738 super
1178 3669 1503 3724 Francorum
1546 3679 1756 3739 gentem
1785 3712 1801 3737 ,

206 3759 382 3828 cepit
404 3759 540 3813 tilias
559 3773 742 3812 eorum
765 3766 1012 3827 stuprose
1037 3758 1343 3814 detrahere.
1365 3760 1571 3830 6611Ιί
1594 3775 1805 3830 quoque

207 3849 279 3905 ob
310 3850 419 3904 hoc
438 3848 797 3919 indignantes,
825 3848 891 3902 de
913 3863 1078 3913 regno
1099 3864 1219 3903 eum
1250 3848 1492 3916 ejiciunt.
1517 3848 1806 3917 Comperto

206 3952 396 3996 autem
424 3939 564 4010 quod
596 3954 718 3995 eum
750 3939 912 3994 etiam
951 3939 1252 3994 interficere
1294 3940 1523 4003 vellent,
1569 3940 1802 3995 Thoriu-

206 4035 356 4105 giam
410 4033 582 4103 petiit,
627 4033 937 4102 relinquens
984 4032 1053 4086 ibi
1090 4032 1357 4087 hominem
1399 4035 1498 4088 sibi
1541 4050 1723 4088 carum
1762 4032 1804 4099 ί,

209 4127 306 4196 qui
342 4123 581 4178 virorum
611 4123 896 4178 furentium
926 4123 1134 4177 animos
1157 4126 1335 4179 verbis
1365 4124 1569 4179 lenibus
1600 4125 1809 4180 mollire

283 4270 311 4299 ι
358 4259 504 4314 Idem
527 4270 582 4314 et
608 4261 755 4323 Bec.,
785 4260 1187 4329 confundentur.
1746 4288 1753 4295 ι

281 4330 313 4369 δ
363 4331 490 4396 Quis
522 4332 778 4397 formarit,
812 4341 943 4393 etc.,
987 4346 1152 4400 usque
1191 4329 1257 4384 ad
1295 4330 1348 4384 in
1386 4332 1587 4401 prunis,
1617 4330 1810 4387 desunt

206 4404 262 4457 in
286 4402 482 4468 Corb.,
518 4403 707 4467 Regni.
740 4411 793 4454 et
827 4402 949 4454 Bec.

283 4484 307 4511 ε
357 4471 546 4541 Regm.
574 4482 629 4525 et
652 4474 801 4534 Bec.,
832 4471 1098 4523 tollentur.

278 4542 306 4583 ά
356 4544 568 4610 chm.,
602 4554 648 4594 et
677 4541 864 4595 adorat
892 4552 939 4594 et
968 4544 1216 4595 obsecrat.

284 4625 311 4654 ε
356 4615 546 4675 Curh.,
580 4614 703 4666 llec.
731 4622 784 4665 et
818 4615 1027 4682 Regum
1053 4623 1106 4666 et
1140 4613 1274 4667 Mor.
1307 4627 1379 4679 8.,
1414 4613 1661 4668 adorabo.

284 4684 305 4722 ί
353 4684 568 4753 llegm.,
601 4684 826 4753 liberavit
852 4699 987 4735 eum.

279 4765 304 4803 ε
352 4752 627 4807 εἰδυίῃ-1).
651 4765 704 4808 et
726 4752 902 4816 Culh.‘,
936 4763 991 4805 at
1015 4752 1127 4824 alii,
1148 4755 1358 4824 ejectus.
1384 4754 1649 4808 Placentia
1677 4756 1804 4809 urbs

199 4837 292 4881 est
327 4825 493 4897 Italia:
523 4825 825 4897 notissima.
863 4825 934 4877 De
970 4824 1029 4877 S.
1064 4823 1297 4886 Juliano,
1331 4826 1418 4891 qui
1448 4828 1583 4892 apud
1622 4827 1805 4879 Briva-

200 4908 346 4956 tcm,
378 4894 629 4959 Brioude,
662 4897 713 4946 in
748 4896 1003 4947 Arvernis
1050 4898 1310 4960 quiescit,
1362 4904 1503 4948 tutus
1548 4906 1631 4950 est
1670 4898 1804 4951 liber

197 4966 482 5022 secundus
509 4967 746 5031 Gregorii
776 4966 843 5018 de
872 4966 1053 5017 Gloria
1083 4966 1392 5031 Martyrum.

280 5037 311 5073 1-
355 5040 566 5104 Aliquot
609 5052 737 5089 mss.
771 5046 823 5088 et
850 5038 964 5101 etI.,
996 5036 1162 5087 dictus
1193 5047 1283 5088 est.
1316 5036 1460 5088 Ilanc
1489 5034 1797 5103 dignitatem

195 5110 273 5162 ab
294 5108 457 5162 Avito
480 5107 758 5160 habuerat.
784 5106 976 5159 Conies
1009 5108 1284 5175 utriusque
1316 5108 1516 5160 militia:
1546 5108 1612 5160 ab
1635 5108 1803 5161 Idatio

192 5179 533 5249 appellatur.

284 5251 299 5286 ί
356 5250 411 5301 In
442 5250 593 5301 Coll).
635 5248 809 5301 addita
839 5256 963 5299 sunt
990 5248 1181 5314 :equali
1225 5248 1335 5300 fere
1367 5261 1524 5300 manu
1556 5249 1667 5301 lucc
1695 5248 1801 5301 duo

188 5324 399 5379 verba.
427 5321 630 5371 nomine
660 5317 984 5371 Viomatlum.
1014 5319 1102 5371 Sic
1126 5318 1214 5372 ille
1244 5322 1312 5371 ab
1344 5320 1589 5371 Aiatoino
1618 5322 1805 5387 appel-

187 5392 349 5445 latur
389 5390 478 5451 lib.
510 5405 565 5453 tt,
592 5404 708 5456 cap.
744 5389 798 5442 7.

268 5465 285 5512 i
352 5461 485 5529 Reg.
528 5471 584 5514 et
630 5460 795 5527 Bad.,
842 5458 1103 5513 Basinum.
1154 5458 1339 5527 ﬂegm.
1388 5469 1440 5513 et
1488 5461 1647 5524 Bec.,
1690 5458 1805 5513 Bis-

183 5548 401 5585 sanum.

266 5608 295 5643 ι
350 5600 500 5655 Editi
531 5615 650 5654 cum
683 5601 883 5668 aliquot
924 5616 1055 5656 mss.
1090 5599 1287 5654 habent
1334 5612 1589 5669 presbyter
1618 5599 1804 5654 Pauli-

179 5692 315 5728 nus.
356 5671 514 5726 Hunc
542 5672 807 5726 celebrem
853 5672 1127 5725 Paulinum
1158 5670 1306 5725 Nola:
1340 5674 1648 5738 episcotium
1681 5686 1803 5725 esse

178 5743 491 5801 mutendit
521 5756 671 5796 novas
704 5742 870 5809 ipsius
911 5757 1132 5809 operum
1165 5743 1418 5796 editionis
1444 5752 1651 5802 auctor,
1684 5745 1800 5806 ejus

180 5817 336 5873 Vita
373 5828 501 5885 cap.
545 5812 641 5883 49,
670 5822 857 5869 contra
895 5812 1224 5869 Chilﬂctiutu
1267 5813 1360 5881 qui
1412 5812 1463 5868 id
1511 5813 1795 5868 inliciatur.

1908 3300 2052 3356 nusl
2083 3303 2307 3358 dicens:
2354 3320 2373 3353 ‹
2424 3302 2481 3358 Si
2512 3302 2655 3356 enim
2699 3301 2798 3356 hos
2828 3302 3009 3357 videas
3037 3301 3226 3372 dignos
3272 3301 3496 3357 Domino

1905 3393 2233 3458 sacerdotes,
2265 3394 2349 3448 vel
2398 3391 2793 3463 Exsuperiuml
2834 3393 2939 3465 67
2967 3392 3199 3461 Tolosae,
3246 3394 3329 3451 vel
3359 3394 3494 3449 Sim-

1909 3485 2132 3554 plicium
2153 3485 2394 3552 Vicnnre,
2413 3485 2497 3539 vel
2518 3485 2816 3540 Amandum
2843 3484 3170 3555 Burdegalaz,
3196 3486 3278 3541 vel
3306 3487 3497 3555 Dioge—

1909 3578 2127 3632 nianum
2158 3578 2380 3645 Albigtc,
2413 3578 2493 3632 vel
2520 3577 2838 3645 Dynamium
2872 3577 3174 3644 Ecolismre,
3205 3580 3287 3634 vel
3322 3578 3497 3632 Vene-

1909 3668 2138 3722 randum
2172 3668 2427 3722 Arvernis
2453 3711 2468 3735 ,
2497 3668 2581 3723 vel
2628 3668 2881 3723 Alithium
2928 3669 3182 3723 Cadurcis
3204 3712 3218 3734 ,
3248 3670 3329 3724 vel
3359 3685 3498 3725 nunc

1909 3759 2191 3828 Pegasium
2235 3759 2585 3826 Petrocoriis,
2629 3768 2920 3830 utcumque
2963 3774 3021 3815 se
3075 3760 3273 3817 habent
3319 3761 3499 3816 steculi

1908 3850 2067 3916 mala,
2098 3850 2309 3905 videbis
2355 3849 2596 3918 profecto
2625 3851 2968 3922 dignissimos
3014 3851 3172 3906 totius
3201 3846 3499 3906 sanctitatis

1908 3957 1970 3996 ac
1999 3943 2143 4006 Iidei,
2188 3944 2569 4013 religionisque
2600 3944 2870 4000 custodes.
2913 3965 2931 3997 ι
2962 3945 3054 4000 llic
3084 3947 3135 4000 in
3167 3947 3278 4015 ipsa
3325 3947 3499 4001 domi-

1911 4033 2014 4087 nit-i
2046 4033 2247 4088 Natalis
2287 4035 2460 4104 vigilia
2492 4038 2748 4090 transisse
2788 4037 3094 4092 refertur”.
3135 4039 3288 4093 Mane
3317 4052 3497 4093 autem

1911 4128 2069 4196 facto,
2105 4128 2373 4196 processio
2397 4128 2752 4183 solemnitatis
2791 4127 2993 4184 funeris
3028 4129 3144 4198 ejus
3173 4130 3491 4199 obsequium

1910 4263 2040 4319 Rem
2067 4263 2116 4315 in
2144 4261 2319 4315 medio
2341 4261 2591 4330 relinquit
2620 4260 2973 4330 Rosweydus.
2999 4260 3155 4315 Certe
3185 4262 3285 4317 etsi
3309 4278 3336 4315 a
3361 4262 3495 4317 Gre-

1909 4334 2060 4403 gorio
2093 4333 2341 4386 Paulinus
2373 4334 2456 4403 hic
2480 4334 2759 4400 presbyter
2781 4332 3080 4399 appellatus
3107 4332 3289 4394 fuerit,
3320 4344 3378 4387 ut
3401 4334 3493 4386 ha-

1908 4408 2036 4457 bent
2064 4404 2270 4469 aliquot
2297 4402 2529 4462 cndiccs,
2554 4403 2631 4456 nil
2660 4402 2786 4457 inde
2802 4402 2993 4458 confici
3017 4410 3211 4471 potest,
3236 4419 3356 4458 cum
3384 4406 3499 4459 haec

1898 4476 2132 4542 epismla
2161 4489 2189 4526 a
2222 4472 2446 4527 Paulino
2481 4482 2606 4527 tunc
2638 4474 2952 4543 presbytero
2995 4475 3156 4527 scribi
3191 4474 3451 4542 potuisset
3481 4492 3494 4538 ;

1910 4554 2071 4613 atque
2099 4547 2166 4598 ita
2198 4546 2314 4609 ejus
2340 4546 2548 4597 titulum
2574 4544 2790 4613 legisset
2811 4544 3121 4611 Gregorius,
3163 4553 3220 4601 ut
3242 4545 3338 4613 ipsi
3373 4555 3500 4599 tunc

1910 4627 2024 4669 erat
2054 4614 2320 4684 praefixos.
2360 4614 2465 4667 Sed
2507 4614 2871 4682 cujuscmtque
2898 4613 3101 4668 Paulini
3145 4615 3325 4681 fuerit,
3368 4618 3499 4669 nihil

1906 4685 1973 4808 (ἆυ
2004 4701 2064 4739 ea
2092 4695 2266 4741 exstat
2303 4692 2496 4755 printer
2529 4686 2693 4740 verba
2721 4700 2843 4754 qua:
2893 4685 2982 4740 hic
3010 4700 3039 4737 a
3080 4684 3340 4755 Gregorio
3383 4687 3497 4739 lau-

1943 4766 2122 4808 antur.

1943 4766 2122 4808 antur.

1984 4824 2002 4863 1
2046 4825 2376 4892 Exsuperius
2397 4840 2427 4878 a
2452 4824 2507 4881 S.
2539 4824 2862 4894 Hieronymo
2886 4823 3130 4879 laudatur
3160 4825 3213 4879 iu
3244 4828 3398 4893 epist.
3427 4826 3494 4880 ad

1910 4895 2184 4949 Rusticum
2214 4897 2556 4962 monachum,
2582 4907 2636 4951 et
2658 4895 2776 4948 aliis
2798 4896 2849 4949 in
2882 4896 3034 4949 locis.
3073 4896 3256 4949 Eidem
3285 4897 3498 4963 scripsit

1910 4967 2252 5021 Innocentius
2286 4966 2303 5018 l
2332 4981 2484 5034 papa.
2524 4968 2650 5033 Ejus
2694 4965 2887 5019 iesmm
2918 4967 3173 5020 recolitur
3205 4966 3291 5020 die
3316 4966 3386 5021 28
3409 4982 3496 5020 se—

1911 5038 2186 5103 ptetnbris.
2238 5037 2313 5089 De
2361 5036 2639 5103 Simplicio
2671 5036 2917 5089 Zozimus
2963 5052 3095 5104 papa
3139 5039 3299 5107 epist.
3352 5037 3407 5091 7.
3443 5040 3495 5090 In

1908 5108 2060 5165 Collt.
2102 5117 2150 5160 et
2197 5108 2328 5159 Bad.
2374 5108 2567 5160 dicitur
2595 5107 2912 5175 Supplict'tts.
2972 5108 3044 5162 De
3088 5108 3329 5161 Amantio
3376 5109 3498 5162 vide

1910 5179 1999 5230 lib.
2030 5179 2094 5230 de
2120 5178 2202 5231 Gl.
2232 5175 2382 5248 Copi.
2404 5217 2417 5238 ,
2446 5192 2563 5248 cap.
2589 5176 2679 5229 ιδ.
2710 5175 3069 5248 Dynamiusjn
3095 5178 3279 5243 Corb.,
3304 5180 3493 5248 Regni.

1910 5261 1962 5370 ῗι
1996 5248 2123 5301 llud.
2174 5246 2424 5301 scribitur
2454 5246 2760 5299 Damianus.
2792 5247 2941 5315 Bec.,
2984 5246 3284 5302 Dinamium
3324 5246 3499 5320 Engo-

1932 5334 2106 5370 estate.

1932 5334 2106 5372 BStllw.

1983 5398 2021 5426 ιη
2064 5389 2137 5441 De
2167 5388 2221 5440 S.
2258 5387 2555 5442 Venerandi
2589 5387 2813 5443 ecclesia
2845 5388 2947 5455 agit
2979 5386 3269 5459 Gregorius
3296 5388 3386 5459 lib.
3424 5388 3496 5459 de

1912 5458 2093 5514 Gloria
2122 5460 2295 5520 (lout,
2324 5472 2446 5527 cap.
2478 5460 2565 5524 55,
2598 5468 2655 5513 et
2677 5474 2853 5526 seqq.;
2879 5457 3207 5513 memoratur
3232 5460 3283 5512 in
3309 5457 3495 5510 libello

1915 5532 1979 5583 de
2000 5530 2200 5582 sanctis
2229 5533 2583 5595 Clarotnont.,
2610 5546 2725 5597 cap.
2756 5530 2844 5591 I0,
2877 5531 2967 5583 ubi
2990 5532 3261 5596 complura
3282 5537 3496 5580 sancto-

1911 5616 2025 5652 rum
2059 5612 2348 5670 martyrum
2382 5614 2606 5667 corpoxa
2632 5601 2682 5653 in
2714 5614 2777 5653 ea
2802 5600 3008 5666 sepulta
3036 5599 3195 5670 fuisse
3220 5598 3488 5670 dicuntur.

1910 5670 2080 5723 llodie
2112 5666 2287 5725 exsmt
2315 5671 2365 5723 in
2404 5666 2571 5723 hortis
2598 5671 2908 5727 monasterii
2946 5668 3191 5721 Illidiani.
3231 5666 3359 5721 Vide
3393 5671 3494 5721 Sa-

1909 5741 2125 5819 varuuis
2156 5751 2329 5797 notas.
2360 5741 2418 5795 S.
2458 5740 2754 5796 Venerandi
2778 5739 2972 5795 festum
2994 5737 3184 5793 colitur
3204 5737 3290 5794 die
3319 5738 3382 5795 18
3406 5739 3495 5796 Ja-

1910 5826 2102 5865 nuarn.
