  <div class='ocr_page' id='page_1' title='image "/cluster/home/n/w/nwhite01/storage/ocr_20150623/71/hvd.32044054758743/115.png"; bbox 0 0 3994 6332; ppageno 0'>
   <div class='ocr_carea' id='block_1_1' title="bbox 441 337 549 399">
    <p class='ocr_par' dir='ltr' id='par_1_1' title="bbox 441 337 549 399">
     <span class='ocr_line' id='line_1_1' title="bbox 441 337 549 399; baseline 0 -1"><span class='ocrx_word' id='word_1_1' title='bbox 441 337 549 399; x_wconf 64' lang='grc' dir='ltr'>ωδ</span> 
     </span>
    </p>
   </div>
   <div class='ocr_carea' id='block_1_2' title="bbox 1409 325 2651 387">
    <p class='ocr_par' dir='ltr' id='par_1_2' title="bbox 1409 325 2651 387">
     <span class='ocr_line' id='line_1_2' title="bbox 1409 325 2651 387; baseline -0.004 0"><span class='ocrx_word' id='word_1_2' title='bbox 1409 337 1467 387; x_wconf 80' lang='lat'><strong>‘5.</strong></span> <span class='ocrx_word' id='word_1_3' title='bbox 1510 328 1838 385; x_wconf 73' lang='lat' dir='ltr'><strong>GREGORII</strong></span> <span class='ocrx_word' id='word_1_4' title='bbox 1882 327 2182 386; x_wconf 73' lang='lat' dir='ltr'><strong>EPISCOPI</strong></span> <span class='ocrx_word' id='word_1_5' title='bbox 2224 325 2651 383; x_wconf 71' lang='lat' dir='ltr'><strong>TURONENSIS</strong></span> 
     </span>
    </p>
   </div>
   <div class='ocr_carea' id='block_1_3' title="bbox 3598 323 3710 377">
    <p class='ocr_par' dir='ltr' id='par_1_3' title="bbox 3598 323 3710 377">
     <span class='ocr_line' id='line_1_3' title="bbox 3598 323 3710 377; baseline -0.018 0"><span class='ocrx_word' id='word_1_6' title='bbox 3598 323 3710 377; x_wconf 59' lang='lat' dir='ltr'><strong>Q16</strong></span> 
     </span>
    </p>
   </div>
   <div class='ocr_carea' id='block_1_4' title="bbox 440 436 3718 511">
    <p class='ocr_par' dir='ltr' id='par_1_4' title="bbox 440 436 3718 511">
     <span class='ocr_line' id='line_1_4' title="bbox 440 436 3718 511; baseline -0.002 -10"><span class='ocrx_word' id='word_1_7' title='bbox 440 446 602 508; x_wconf 85' lang='lat' dir='ltr'><strong>rietes</strong></span> <span class='ocrx_word' id='word_1_8' title='bbox 638 444 704 499; x_wconf 85' lang='lat' dir='ltr'><strong>ad</strong></span> <span class='ocrx_word' id='word_1_9' title='bbox 755 441 1023 507; x_wconf 86' lang='lat' dir='ltr'><strong>altarium,</strong></span> <span class='ocrx_word' id='word_1_10' title='bbox 1053 455 1216 511; x_wconf 79' lang='lat' dir='ltr'><strong>Opere</strong></span> <span class='ocrx_word' id='word_1_11' title='bbox 1252 440 1551 507; x_wconf 82' lang='lat' dir='ltr'><strong>sarsurio‘,</strong></span> <span class='ocrx_word' id='word_1_12' title='bbox 1583 455 1648 496; x_wconf 84' lang='lat' dir='ltr'><strong>ex</strong></span> <span class='ocrx_word' id='word_1_13' title='bbox 1680 442 1848 494; x_wconf 89' lang='lat' dir='ltr'><strong>multo</strong></span> <span class='ocrx_word' id='word_1_14' title='bbox 1888 456 2028 498; x_wconf 84' lang='lat' dir='ltr'><strong>mar-</strong></span> <span class='ocrx_word' id='word_1_15' title='bbox 2055 449 2103 509; x_wconf 70' lang='grc' dir='ltr'><strong>Α</strong></span> <span class='ocrx_word' id='word_1_16' title='bbox 2133 439 2434 495; x_wconf 83' lang='lat' dir='ltr'><strong>Adouacrio</strong></span> <span class='ocrx_word' id='word_1_17' title='bbox 2474 437 2799 511; x_wconf 75' lang='lat' dir='ltr'><strong>Amlegavis,</strong></span> <span class='ocrx_word' id='word_1_18' title='bbox 2847 436 3180 493; x_wconf 82' lang='lat' dir='ltr'><strong>Cbilderieus</strong></span> <span class='ocrx_word' id='word_1_19' title='bbox 3223 453 3314 494; x_wconf 83' lang='lat' dir='ltr'><strong>rex</strong></span> <span class='ocrx_word' id='word_1_20' title='bbox 3349 440 3593 509; x_wconf 75' lang='lat' dir='ltr'><strong>sequenti</strong></span> <span class='ocrx_word' id='word_1_21' title='bbox 3625 439 3718 496; x_wconf 89' lang='lat' dir='ltr'><strong>die</strong></span> 
     </span>
    </p>
   </div>
   <div class='ocr_carea' id='block_1_5' title="bbox 440 533 2020 606">
    <p class='ocr_par' dir='ltr' id='par_1_5' title="bbox 440 533 2020 606">
     <span class='ocr_line' id='line_1_5' title="bbox 440 533 2020 606; baseline -0.004 -12"><span class='ocrx_word' id='word_1_22' title='bbox 440 552 648 595; x_wconf 85' lang='lat' dir='ltr'><strong>tuorum</strong></span> <span class='ocrx_word' id='word_1_23' title='bbox 676 551 872 606; x_wconf 79' lang='lat' dir='ltr'><strong>genere</strong></span> <span class='ocrx_word' id='word_1_24' title='bbox 899 544 1187 591; x_wconf 77' lang='lat' dir='ltr'><strong>exornatos</strong></span> <span class='ocrx_word' id='word_1_25' title='bbox 1222 533 1402 591; x_wconf 79' lang='lat' dir='ltr'><strong>habet.</strong></span> <span class='ocrx_word' id='word_1_26' title='bbox 1436 534 1638 588; x_wconf 81' lang='lat' dir='ltr'><strong>Exacto</strong></span> <span class='ocrx_word' id='word_1_27' title='bbox 1666 548 1794 603; x_wconf 79' lang='lat' dir='ltr'><strong>ergo</strong></span> <span class='ocrx_word' id='word_1_28' title='bbox 1816 534 1867 587; x_wconf 91' lang='lat' dir='ltr'><strong>in</strong></span> <span class='ocrx_word' id='word_1_29' title='bbox 1890 533 2020 588; x_wconf 91' lang='lat' dir='ltr'><strong>duo-</strong></span> 
     </span>
    </p>
   </div>
   <div class='ocr_carea' id='block_1_6' title="bbox 439 627 2021 696">
    <p class='ocr_par' dir='ltr' id='par_1_6' title="bbox 439 627 2021 696">
     <span class='ocr_line' id='line_1_6' title="bbox 439 627 2021 696; baseline -0.003 -8"><span class='ocrx_word' id='word_1_30' title='bbox 439 631 646 688; x_wconf 87' lang='lat' dir='ltr'><strong>decimo</strong></span> <span class='ocrx_word' id='word_1_31' title='bbox 695 643 836 684; x_wconf 89' lang='lat' dir='ltr'><strong>anno</strong></span> <span class='ocrx_word' id='word_1_32' title='bbox 896 627 1081 683; x_wconf 87' lang='lat' dir='ltr'><strong>beatus</strong></span> <span class='ocrx_word' id='word_1_33' title='bbox 1132 630 1367 696; x_wconf 76' lang='lat' dir='ltr'><strong>pontil&#39;ex</strong></span> <span class='ocrx_word' id='word_1_34' title='bbox 1424 627 1671 693; x_wconf 75' lang='lat' dir='ltr'><strong>aedilicio,</strong></span> <span class='ocrx_word' id='word_1_35' title='bbox 1730 627 2021 684; x_wconf 82' lang='lat' dir='ltr'><strong>Bononiam</strong></span> 
     </span>
    </p>
   </div>
   <div class='ocr_carea' id='block_1_7' title="bbox 438 720 2022 791">
    <p class='ocr_par' dir='ltr' id='par_1_7' title="bbox 438 720 2022 791">
     <span class='ocr_line' id='line_1_7' title="bbox 438 720 2022 791; baseline -0.003 -9"><span class='ocrx_word' id='word_1_36' title='bbox 438 724 705 782; x_wconf 88' lang='lat' dir='ltr'><strong>civitatem</strong></span> <span class='ocrx_word' id='word_1_37' title='bbox 761 721 921 778; x_wconf 81' lang='lat' dir='ltr'><strong>Italiae</strong></span> <span class='ocrx_word' id='word_1_38' title='bbox 960 720 1270 779; x_wconf 76' lang='lat' dir='ltr'><strong>sacerdotes</strong></span> <span class='ocrx_word' id='word_1_39' title='bbox 1312 720 1512 791; x_wconf 85' lang='lat' dir='ltr'><strong>dirigit,</strong></span> <span class='ocrx_word' id='word_1_40' title='bbox 1564 731 1615 773; x_wconf 91' lang='lat' dir='ltr'><strong>ut</strong></span> <span class='ocrx_word' id='word_1_41' title='bbox 1673 721 1721 776; x_wconf 90' lang='lat' dir='ltr'><strong>ei</strong></span> <span class='ocrx_word' id='word_1_42' title='bbox 1775 721 2022 788; x_wconf 77' lang='lat' dir='ltr'><strong>reliquias</strong></span> 
     </span>
    </p>
   </div>
   <div class='ocr_carea' id='block_1_8' title="bbox 437 816 2023 885">
    <p class='ocr_par' dir='ltr' id='par_1_8' title="bbox 437 816 2023 885">
     <span class='ocr_line' id='line_1_8' title="bbox 437 816 2023 885; baseline 0 -14"><span class='ocrx_word' id='word_1_43' title='bbox 437 828 742 881; x_wconf 80' lang='lat' dir='ltr'><strong>sanctorum</strong></span> <span class='ocrx_word' id='word_1_44' title='bbox 775 818 968 872; x_wconf 85' lang='lat' dir='ltr'><strong>Vitalis</strong></span> <span class='ocrx_word' id='word_1_45' title='bbox 1016 825 1069 872; x_wconf 86' lang='lat' dir='ltr'><strong>et</strong></span> <span class='ocrx_word' id='word_1_46' title='bbox 1101 818 1359 884; x_wconf 61' lang='lat' dir='ltr'><strong>Agricolae</strong></span> <span class='ocrx_word' id='word_1_47' title='bbox 1390 816 1710 883; x_wconf 85' lang='lat' dir='ltr'><strong>exhibeant,</strong></span> <span class='ocrx_word' id='word_1_48' title='bbox 1755 833 1888 885; x_wconf 84' lang='lat' dir='ltr'><strong>quos</strong></span> <span class='ocrx_word' id='word_1_49' title='bbox 1928 832 2023 883; x_wconf 90' lang='lat' dir='ltr'><strong>pro</strong></span> 
     </span>
    </p>
   </div>
   <div class='ocr_carea' id='block_1_9' title="bbox 440 908 2024 976">
    <p class='ocr_par' dir='ltr' id='par_1_9' title="bbox 440 908 2024 976">
     <span class='ocr_line' id='line_1_9' title="bbox 440 908 2024 976; baseline 0.003 -15"><span class='ocrx_word' id='word_1_50' title='bbox 440 911 655 966; x_wconf 80' lang='lat' dir='ltr'><strong>nomine</strong></span> <span class='ocrx_word' id='word_1_51' title='bbox 693 909 890 963; x_wconf 79' lang='lat' dir='ltr'><strong>Christi</strong></span> <span class='ocrx_word' id='word_1_52' title='bbox 938 910 1025 963; x_wconf 80' lang='lat' dir='ltr'><strong>llei</strong></span> <span class='ocrx_word' id='word_1_53' title='bbox 1056 908 1711 976; x_wconf 76' lang='lat' dir='ltr'><strong>nostri,.manil&#39;es1issime</strong></span> <span class='ocrx_word' id='word_1_54' title='bbox 1740 909 2024 965; x_wconf 85' lang='lat' dir='ltr'><strong>crucilixos</strong></span> 
     </span>
    </p>
   </div>
   <div class='ocr_carea' id='block_1_10' title="bbox 435 1000 991 1073">
    <p class='ocr_par' dir='ltr' id='par_1_10' title="bbox 435 1000 991 1073">
     <span class='ocr_line' id='line_1_10' title="bbox 435 1000 991 1073; baseline 0.005 -18"><span class='ocrx_word' id='word_1_55' title='bbox 435 1017 556 1063; x_wconf 80' lang='lat' dir='ltr'><strong>esse</strong></span> <span class='ocrx_word' id='word_1_56' title='bbox 581 1003 922 1073; x_wconf 85' lang='lat' dir='ltr'><strong>cognovimus</strong></span> <span class='ocrx_word' id='word_1_57' title='bbox 943 1000 991 1058; x_wconf 72' lang='grc' dir='ltr'>δ.</span> 
     </span>
    </p>
   </div>
   <div class='ocr_carea' id='block_1_11' title="bbox 505 1138 2020 1212">
    <p class='ocr_par' dir='ltr' id='par_1_11' title="bbox 505 1138 2020 1212">
     <span class='ocr_line' id='line_1_11' title="bbox 505 1138 2020 1212; baseline -0.001 -17"><span class='ocrx_word' id='word_1_58' title='bbox 505 1142 615 1212; x_wconf 78' lang='grc' dir='ltr'><strong>⁷ο</strong></span> <span class='ocrx_word' id='word_1_59' title='bbox 656 1139 819 1196; x_wconf 79' lang='lat' dir='ltr'><strong>XVII.</strong></span> <span class='ocrx_word' id='word_1_60' title='bbox 843 1138 1005 1209; x_wconf 84' lang='lat' dir='ltr'><strong>Cujus</strong></span> <span class='ocrx_word' id='word_1_61' title='bbox 1025 1140 1214 1210; x_wconf 82' lang='lat' dir='ltr'><strong>conjux</strong></span> <span class='ocrx_word' id='word_1_62' title='bbox 1237 1140 1508 1195; x_wconf 84' lang='lat' dir='ltr'><strong>basilicam</strong></span> <span class='ocrx_word' id='word_1_63' title='bbox 1532 1141 1699 1195; x_wconf 83' lang='lat' dir='ltr'><strong>sancti</strong></span> <span class='ocrx_word' id='word_1_64' title='bbox 1725 1138 1978 1208; x_wconf 76' lang='lat' dir='ltr'><strong>Stephani</strong></span> <span class='ocrx_word' id='word_1_65' title='bbox 1999 1148 2020 1177; x_wconf 77' lang='grc' dir='ltr'><strong><em>ο</em></strong></span> 
     </span>
    </p>
   </div>
   <div class='ocr_carea' id='block_1_12' title="bbox 436 1230 2025 1299">
    <p class='ocr_par' dir='ltr' id='par_1_12' title="bbox 436 1230 2025 1299">
     <span class='ocr_line' id='line_1_12' title="bbox 436 1230 2025 1299; baseline -0.001 -14"><span class='ocrx_word' id='word_1_66' title='bbox 436 1231 747 1287; x_wconf 84' lang='lat' dir='ltr'><strong>suburbano</strong></span> <span class='ocrx_word' id='word_1_67' title='bbox 772 1246 1046 1286; x_wconf 90' lang='lat' dir='ltr'><strong>murorum</strong></span> <span class='ocrx_word' id='word_1_68' title='bbox 1078 1230 1379 1286; x_wconf 65' lang='lat' dir='ltr'><strong>ardilimvit.</strong></span> <span class='ocrx_word' id='word_1_69' title='bbox 1423 1232 1590 1299; x_wconf 81' lang='lat' dir='ltr'><strong>Quam</strong></span> <span class='ocrx_word' id='word_1_70' title='bbox 1622 1246 1741 1286; x_wconf 88' lang='lat' dir='ltr'><strong>cum</strong></span> <span class='ocrx_word' id='word_1_71' title='bbox 1776 1231 1909 1285; x_wconf 84' lang='lat' dir='ltr'><strong>fucis</strong></span> <span class='ocrx_word' id='word_1_72' title='bbox 1934 1245 2025 1285; x_wconf 88' lang='lat' dir='ltr'><strong>co-</strong></span> 
     </span>
    </p>
   </div>
   <div class='ocr_carea' id='block_1_13' title="bbox 438 1321 2020 1389">
    <p class='ocr_par' dir='ltr' id='par_1_13' title="bbox 438 1321 2020 1389">
     <span class='ocr_line' id='line_1_13' title="bbox 438 1321 2020 1389; baseline -0.002 -10"><span class='ocrx_word' id='word_1_73' title='bbox 438 1324 612 1379; x_wconf 88' lang='lat' dir='ltr'><strong>lorum</strong></span> <span class='ocrx_word' id='word_1_74' title='bbox 646 1322 911 1376; x_wconf 90' lang='lat' dir='ltr'><strong>adornare</strong></span> <span class='ocrx_word' id='word_1_75' title='bbox 949 1321 1133 1387; x_wconf 79' lang='lat' dir='ltr'><strong>vellet,</strong></span> <span class='ocrx_word' id='word_1_76' title='bbox 1181 1323 1397 1378; x_wconf 86' lang='lat' dir='ltr'><strong>tenebat</strong></span> <span class='ocrx_word' id='word_1_77' title='bbox 1425 1323 1615 1379; x_wconf 92' lang='lat' dir='ltr'><strong>librum</strong></span> <span class='ocrx_word' id='word_1_78' title='bbox 1646 1322 1696 1378; x_wconf 94' lang='lat' dir='ltr'><strong>in</strong></span> <span class='ocrx_word' id='word_1_79' title='bbox 1728 1323 1847 1377; x_wconf 88' lang='lat' dir='ltr'><strong>sinu</strong></span> <span class='ocrx_word' id='word_1_80' title='bbox 1888 1337 2020 1389; x_wconf 92' lang='lat' dir='ltr'><strong>suo,</strong></span> 
     </span>
    </p>
   </div>
   <div class='ocr_carea' id='block_1_14' title="bbox 435 1412 2023 1486">
    <p class='ocr_par' dir='ltr' id='par_1_14' title="bbox 435 1412 2023 1486">
     <span class='ocr_line' id='line_1_14' title="bbox 435 1412 2023 1486; baseline -0.002 -16"><span class='ocrx_word' id='word_1_81' title='bbox 435 1413 620 1486; x_wconf 73' lang='lat' dir='ltr'><strong>legens</strong></span> <span class='ocrx_word' id='word_1_82' title='bbox 671 1413 922 1471; x_wconf 77' lang='lat' dir='ltr'><strong>historias</strong></span> <span class='ocrx_word' id='word_1_83' title='bbox 952 1416 1220 1471; x_wconf 86' lang='lat' dir='ltr'><strong>actionum</strong></span> <span class='ocrx_word' id='word_1_84' title='bbox 1266 1414 1602 1485; x_wconf 72' lang='lat' dir='ltr'><strong>antiquet-um</strong></span> <span class='ocrx_word' id='word_1_85' title='bbox 1644 1412 1697 1479; x_wconf 68' lang='grc' dir='ltr'><strong>τί,</strong></span> <span class='ocrx_word' id='word_1_86' title='bbox 1731 1414 2023 1484; x_wconf 79' lang='lat' dir='ltr'><strong>pictoribus</strong></span> 
     </span>
    </p>
   </div>
   <div class='ocr_carea' id='block_1_15' title="bbox 436 1505 2021 1576">
    <p class='ocr_par' dir='ltr' id='par_1_15' title="bbox 436 1505 2021 1576">
     <span class='ocr_line' id='line_1_15' title="bbox 436 1505 2021 1576; baseline 0.001 -17"><span class='ocrx_word' id='word_1_87' title='bbox 436 1505 682 1567; x_wconf 80' lang='lat' dir='ltr'><strong>indicans</strong></span> <span class='ocrx_word' id='word_1_88' title='bbox 712 1520 832 1576; x_wconf 82' lang='lat' dir='ltr'><strong>quae</strong></span> <span class='ocrx_word' id='word_1_89' title='bbox 861 1505 916 1560; x_wconf 91' lang='lat' dir='ltr'><strong>in</strong></span> <span class='ocrx_word' id='word_1_90' title='bbox 942 1506 1231 1575; x_wconf 83' lang='lat' dir='ltr'><strong>parietibus</strong></span> <span class='ocrx_word' id='word_1_91' title='bbox 1263 1506 1462 1574; x_wconf 80' lang='lat' dir='ltr'><strong>ﬁngere</strong></span> <span class='ocrx_word' id='word_1_92' title='bbox 1497 1506 1772 1561; x_wconf 90' lang='lat' dir='ltr'><strong>deberent.</strong></span> <span class='ocrx_word' id='word_1_93' title='bbox 1804 1506 2021 1560; x_wconf 87' lang='lat' dir='ltr'><strong>Factum</strong></span> 
     </span>
    </p>
   </div>
   <div class='ocr_carea' id='block_1_16' title="bbox 436 1597 2022 1667">
    <p class='ocr_par' dir='ltr' id='par_1_16' title="bbox 436 1597 2022 1667">
     <span class='ocr_line' id='line_1_16' title="bbox 436 1597 2022 1667; baseline -0.001 -14"><span class='ocrx_word' id='word_1_94' title='bbox 436 1604 522 1653; x_wconf 86' lang='lat' dir='ltr'><strong>est</strong></span> <span class='ocrx_word' id='word_1_95' title='bbox 545 1608 723 1652; x_wconf 86' lang='lat' dir='ltr'><strong>autem</strong></span> <span class='ocrx_word' id='word_1_96' title='bbox 755 1597 985 1667; x_wconf 89' lang='lat' dir='ltr'><strong>quadam</strong></span> <span class='ocrx_word' id='word_1_97' title='bbox 1019 1597 1127 1663; x_wconf 90' lang='lat' dir='ltr'><strong>die,</strong></span> <span class='ocrx_word' id='word_1_98' title='bbox 1154 1605 1213 1651; x_wconf 93' lang='lat' dir='ltr'><strong>ut</strong></span> <span class='ocrx_word' id='word_1_99' title='bbox 1239 1598 1462 1652; x_wconf 81' lang='lat' dir='ltr'><strong>sedente</strong></span> <span class='ocrx_word' id='word_1_100' title='bbox 1490 1598 1577 1651; x_wconf 85' lang='lat' dir='ltr'><strong>illa</strong></span> <span class='ocrx_word' id='word_1_101' title='bbox 1610 1598 1660 1650; x_wconf 92' lang='lat' dir='ltr'><strong>in</strong></span> <span class='ocrx_word' id='word_1_102' title='bbox 1694 1597 1929 1661; x_wconf 88' lang='lat' dir='ltr'><strong>basilica,</strong></span> <span class='ocrx_word' id='word_1_103' title='bbox 1959 1610 2022 1652; x_wconf 89' lang='lat' dir='ltr'><strong>ac</strong></span> 
     </span>
    </p>
   </div>
   <div class='ocr_carea' id='block_1_17' title="bbox 434 1689 2023 1760">
    <p class='ocr_par' dir='ltr' id='par_1_17' title="bbox 434 1689 2023 1760">
     <span class='ocr_line' id='line_1_17' title="bbox 434 1689 2023 1760; baseline 0.001 -17"><span class='ocrx_word' id='word_1_104' title='bbox 434 1689 667 1758; x_wconf 79' lang='lat' dir='ltr'><strong>legente,</strong></span> <span class='ocrx_word' id='word_1_105' title='bbox 709 1689 990 1744; x_wconf 82' lang='lat' dir='ltr'><strong>adveniret</strong></span> <span class='ocrx_word' id='word_1_106' title='bbox 1029 1690 1244 1759; x_wconf 87' lang='lat' dir='ltr'><strong>quidam</strong></span> <span class='ocrx_word' id='word_1_107' title='bbox 1288 1705 1488 1760; x_wconf 91' lang='lat' dir='ltr'><strong>pauper</strong></span> <span class='ocrx_word' id='word_1_108' title='bbox 1524 1691 1589 1743; x_wconf 88' lang='lat' dir='ltr'><strong>ad</strong></span> <span class='ocrx_word' id='word_1_109' title='bbox 1629 1690 1926 1743; x_wconf 81' lang='lat' dir='ltr'><strong>orationem</strong></span> <span class='ocrx_word' id='word_1_110' title='bbox 1969 1696 2023 1753; x_wconf 86' lang='lat' dir='ltr'><strong>et</strong></span> 
     </span>
    </p>
   </div>
   <div class='ocr_carea' id='block_1_18' title="bbox 433 1781 2016 1851">
    <p class='ocr_par' dir='ltr' id='par_1_18' title="bbox 433 1781 2016 1851">
     <span class='ocr_line' id='line_1_18' title="bbox 433 1781 2016 1851; baseline 0 -14"><span class='ocrx_word' id='word_1_111' title='bbox 433 1781 700 1847; x_wconf 75' lang='lat' dir='ltr'><strong>aspiciens</strong></span> <span class='ocrx_word' id='word_1_112' title='bbox 726 1796 843 1837; x_wconf 87' lang='lat' dir='ltr'><strong>eam</strong></span> <span class='ocrx_word' id='word_1_113' title='bbox 876 1781 928 1836; x_wconf 90' lang='lat' dir='ltr'><strong>in</strong></span> <span class='ocrx_word' id='word_1_114' title='bbox 964 1793 1109 1836; x_wconf 92' lang='lat' dir='ltr'><strong>veste</strong></span> <span class='ocrx_word' id='word_1_115' title='bbox 1139 1783 1309 1850; x_wconf 82' lang='lat' dir='ltr'><strong>nigra,</strong></span> <span class='ocrx_word' id='word_1_116' title='bbox 1339 1781 1491 1837; x_wconf 90' lang='lat' dir='ltr'><strong>senio</strong></span> <span class='ocrx_word' id='word_1_117' title='bbox 1517 1783 1626 1851; x_wconf 87' lang='lat' dir='ltr'><strong>jam</strong></span> <span class='ocrx_word' id='word_1_118' title='bbox 1671 1792 1978 1851; x_wconf 81' lang='lat' dir='ltr'><strong>provectam</strong></span> <span class='ocrx_word' id='word_1_119' title='bbox 2001 1821 2016 1847; x_wconf 90' lang='lat'><strong>,</strong></span> 
     </span>
    </p>
   </div>
   <div class='ocr_carea' id='block_1_19' title="bbox 432 1873 2018 1945">
    <p class='ocr_par' dir='ltr' id='par_1_19' title="bbox 432 1873 2018 1945">
     <span class='ocr_line' id='line_1_19' title="bbox 432 1873 2018 1945; baseline 0.003 -18"><span class='ocrx_word' id='word_1_120' title='bbox 432 1875 637 1941; x_wconf 82' lang='lat' dir='ltr'><strong>putavit</strong></span> <span class='ocrx_word' id='word_1_121' title='bbox 663 1888 783 1929; x_wconf 88' lang='lat' dir='ltr'><strong>esse</strong></span> <span class='ocrx_word' id='word_1_122' title='bbox 814 1889 971 1928; x_wconf 90' lang='lat' dir='ltr'><strong>unam</strong></span> <span class='ocrx_word' id='word_1_123' title='bbox 993 1873 1058 1928; x_wconf 89' lang='lat' dir='ltr'><strong>de</strong></span> <span class='ocrx_word' id='word_1_124' title='bbox 1089 1875 1738 1943; x_wconf 74' lang='lat' dir='ltr'><strong>egentibus,protulitque</strong></span> <span class='ocrx_word' id='word_1_125' title='bbox 1762 1875 2018 1945; x_wconf 88' lang='lat' dir='ltr'><strong>quadram</strong></span> 
     </span>
    </p>
   </div>
   <div class='ocr_carea' id='block_1_20' title="bbox 431 1967 2020 2037">
    <p class='ocr_par' dir='ltr' id='par_1_20' title="bbox 431 1967 2020 2037">
     <span class='ocr_line' id='line_1_20' title="bbox 431 1967 2020 2037; baseline 0.001 -16"><span class='ocrx_word' id='word_1_126' title='bbox 431 1967 605 2036; x_wconf 83' lang='lat' dir='ltr'><strong>panis,</strong></span> <span class='ocrx_word' id='word_1_127' title='bbox 635 1977 687 2023; x_wconf 89' lang='lat' dir='ltr'><strong>et</strong></span> <span class='ocrx_word' id='word_1_128' title='bbox 729 1968 905 2037; x_wconf 90' lang='lat' dir='ltr'><strong>posuit</strong></span> <span class='ocrx_word' id='word_1_129' title='bbox 944 1968 996 2022; x_wconf 90' lang='lat' dir='ltr'><strong>in</strong></span> <span class='ocrx_word' id='word_1_130' title='bbox 1030 1970 1148 2023; x_wconf 87' lang='lat' dir='ltr'><strong>sinu</strong></span> <span class='ocrx_word' id='word_1_131' title='bbox 1178 1967 1314 2037; x_wconf 83' lang='lat' dir='ltr'><strong>ejus,</strong></span> <span class='ocrx_word' id='word_1_132' title='bbox 1347 1978 1401 2024; x_wconf 90' lang='lat' dir='ltr'><strong>et</strong></span> <span class='ocrx_word' id='word_1_133' title='bbox 1430 1968 1707 2024; x_wconf 76' lang='lat' dir='ltr'><strong>abscessit.</strong></span> <span class='ocrx_word' id='word_1_134' title='bbox 1757 1968 1847 2022; x_wconf 90' lang='lat' dir='ltr'><strong>llla</strong></span> <span class='ocrx_word' id='word_1_135' title='bbox 1890 1983 2020 2022; x_wconf 85' lang='lat' dir='ltr'><strong>vero</strong></span> 
     </span>
    </p>
   </div>
   <div class='ocr_carea' id='block_1_21' title="bbox 432 2059 2020 2129">
    <p class='ocr_par' dir='ltr' id='par_1_21' title="bbox 432 2059 2020 2129">
     <span class='ocr_line' id='line_1_21' title="bbox 432 2059 2020 2129; baseline 0.003 -17"><span class='ocrx_word' id='word_1_136' title='bbox 432 2074 538 2115; x_wconf 85' lang='lat' dir='ltr'><strong>non</strong></span> <span class='ocrx_word' id='word_1_137' title='bbox 580 2059 875 2128; x_wconf 69' lang='lat' dir='ltr'><strong>dedignaris</strong></span> <span class='ocrx_word' id='word_1_138' title='bbox 906 2073 1101 2113; x_wconf 88' lang='lat' dir='ltr'><strong>munus</strong></span> <span class='ocrx_word' id='word_1_139' title='bbox 1132 2060 1401 2129; x_wconf 84' lang='lat' dir='ltr'><strong>pauperis,</strong></span> <span class='ocrx_word' id='word_1_140' title='bbox 1449 2059 1540 2128; x_wconf 92' lang='lat' dir='ltr'><strong>qui</strong></span> <span class='ocrx_word' id='word_1_141' title='bbox 1589 2074 1872 2129; x_wconf 85' lang='lat' dir='ltr'><strong>personam</strong></span> <span class='ocrx_word' id='word_1_142' title='bbox 1903 2062 2020 2129; x_wconf 86' lang='lat' dir='ltr'><strong>ejus</strong></span> 
     </span>
    </p>
   </div>
   <div class='ocr_carea' id='block_1_22' title="bbox 431 2149 2013 2220">
    <p class='ocr_par' dir='ltr' id='par_1_22' title="bbox 431 2149 2013 2220">
     <span class='ocr_line' id='line_1_22' title="bbox 431 2149 2013 2220; baseline -0.001 -15"><span class='ocrx_word' id='word_1_143' title='bbox 431 2165 536 2205; x_wconf 86' lang='lat' dir='ltr'><strong>non</strong></span> <span class='ocrx_word' id='word_1_144' title='bbox 567 2149 864 2211; x_wconf 80' lang='lat' dir='ltr'><strong>intellexit,</strong></span> <span class='ocrx_word' id='word_1_145' title='bbox 899 2149 1103 2217; x_wconf 90' lang='lat' dir='ltr'><strong>accepit</strong></span> <span class='ocrx_word' id='word_1_146' title='bbox 1132 2159 1186 2204; x_wconf 90' lang='lat' dir='ltr'><strong>et</strong></span> <span class='ocrx_word' id='word_1_147' title='bbox 1214 2151 1414 2217; x_wconf 76' lang='lat' dir='ltr'><strong>gratias</strong></span> <span class='ocrx_word' id='word_1_148' title='bbox 1443 2152 1584 2219; x_wconf 82' lang='lat' dir='ltr'><strong>egit,</strong></span> <span class='ocrx_word' id='word_1_149' title='bbox 1635 2151 1979 2220; x_wconf 91' lang='lat' dir='ltr'><strong>reposuitque</strong></span> <span class='ocrx_word' id='word_1_150' title='bbox 2000 2189 2013 2213; x_wconf 90' lang='lat'><strong>,</strong></span> 
     </span>
    </p>
   </div>
   <div class='ocr_carea' id='block_1_23' title="bbox 431 2242 2017 2312">
    <p class='ocr_par' dir='ltr' id='par_1_23' title="bbox 431 2242 2017 2312">
     <span class='ocr_line' id='line_1_23' title="bbox 431 2242 2017 2312; baseline 0.002 -16"><span class='ocrx_word' id='word_1_151' title='bbox 431 2247 571 2304; x_wconf 84' lang='lat' dir='ltr'><strong>hanc</strong></span> <span class='ocrx_word' id='word_1_152' title='bbox 598 2244 709 2297; x_wconf 88' lang='lat' dir='ltr'><strong>suis</strong></span> <span class='ocrx_word' id='word_1_153' title='bbox 733 2242 903 2304; x_wconf 83' lang='lat' dir='ltr'><strong>epulis</strong></span> <span class='ocrx_word' id='word_1_154' title='bbox 933 2254 1282 2312; x_wconf 79' lang='lat' dir='ltr'><strong>anteponens,</strong></span> <span class='ocrx_word' id='word_1_155' title='bbox 1315 2251 1370 2297; x_wconf 89' lang='lat' dir='ltr'><strong>et</strong></span> <span class='ocrx_word' id='word_1_156' title='bbox 1397 2242 1822 2298; x_wconf 86' lang='lat' dir='ltr'><strong>benedictionem</strong></span> <span class='ocrx_word' id='word_1_157' title='bbox 1855 2258 1918 2299; x_wconf 83' lang='lat' dir='ltr'><strong>ex</strong></span> <span class='ocrx_word' id='word_1_158' title='bbox 1952 2258 2017 2299; x_wconf 88' lang='lat' dir='ltr'><strong>ea</strong></span> 
     </span>
    </p>
   </div>
   <div class='ocr_carea' id='block_1_24' title="bbox 431 2334 1737 2408">
    <p class='ocr_par' dir='ltr' id='par_1_24' title="bbox 431 2334 1737 2408">
     <span class='ocr_line' id='line_1_24' title="bbox 431 2334 1737 2408; baseline -0.004 -16"><span class='ocrx_word' id='word_1_159' title='bbox 431 2334 655 2408; x_wconf 79' lang='lat' dir='ltr'><strong>singulis</strong></span> <span class='ocrx_word' id='word_1_160' title='bbox 681 2334 869 2390; x_wconf 86' lang='lat' dir='ltr'><strong>diebus</strong></span> <span class='ocrx_word' id='word_1_161' title='bbox 895 2348 1133 2399; x_wconf 82' lang='lat' dir='ltr'><strong>sumens,</strong></span> <span class='ocrx_word' id='word_1_162' title='bbox 1162 2334 1335 2389; x_wconf 90' lang='lat' dir='ltr'><strong>donec</strong></span> <span class='ocrx_word' id='word_1_163' title='bbox 1373 2349 1605 2405; x_wconf 81' lang='lat' dir='ltr'><strong>expensa</strong></span> <span class='ocrx_word' id='word_1_164' title='bbox 1636 2344 1737 2390; x_wconf 82' lang='lat' dir='ltr'><strong>est.</strong></span> 
     </span>
    </p>
   </div>
   <div class='ocr_carea' id='block_1_25' title="bbox 499 2464 2012 2540">
    <p class='ocr_par' dir='ltr' id='par_1_25' title="bbox 499 2464 2012 2540">
     <span class='ocr_line' id='line_1_25' title="bbox 499 2464 2012 2540; baseline 0.001 -16"><span class='ocrx_word' id='word_1_165' title='bbox 499 2467 684 2525; x_wconf 77' lang='lat' dir='ltr'><strong>XVIII.</strong></span> <span class='ocrx_word' id='word_1_166' title='bbox 726 2469 891 2540; x_wconf 87' lang='lat' dir='ltr'><strong>lgitur</strong></span> <span class='ocrx_word' id='word_1_167' title='bbox 917 2464 1251 2523; x_wconf 89' lang='lat' dir='ltr'><strong>Cbildericus</strong></span> <span class='ocrx_word' id='word_1_168' title='bbox 1293 2468 1596 2525; x_wconf 80' lang='lat' dir='ltr'><strong>Aurelianis</strong></span> <span class='ocrx_word' id='word_1_169' title='bbox 1636 2484 1840 2540; x_wconf 89' lang='lat' dir='ltr'><strong>pugnas</strong></span> <span class='ocrx_word' id='word_1_170' title='bbox 1872 2471 2012 2540; x_wconf 78' lang='lat' dir='ltr'><strong>egit;</strong></span> 
     </span>
    </p>
   </div>
   <div class='ocr_carea' id='block_1_26' title="bbox 428 2563 2013 2635">
    <p class='ocr_par' dir='ltr' id='par_1_26' title="bbox 428 2563 2013 2635">
     <span class='ocr_line' id='line_1_26' title="bbox 428 2563 2013 2635; baseline 0 -16"><span class='ocrx_word' id='word_1_171' title='bbox 428 2563 761 2627; x_wconf 76' lang='lat' dir='ltr'><strong>Adouacrius</strong></span> <span class='ocrx_word' id='word_1_172' title='bbox 787 2572 809 2602; x_wconf 76' lang='grc' dir='ltr'><strong>ο</strong></span> <span class='ocrx_word' id='word_1_173' title='bbox 841 2578 970 2619; x_wconf 86' lang='lat' dir='ltr'><strong>vero</strong></span> <span class='ocrx_word' id='word_1_174' title='bbox 1009 2578 1131 2619; x_wconf 90' lang='lat' dir='ltr'><strong>cum</strong></span> <span class='ocrx_word' id='word_1_175' title='bbox 1175 2563 1473 2621; x_wconf 77' lang='lat' dir='ltr'><strong>Saxonibus</strong></span> <span class='ocrx_word' id='word_1_176' title='bbox 1503 2564 1821 2635; x_wconf 82' lang='lat' dir='ltr'><strong>Andegavos</strong></span> <span class='ocrx_word' id='word_1_177' title='bbox 1849 2566 2013 2621; x_wconf 85' lang='lat' dir='ltr'><strong>venit.</strong></span> 
     </span>
    </p>
   </div>
   <div class='ocr_carea' id='block_1_27' title="bbox 428 2655 2014 2727">
    <p class='ocr_par' dir='ltr' id='par_1_27' title="bbox 428 2655 2014 2727">
     <span class='ocr_line' id='line_1_27' title="bbox 428 2655 2014 2727; baseline 0.001 -18"><span class='ocrx_word' id='word_1_178' title='bbox 428 2655 611 2727; x_wconf 56' lang='lat' dir='ltr'><strong>magna</strong></span> <span class='ocrx_word' id='word_1_179' title='bbox 638 2664 762 2710; x_wconf 87' lang='lat' dir='ltr'><strong>tunc</strong></span> <span class='ocrx_word' id='word_1_180' title='bbox 784 2657 899 2711; x_wconf 88' lang='lat' dir='ltr'><strong>lues</strong></span> <span class='ocrx_word' id='word_1_181' title='bbox 930 2656 1180 2725; x_wconf 85' lang='lat' dir='ltr'><strong>populum</strong></span> <span class='ocrx_word' id='word_1_182' title='bbox 1208 2655 1524 2714; x_wconf 75' lang='lat' dir='ltr'><strong>devastavit.</strong></span> <span class='ocrx_word' id='word_1_183' title='bbox 1551 2657 1787 2711; x_wconf 76' lang='lat' dir='ltr'><strong>Mortuus</strong></span> <span class='ocrx_word' id='word_1_184' title='bbox 1813 2668 1890 2711; x_wconf 89' lang='lat' dir='ltr'><strong>est</strong></span> <span class='ocrx_word' id='word_1_185' title='bbox 1914 2672 2014 2711; x_wconf 89' lang='lat' dir='ltr'><strong>au-</strong></span> 
     </span>
    </p>
   </div>
   <div class='ocr_carea' id='block_1_28' title="bbox 429 2744 2011 2818">
    <p class='ocr_par' dir='ltr' id='par_1_28' title="bbox 429 2744 2011 2818">
     <span class='ocr_line' id='line_1_28' title="bbox 429 2744 2011 2818; baseline 0.003 -20"><span class='ocrx_word' id='word_1_186' title='bbox 429 2759 534 2804; x_wconf 89' lang='lat' dir='ltr'><strong>tem</strong></span> <span class='ocrx_word' id='word_1_187' title='bbox 569 2746 845 2817; x_wconf 65' lang='lat' dir='ltr'><strong>Egidius,</strong></span> <span class='ocrx_word' id='word_1_188' title='bbox 878 2757 930 2803; x_wconf 90' lang='lat' dir='ltr'><strong>et</strong></span> <span class='ocrx_word' id='word_1_189' title='bbox 962 2746 1176 2818; x_wconf 87' lang='lat' dir='ltr'><strong>reliquit</strong></span> <span class='ocrx_word' id='word_1_190' title='bbox 1226 2746 1427 2812; x_wconf 86' lang='lat' dir='ltr'><strong>lilium,</strong></span> <span class='ocrx_word' id='word_1_191' title='bbox 1470 2744 1746 2818; x_wconf 81' lang='lat' dir='ltr'><strong>Syagrium</strong></span> <span class='ocrx_word' id='word_1_192' title='bbox 1777 2748 2011 2803; x_wconf 84' lang='lat' dir='ltr'><strong>nomine.</strong></span> 
     </span>
    </p>
   </div>
   <div class='ocr_carea' id='block_1_29' title="bbox 428 2837 2014 2910">
    <p class='ocr_par' dir='ltr' id='par_1_29' title="bbox 428 2837 2014 2910">
     <span class='ocr_line' id='line_1_29' title="bbox 428 2837 2014 2910; baseline -0.001 -14"><span class='ocrx_word' id='word_1_193' title='bbox 428 2840 545 2910; x_wconf 86' lang='lat' dir='ltr'><strong>Quo</strong></span> <span class='ocrx_word' id='word_1_194' title='bbox 574 2839 845 2904; x_wconf 75' lang='lat' dir='ltr'><strong>defuncto,</strong></span> <span class='ocrx_word' id='word_1_195' title='bbox 869 2838 1203 2896; x_wconf 84' lang='lat' dir='ltr'><strong>Adouacrius</strong></span> <span class='ocrx_word' id='word_1_196' title='bbox 1232 2839 1297 2893; x_wconf 92' lang='lat' dir='ltr'><strong>de</strong></span> <span class='ocrx_word' id='word_1_197' title='bbox 1339 2837 1625 2905; x_wconf 79' lang='lat' dir='ltr'><strong>Andegavo</strong></span> <span class='ocrx_word' id='word_1_198' title='bbox 1653 2851 1703 2894; x_wconf 90' lang='lat' dir='ltr'><strong>et</strong></span> <span class='ocrx_word' id='word_1_199' title='bbox 1734 2839 1852 2893; x_wconf 86' lang='lat' dir='ltr'><strong>aliis</strong></span> <span class='ocrx_word' id='word_1_200' title='bbox 1884 2840 2014 2895; x_wconf 87' lang='lat' dir='ltr'><strong>locis</strong></span> 
     </span>
    </p>
   </div>
   <div class='ocr_carea' id='block_1_30' title="bbox 430 2932 2011 3004">
    <p class='ocr_par' dir='ltr' id='par_1_30' title="bbox 430 2932 2011 3004">
     <span class='ocr_line' id='line_1_30' title="bbox 430 2932 2011 3004; baseline -0.003 -12"><span class='ocrx_word' id='word_1_201' title='bbox 430 2934 647 2993; x_wconf 80' lang='lat' dir='ltr'><strong>obsides</strong></span> <span class='ocrx_word' id='word_1_202' title='bbox 676 2934 900 3004; x_wconf 80' lang='lat' dir='ltr'><strong>accepit.</strong></span> <span class='ocrx_word' id='word_1_203' title='bbox 936 2933 1176 2987; x_wconf 88' lang='lat' dir='ltr'><strong>Britanni</strong></span> <span class='ocrx_word' id='word_1_204' title='bbox 1204 2933 1272 2988; x_wconf 87' lang='lat' dir='ltr'><strong>de</strong></span> <span class='ocrx_word' id='word_1_205' title='bbox 1304 2932 1580 2988; x_wconf 72' lang='lat' dir='ltr'><strong>Bituricat</strong></span> <span class='ocrx_word' id='word_1_206' title='bbox 1615 2947 1644 2989; x_wconf 91' lang='lat' dir='ltr'><strong>a</strong></span> <span class='ocrx_word' id='word_1_207' title='bbox 1676 2932 1888 2987; x_wconf 78' lang='lat' dir='ltr'><strong>Gotthis</strong></span> <span class='ocrx_word' id='word_1_208' title='bbox 1914 2948 2011 2987; x_wconf 80' lang='lat' dir='ltr'><strong>ex-</strong></span> 
     </span>
    </p>
   </div>
   <div class='ocr_carea' id='block_1_31' title="bbox 429 3024 2008 3099">
    <p class='ocr_par' dir='ltr' id='par_1_31' title="bbox 429 3024 2008 3099">
     <span class='ocr_line' id='line_1_31' title="bbox 429 3024 2008 3099; baseline -0.003 -18"><span class='ocrx_word' id='word_1_209' title='bbox 429 3029 566 3099; x_wconf 80' lang='lat' dir='ltr'><strong>pulsi</strong></span> <span class='ocrx_word' id='word_1_210' title='bbox 590 3036 735 3092; x_wconf 87' lang='lat' dir='ltr'><strong>sunt,</strong></span> <span class='ocrx_word' id='word_1_211' title='bbox 759 3027 942 3081; x_wconf 85' lang='lat' dir='ltr'><strong>multis</strong></span> <span class='ocrx_word' id='word_1_212' title='bbox 972 3025 1111 3095; x_wconf 88' lang='lat' dir='ltr'><strong>apud</strong></span> <span class='ocrx_word' id='word_1_213' title='bbox 1144 3025 1424 3081; x_wconf 88' lang='lat' dir='ltr'><strong>Doleuscm</strong></span> <span class='ocrx_word' id='word_1_214' title='bbox 1452 3025 1670 3081; x_wconf 73' lang='lat' dir='ltr'><strong>vicums</strong></span> <span class='ocrx_word' id='word_1_215' title='bbox 1701 3039 1919 3094; x_wconf 75' lang='lat' dir='ltr'><strong>percmp</strong></span> <span class='ocrx_word' id='word_1_216' title='bbox 1944 3024 2008 3079; x_wconf 76' lang='lat' dir='ltr'><strong>is:</strong></span> 
     </span>
    </p>
   </div>
   <div class='ocr_carea' id='block_1_32' title="bbox 428 3114 2011 3183">
    <p class='ocr_par' dir='ltr' id='par_1_32' title="bbox 428 3114 2011 3183">
     <span class='ocr_line' id='line_1_32' title="bbox 428 3114 2011 3183; baseline -0.003 -8"><span class='ocrx_word' id='word_1_217' title='bbox 428 3121 622 3183; x_wconf 85' lang='lat' dir='ltr'><strong>Paulus</strong></span> <span class='ocrx_word' id='word_1_218' title='bbox 656 3135 784 3178; x_wconf 88' lang='lat' dir='ltr'><strong>vero</strong></span> <span class='ocrx_word' id='word_1_219' title='bbox 804 3134 988 3175; x_wconf 85' lang='lat' dir='ltr'><strong>comes</strong></span> <span class='ocrx_word' id='word_1_220' title='bbox 1016 3134 1137 3174; x_wconf 92' lang='lat' dir='ltr'><strong>cum</strong></span> <span class='ocrx_word' id='word_1_221' title='bbox 1169 3118 1426 3173; x_wconf 78' lang='lat' dir='ltr'><strong>Romanis</strong></span> <span class='ocrx_word' id='word_1_222' title='bbox 1449 3114 1478 3154; x_wconf 64' lang='grc' dir='ltr'><strong>ιι</strong></span> <span class='ocrx_word' id='word_1_223' title='bbox 1510 3133 1573 3171; x_wconf 90' lang='lat' dir='ltr'><strong>ac</strong></span> <span class='ocrx_word' id='word_1_224' title='bbox 1604 3116 1845 3183; x_wconf 61' lang='lat' dir='ltr'><strong>Francia,</strong></span> <span class='ocrx_word' id='word_1_225' title='bbox 1882 3116 2011 3173; x_wconf 91' lang='lat' dir='ltr'><strong>Got-</strong></span> 
     </span>
    </p>
   </div>
   <div class='ocr_carea' id='block_1_33' title="bbox 2124 531 3717 601">
    <p class='ocr_par' dir='ltr' id='par_1_33' title="bbox 2124 531 3717 601">
     <span class='ocr_line' id='line_1_33' title="bbox 2124 531 3717 601; baseline -0.001 -14"><span class='ocrx_word' id='word_1_226' title='bbox 2124 532 2362 599; x_wconf 87' lang='lat' dir='ltr'><strong>advenit,</strong></span> <span class='ocrx_word' id='word_1_227' title='bbox 2398 532 2822 601; x_wconf 75' lang='lat' dir='ltr'><strong>interemptoque</strong></span> <span class='ocrx_word' id='word_1_228' title='bbox 2856 531 3021 587; x_wconf 86' lang='lat' dir='ltr'><strong>Paulo</strong></span> <span class='ocrx_word' id='word_1_229' title='bbox 3050 534 3268 597; x_wconf 85' lang='lat' dir='ltr'><strong>comite,</strong></span> <span class='ocrx_word' id='word_1_230' title='bbox 3298 532 3569 589; x_wconf 75' lang='lat' dir='ltr'><strong>civitatem</strong></span> <span class='ocrx_word' id='word_1_231' title='bbox 3610 533 3717 586; x_wconf 88' lang='lat' dir='ltr'><strong>ob-</strong></span> 
     </span>
    </p>
   </div>
   <div class='ocr_carea' id='block_1_34' title="bbox 2126 622 3718 692">
    <p class='ocr_par' dir='ltr' id='par_1_34' title="bbox 2126 622 3718 692">
     <span class='ocr_line' id='line_1_34' title="bbox 2126 622 3718 692; baseline 0.001 -16"><span class='ocrx_word' id='word_1_232' title='bbox 2126 623 2306 683; x_wconf 83' lang='lat' dir='ltr'><strong>tiuuit.</strong></span> <span class='ocrx_word' id='word_1_233' title='bbox 2342 622 2529 692; x_wconf 78' lang='lat' dir='ltr'><strong>Magno</strong></span> <span class='ocrx_word' id='word_1_234' title='bbox 2552 638 2613 679; x_wconf 86' lang='lat' dir='ltr'><strong>ea</strong></span> <span class='ocrx_word' id='word_1_235' title='bbox 2637 623 2722 678; x_wconf 93' lang='lat' dir='ltr'><strong>die</strong></span> <span class='ocrx_word' id='word_1_236' title='bbox 2745 622 2988 676; x_wconf 89' lang='lat' dir='ltr'><strong>incendio</strong></span> <span class='ocrx_word' id='word_1_237' title='bbox 3017 622 3206 676; x_wconf 89' lang='lat' dir='ltr'><strong>domus</strong></span> <span class='ocrx_word' id='word_1_238' title='bbox 3227 622 3468 677; x_wconf 76' lang='lat' dir='ltr'><strong>ecclesia:</strong></span> <span class='ocrx_word' id='word_1_239' title='bbox 3489 638 3718 677; x_wconf 84' lang='lat' dir='ltr'><strong>concre-</strong></span> 
     </span>
    </p>
   </div>
   <div class='ocr_carea' id='block_1_35' title="bbox 2124 710 2436 769">
    <p class='ocr_par' dir='ltr' id='par_1_35' title="bbox 2124 710 2436 769">
     <span class='ocr_line' id='line_1_35' title="bbox 2124 710 2436 769; baseline -0.006 -1"><span class='ocrx_word' id='word_1_240' title='bbox 2124 724 2265 768; x_wconf 85' lang='lat' dir='ltr'><strong>mata</strong></span> <span class='ocrx_word' id='word_1_241' title='bbox 2297 725 2375 769; x_wconf 86' lang='lat' dir='ltr'><strong>est</strong></span> <span class='ocrx_word' id='word_1_242' title='bbox 2394 710 2436 766; x_wconf 80' lang='grc' dir='ltr'>ί.</span> 
     </span>
    </p>
   </div>
   <div class='ocr_carea' id='block_1_36' title="bbox 2196 804 3718 876">
    <p class='ocr_par' dir='ltr' id='par_1_36' title="bbox 2196 804 3718 876">
     <span class='ocr_line' id='line_1_36' title="bbox 2196 804 3718 876; baseline -0.001 -15"><span class='ocrx_word' id='word_1_243' title='bbox 2196 804 2337 861; x_wconf 77' lang='lat' dir='ltr'><strong>XIX.</strong></span> <span class='ocrx_word' id='word_1_244' title='bbox 2383 804 2477 859; x_wconf 83' lang='lat' dir='ltr'><strong>His</strong></span> <span class='ocrx_word' id='word_1_245' title='bbox 2529 804 2709 876; x_wconf 70' lang='lat' dir='ltr'><strong>itaque</strong></span> <span class='ocrx_word' id='word_1_246' title='bbox 2736 805 2900 875; x_wconf 78' lang='lat' dir='ltr'><strong>gestis</strong></span> <span class='ocrx_word' id='word_1_247' title='bbox 2926 847 2940 872; x_wconf 93' lang='lat'><strong>,</strong></span> <span class='ocrx_word' id='word_1_248' title='bbox 2964 807 3105 861; x_wconf 86' lang='lat' dir='ltr'><strong>inter</strong></span> <span class='ocrx_word' id='word_1_249' title='bbox 3133 805 3375 861; x_wconf 84' lang='lat' dir='ltr'><strong>Saxones</strong></span> <span class='ocrx_word' id='word_1_250' title='bbox 3415 815 3574 874; x_wconf 86' lang='lat' dir='ltr'><strong>atque</strong></span> <span class='ocrx_word' id='word_1_251' title='bbox 3608 805 3718 859; x_wconf 78' lang='lat' dir='ltr'><strong>Ro-</strong></span> 
     </span>
    </p>
   </div>
   <div class='ocr_carea' id='block_1_37' title="bbox 2126 896 3714 969">
    <p class='ocr_par' dir='ltr' id='par_1_37' title="bbox 2126 896 3714 969">
     <span class='ocr_line' id='line_1_37' title="bbox 2126 896 3714 969; baseline -0.002 -19"><span class='ocrx_word' id='word_1_252' title='bbox 2126 912 2313 952; x_wconf 86' lang='lat' dir='ltr'><strong>manos</strong></span> <span class='ocrx_word' id='word_1_253' title='bbox 2351 897 2550 953; x_wconf 88' lang='lat' dir='ltr'><strong>bellum</strong></span> <span class='ocrx_word' id='word_1_254' title='bbox 2604 906 2809 965; x_wconf 82' lang='lat' dir='ltr'><strong>gestum</strong></span> <span class='ocrx_word' id='word_1_255' title='bbox 2842 896 2945 969; x_wconf 75' lang='lat'><strong>71</strong></span> <span class='ocrx_word' id='word_1_256' title='bbox 2979 907 3059 951; x_wconf 89' lang='lat' dir='ltr'><strong>est</strong></span> <span class='ocrx_word' id='word_1_257' title='bbox 3097 913 3109 951; x_wconf 92' lang='lat'><strong>:</strong></span> <span class='ocrx_word' id='word_1_258' title='bbox 3152 896 3246 950; x_wconf 89' lang='lat' dir='ltr'><strong>sed</strong></span> <span class='ocrx_word' id='word_1_259' title='bbox 3281 897 3523 950; x_wconf 81' lang='lat' dir='ltr'><strong>Saxones</strong></span> <span class='ocrx_word' id='word_1_260' title='bbox 3567 906 3714 964; x_wconf 74' lang='lat' dir='ltr'><strong>terga</strong></span> 
     </span>
    </p>
   </div>
   <div class='ocr_carea' id='block_1_38' title="bbox 2132 985 3713 1057">
    <p class='ocr_par' dir='ltr' id='par_1_38' title="bbox 2132 985 3713 1057">
     <span class='ocr_line' id='line_1_38' title="bbox 2132 985 3713 1057; baseline -0.003 -17"><span class='ocrx_word' id='word_1_261' title='bbox 2132 996 2422 1054; x_wconf 89' lang='lat' dir='ltr'><strong>vertentes,</strong></span> <span class='ocrx_word' id='word_1_262' title='bbox 2456 987 2651 1045; x_wconf 89' lang='lat' dir='ltr'><strong>multos</strong></span> <span class='ocrx_word' id='word_1_263' title='bbox 2698 988 2765 1042; x_wconf 92' lang='lat' dir='ltr'><strong>de</strong></span> <span class='ocrx_word' id='word_1_264' title='bbox 2797 990 2907 1047; x_wconf 83' lang='lat' dir='ltr'><strong>suis</strong></span> <span class='ocrx_word' id='word_1_265' title='bbox 2928 1030 2943 1053; x_wconf 89' lang='lat'><strong>,</strong></span> <span class='ocrx_word' id='word_1_266' title='bbox 2976 986 3231 1043; x_wconf 81' lang='lat' dir='ltr'><strong>Romanis</strong></span> <span class='ocrx_word' id='word_1_267' title='bbox 3277 985 3713 1057; x_wconf 61' lang='lat' dir='ltr'><strong>insequentibus,</strong></span> 
     </span>
    </p>
   </div>
   <div class='ocr_carea' id='block_1_39' title="bbox 2124 1080 3715 1150">
    <p class='ocr_par' dir='ltr' id='par_1_39' title="bbox 2124 1080 3715 1150">
     <span class='ocr_line' id='line_1_39' title="bbox 2124 1080 3715 1150; baseline -0.003 -14"><span class='ocrx_word' id='word_1_268' title='bbox 2124 1081 2304 1149; x_wconf 82' lang='lat' dir='ltr'><strong>gladio</strong></span> <span class='ocrx_word' id='word_1_269' title='bbox 2339 1080 2702 1150; x_wconf 87' lang='lat' dir='ltr'><strong>reliquerunt;</strong></span> <span class='ocrx_word' id='word_1_270' title='bbox 2735 1080 2920 1140; x_wconf 60' lang='lat' dir='ltr'><strong>insulae</strong></span> <span class='ocrx_word' id='word_1_271' title='bbox 2964 1096 3149 1137; x_wconf 89' lang='lat' dir='ltr'><strong>eorum</strong></span> <span class='ocrx_word' id='word_1_272' title='bbox 3171 1095 3291 1139; x_wconf 87' lang='lat' dir='ltr'><strong>cum</strong></span> <span class='ocrx_word' id='word_1_273' title='bbox 3322 1080 3491 1134; x_wconf 88' lang='lat' dir='ltr'><strong>multo</strong></span> <span class='ocrx_word' id='word_1_274' title='bbox 3519 1080 3715 1146; x_wconf 82' lang='lat' dir='ltr'><strong>populo</strong></span> 
     </span>
    </p>
   </div>
   <div class='ocr_carea' id='block_1_40' title="bbox 2125 1173 3707 1246">
    <p class='ocr_par' dir='ltr' id='par_1_40' title="bbox 2125 1173 3707 1246">
     <span class='ocr_line' id='line_1_40' title="bbox 2125 1173 3707 1246; baseline 0.001 -19"><span class='ocrx_word' id='word_1_275' title='bbox 2125 1173 2471 1244; x_wconf 87' lang='lat' dir='ltr'><strong>interempto,</strong></span> <span class='ocrx_word' id='word_1_276' title='bbox 2513 1188 2542 1227; x_wconf 87' lang='lat' dir='ltr'><strong>a</strong></span> <span class='ocrx_word' id='word_1_277' title='bbox 2574 1173 2793 1228; x_wconf 82' lang='lat' dir='ltr'><strong>Francis</strong></span> <span class='ocrx_word' id='word_1_278' title='bbox 2822 1184 2992 1245; x_wconf 64' lang='lat' dir='ltr'><strong>captaa</strong></span> <span class='ocrx_word' id='word_1_279' title='bbox 3020 1184 3179 1246; x_wconf 88' lang='lat' dir='ltr'><strong>atque</strong></span> <span class='ocrx_word' id='word_1_280' title='bbox 3207 1175 3481 1231; x_wconf 68' lang='lat' dir='ltr'><strong>subversae</strong></span> <span class='ocrx_word' id='word_1_281' title='bbox 3513 1178 3707 1228; x_wconf 87' lang='lat' dir='ltr'><strong>suntt.</strong></span> 
     </span>
    </p>
   </div>
   <div class='ocr_carea' id='block_1_41' title="bbox 2128 1263 3708 1341">
    <p class='ocr_par' dir='ltr' id='par_1_41' title="bbox 2128 1263 3708 1341">
     <span class='ocr_line' id='line_1_41' title="bbox 2128 1263 3708 1341; baseline 0.002 -26"><span class='ocrx_word' id='word_1_282' title='bbox 2128 1263 2205 1341; x_wconf 78' lang='lat' dir='ltr'><strong>Eo</strong></span> <span class='ocrx_word' id='word_1_283' title='bbox 2235 1279 2376 1319; x_wconf 85' lang='lat' dir='ltr'><strong>anno</strong></span> <span class='ocrx_word' id='word_1_284' title='bbox 2401 1279 2587 1320; x_wconf 86' lang='lat' dir='ltr'><strong>mense</strong></span> <span class='ocrx_word' id='word_1_285' title='bbox 2616 1280 2753 1319; x_wconf 88' lang='lat' dir='ltr'><strong>nono</strong></span> <span class='ocrx_word' id='word_1_286' title='bbox 2782 1273 2919 1320; x_wconf 90' lang='lat' dir='ltr'><strong>terra</strong></span> <span class='ocrx_word' id='word_1_287' title='bbox 2946 1265 3179 1321; x_wconf 90' lang='lat' dir='ltr'><strong>tremuit.</strong></span> <span class='ocrx_word' id='word_1_288' title='bbox 3217 1265 3553 1323; x_wconf 89' lang='lat' dir='ltr'><strong>Adouacrius</strong></span> <span class='ocrx_word' id='word_1_289' title='bbox 3583 1280 3708 1320; x_wconf 90' lang='lat' dir='ltr'><strong>cum</strong></span> 
     </span>
    </p>
   </div>
   <div class='ocr_carea' id='block_1_42' title="bbox 2125 1352 3711 1431">
    <p class='ocr_par' dir='ltr' id='par_1_42' title="bbox 2125 1352 3711 1431">
     <span class='ocr_line' id='line_1_42' title="bbox 2125 1352 3711 1431; baseline 0.003 -21"><span class='ocrx_word' id='word_1_290' title='bbox 2125 1352 2429 1419; x_wconf 86' lang='lat' dir='ltr'><strong>Cbilderico</strong></span> <span class='ocrx_word' id='word_1_291' title='bbox 2467 1356 2639 1415; x_wconf 65' lang='lat' dir='ltr'><strong>foedus</strong></span> <span class='ocrx_word' id='word_1_292' title='bbox 2678 1357 2827 1422; x_wconf 90' lang='lat' dir='ltr'><strong>iniit,</strong></span> <span class='ocrx_word' id='word_1_293' title='bbox 2874 1358 3325 1430; x_wconf 83' lang='lat' dir='ltr'><strong>Alamannosque,</strong></span> <span class='ocrx_word' id='word_1_294' title='bbox 3366 1361 3454 1430; x_wconf 88' lang='lat' dir='ltr'><strong>qui</strong></span> <span class='ocrx_word' id='word_1_295' title='bbox 3501 1370 3711 1431; x_wconf 88' lang='lat' dir='ltr'><strong>partem</strong></span> 
     </span>
    </p>
   </div>
   <div class='ocr_carea' id='block_1_43' title="bbox 2126 1445 3104 1527">
    <p class='ocr_par' dir='ltr' id='par_1_43' title="bbox 2126 1445 3104 1527">
     <span class='ocr_line' id='line_1_43' title="bbox 2126 1445 3104 1527; baseline 0.004 -24"><span class='ocrx_word' id='word_1_296' title='bbox 2126 1445 2292 1503; x_wconf 70' lang='lat' dir='ltr'><strong>Italiae</strong></span> <span class='ocrx_word' id='word_1_297' title='bbox 2320 1457 2702 1527; x_wconf 36' lang='lat' dir='ltr'><strong>pervaserant&#39;,</strong></span> <span class='ocrx_word' id='word_1_298' title='bbox 2734 1449 3104 1521; x_wconf 84' lang='lat' dir='ltr'><strong>subjugarunt.</strong></span> 
     </span>
    </p>
   </div>
   <div class='ocr_carea' id='block_1_44' title="bbox 2195 1538 3712 1610">
    <p class='ocr_par' dir='ltr' id='par_1_44' title="bbox 2195 1538 3712 1610">
     <span class='ocr_line' id='line_1_44' title="bbox 2195 1538 3712 1610; baseline 0.003 -16"><span class='ocrx_word' id='word_1_299' title='bbox 2195 1538 2312 1594; x_wconf 72' lang='lat' dir='ltr'><strong>XX.</strong></span> <span class='ocrx_word' id='word_1_300' title='bbox 2357 1539 2656 1597; x_wconf 63' lang='lat' dir='ltr'><strong>Eoriehusk</strong></span> <span class='ocrx_word' id='word_1_301' title='bbox 2687 1551 2864 1597; x_wconf 90' lang='lat' dir='ltr'><strong>autem</strong></span> <span class='ocrx_word' id='word_1_302' title='bbox 2909 1543 3228 1599; x_wconf 88' lang='lat' dir='ltr'><strong>Gottborum</strong></span> <span class='ocrx_word' id='word_1_303' title='bbox 3260 1557 3381 1610; x_wconf 84' lang='lat' dir='ltr'><strong>rex,</strong></span> <span class='ocrx_word' id='word_1_304' title='bbox 3412 1541 3712 1599; x_wconf 80' lang='lat' dir='ltr'><strong>Victorium</strong></span> 
     </span>
    </p>
   </div>
   <div class='ocr_carea' id='block_1_45' title="bbox 2123 1630 3715 1706">
    <p class='ocr_par' dir='ltr' id='par_1_45' title="bbox 2123 1630 3715 1706">
     <span class='ocr_line' id='line_1_45' title="bbox 2123 1630 3715 1706; baseline 0.003 -19"><span class='ocrx_word' id='word_1_305' title='bbox 2123 1630 2312 1687; x_wconf 82' lang='lat' dir='ltr'><strong>ducem</strong></span> <span class='ocrx_word' id='word_1_306' title='bbox 2343 1646 2506 1700; x_wconf 88' lang='lat' dir='ltr'><strong>super</strong></span> <span class='ocrx_word' id='word_1_307' title='bbox 2524 1641 2730 1702; x_wconf 90' lang='lat' dir='ltr'><strong>septem</strong></span> <span class='ocrx_word' id='word_1_308' title='bbox 2754 1633 2999 1689; x_wconf 83' lang='lat' dir='ltr'><strong>civitates</strong></span> <span class='ocrx_word' id='word_1_309' title='bbox 3028 1636 3337 1705; x_wconf 58' lang='lat' dir='ltr'><strong>pravposuit,</strong></span> <span class='ocrx_word' id='word_1_310' title='bbox 3360 1651 3501 1691; x_wconf 88' lang='lat' dir='ltr'><strong>anno</strong></span> <span class='ocrx_word' id='word_1_311' title='bbox 3522 1647 3715 1706; x_wconf 87' lang='lat' dir='ltr'><strong>quarto</strong></span> 
     </span>
    </p>
   </div>
   <div class='ocr_carea' id='block_1_46' title="bbox 2125 1725 3713 1797">
    <p class='ocr_par' dir='ltr' id='par_1_46' title="bbox 2125 1725 3713 1797">
     <span class='ocr_line' id='line_1_46' title="bbox 2125 1725 3713 1797; baseline 0.004 -20"><span class='ocrx_word' id='word_1_312' title='bbox 2125 1725 2337 1778; x_wconf 89' lang='lat' dir='ltr'><strong>decimo</strong></span> <span class='ocrx_word' id='word_1_313' title='bbox 2364 1727 2511 1794; x_wconf 80' lang='lat' dir='ltr'><strong>regni</strong></span> <span class='ocrx_word' id='word_1_314' title='bbox 2542 1725 2646 1780; x_wconf 93' lang='lat' dir='ltr'><strong>sui.</strong></span> <span class='ocrx_word' id='word_1_315' title='bbox 2679 1726 2778 1793; x_wconf 86' lang='lat' dir='ltr'><strong>Qui</strong></span> <span class='ocrx_word' id='word_1_316' title='bbox 2810 1729 3060 1797; x_wconf 88' lang='lat' dir='ltr'><strong>protinus</strong></span> <span class='ocrx_word' id='word_1_317' title='bbox 3089 1727 3343 1783; x_wconf 83' lang='lat' dir='ltr'><strong>Arvernis</strong></span> <span class='ocrx_word' id='word_1_318' title='bbox 3382 1727 3713 1795; x_wconf 87' lang='lat' dir='ltr'><strong>adveniens,</strong></span> 
     </span>
    </p>
   </div>
   <div class='ocr_carea' id='block_1_47' title="bbox 2054 1818 3714 1892">
    <p class='ocr_par' dir='ltr' id='par_1_47' title="bbox 2054 1818 3714 1892">
     <span class='ocr_line' id='line_1_47' title="bbox 2054 1818 3714 1892; baseline 0.002 -19"><span class='ocrx_word' id='word_1_319' title='bbox 2054 1831 2098 1891; x_wconf 74' lang='grc' dir='ltr'><strong><em>Β</em></strong></span> <span class='ocrx_word' id='word_1_320' title='bbox 2126 1818 2396 1875; x_wconf 89' lang='lat' dir='ltr'><strong>civitatem</strong></span> <span class='ocrx_word' id='word_1_321' title='bbox 2427 1820 2622 1875; x_wconf 88' lang='lat' dir='ltr'><strong>addere</strong></span> <span class='ocrx_word' id='word_1_322' title='bbox 2646 1821 2849 1875; x_wconf 88' lang='lat' dir='ltr'><strong>voluit:</strong></span> <span class='ocrx_word' id='word_1_323' title='bbox 2883 1823 3023 1878; x_wconf 89' lang='lat' dir='ltr'><strong>unde</strong></span> <span class='ocrx_word' id='word_1_324' title='bbox 3056 1830 3111 1877; x_wconf 90' lang='lat' dir='ltr'><strong>et</strong></span> <span class='ocrx_word' id='word_1_325' title='bbox 3136 1835 3336 1892; x_wconf 70' lang='lat' dir='ltr'><strong>cryptae</strong></span> <span class='ocrx_word' id='word_1_326' title='bbox 3364 1820 3378 1859; x_wconf 77' lang='grc' dir='ltr'><strong>ι</strong></span> <span class='ocrx_word' id='word_1_327' title='bbox 3416 1823 3519 1878; x_wconf 67' lang='lat' dir='ltr'><strong>illa:</strong></span> <span class='ocrx_word' id='word_1_328' title='bbox 3542 1837 3714 1890; x_wconf 90' lang='lat' dir='ltr'><strong>usque</strong></span> 
     </span>
    </p>
   </div>
   <div class='ocr_carea' id='block_1_48' title="bbox 2127 1909 3713 1981">
    <p class='ocr_par' dir='ltr' id='par_1_48' title="bbox 2127 1909 3713 1981">
     <span class='ocr_line' id='line_1_48' title="bbox 2127 1909 3713 1981; baseline 0.004 -18"><span class='ocrx_word' id='word_1_329' title='bbox 2127 1909 2285 1964; x_wconf 87' lang='lat' dir='ltr'><strong>hodie</strong></span> <span class='ocrx_word' id='word_1_330' title='bbox 2334 1920 2576 1980; x_wconf 87' lang='lat' dir='ltr'><strong>perstant</strong></span> <span class='ocrx_word' id='word_1_331' title='bbox 2619 1912 2685 1969; x_wconf 89' lang='lat' dir='ltr'><strong>ad</strong></span> <span class='ocrx_word' id='word_1_332' title='bbox 2731 1913 3007 1971; x_wconf 70' lang='lat' dir='ltr'><strong>basilicam</strong></span> <span class='ocrx_word' id='word_1_333' title='bbox 3053 1917 3223 1970; x_wconf 85' lang='lat' dir='ltr'><strong>sancti</strong></span> <span class='ocrx_word' id='word_1_334' title='bbox 3255 1916 3475 1981; x_wconf 83' lang='lat' dir='ltr'><strong>Juliani,</strong></span> <span class='ocrx_word' id='word_1_335' title='bbox 3520 1925 3575 1970; x_wconf 91' lang='lat' dir='ltr'><strong>et</strong></span> <span class='ocrx_word' id='word_1_336' title='bbox 3615 1929 3713 1969; x_wconf 86' lang='lat' dir='ltr'><strong>co-</strong></span> 
     </span>
    </p>
   </div>
   <div class='ocr_carea' id='block_1_49' title="bbox 2122 2001 3712 2076">
    <p class='ocr_par' dir='ltr' id='par_1_49' title="bbox 2122 2001 3712 2076">
     <span class='ocr_line' id='line_1_49' title="bbox 2122 2001 3712 2076; baseline 0.005 -21"><span class='ocrx_word' id='word_1_337' title='bbox 2122 2001 2352 2067; x_wconf 87' lang='lat' dir='ltr'><strong>lumnas,</strong></span> <span class='ocrx_word' id='word_1_338' title='bbox 2391 2017 2511 2073; x_wconf 72' lang='lat' dir='ltr'><strong>qure</strong></span> <span class='ocrx_word' id='word_1_339' title='bbox 2556 2013 2682 2058; x_wconf 91' lang='lat' dir='ltr'><strong>sunt</strong></span> <span class='ocrx_word' id='word_1_340' title='bbox 2726 2005 2779 2058; x_wconf 91' lang='lat' dir='ltr'><strong>in</strong></span> <span class='ocrx_word' id='word_1_341' title='bbox 2826 2006 2943 2061; x_wconf 72' lang='lat' dir='ltr'><strong>aede</strong></span> <span class='ocrx_word' id='word_1_342' title='bbox 2991 2006 3207 2076; x_wconf 64' lang='lat' dir='ltr'><strong>positae,</strong></span> <span class='ocrx_word' id='word_1_343' title='bbox 3239 2007 3486 2063; x_wconf 87' lang='lat' dir='ltr'><strong>exhiberi</strong></span> <span class='ocrx_word' id='word_1_344' title='bbox 3532 2008 3712 2074; x_wconf 84' lang='lat' dir='ltr'><strong>jussit.</strong></span> 
     </span>
    </p>
   </div>
   <div class='ocr_carea' id='block_1_50' title="bbox 2123 2091 3712 2155">
    <p class='ocr_par' dir='ltr' id='par_1_50' title="bbox 2123 2091 3712 2155">
     <span class='ocr_line' id='line_1_50' title="bbox 2123 2091 3712 2155; baseline 0.006 -9"><span class='ocrx_word' id='word_1_345' title='bbox 2123 2091 2400 2146; x_wconf 87' lang='lat' dir='ltr'><strong>Basilicam</strong></span> <span class='ocrx_word' id='word_1_346' title='bbox 2433 2095 2603 2149; x_wconf 87' lang='lat' dir='ltr'><strong>sancti</strong></span> <span class='ocrx_word' id='word_1_347' title='bbox 2634 2093 2902 2151; x_wconf 86' lang='lat' dir='ltr'><strong>Laurentii</strong></span> <span class='ocrx_word' id='word_1_348' title='bbox 2938 2108 2990 2152; x_wconf 90' lang='lat' dir='ltr'><strong>et</strong></span> <span class='ocrx_word' id='word_1_349' title='bbox 3015 2099 3185 2154; x_wconf 85' lang='lat' dir='ltr'><strong>sancti</strong></span> <span class='ocrx_word' id='word_1_350' title='bbox 3218 2108 3256 2135; x_wconf 78' lang='grc' dir='ltr'>ω</span> <span class='ocrx_word' id='word_1_351' title='bbox 3280 2099 3529 2155; x_wconf 89' lang='lat' dir='ltr'><strong>Germani</strong></span> <span class='ocrx_word' id='word_1_352' title='bbox 3554 2100 3712 2155; x_wconf 83' lang='lat' dir='ltr'><strong>Lica-</strong></span> 
     </span>
    </p>
   </div>
   <div class='ocr_carea' id='block_1_51' title="bbox 2127 2184 3713 2257">
    <p class='ocr_par' dir='ltr' id='par_1_51' title="bbox 2127 2184 3713 2257">
     <span class='ocr_line' id='line_1_51' title="bbox 2127 2184 3713 2257; baseline 0.006 -20"><span class='ocrx_word' id='word_1_353' title='bbox 2127 2184 2394 2240; x_wconf 80' lang='lat' dir='ltr'><strong>niaceusis</strong></span> <span class='ocrx_word' id='word_1_354' title='bbox 2424 2186 2523 2240; x_wconf 85' lang='lat' dir='ltr'><strong>vici</strong></span> <span class='ocrx_word' id='word_1_355' title='bbox 2552 2188 2713 2257; x_wconf 78' lang='lat' dir='ltr'><strong>juSsit</strong></span> <span class='ocrx_word' id='word_1_356' title='bbox 2740 2188 3014 2244; x_wconf 63' lang='lat' dir='ltr'><strong>aediﬁcari.</strong></span> <span class='ocrx_word' id='word_1_357' title='bbox 3054 2189 3179 2245; x_wconf 89' lang='lat' dir='ltr'><strong>Fuit</strong></span> <span class='ocrx_word' id='word_1_358' title='bbox 3226 2203 3403 2247; x_wconf 88' lang='lat' dir='ltr'><strong>autem</strong></span> <span class='ocrx_word' id='word_1_359' title='bbox 3453 2191 3713 2248; x_wconf 79' lang='lat' dir='ltr'><strong>Arvernis</strong></span> 
     </span>
    </p>
   </div>
   <div class='ocr_carea' id='block_1_52' title="bbox 2122 2279 3710 2349">
    <p class='ocr_par' dir='ltr' id='par_1_52' title="bbox 2122 2279 3710 2349">
     <span class='ocr_line' id='line_1_52' title="bbox 2122 2279 3710 2349; baseline 0.009 -20"><span class='ocrx_word' id='word_1_360' title='bbox 2122 2279 2278 2333; x_wconf 87' lang='lat' dir='ltr'><strong>annis</strong></span> <span class='ocrx_word' id='word_1_361' title='bbox 2331 2293 2544 2334; x_wconf 88' lang='lat' dir='ltr'><strong>novem.</strong></span> <span class='ocrx_word' id='word_1_362' title='bbox 2598 2280 2767 2349; x_wconf 88' lang='lat' dir='ltr'><strong>Super</strong></span> <span class='ocrx_word' id='word_1_363' title='bbox 2818 2280 3189 2338; x_wconf 78' lang='lat' dir='ltr'><strong>Eucheriumn</strong></span> <span class='ocrx_word' id='word_1_364' title='bbox 3237 2301 3363 2340; x_wconf 92' lang='lat' dir='ltr'><strong>vero</strong></span> <span class='ocrx_word' id='word_1_365' title='bbox 3408 2296 3710 2344; x_wconf 71' lang='lat' dir='ltr'><strong>senatorem</strong></span> 
     </span>
    </p>
   </div>
   <div class='ocr_carea' id='block_1_53' title="bbox 2120 2372 3711 2447">
    <p class='ocr_par' dir='ltr' id='par_1_53' title="bbox 2120 2372 3711 2447">
     <span class='ocr_line' id='line_1_53' title="bbox 2120 2372 3711 2447; baseline 0.008 -22"><span class='ocrx_word' id='word_1_366' title='bbox 2120 2372 2416 2427; x_wconf 83' lang='lat' dir='ltr'><strong>calumnias</strong></span> <span class='ocrx_word' id='word_1_367' title='bbox 2445 2372 2681 2427; x_wconf 86' lang='lat' dir='ltr'><strong>devolvit</strong></span> <span class='ocrx_word' id='word_1_368' title='bbox 2709 2392 2721 2426; x_wconf 89' lang='lat'><strong>:</strong></span> <span class='ocrx_word' id='word_1_369' title='bbox 2758 2390 2915 2444; x_wconf 91' lang='lat' dir='ltr'><strong>quem</strong></span> <span class='ocrx_word' id='word_1_370' title='bbox 2959 2374 3012 2429; x_wconf 91' lang='lat' dir='ltr'><strong>in</strong></span> <span class='ocrx_word' id='word_1_371' title='bbox 3039 2389 3255 2434; x_wconf 86' lang='lat' dir='ltr'><strong>carcere</strong></span> <span class='ocrx_word' id='word_1_372' title='bbox 3282 2378 3516 2447; x_wconf 85' lang='lat' dir='ltr'><strong>positum</strong></span> <span class='ocrx_word' id='word_1_373' title='bbox 3551 2388 3711 2437; x_wconf 85' lang='lat' dir='ltr'><strong>nocte</strong></span> 
     </span>
    </p>
   </div>
   <div class='ocr_carea' id='block_1_54' title="bbox 2119 2461 3709 2540">
    <p class='ocr_par' dir='ltr' id='par_1_54' title="bbox 2119 2461 3709 2540">
     <span class='ocr_line' id='line_1_54' title="bbox 2119 2461 3709 2540; baseline 0.008 -27"><span class='ocrx_word' id='word_1_374' title='bbox 2119 2461 2326 2515; x_wconf 87' lang='lat' dir='ltr'><strong>extrahi</strong></span> <span class='ocrx_word' id='word_1_375' title='bbox 2353 2462 2536 2532; x_wconf 83' lang='lat' dir='ltr'><strong>jussit,</strong></span> <span class='ocrx_word' id='word_1_376' title='bbox 2569 2462 2891 2535; x_wconf 81' lang='lat' dir='ltr'><strong>ligatumque</strong></span> <span class='ocrx_word' id='word_1_377' title='bbox 2916 2463 3075 2535; x_wconf 83' lang='lat' dir='ltr'><strong>juxta</strong></span> <span class='ocrx_word' id='word_1_378' title='bbox 3116 2467 3371 2535; x_wconf 82' lang='lat' dir='ltr'><strong>parietem</strong></span> <span class='ocrx_word' id='word_1_379' title='bbox 3403 2470 3709 2540; x_wconf 88' lang='lat' dir='ltr'><strong>antiquum,</strong></span> 
     </span>
    </p>
   </div>
   <div class='ocr_carea' id='block_1_55' title="bbox 2117 2554 3711 2632">
    <p class='ocr_par' dir='ltr' id='par_1_55' title="bbox 2117 2554 3711 2632">
     <span class='ocr_line' id='line_1_55' title="bbox 2117 2554 3711 2632; baseline 0.006 -22"><span class='ocrx_word' id='word_1_380' title='bbox 2117 2554 2293 2627; x_wconf 84' lang='lat' dir='ltr'><strong>ipsum</strong></span> <span class='ocrx_word' id='word_1_381' title='bbox 2324 2555 2582 2626; x_wconf 89' lang='lat' dir='ltr'><strong>parietem</strong></span> <span class='ocrx_word' id='word_1_382' title='bbox 2613 2572 2777 2627; x_wconf 76' lang='lat' dir='ltr'><strong>super</strong></span> <span class='ocrx_word' id='word_1_383' title='bbox 2797 2572 2919 2615; x_wconf 88' lang='lat' dir='ltr'><strong>eum</strong></span> <span class='ocrx_word' id='word_1_384' title='bbox 2942 2560 3065 2616; x_wconf 90' lang='lat' dir='ltr'><strong>elidi</strong></span> <span class='ocrx_word' id='word_1_385' title='bbox 3088 2560 3269 2630; x_wconf 85' lang='lat' dir='ltr'><strong>jussit.</strong></span> <span class='ocrx_word' id='word_1_386' title='bbox 3297 2562 3412 2632; x_wconf 89' lang='lat' dir='ltr'><strong>lpse</strong></span> <span class='ocrx_word' id='word_1_387' title='bbox 3433 2578 3560 2620; x_wconf 89' lang='lat' dir='ltr'><strong>vero</strong></span> <span class='ocrx_word' id='word_1_388' title='bbox 3579 2564 3711 2620; x_wconf 89' lang='lat' dir='ltr'><strong>dum</strong></span> 
     </span>
    </p>
   </div>
   <div class='ocr_carea' id='block_1_56' title="bbox 2118 2645 3712 2722">
    <p class='ocr_par' dir='ltr' id='par_1_56' title="bbox 2118 2645 3712 2722">
     <span class='ocr_line' id='line_1_56' title="bbox 2118 2645 3712 2722; baseline 0.009 -24"><span class='ocrx_word' id='word_1_389' title='bbox 2118 2645 2344 2700; x_wconf 89' lang='lat' dir='ltr'><strong>nimium</strong></span> <span class='ocrx_word' id='word_1_390' title='bbox 2385 2657 2530 2703; x_wconf 90' lang='lat' dir='ltr'><strong>esset</strong></span> <span class='ocrx_word' id='word_1_391' title='bbox 2559 2647 2613 2702; x_wconf 91' lang='lat' dir='ltr'><strong>in</strong></span> <span class='ocrx_word' id='word_1_392' title='bbox 2639 2664 2821 2705; x_wconf 87' lang='lat' dir='ltr'><strong>amore</strong></span> <span class='ocrx_word' id='word_1_393' title='bbox 2859 2651 3142 2709; x_wconf 89' lang='lat' dir='ltr'><strong>mulierum</strong></span> <span class='ocrx_word' id='word_1_394' title='bbox 3175 2653 3511 2722; x_wconf 82' lang='lat' dir='ltr'><strong>luxuriosus,</strong></span> <span class='ocrx_word' id='word_1_395' title='bbox 3543 2666 3593 2711; x_wconf 94' lang='lat' dir='ltr'><strong>et</strong></span> <span class='ocrx_word' id='word_1_396' title='bbox 3639 2657 3712 2712; x_wconf 87' lang='lat' dir='ltr'><strong>ab</strong></span> 
     </span>
    </p>
   </div>
   <div class='ocr_carea' id='block_1_57' title="bbox 2116 2738 3711 2824">
    <p class='ocr_par' dir='ltr' id='par_1_57' title="bbox 2116 2738 3711 2824">
     <span class='ocr_line' id='line_1_57' title="bbox 2116 2738 3711 2824; baseline 0.01 -30"><span class='ocrx_word' id='word_1_397' title='bbox 2116 2738 2371 2795; x_wconf 85' lang='lat' dir='ltr'><strong>Arvernis</strong></span> <span class='ocrx_word' id='word_1_398' title='bbox 2400 2754 2679 2799; x_wconf 86' lang='lat' dir='ltr'><strong>vereretur</strong></span> <span class='ocrx_word' id='word_1_399' title='bbox 2707 2744 2962 2814; x_wconf 79' lang='lat' dir='ltr'><strong>interﬁci,</strong></span> <span class='ocrx_word' id='word_1_400' title='bbox 3011 2747 3231 2804; x_wconf 80' lang='lat' dir='ltr'><strong>Romam</strong></span> <span class='ocrx_word' id='word_1_401' title='bbox 3258 2752 3496 2822; x_wconf 68' lang='lat' dir='ltr'><strong>aufugit:</strong></span> <span class='ocrx_word' id='word_1_402' title='bbox 3530 2754 3711 2824; x_wconf 86' lang='lat' dir='ltr'><strong>ibique</strong></span> 
     </span>
    </p>
   </div>
   <div class='ocr_carea' id='block_1_58' title="bbox 2116 2836 3710 2916">
    <p class='ocr_par' dir='ltr' id='par_1_58' title="bbox 2116 2836 3710 2916">
     <span class='ocr_line' id='line_1_58' title="bbox 2116 2836 3710 2916; baseline 0.011 -30"><span class='ocrx_word' id='word_1_403' title='bbox 2116 2836 2344 2891; x_wconf 86' lang='lat' dir='ltr'><strong>similem</strong></span> <span class='ocrx_word' id='word_1_404' title='bbox 2387 2847 2598 2893; x_wconf 87' lang='lat' dir='ltr'><strong>tentaus</strong></span> <span class='ocrx_word' id='word_1_405' title='bbox 2650 2855 2905 2898; x_wconf 73' lang='lat' dir='ltr'><strong>exercere</strong></span> <span class='ocrx_word' id='word_1_406' title='bbox 2958 2843 3254 2913; x_wconf 86' lang='lat' dir='ltr'><strong>luxuriam,</strong></span> <span class='ocrx_word' id='word_1_407' title='bbox 3314 2846 3576 2916; x_wconf 87' lang='lat' dir='ltr'><strong>lapidibus</strong></span> <span class='ocrx_word' id='word_1_408' title='bbox 3621 2857 3710 2904; x_wconf 83' lang='lat' dir='ltr'><strong>est</strong></span> 
     </span>
    </p>
   </div>
   <div class='ocr_carea' id='block_1_59' title="bbox 2116 2927 3708 3007">
    <p class='ocr_par' dir='ltr' id='par_1_59' title="bbox 2116 2927 3708 3007">
     <span class='ocr_line' id='line_1_59' title="bbox 2116 2927 3708 3007; baseline 0.009 -25"><span class='ocrx_word' id='word_1_409' title='bbox 2116 2927 2356 2984; x_wconf 88' lang='lat' dir='ltr'><strong>obrutus.</strong></span> <span class='ocrx_word' id='word_1_410' title='bbox 2391 2928 2516 2986; x_wconf 81' lang='lat' dir='ltr'><strong>POSt</strong></span> <span class='ocrx_word' id='word_1_411' title='bbox 2544 2932 2697 3001; x_wconf 86' lang='lat' dir='ltr'><strong>cujus</strong></span> <span class='ocrx_word' id='word_1_412' title='bbox 2736 2948 3014 2990; x_wconf 84' lang='lat' dir='ltr'><strong>excessum</strong></span> <span class='ocrx_word' id='word_1_413' title='bbox 3048 2939 3286 3007; x_wconf 77' lang='lat' dir='ltr'><strong>regnavit</strong></span> <span class='ocrx_word' id='word_1_414' title='bbox 3315 2938 3576 2995; x_wconf 86' lang='lat' dir='ltr'><strong>Eoricbus</strong></span> <span class='ocrx_word' id='word_1_415' title='bbox 3608 2956 3708 2996; x_wconf 82' lang='lat' dir='ltr'><strong>an-</strong></span> 
     </span>
    </p>
   </div>
   <div class='ocr_carea' id='block_1_60' title="bbox 2116 3027 3707 3104">
    <p class='ocr_par' dir='ltr' id='par_1_60' title="bbox 2116 3027 3707 3104">
     <span class='ocr_line' id='line_1_60' title="bbox 2116 3027 3707 3104; baseline 0.01 -27"><span class='ocrx_word' id='word_1_416' title='bbox 2116 3039 2213 3080; x_wconf 88' lang='lat' dir='ltr'><strong>nos</strong></span> <span class='ocrx_word' id='word_1_417' title='bbox 2237 3035 2465 3096; x_wconf 90' lang='lat' dir='ltr'><strong>quatuor</strong></span> <span class='ocrx_word' id='word_1_418' title='bbox 2496 3045 2509 3080; x_wconf 88' lang='lat'><strong>:</strong></span> <span class='ocrx_word' id='word_1_419' title='bbox 2543 3027 2677 3083; x_wconf 91' lang='lat' dir='ltr'><strong>obiit</strong></span> <span class='ocrx_word' id='word_1_420' title='bbox 2703 3039 2880 3086; x_wconf 91' lang='lat' dir='ltr'><strong>autem</strong></span> <span class='ocrx_word' id='word_1_421' title='bbox 2912 3047 3053 3087; x_wconf 89' lang='lat' dir='ltr'><strong>anno</strong></span> <span class='ocrx_word' id='word_1_422' title='bbox 3087 3033 3339 3104; x_wconf 86' lang='lat' dir='ltr'><strong>vigesimo</strong></span> <span class='ocrx_word' id='word_1_423' title='bbox 3370 3036 3597 3104; x_wconf 89' lang='lat' dir='ltr'><strong>septimo</strong></span> <span class='ocrx_word' id='word_1_424' title='bbox 3619 3052 3707 3093; x_wconf 82' lang='lat' dir='ltr'><strong>re-</strong></span> 
     </span>
    </p>
   </div>
   <div class='ocr_carea' id='block_1_61' title="bbox 2114 3116 3541 3197">
    <p class='ocr_par' dir='ltr' id='par_1_61' title="bbox 2114 3116 3541 3197">
     <span class='ocr_line' id='line_1_61' title="bbox 2114 3116 3541 3197; baseline 0.009 -28"><span class='ocrx_word' id='word_1_425' title='bbox 2114 3116 2202 3188; x_wconf 84' lang='lat' dir='ltr'><strong>gni</strong></span> <span class='ocrx_word' id='word_1_426' title='bbox 2234 3116 2338 3172; x_wconf 87' lang='lat' dir='ltr'><strong>sui.</strong></span> <span class='ocrx_word' id='word_1_427' title='bbox 2369 3117 2494 3174; x_wconf 89' lang='lat' dir='ltr'><strong>Fuit</strong></span> <span class='ocrx_word' id='word_1_428' title='bbox 2519 3118 2679 3175; x_wconf 90' lang='lat' dir='ltr'><strong>etiam</strong></span> <span class='ocrx_word' id='word_1_429' title='bbox 2718 3128 2771 3175; x_wconf 91' lang='lat' dir='ltr'><strong>et</strong></span> <span class='ocrx_word' id='word_1_430' title='bbox 2793 3129 2921 3176; x_wconf 92' lang='lat' dir='ltr'><strong>tunc</strong></span> <span class='ocrx_word' id='word_1_431' title='bbox 2949 3132 3278 3180; x_wconf 64' lang='lat' dir='ltr'><strong>terraeinotus</strong></span> <span class='ocrx_word' id='word_1_432' title='bbox 3300 3140 3541 3197; x_wconf 82' lang='lat' dir='ltr'><strong>magnus.</strong></span> 
     </span>
    </p>
   </div>
   <div class='ocr_carea' id='block_1_62' title="bbox 426 3208 3705 3282">
    <p class='ocr_par' dir='ltr' id='par_1_62' title="bbox 426 3208 3705 3282">
     <span class='ocr_line' id='line_1_62' title="bbox 426 3208 3705 3282; baseline 0.002 -13"><span class='ocrx_word' id='word_1_433' title='bbox 426 3214 535 3277; x_wconf 78' lang='lat' dir='ltr'><strong>this</strong></span> <span class='ocrx_word' id='word_1_434' title='bbox 588 3212 727 3271; x_wconf 87' lang='lat' dir='ltr'><strong>bella</strong></span> <span class='ocrx_word' id='word_1_435' title='bbox 786 3212 963 3281; x_wconf 87' lang='lat' dir='ltr'><strong>intulit</strong></span> <span class='ocrx_word' id='word_1_436' title='bbox 1007 3218 1063 3267; x_wconf 89' lang='lat' dir='ltr'><strong>et</strong></span> <span class='ocrx_word' id='word_1_437' title='bbox 1112 3213 1319 3281; x_wconf 75' lang='lat' dir='ltr'><strong>przedas</strong></span> <span class='ocrx_word' id='word_1_438' title='bbox 1372 3209 1503 3279; x_wconf 85' lang='lat' dir='ltr'><strong>egit.</strong></span> <span class='ocrx_word' id='word_1_439' title='bbox 1562 3208 1821 3265; x_wconf 81' lang='lat' dir='ltr'><strong>Veniente</strong></span> <span class='ocrx_word' id='word_1_440' title='bbox 1880 3208 2083 3275; x_wconf 87' lang='lat' dir='ltr'><strong>veroC</strong></span> <span class='ocrx_word' id='word_1_441' title='bbox 2188 3208 2327 3264; x_wconf 83' lang='lat' dir='ltr'><strong>XX].</strong></span> <span class='ocrx_word' id='word_1_442' title='bbox 2368 3208 2677 3266; x_wconf 71' lang='lat' dir='ltr'><strong>Defunctoo</strong></span> <span class='ocrx_word' id='word_1_443' title='bbox 2724 3218 2902 3266; x_wconf 87' lang='lat' dir='ltr'><strong>autem</strong></span> <span class='ocrx_word' id='word_1_444' title='bbox 2950 3212 3089 3282; x_wconf 89' lang='lat' dir='ltr'><strong>apud</strong></span> <span class='ocrx_word' id='word_1_445' title='bbox 3136 3216 3408 3271; x_wconf 85' lang='lat' dir='ltr'><strong>Arvernos</strong></span> <span class='ocrx_word' id='word_1_446' title='bbox 3459 3216 3705 3274; x_wconf 73' lang='lat' dir='ltr'><strong>Namatio</strong></span> 
     </span>
    </p>
   </div>
   <div class='ocr_carea' id='block_1_63' title="bbox 424 3344 2007 3413">
    <p class='ocr_par' dir='ltr' id='par_1_63' title="bbox 424 3344 2007 3413">
     <span class='ocr_line' id='line_1_63' title="bbox 424 3344 2007 3413; baseline 0 -12"><span class='ocrx_word' id='word_1_447' title='bbox 424 3345 817 3407; x_wconf 86' lang='lat' dir='ltr'><strong>montensibus.</strong></span> <span class='ocrx_word' id='word_1_448' title='bbox 847 3346 997 3403; x_wconf 84' lang='lat' dir='ltr'><strong>Unde</strong></span> <span class='ocrx_word' id='word_1_449' title='bbox 1021 3346 1256 3407; x_wconf 75' lang='lat' dir='ltr'><strong>seniorin</strong></span> <span class='ocrx_word' id='word_1_450' title='bbox 1276 3345 1408 3401; x_wconf 83' lang='lat' dir='ltr'><strong>Mor.</strong></span> <span class='ocrx_word' id='word_1_451' title='bbox 1433 3361 1480 3401; x_wconf 89' lang='lat' dir='ltr'><strong>s.</strong></span> <span class='ocrx_word' id='word_1_452' title='bbox 1505 3352 1560 3401; x_wconf 90' lang='lat' dir='ltr'><strong>et</strong></span> <span class='ocrx_word' id='word_1_453' title='bbox 1584 3344 1769 3413; x_wconf 78' lang='lat' dir='ltr'><strong>Regm.</strong></span> <span class='ocrx_word' id='word_1_454' title='bbox 1788 3345 2007 3411; x_wconf 89' lang='lat' dir='ltr'><strong>dicitur,</strong></span> 
     </span>
    </p>
   </div>
   <div class='ocr_carea' id='block_1_64' title="bbox 424 3415 2008 3488">
    <p class='ocr_par' dir='ltr' id='par_1_64' title="bbox 424 3415 2008 3488">
     <span class='ocr_line' id='line_1_64' title="bbox 424 3415 2008 3488; baseline 0.001 -17"><span class='ocrx_word' id='word_1_455' title='bbox 424 3434 521 3487; x_wconf 87' lang='lat' dir='ltr'><strong>pro</strong></span> <span class='ocrx_word' id='word_1_456' title='bbox 546 3435 647 3488; x_wconf 89' lang='lat' dir='ltr'><strong>qua</strong></span> <span class='ocrx_word' id='word_1_457' title='bbox 681 3433 833 3488; x_wconf 15' lang='lat' dir='ltr'><strong>voce,</strong></span> <span class='ocrx_word' id='word_1_458' title='bbox 854 3418 980 3471; x_wconf 87' lang='lat' dir='ltr'><strong>editi</strong></span> <span class='ocrx_word' id='word_1_459' title='bbox 1017 3418 1213 3472; x_wconf 90' lang='lat' dir='ltr'><strong>habent</strong></span> <span class='ocrx_word' id='word_1_460' title='bbox 1240 3417 1523 3488; x_wconf 60' lang='lat' dir='ltr'><strong>veterrima.</strong></span> <span class='ocrx_word' id='word_1_461' title='bbox 1560 3415 1691 3472; x_wconf 80' lang='lat' dir='ltr'><strong>Vide</strong></span> <span class='ocrx_word' id='word_1_462' title='bbox 1720 3416 2008 3488; x_wconf 83' lang='lat' dir='ltr'><strong>Liturgiatu</strong></span> 
     </span>
    </p>
   </div>
   <div class='ocr_carea' id='block_1_65' title="bbox 429 3486 1505 3553">
    <p class='ocr_par' dir='ltr' id='par_1_65' title="bbox 429 3486 1505 3553">
     <span class='ocr_line' id='line_1_65' title="bbox 429 3486 1505 3553; baseline -0.005 -10"><span class='ocrx_word' id='word_1_463' title='bbox 429 3486 758 3543; x_wconf 71' lang='lat' dir='ltr'><strong>Gallicanam</strong></span> <span class='ocrx_word' id='word_1_464' title='bbox 789 3487 1078 3543; x_wconf 85' lang='lat' dir='ltr'><strong>Mabilloii</strong></span> <span class='ocrx_word' id='word_1_465' title='bbox 1108 3488 1198 3541; x_wconf 89' lang='lat' dir='ltr'><strong>lib.</strong></span> <span class='ocrx_word' id='word_1_466' title='bbox 1227 3502 1277 3549; x_wconf 84' lang='lat' dir='ltr'><strong>t,</strong></span> <span class='ocrx_word' id='word_1_467' title='bbox 1306 3501 1423 3553; x_wconf 85' lang='lat' dir='ltr'><strong>cap.</strong></span> <span class='ocrx_word' id='word_1_468' title='bbox 1451 3486 1505 3539; x_wconf 92' lang='lat'><strong>8.</strong></span> 
     </span>
    </p>
   </div>
   <div class='ocr_carea' id='block_1_66' title="bbox 494 3557 2010 3628">
    <p class='ocr_par' dir='ltr' id='par_1_66' title="bbox 494 3557 2010 3628">
     <span class='ocr_line' id='line_1_66' title="bbox 494 3557 2010 3628; baseline 0 -14"><span class='ocrx_word' id='word_1_469' title='bbox 494 3568 521 3597; x_wconf 77' lang='grc' dir='ltr'><strong>ι</strong></span> <span class='ocrx_word' id='word_1_470' title='bbox 550 3561 694 3628; x_wconf 86' lang='lat' dir='ltr'><strong>Upus</strong></span> <span class='ocrx_word' id='word_1_471' title='bbox 724 3558 1008 3613; x_wconf 75' lang='lat' dir='ltr'><strong>serrarium</strong></span> <span class='ocrx_word' id='word_1_472' title='bbox 1049 3557 1187 3628; x_wconf 84' lang='lat' dir='ltr'><strong>idem</strong></span> <span class='ocrx_word' id='word_1_473' title='bbox 1216 3572 1338 3612; x_wconf 86' lang='lat' dir='ltr'><strong>esse</strong></span> <span class='ocrx_word' id='word_1_474' title='bbox 1362 3557 1614 3611; x_wconf 85' lang='lat' dir='ltr'><strong>observat</strong></span> <span class='ocrx_word' id='word_1_475' title='bbox 1642 3557 1915 3628; x_wconf 83' lang='lat' dir='ltr'><strong>Altaserra</strong></span> <span class='ocrx_word' id='word_1_476' title='bbox 1947 3573 2010 3614; x_wconf 92' lang='lat' dir='ltr'><strong>ac</strong></span> 
     </span>
    </p>
   </div>
   <div class='ocr_carea' id='block_1_67' title="bbox 423 3627 2011 3697">
    <p class='ocr_par' dir='ltr' id='par_1_67' title="bbox 423 3627 2011 3697">
     <span class='ocr_line' id='line_1_67' title="bbox 423 3627 2011 3697; baseline 0.001 -14"><span class='ocrx_word' id='word_1_477' title='bbox 423 3644 560 3697; x_wconf 88' lang='lat' dir='ltr'><strong>opus</strong></span> <span class='ocrx_word' id='word_1_478' title='bbox 601 3627 916 3690; x_wconf 83' lang='lat' dir='ltr'><strong>tectorium,</strong></span> <span class='ocrx_word' id='word_1_479' title='bbox 958 3627 1099 3695; x_wconf 81' lang='lat' dir='ltr'><strong>quod</strong></span> <span class='ocrx_word' id='word_1_480' title='bbox 1130 3630 1334 3685; x_wconf 85' lang='lat' dir='ltr'><strong>varium</strong></span> <span class='ocrx_word' id='word_1_481' title='bbox 1366 3636 1529 3683; x_wconf 86' lang='lat' dir='ltr'><strong>estet</strong></span> <span class='ocrx_word' id='word_1_482' title='bbox 1572 3627 1888 3694; x_wconf 83' lang='lat' dir='ltr'><strong>multiplex.</strong></span> <span class='ocrx_word' id='word_1_483' title='bbox 1932 3629 2011 3684; x_wconf 72' lang='lat' dir='ltr'><strong>sic</strong></span> 
     </span>
    </p>
   </div>
   <div class='ocr_carea' id='block_1_68' title="bbox 422 3697 2007 3766">
    <p class='ocr_par' dir='ltr' id='par_1_68' title="bbox 422 3697 2007 3766">
     <span class='ocr_line' id='line_1_68' title="bbox 422 3697 2007 3766; baseline 0 -13"><span class='ocrx_word' id='word_1_484' title='bbox 422 3701 623 3754; x_wconf 89' lang='lat' dir='ltr'><strong>dictum</strong></span> <span class='ocrx_word' id='word_1_485' title='bbox 654 3716 684 3753; x_wconf 85' lang='lat' dir='ltr'><strong>a</strong></span> <span class='ocrx_word' id='word_1_486' title='bbox 722 3699 887 3752; x_wconf 88' lang='lat' dir='ltr'><strong>verbo</strong></span> <span class='ocrx_word' id='word_1_487' title='bbox 934 3698 1148 3753; x_wconf 82' lang='lat' dir='ltr'><strong>sarcire.</strong></span> <span class='ocrx_word' id='word_1_488' title='bbox 1182 3697 1420 3754; x_wconf 88' lang='lat' dir='ltr'><strong>Parietes</strong></span> <span class='ocrx_word' id='word_1_489' title='bbox 1460 3707 1638 3751; x_wconf 89' lang='lat' dir='ltr'><strong>autem</strong></span> <span class='ocrx_word' id='word_1_490' title='bbox 1689 3699 2007 3766; x_wconf 85' lang='lat' dir='ltr'><strong>templorum</strong></span> 
     </span>
    </p>
   </div>
   <div class='ocr_carea' id='block_1_69' title="bbox 423 3769 2007 3839">
    <p class='ocr_par' dir='ltr' id='par_1_69' title="bbox 423 3769 2007 3839">
     <span class='ocr_line' id='line_1_69' title="bbox 423 3769 2007 3839; baseline -0.001 -16"><span class='ocrx_word' id='word_1_491' title='bbox 423 3780 479 3824; x_wconf 90' lang='lat' dir='ltr'><strong>et</strong></span> <span class='ocrx_word' id='word_1_492' title='bbox 516 3770 855 3839; x_wconf 88' lang='lat' dir='ltr'><strong>publicorum</strong></span> <span class='ocrx_word' id='word_1_493' title='bbox 887 3769 1235 3839; x_wconf 69' lang='lat' dir='ltr'><strong>aediﬁciorum</strong></span> <span class='ocrx_word' id='word_1_494' title='bbox 1266 3782 1543 3839; x_wconf 81' lang='lat' dir='ltr'><strong>marmore</strong></span> <span class='ocrx_word' id='word_1_495' title='bbox 1568 3770 1882 3835; x_wconf 78' lang='lat' dir='ltr'><strong>tegebantur</strong></span> <span class='ocrx_word' id='word_1_496' title='bbox 1911 3784 2007 3825; x_wconf 91' lang='lat' dir='ltr'><strong>seu</strong></span> 
     </span>
    </p>
   </div>
   <div class='ocr_carea' id='block_1_70' title="bbox 424 3838 2006 3907">
    <p class='ocr_par' dir='ltr' id='par_1_70' title="bbox 424 3838 2006 3907">
     <span class='ocr_line' id='line_1_70' title="bbox 424 3838 2006 3907; baseline 0.001 -14"><span class='ocrx_word' id='word_1_497' title='bbox 424 3838 880 3903; x_wconf 81' lang='lat' dir='ltr'><strong>incrustabantur,</strong></span> <span class='ocrx_word' id='word_1_498' title='bbox 911 3839 1138 3907; x_wconf 84' lang='lat' dir='ltr'><strong>qualiter</strong></span> <span class='ocrx_word' id='word_1_499' title='bbox 1188 3838 1276 3893; x_wconf 86' lang='lat' dir='ltr'><strong>hic</strong></span> <span class='ocrx_word' id='word_1_500' title='bbox 1316 3838 1641 3894; x_wconf 87' lang='lat' dir='ltr'><strong>describitur</strong></span> <span class='ocrx_word' id='word_1_501' title='bbox 1689 3840 1945 3907; x_wconf 84' lang='lat' dir='ltr'><strong>templum</strong></span> <span class='ocrx_word' id='word_1_502' title='bbox 1976 3856 2006 3895; x_wconf 88' lang='lat' dir='ltr'><strong>a</strong></span> 
     </span>
    </p>
   </div>
   <div class='ocr_carea' id='block_1_71' title="bbox 422 3910 1166 3969">
    <p class='ocr_par' dir='ltr' id='par_1_71' title="bbox 422 3910 1166 3969">
     <span class='ocr_line' id='line_1_71' title="bbox 422 3910 1166 3969; baseline -0.009 0"><span class='ocrx_word' id='word_1_503' title='bbox 422 3911 481 3969; x_wconf 81' lang='lat'><strong>8.</strong></span> <span class='ocrx_word' id='word_1_504' title='bbox 507 3910 751 3966; x_wconf 85' lang='lat' dir='ltr'><strong>Namatio</strong></span> <span class='ocrx_word' id='word_1_505' title='bbox 780 3919 1166 3965; x_wconf 81' lang='lat' dir='ltr'><strong>constructum.</strong></span> 
     </span>
    </p>
   </div>
   <div class='ocr_carea' id='block_1_72' title="bbox 494 3979 2004 4051">
    <p class='ocr_par' dir='ltr' id='par_1_72' title="bbox 494 3979 2004 4051">
     <span class='ocr_line' id='line_1_72' title="bbox 494 3979 2004 4051; baseline -0.003 -13"><span class='ocrx_word' id='word_1_506' title='bbox 494 3981 520 4020; x_wconf 72' lang='grc' dir='ltr'><strong>ι’</strong></span> <span class='ocrx_word' id='word_1_507' title='bbox 555 3982 620 4039; x_wconf 83' lang='grc' dir='ltr'><strong>Ει</strong></span> <span class='ocrx_word' id='word_1_508' title='bbox 646 3982 863 4051; x_wconf 89' lang='lat' dir='ltr'><strong>quidem</strong></span> <span class='ocrx_word' id='word_1_509' title='bbox 912 3980 1167 4047; x_wconf 70' lang='lat' dir='ltr'><strong>relquias</strong></span> <span class='ocrx_word' id='word_1_510' title='bbox 1198 3979 1394 4051; x_wconf 82' lang='lat' dir='ltr'><strong>borum_</strong></span> <span class='ocrx_word' id='word_1_511' title='bbox 1409 3989 1713 4051; x_wconf 78' lang='lat' dir='ltr'><strong>martyrum</strong></span> <span class='ocrx_word' id='word_1_512' title='bbox 1742 3980 2004 4051; x_wconf 75' lang='lat' dir='ltr'><strong>obtinuit,</strong></span> 
     </span>
    </p>
   </div>
   <div class='ocr_carea' id='block_1_73' title="bbox 422 4048 2004 4120">
    <p class='ocr_par' dir='ltr' id='par_1_73' title="bbox 422 4048 2004 4120">
     <span class='ocr_line' id='line_1_73' title="bbox 422 4048 2004 4120; baseline 0.004 -19"><span class='ocrx_word' id='word_1_513' title='bbox 422 4061 478 4106; x_wconf 92' lang='lat' dir='ltr'><strong>nt</strong></span> <span class='ocrx_word' id='word_1_514' title='bbox 505 4048 687 4108; x_wconf 80' lang='lat' dir='ltr'><strong>narrat</strong></span> <span class='ocrx_word' id='word_1_515' title='bbox 709 4054 822 4120; x_wconf 81' lang='lat' dir='ltr'><strong>ipse</strong></span> <span class='ocrx_word' id='word_1_516' title='bbox 847 4051 1074 4119; x_wconf 84' lang='lat' dir='ltr'><strong>Gregor.</strong></span> <span class='ocrx_word' id='word_1_517' title='bbox 1101 4051 1191 4106; x_wconf 91' lang='lat' dir='ltr'><strong>lib.</strong></span> <span class='ocrx_word' id='word_1_518' title='bbox 1219 4067 1233 4104; x_wconf 88' lang='grc' dir='ltr'><strong>ι</strong></span> <span class='ocrx_word' id='word_1_519' title='bbox 1259 4049 1328 4104; x_wconf 85' lang='lat' dir='ltr'><strong>de</strong></span> <span class='ocrx_word' id='word_1_520' title='bbox 1355 4048 1537 4104; x_wconf 74' lang='lat' dir='ltr'><strong>Gltll‘iil</strong></span> <span class='ocrx_word' id='word_1_521' title='bbox 1564 4048 1744 4112; x_wconf 63' lang='lat' dir='ltr'><strong>Maru,</strong></span> <span class='ocrx_word' id='word_1_522' title='bbox 1768 4066 1886 4119; x_wconf 89' lang='lat' dir='ltr'><strong>cap.</strong></span> <span class='ocrx_word' id='word_1_523' title='bbox 1910 4048 2004 4107; x_wconf 69' lang='grc'>44.</span> 
     </span>
    </p>
   </div>
   <div class='ocr_carea' id='block_1_74' title="bbox 420 4121 2005 4191">
    <p class='ocr_par' dir='ltr' id='par_1_74' title="bbox 420 4121 2005 4191">
     <span class='ocr_line' id='line_1_74' title="bbox 420 4121 2005 4191; baseline -0.001 -14"><span class='ocrx_word' id='word_1_524' title='bbox 420 4125 748 4187; x_wconf 75' lang='lat' dir='ltr'><strong>Eorumdem</strong></span> <span class='ocrx_word' id='word_1_525' title='bbox 793 4129 1085 4191; x_wconf 79' lang='lat' dir='ltr'><strong>martyrum</strong></span> <span class='ocrx_word' id='word_1_526' title='bbox 1128 4127 1428 4189; x_wconf 76' lang='lat' dir='ltr'><strong>passionem</strong></span> <span class='ocrx_word' id='word_1_527' title='bbox 1472 4121 1728 4175; x_wconf 87' lang='lat' dir='ltr'><strong>describit</strong></span> <span class='ocrx_word' id='word_1_528' title='bbox 1776 4124 1835 4177; x_wconf 84' lang='lat' dir='ltr'><strong>S.</strong></span> <span class='ocrx_word' id='word_1_529' title='bbox 1872 4123 2005 4177; x_wconf 83' lang='lat' dir='ltr'><strong>Am-</strong></span> 
     </span>
    </p>
   </div>
   <div class='ocr_carea' id='block_1_75' title="bbox 418 4192 2001 4261">
    <p class='ocr_par' dir='ltr' id='par_1_75' title="bbox 418 4192 2001 4261">
     <span class='ocr_line' id='line_1_75' title="bbox 418 4192 2001 4261; baseline 0 -13"><span class='ocrx_word' id='word_1_530' title='bbox 418 4195 631 4251; x_wconf 86' lang='lat' dir='ltr'><strong>brosius</strong></span> <span class='ocrx_word' id='word_1_531' title='bbox 662 4195 713 4247; x_wconf 91' lang='lat' dir='ltr'><strong>iu</strong></span> <span class='ocrx_word' id='word_1_532' title='bbox 747 4192 839 4247; x_wconf 91' lang='lat' dir='ltr'><strong>lib.</strong></span> <span class='ocrx_word' id='word_1_533' title='bbox 866 4196 934 4248; x_wconf 84' lang='lat' dir='ltr'><strong>de</strong></span> <span class='ocrx_word' id='word_1_534' title='bbox 963 4193 1345 4247; x_wconf 82' lang='lat' dir='ltr'><strong>Exhortatione</strong></span> <span class='ocrx_word' id='word_1_535' title='bbox 1375 4192 1634 4261; x_wconf 84' lang='lat' dir='ltr'><strong>virginit.,</strong></span> <span class='ocrx_word' id='word_1_536' title='bbox 1669 4208 1786 4260; x_wconf 89' lang='lat' dir='ltr'><strong>cap.</strong></span> <span class='ocrx_word' id='word_1_537' title='bbox 1818 4194 1838 4247; x_wconf 86' lang='lat' dir='ltr'><strong>l</strong></span> <span class='ocrx_word' id='word_1_538' title='bbox 1873 4194 2001 4248; x_wconf 54' lang='lat' dir='ltr'><strong>et‘z.</strong></span> 
     </span>
    </p>
   </div>
   <div class='ocr_carea' id='block_1_76' title="bbox 494 4262 2005 4330">
    <p class='ocr_par' dir='ltr' id='par_1_76' title="bbox 494 4262 2005 4330">
     <span class='ocr_line' id='line_1_76' title="bbox 494 4262 2005 4330; baseline -0.001 -9"><span class='ocrx_word' id='word_1_539' title='bbox 494 4277 516 4305; x_wconf 70' lang='grc' dir='ltr'><strong>ε</strong></span> <span class='ocrx_word' id='word_1_540' title='bbox 544 4266 715 4321; x_wconf 83' lang='lat' dir='ltr'><strong>Hodie</strong></span> <span class='ocrx_word' id='word_1_541' title='bbox 744 4265 968 4319; x_wconf 86' lang='lat' dir='ltr'><strong>ecclesia</strong></span> <span class='ocrx_word' id='word_1_542' title='bbox 993 4274 1076 4318; x_wconf 89' lang='lat' dir='ltr'><strong>est</strong></span> <span class='ocrx_word' id='word_1_543' title='bbox 1105 4262 1443 4330; x_wconf 87' lang='lat' dir='ltr'><strong>parochialis,</strong></span> <span class='ocrx_word' id='word_1_544' title='bbox 1476 4271 1678 4315; x_wconf 76' lang='lat' dir='ltr'><strong>mutato</strong></span> <span class='ocrx_word' id='word_1_545' title='bbox 1701 4264 1916 4319; x_wconf 88' lang='lat' dir='ltr'><strong>nomine</strong></span> <span class='ocrx_word' id='word_1_546' title='bbox 1936 4265 2005 4319; x_wconf 89' lang='lat' dir='ltr'><strong>ab</strong></span> 
     </span>
    </p>
   </div>
   <div class='ocr_carea' id='block_1_77' title="bbox 416 4331 2000 4405">
    <p class='ocr_par' dir='ltr' id='par_1_77' title="bbox 416 4331 2000 4405">
     <span class='ocr_line' id='line_1_77' title="bbox 416 4331 2000 4405; baseline -0.004 -12"><span class='ocrx_word' id='word_1_547' title='bbox 416 4337 574 4405; x_wconf 80' lang='lat' dir='ltr'><strong>anuis</strong></span> <span class='ocrx_word' id='word_1_548' title='bbox 604 4338 815 4391; x_wconf 84' lang='lat' dir='ltr'><strong>circiter</strong></span> <span class='ocrx_word' id='word_1_549' title='bbox 842 4334 968 4399; x_wconf 70' lang='lat'><strong>200,</strong></span> <span class='ocrx_word' id='word_1_550' title='bbox 995 4335 1171 4389; x_wconf 59' lang='lat' dir='ltr'><strong>Sancti</strong></span> <span class='ocrx_word' id='word_1_551' title='bbox 1195 4333 1435 4405; x_wconf 74' lang='lat' dir='ltr'><strong>Eutr-apii</strong></span> <span class='ocrx_word' id='word_1_552' title='bbox 1458 4331 1811 4405; x_wconf 77' lang='lat' dir='ltr'><strong>Subttrbicarii</strong></span> <span class='ocrx_word' id='word_1_553' title='bbox 1839 4335 2000 4388; x_wconf 87' lang='lat' dir='ltr'><strong>dicta.</strong></span> 
     </span>
    </p>
   </div>
   <div class='ocr_carea' id='block_1_78' title="bbox 418 4403 2001 4472">
    <p class='ocr_par' dir='ltr' id='par_1_78' title="bbox 418 4403 2001 4472">
     <span class='ocr_line' id='line_1_78' title="bbox 418 4403 2001 4472; baseline 0.001 -15"><span class='ocrx_word' id='word_1_554' title='bbox 418 4403 489 4465; x_wconf 77' lang='grc' dir='ltr'><strong>ιη’</strong></span> <span class='ocrx_word' id='word_1_555' title='bbox 537 4423 599 4462; x_wconf 88' lang='lat' dir='ltr'><strong>ea</strong></span> <span class='ocrx_word' id='word_1_556' title='bbox 654 4407 893 4472; x_wconf 87' lang='lat' dir='ltr'><strong>sepultus</strong></span> <span class='ocrx_word' id='word_1_557' title='bbox 951 4406 1045 4457; x_wconf 84' lang='lat' dir='ltr'><strong>luit</strong></span> <span class='ocrx_word' id='word_1_558' title='bbox 1099 4413 1318 4457; x_wconf 88' lang='lat' dir='ltr'><strong>sanctus</strong></span> <span class='ocrx_word' id='word_1_559' title='bbox 1377 4403 1652 4456; x_wconf 81' lang='lat' dir='ltr'><strong>Namatius</strong></span> <span class='ocrx_word' id='word_1_560' title='bbox 1708 4419 1830 4457; x_wconf 89' lang='lat' dir='ltr'><strong>cum</strong></span> <span class='ocrx_word' id='word_1_561' title='bbox 1883 4404 2001 4459; x_wconf 86' lang='lat' dir='ltr'><strong>aliis</strong></span> 
     </span>
    </p>
   </div>
   <div class='ocr_carea' id='block_1_79' title="bbox 417 4472 1999 4541">
    <p class='ocr_par' dir='ltr' id='par_1_79' title="bbox 417 4472 1999 4541">
     <span class='ocr_line' id='line_1_79' title="bbox 417 4472 1999 4541; baseline -0.004 -7"><span class='ocrx_word' id='word_1_562' title='bbox 417 4477 648 4538; x_wconf 82' lang='lat' dir='ltr'><strong>sanctis,</strong></span> <span class='ocrx_word' id='word_1_563' title='bbox 682 4488 737 4527; x_wconf 87' lang='lat' dir='ltr'><strong>ut</strong></span> <span class='ocrx_word' id='word_1_564' title='bbox 785 4475 985 4527; x_wconf 87' lang='lat' dir='ltr'><strong>iudicat</strong></span> <span class='ocrx_word' id='word_1_565' title='bbox 1032 4473 1247 4528; x_wconf 88' lang='lat' dir='ltr'><strong>libellus</strong></span> <span class='ocrx_word' id='word_1_566' title='bbox 1284 4475 1351 4527; x_wconf 87' lang='lat' dir='ltr'><strong>de</strong></span> <span class='ocrx_word' id='word_1_567' title='bbox 1398 4474 1599 4526; x_wconf 90' lang='lat' dir='ltr'><strong>sanctis</strong></span> <span class='ocrx_word' id='word_1_568' title='bbox 1642 4472 1999 4541; x_wconf 86' lang='lat' dir='ltr'><strong>Claromout.,</strong></span> 
     </span>
    </p>
   </div>
   <div class='ocr_carea' id='block_1_80' title="bbox 417 4548 651 4615">
    <p class='ocr_par' dir='ltr' id='par_1_80' title="bbox 417 4548 651 4615">
     <span class='ocr_line' id='line_1_80' title="bbox 417 4548 651 4615; baseline -0.021 -13"><span class='ocrx_word' id='word_1_569' title='bbox 417 4564 534 4615; x_wconf 87' lang='lat' dir='ltr'><strong>cap.</strong></span> <span class='ocrx_word' id='word_1_570' title='bbox 566 4548 651 4604; x_wconf 76' lang='grc'><strong>15.</strong></span> 
     </span>
    </p>
   </div>
   <div class='ocr_carea' id='block_1_81' title="bbox 2113 3344 3699 3470">
    <p class='ocr_par' dir='ltr' id='par_1_81' title="bbox 2113 3344 3699 3470">
     <span class='ocr_line' id='line_1_81' title="bbox 2113 3344 3699 3470; baseline 0.004 -72"><span class='ocrx_word' id='word_1_571' title='bbox 2113 3344 2196 3426; x_wconf 76' lang='lat' dir='ltr'><strong>nis</strong></span> <span class='ocrx_word' id='word_1_572' title='bbox 2225 3346 2553 3414; x_wconf 82' lang='lat' dir='ltr'><strong>paruissent,</strong></span> <span class='ocrx_word' id='word_1_573' title='bbox 2579 3344 2891 3470; x_wconf 44' lang='lat' dir='ltr'><strong>legatusque</strong></span> <span class='ocrx_word' id='word_1_574' title='bbox 2914 3354 2970 3400; x_wconf 90' lang='lat' dir='ltr'><strong>ut</strong></span> <span class='ocrx_word' id='word_1_575' title='bbox 2998 3344 3286 3414; x_wconf 84' lang='lat' dir='ltr'><strong>plurimum</strong></span> <span class='ocrx_word' id='word_1_576' title='bbox 3308 3387 3323 3409; x_wconf 92' lang='lat'><strong>,</strong></span> <span class='ocrx_word' id='word_1_577' title='bbox 3353 3347 3513 3402; x_wconf 87' lang='lat' dir='ltr'><strong>etiam</strong></span> <span class='ocrx_word' id='word_1_578' title='bbox 3544 3360 3699 3405; x_wconf 76' lang='lat' dir='ltr'><strong>exte-</strong></span> 
     </span>
     <span class='ocr_line' id='line_1_82' title="bbox 2114 3415 3699 3470; baseline 0 0"><span class='ocrx_word' id='word_1_579' title='bbox 2114 3431 2189 3470; x_wconf 76' lang='lat' dir='ltr'><strong>ris</strong></span> <span class='ocrx_word' id='word_1_580' title='bbox 2223 3416 2552 3470; x_wconf 79' lang='lat' dir='ltr'><strong>principibus</strong></span> <span class='ocrx_word' id='word_1_581' title='bbox 2574 3430 2636 3469; x_wconf 90' lang='lat' dir='ltr'><strong>su</strong></span> <span class='ocrx_word' id='word_1_582' title='bbox 2720 3416 2805 3470; x_wconf 84' lang='lat' dir='ltr'><strong>ili.</strong></span> <span class='ocrx_word' id='word_1_583' title='bbox 2837 3415 3094 3470; x_wconf 81' lang='lat' dir='ltr'><strong>Romanis</strong></span> <span class='ocrx_word' id='word_1_584' title='bbox 3116 3426 3420 3470; x_wconf 77' lang='lat' dir='ltr'><strong>uterentur.</strong></span> <span class='ocrx_word' id='word_1_585' title='bbox 3448 3421 3699 3470; x_wconf 80' lang='lat' dir='ltr'><strong>uunduue</strong></span> 
     </span>
    </p>
   </div>
   <div class='ocr_carea' id='block_1_82' title="bbox 2114 3415 3702 3488">
    <p class='ocr_par' dir='ltr' id='par_1_82' title="bbox 2114 3415 3702 3488">
     <span class='ocr_line' id='line_1_83' title="bbox 2114 3415 3702 3488; baseline 0.004 -19"><span class='ocrx_word' id='word_1_586' title='bbox 2114 3415 2552 3488; x_wconf 6' lang='lat' dir='ltr'><strong>risgprincipibus</strong></span> <span class='ocrx_word' id='word_1_587' title='bbox 2574 3415 2805 3488; x_wconf 85' lang='lat' dir='ltr'><strong>subditi,</strong></span> <span class='ocrx_word' id='word_1_588' title='bbox 2837 3415 3094 3473; x_wconf 84' lang='lat' dir='ltr'><strong>Romanis</strong></span> <span class='ocrx_word' id='word_1_589' title='bbox 3116 3426 3420 3482; x_wconf 77' lang='lat' dir='ltr'><strong>uterentur,</strong></span> <span class='ocrx_word' id='word_1_590' title='bbox 3448 3421 3702 3488; x_wconf 78' lang='lat' dir='ltr'><strong>quodque</strong></span> 
     </span>
    </p>
   </div>
   <div class='ocr_carea' id='block_1_83' title="bbox 2112 3485 3702 3549">
    <p class='ocr_par' dir='ltr' id='par_1_83' title="bbox 2112 3485 3702 3549">
     <span class='ocr_line' id='line_1_84' title="bbox 2112 3485 3702 3549; baseline 0.002 -10"><span class='ocrx_word' id='word_1_591' title='bbox 2112 3486 2429 3542; x_wconf 85' lang='lat' dir='ltr'><strong>catholicam</strong></span> <span class='ocrx_word' id='word_1_592' title='bbox 2462 3486 2619 3541; x_wconf 81' lang='lat' dir='ltr'><strong>[idem</strong></span> <span class='ocrx_word' id='word_1_593' title='bbox 2647 3485 2916 3549; x_wconf 81' lang='lat' dir='ltr'><strong>colerent;</strong></span> <span class='ocrx_word' id='word_1_594' title='bbox 2946 3488 3037 3540; x_wconf 88' lang='lat' dir='ltr'><strong>alii</strong></span> <span class='ocrx_word' id='word_1_595' title='bbox 3065 3501 3192 3541; x_wconf 87' lang='lat' dir='ltr'><strong>vero</strong></span> <span class='ocrx_word' id='word_1_596' title='bbox 3222 3485 3537 3543; x_wconf 76' lang='lat' dir='ltr'><strong>dicebantur</strong></span> <span class='ocrx_word' id='word_1_597' title='bbox 3567 3489 3702 3543; x_wconf 85' lang='lat' dir='ltr'><strong>Bar-</strong></span> 
     </span>
    </p>
   </div>
   <div class='ocr_carea' id='block_1_84' title="bbox 2113 3555 3693 3624">
    <p class='ocr_par' dir='ltr' id='par_1_84' title="bbox 2113 3555 3693 3624">
     <span class='ocr_line' id='line_1_85' title="bbox 2113 3555 3693 3624; baseline 0.006 -16"><span class='ocrx_word' id='word_1_598' title='bbox 2113 3555 2251 3620; x_wconf 85' lang='lat' dir='ltr'><strong>bari,</strong></span> <span class='ocrx_word' id='word_1_599' title='bbox 2283 3556 2423 3624; x_wconf 84' lang='lat' dir='ltr'><strong>quod</strong></span> <span class='ocrx_word' id='word_1_600' title='bbox 2471 3556 2785 3610; x_wconf 87' lang='lat' dir='ltr'><strong>vocabulqu</strong></span> <span class='ocrx_word' id='word_1_601' title='bbox 2835 3556 3187 3611; x_wconf 81' lang='lat' dir='ltr'><strong>lienoriﬁcum</strong></span> <span class='ocrx_word' id='word_1_602' title='bbox 3231 3573 3354 3613; x_wconf 79' lang='lat' dir='ltr'><strong>esse</strong></span> <span class='ocrx_word' id='word_1_603' title='bbox 3399 3560 3693 3617; x_wconf 70' lang='lat' dir='ltr'><strong>ducelnnt.</strong></span> 
     </span>
    </p>
   </div>
   <div class='ocr_carea' id='block_1_85' title="bbox 2115 3625 3695 3696">
    <p class='ocr_par' dir='ltr' id='par_1_85' title="bbox 2115 3625 3695 3696">
     <span class='ocr_line' id='line_1_86' title="bbox 2115 3625 3695 3696; baseline 0.007 -19"><span class='ocrx_word' id='word_1_604' title='bbox 2115 3625 2321 3696; x_wconf 58' lang='lat' dir='ltr'><strong>Yidesis</strong></span> <span class='ocrx_word' id='word_1_605' title='bbox 2352 3626 2499 3696; x_wconf 83' lang='lat' dir='ltr'><strong>plura</strong></span> <span class='ocrx_word' id='word_1_606' title='bbox 2526 3626 2594 3681; x_wconf 91' lang='lat' dir='ltr'><strong>de</strong></span> <span class='ocrx_word' id='word_1_607' title='bbox 2624 3628 2722 3683; x_wconf 89' lang='lat' dir='ltr'><strong>hac</strong></span> <span class='ocrx_word' id='word_1_608' title='bbox 2746 3641 2806 3681; x_wconf 87' lang='lat' dir='ltr'><strong>re</strong></span> <span class='ocrx_word' id='word_1_609' title='bbox 2831 3627 2971 3695; x_wconf 87' lang='lat' dir='ltr'><strong>apud</strong></span> <span class='ocrx_word' id='word_1_610' title='bbox 3002 3627 3265 3684; x_wconf 84' lang='lat' dir='ltr'><strong>Valesium</strong></span> <span class='ocrx_word' id='word_1_611' title='bbox 3297 3629 3390 3684; x_wconf 88' lang='lat' dir='ltr'><strong>lib.</strong></span> <span class='ocrx_word' id='word_1_612' title='bbox 3428 3645 3480 3685; x_wconf 84' lang='lat' dir='ltr'><strong>vt</strong></span> <span class='ocrx_word' id='word_1_613' title='bbox 3510 3646 3695 3688; x_wconf 81' lang='lat' dir='ltr'><strong>rerum</strong></span> 
     </span>
    </p>
   </div>
   <div class='ocr_carea' id='block_1_86' title="bbox 2111 3694 2695 3767">
    <p class='ocr_par' dir='ltr' id='par_1_86' title="bbox 2111 3694 2695 3767">
     <span class='ocr_line' id='line_1_87' title="bbox 2111 3694 2695 3767; baseline 0.005 -18"><span class='ocrx_word' id='word_1_614' title='bbox 2111 3694 2379 3767; x_wconf 75' lang='lat' dir='ltr'><strong>Francic.,</strong></span> <span class='ocrx_word' id='word_1_615' title='bbox 2415 3712 2536 3767; x_wconf 83' lang='lat' dir='ltr'><strong>pag.</strong></span> <span class='ocrx_word' id='word_1_616' title='bbox 2567 3696 2695 3752; x_wconf 73' lang='lat'><strong>289.</strong></span> 
     </span>
    </p>
   </div>
   <div class='ocr_carea' id='block_1_87' title="bbox 2189 3766 3699 3839">
    <p class='ocr_par' dir='ltr' id='par_1_87' title="bbox 2189 3766 3699 3839">
     <span class='ocr_line' id='line_1_88' title="bbox 2189 3766 3699 3839; baseline 0.005 -19"><span class='ocrx_word' id='word_1_617' title='bbox 2189 3766 2337 3839; x_wconf 75' lang='lat' dir='ltr'><strong>1llic</strong></span> <span class='ocrx_word' id='word_1_618' title='bbox 2365 3768 2417 3822; x_wconf 90' lang='lat' dir='ltr'><strong>in</strong></span> <span class='ocrx_word' id='word_1_619' title='bbox 2442 3766 2564 3839; x_wconf 81' lang='lat' dir='ltr'><strong>ced.</strong></span> <span class='ocrx_word' id='word_1_620' title='bbox 2592 3769 2749 3834; x_wconf 83' lang='lat' dir='ltr'><strong>Bell.,</strong></span> <span class='ocrx_word' id='word_1_621' title='bbox 2776 3767 2983 3825; x_wconf 88' lang='lat' dir='ltr'><strong>detritis</strong></span> <span class='ocrx_word' id='word_1_622' title='bbox 3010 3769 3216 3836; x_wconf 80' lang='lat' dir='ltr'><strong>aliquot</strong></span> <span class='ocrx_word' id='word_1_623' title='bbox 3242 3769 3418 3833; x_wconf 81' lang='lat' dir='ltr'><strong>lineis,</strong></span> <span class='ocrx_word' id='word_1_624' title='bbox 3444 3786 3566 3839; x_wconf 65' lang='lat' dir='ltr'><strong>quae</strong></span> <span class='ocrx_word' id='word_1_625' title='bbox 3594 3771 3699 3827; x_wconf 76' lang='lat' dir='ltr'><strong>sub</strong></span> 
     </span>
    </p>
   </div>
   <div class='ocr_carea' id='block_1_88' title="bbox 2112 3838 3694 3910">
    <p class='ocr_par' dir='ltr' id='par_1_88' title="bbox 2112 3838 3694 3910">
     <span class='ocr_line' id='line_1_89' title="bbox 2112 3838 3694 3910; baseline 0.001 -16"><span class='ocrx_word' id='word_1_626' title='bbox 2112 3838 2314 3910; x_wconf 71' lang='lat' dir='ltr'><strong>paginis</strong></span> <span class='ocrx_word' id='word_1_627' title='bbox 2340 3840 2520 3910; x_wconf 71' lang='lat' dir='ltr'><strong>linem</strong></span> <span class='ocrx_word' id='word_1_628' title='bbox 2554 3838 2905 3910; x_wconf 80' lang='lat' dir='ltr'><strong>habebantur,</strong></span> <span class='ocrx_word' id='word_1_629' title='bbox 2936 3854 3170 3908; x_wconf 86' lang='lat' dir='ltr'><strong>sequens</strong></span> <span class='ocrx_word' id='word_1_630' title='bbox 3218 3843 3407 3910; x_wconf 81' lang='lat' dir='ltr'><strong>pagina</strong></span> <span class='ocrx_word' id='word_1_631' title='bbox 3448 3838 3694 3910; x_wconf 84' lang='lat' dir='ltr'><strong>ejusdem</strong></span> 
     </span>
    </p>
   </div>
   <div class='ocr_carea' id='block_1_89' title="bbox 2110 3908 3695 3980">
    <p class='ocr_par' dir='ltr' id='par_1_89' title="bbox 2110 3908 3695 3980">
     <span class='ocr_line' id='line_1_90' title="bbox 2110 3908 3695 3980; baseline 0.003 -20"><span class='ocrx_word' id='word_1_632' title='bbox 2110 3908 2216 3980; x_wconf 82' lang='lat' dir='ltr'><strong>lolii</strong></span> <span class='ocrx_word' id='word_1_633' title='bbox 2248 3908 2431 3976; x_wconf 89' lang='lat' dir='ltr'><strong>incipit</strong></span> <span class='ocrx_word' id='word_1_634' title='bbox 2460 3910 2529 3963; x_wconf 88' lang='lat' dir='ltr'><strong>ab</strong></span> <span class='ocrx_word' id='word_1_635' title='bbox 2564 3909 2647 3965; x_wconf 87' lang='lat' dir='ltr'><strong>bis</strong></span> <span class='ocrx_word' id='word_1_636' title='bbox 2671 3910 2868 3975; x_wconf 77' lang='lat' dir='ltr'><strong>verbis,</strong></span> <span class='ocrx_word' id='word_1_637' title='bbox 2898 3912 3174 3977; x_wconf 70' lang='lat' dir='ltr'><strong>regionem.</strong></span> <span class='ocrx_word' id='word_1_638' title='bbox 3208 3908 3429 3964; x_wconf 70' lang='lat' dir='ltr'><strong>Tantum</strong></span> <span class='ocrx_word' id='word_1_639' title='bbox 3455 3908 3512 3965; x_wconf 69' lang='lat' dir='ltr'><strong>ut</strong></span> <span class='ocrx_word' id='word_1_640' title='bbox 3551 3916 3695 3980; x_wconf 75' lang='lat' dir='ltr'><strong>quod</strong></span> 
     </span>
    </p>
   </div>
   <div class='ocr_carea' id='block_1_90' title="bbox 2109 3979 3043 4047">
    <p class='ocr_par' dir='ltr' id='par_1_90' title="bbox 2109 3979 3043 4047">
     <span class='ocr_line' id='line_1_91' title="bbox 2109 3979 3043 4047; baseline 0.005 -17"><span class='ocrx_word' id='word_1_641' title='bbox 2109 3979 2229 4041; x_wconf 78' lang='lat' dir='ltr'><strong>tibi,</strong></span> <span class='ocrx_word' id='word_1_642' title='bbox 2260 3987 2392 4039; x_wconf 86' lang='lat' dir='ltr'><strong>etc..</strong></span> <span class='ocrx_word' id='word_1_643' title='bbox 2420 3995 2536 4046; x_wconf 81' lang='lat' dir='ltr'><strong>quae</strong></span> <span class='ocrx_word' id='word_1_644' title='bbox 2562 3990 2686 4033; x_wconf 84' lang='lat' dir='ltr'><strong>sunt.</strong></span> <span class='ocrx_word' id='word_1_645' title='bbox 2712 3983 2779 4034; x_wconf 87' lang='lat' dir='ltr'><strong>de</strong></span> <span class='ocrx_word' id='word_1_646' title='bbox 2807 3995 2926 4047; x_wconf 87' lang='lat' dir='ltr'><strong>cap.</strong></span> <span class='ocrx_word' id='word_1_647' title='bbox 2953 3982 3043 4037; x_wconf 75' lang='lat'><strong>3‘2.</strong></span> 
     </span>
    </p>
   </div>
   <div class='ocr_carea' id='block_1_91' title="bbox 2185 4048 3695 4121">
    <p class='ocr_par' dir='ltr' id='par_1_91' title="bbox 2185 4048 3695 4121">
     <span class='ocr_line' id='line_1_92' title="bbox 2185 4048 3695 4121; baseline 0.004 -21"><span class='ocrx_word' id='word_1_648' title='bbox 2185 4049 2203 4121; x_wconf 11' lang='lat' dir='ltr'><strong>i7</strong></span> <span class='ocrx_word' id='word_1_649' title='bbox 2240 4048 2430 4104; x_wconf 65' lang='lat' dir='ltr'><strong>insula;</strong></span> <span class='ocrx_word' id='word_1_650' title='bbox 2474 4052 2590 4104; x_wconf 65' lang='lat' dir='ltr'><strong>ista:</strong></span> <span class='ocrx_word' id='word_1_651' title='bbox 2618 4049 2684 4103; x_wconf 91' lang='lat' dir='ltr'><strong>ad</strong></span> <span class='ocrx_word' id='word_1_652' title='bbox 2717 4052 2945 4120; x_wconf 81' lang='lat' dir='ltr'><strong>Ligerim</strong></span> <span class='ocrx_word' id='word_1_653' title='bbox 2978 4052 3164 4121; x_wconf 71' lang='lat' dir='ltr'><strong>positae</strong></span> <span class='ocrx_word' id='word_1_654' title='bbox 3207 4064 3390 4120; x_wconf 85' lang='lat' dir='ltr'><strong>erant,</strong></span> <span class='ocrx_word' id='word_1_655' title='bbox 3422 4060 3481 4105; x_wconf 93' lang='lat' dir='ltr'><strong>ut</strong></span> <span class='ocrx_word' id='word_1_656' title='bbox 3510 4062 3695 4107; x_wconf 86' lang='lat' dir='ltr'><strong>censet</strong></span> 
     </span>
    </p>
   </div>
   <div class='ocr_carea' id='block_1_92' title="bbox 2112 4118 3692 4189">
    <p class='ocr_par' dir='ltr' id='par_1_92' title="bbox 2112 4118 3692 4189">
     <span class='ocr_line' id='line_1_93' title="bbox 2112 4118 3692 4189; baseline -0.001 -12"><span class='ocrx_word' id='word_1_657' title='bbox 2112 4118 2376 4185; x_wconf 89' lang='lat' dir='ltr'><strong>Cointius,</strong></span> <span class='ocrx_word' id='word_1_658' title='bbox 2409 4136 2540 4189; x_wconf 88' lang='lat' dir='ltr'><strong>quas</strong></span> <span class='ocrx_word' id='word_1_659' title='bbox 2569 4118 3115 4178; x_wconf 55' lang='lat' dir='ltr'><strong>arcibus&#39;utunierant</strong></span> <span class='ocrx_word' id='word_1_660' title='bbox 3143 4118 3406 4188; x_wconf 76' lang='lat' dir='ltr'><strong>Saxones,</strong></span> <span class='ocrx_word' id='word_1_661' title='bbox 3440 4136 3495 4174; x_wconf 92' lang='lat' dir='ltr'><strong>ut</strong></span> <span class='ocrx_word' id='word_1_662' title='bbox 3525 4126 3568 4175; x_wconf 89' lang='lat' dir='ltr'><strong>si</strong></span> <span class='ocrx_word' id='word_1_663' title='bbox 3602 4139 3692 4175; x_wconf 73' lang='lat' dir='ltr'><strong>res</strong></span> 
     </span>
    </p>
   </div>
   <div class='ocr_carea' id='block_1_93' title="bbox 2106 4189 3694 4262">
    <p class='ocr_par' dir='ltr' id='par_1_93' title="bbox 2106 4189 3694 4262">
     <span class='ocr_line' id='line_1_94' title="bbox 2106 4189 3694 4262; baseline 0.001 -19"><span class='ocrx_word' id='word_1_664' title='bbox 2106 4189 2235 4257; x_wconf 88' lang='lat' dir='ltr'><strong>ipsis</strong></span> <span class='ocrx_word' id='word_1_665' title='bbox 2253 4190 2435 4262; x_wconf 70' lang='lat' dir='ltr'><strong>tuinus</strong></span> <span class='ocrx_word' id='word_1_666' title='bbox 2482 4190 2704 4262; x_wconf 82' lang='lat' dir='ltr'><strong>feliciter</strong></span> <span class='ocrx_word' id='word_1_667' title='bbox 2731 4196 3130 4262; x_wconf 76' lang='lat' dir='ltr'><strong>contingerent,</strong></span> <span class='ocrx_word' id='word_1_668' title='bbox 3181 4194 3399 4247; x_wconf 78' lang='lat' dir='ltr'><strong>liberam</strong></span> <span class='ocrx_word' id='word_1_669' title='bbox 3431 4193 3694 4246; x_wconf 85' lang='lat' dir='ltr'><strong>baberent</strong></span> 
     </span>
    </p>
   </div>
   <div class='ocr_carea' id='block_1_94' title="bbox 2109 4260 3691 4328">
    <p class='ocr_par' dir='ltr' id='par_1_94' title="bbox 2109 4260 3691 4328">
     <span class='ocr_line' id='line_1_95' title="bbox 2109 4260 3691 4328; baseline 0.003 -15"><span class='ocrx_word' id='word_1_670' title='bbox 2109 4275 2203 4328; x_wconf 87' lang='lat' dir='ltr'><strong>per</strong></span> <span class='ocrx_word' id='word_1_671' title='bbox 2239 4260 2512 4317; x_wconf 86' lang='lat' dir='ltr'><strong>Oceanum</strong></span> <span class='ocrx_word' id='word_1_672' title='bbox 2556 4261 2784 4317; x_wconf 86' lang='lat' dir='ltr'><strong>abeundi</strong></span> <span class='ocrx_word' id='word_1_673' title='bbox 2816 4260 3141 4318; x_wconf 83' lang='lat' dir='ltr'><strong>facultatem.</strong></span> <span class='ocrx_word' id='word_1_674' title='bbox 3175 4264 3316 4317; x_wconf 89' lang='lat' dir='ltr'><strong>Idem</strong></span> <span class='ocrx_word' id='word_1_675' title='bbox 3348 4263 3590 4317; x_wconf 82' lang='lat' dir='ltr'><strong>Cointius</strong></span> <span class='ocrx_word' id='word_1_676' title='bbox 3618 4264 3691 4318; x_wconf 63' lang='lat' dir='ltr'><strong>ler</strong></span> 
     </span>
    </p>
   </div>
   <div class='ocr_carea' id='block_1_95' title="bbox 2107 4332 3695 4402">
    <p class='ocr_par' dir='ltr' id='par_1_95' title="bbox 2107 4332 3695 4402">
     <span class='ocr_line' id='line_1_96' title="bbox 2107 4332 3695 4402; baseline 0.002 -18"><span class='ocrx_word' id='word_1_677' title='bbox 2107 4332 2338 4398; x_wconf 84' lang='lat' dir='ltr'><strong>gendum</strong></span> <span class='ocrx_word' id='word_1_678' title='bbox 2369 4339 2553 4402; x_wconf 73' lang='lat' dir='ltr'><strong>censet</strong></span> <span class='ocrx_word' id='word_1_679' title='bbox 2583 4332 2797 4399; x_wconf 76' lang='lat' dir='ltr'><strong>Alanos,</strong></span> <span class='ocrx_word' id='word_1_680' title='bbox 2833 4347 2927 4401; x_wconf 91' lang='lat' dir='ltr'><strong>pro</strong></span> <span class='ocrx_word' id='word_1_681' title='bbox 2958 4334 3293 4398; x_wconf 79' lang='lat' dir='ltr'><strong>Alamannos,</strong></span> <span class='ocrx_word' id='word_1_682' title='bbox 3324 4335 3413 4402; x_wconf 86' lang='lat' dir='ltr'><strong>qui</strong></span> <span class='ocrx_word' id='word_1_683' title='bbox 3448 4348 3550 4386; x_wconf 91' lang='lat' dir='ltr'><strong>non</strong></span> <span class='ocrx_word' id='word_1_684' title='bbox 3589 4332 3695 4387; x_wconf 79' lang='lat' dir='ltr'><strong>Ita-</strong></span> 
     </span>
    </p>
   </div>
   <div class='ocr_carea' id='block_1_96' title="bbox 2107 4401 3691 4472">
    <p class='ocr_par' dir='ltr' id='par_1_96' title="bbox 2107 4401 3691 4472">
     <span class='ocr_line' id='line_1_97' title="bbox 2107 4401 3691 4472; baseline 0.003 -19"><span class='ocrx_word' id='word_1_685' title='bbox 2107 4403 2212 4472; x_wconf 67' lang='lat' dir='ltr'><strong>liaa,</strong></span> <span class='ocrx_word' id='word_1_686' title='bbox 2255 4402 2347 4457; x_wconf 85' lang='lat' dir='ltr'><strong>sed</strong></span> <span class='ocrx_word' id='word_1_687' title='bbox 2391 4401 2576 4456; x_wconf 70' lang='lat' dir='ltr'><strong>Galliae</strong></span> <span class='ocrx_word' id='word_1_688' title='bbox 2623 4414 2827 4469; x_wconf 88' lang='lat' dir='ltr'><strong>partem</strong></span> <span class='ocrx_word' id='word_1_689' title='bbox 2872 4403 3194 4459; x_wconf 81' lang='lat' dir='ltr'><strong>invaserant.</strong></span> <span class='ocrx_word' id='word_1_690' title='bbox 3238 4401 3691 4472; x_wconf 71' lang='lat' dir='ltr'><strong>Cutennjecturte</strong></span> 
     </span>
    </p>
   </div>
   <div class='ocr_carea' id='block_1_97' title="bbox 2107 4470 3690 4542">
    <p class='ocr_par' dir='ltr' id='par_1_97' title="bbox 2107 4470 3690 4542">
     <span class='ocr_line' id='line_1_98' title="bbox 2107 4470 3690 4542; baseline 0.004 -19"><span class='ocrx_word' id='word_1_691' title='bbox 2107 4470 2281 4542; x_wconf 73' lang='lat' dir='ltr'><strong>favent</strong></span> <span class='ocrx_word' id='word_1_692' title='bbox 2302 4488 2419 4542; x_wconf 72' lang='lat' dir='ltr'><strong>qua:</strong></span> <span class='ocrx_word' id='word_1_693' title='bbox 2435 4475 2832 4527; x_wconf 76' lang='lat' dir='ltr'><strong>observavimus</strong></span> <span class='ocrx_word' id='word_1_694' title='bbox 2855 4488 3014 4542; x_wconf 87' lang='lat' dir='ltr'><strong>supra</strong></span> <span class='ocrx_word' id='word_1_695' title='bbox 3037 4475 3103 4530; x_wconf 86' lang='lat' dir='ltr'><strong>ad</strong></span> <span class='ocrx_word' id='word_1_696' title='bbox 3118 4485 3279 4542; x_wconf 87' lang='lat' dir='ltr'><strong>caput</strong></span> <span class='ocrx_word' id='word_1_697' title='bbox 3299 4476 3327 4526; x_wconf 91' lang='lat'><strong>7</strong></span> <span class='ocrx_word' id='word_1_698' title='bbox 3360 4470 3518 4541; x_wconf 78' lang='lat' dir='ltr'><strong>hujus</strong></span> <span class='ocrx_word' id='word_1_699' title='bbox 3548 4475 3690 4529; x_wconf 84' lang='lat' dir='ltr'><strong>libri.</strong></span> 
     </span>
    </p>
   </div>
   <div class='ocr_carea' id='block_1_98' title="bbox 2179 4540 3686 4613">
    <p class='ocr_par' dir='ltr' id='par_1_98' title="bbox 2179 4540 3686 4613">
     <span class='ocr_line' id='line_1_99' title="bbox 2179 4540 3686 4613; baseline 0.004 -18"><span class='ocrx_word' id='word_1_700' title='bbox 2179 4540 2204 4579; x_wconf 64' lang='grc' dir='ltr'><strong><em>κ</em></strong></span> <span class='ocrx_word' id='word_1_701' title='bbox 2238 4540 2456 4613; x_wconf 47' lang='lat' dir='ltr'><strong>Regni”</strong></span> <span class='ocrx_word' id='word_1_702' title='bbox 2503 4542 2868 4607; x_wconf 79' lang='lat' dir='ltr'><strong>Theodericus,</strong></span> <span class='ocrx_word' id='word_1_703' title='bbox 2903 4540 2956 4598; x_wconf 81' lang='lat' dir='ltr'><strong>et</strong></span> <span class='ocrx_word' id='word_1_704' title='bbox 2993 4546 3158 4612; x_wconf 74' lang='lat' dir='ltr'><strong>intra,</strong></span> <span class='ocrx_word' id='word_1_705' title='bbox 3188 4540 3493 4608; x_wconf 69' lang='lat' dir='ltr'><strong>Teddricns,</strong></span> <span class='ocrx_word' id='word_1_706' title='bbox 3523 4545 3686 4601; x_wconf 65' lang='grc' dir='ltr'><strong>(ἐστι).</strong></span> 
     </span>
    </p>
   </div>
   <div class='ocr_carea' id='block_1_99' title="bbox 488 4590 3694 4684">
    <p class='ocr_par' dir='ltr' id='par_1_99' title="bbox 488 4590 3694 4684">
     <span class='ocr_line' id='line_1_100' title="bbox 488 4590 3694 4684; baseline -0.002 -12"><span class='ocrx_word' id='word_1_707' title='bbox 488 4590 637 4672; x_wconf 35' lang='lat' dir='ltr'><strong>EST-ie</strong></span> <span class='ocrx_word' id='word_1_708' title='bbox 670 4617 857 4683; x_wconf 77' lang='lat' dir='ltr'><strong>Regni.</strong></span> <span class='ocrx_word' id='word_1_709' title='bbox 885 4614 1023 4668; x_wconf 75' lang='lat' dir='ltr'><strong>Eiliti</strong></span> <span class='ocrx_word' id='word_1_710' title='bbox 1052 4628 1198 4677; x_wconf 86' lang='lat' dir='ltr'><strong>vero,</strong></span> <span class='ocrx_word' id='word_1_711' title='bbox 1231 4614 1466 4666; x_wconf 76' lang='lat' dir='ltr'><strong>historias</strong></span> <span class='ocrx_word' id='word_1_712' title='bbox 1495 4613 1707 4668; x_wconf 83' lang='lat' dir='ltr'><strong>actionis</strong></span> <span class='ocrx_word' id='word_1_713' title='bbox 1734 4616 2003 4683; x_wconf 83' lang='lat' dir='ltr'><strong>antiquas,-</strong></span> <span class='ocrx_word' id='word_1_714' title='bbox 2034 4590 2083 4649; x_wconf 72' lang='grc' dir='ltr'><strong>θ</strong></span> <span class='ocrx_word' id='word_1_715' title='bbox 2109 4622 2160 4667; x_wconf 92' lang='lat' dir='ltr'><strong>et</strong></span> <span class='ocrx_word' id='word_1_716' title='bbox 2192 4590 2344 4684; x_wconf 53' lang='lat' dir='ltr'><strong>Ben:</strong></span> <span class='ocrx_word' id='word_1_717' title='bbox 2374 4590 2613 4684; x_wconf 68' lang='lat' dir='ltr'><strong>Edricus,</strong></span> <span class='ocrx_word' id='word_1_718' title='bbox 2646 4629 2739 4684; x_wconf 87' lang='lat' dir='ltr'><strong>seu</strong></span> <span class='ocrx_word' id='word_1_719' title='bbox 2767 4590 3007 4669; x_wconf 56' lang='lat' dir='ltr'><strong>Eui’t’cus.</strong></span> <span class='ocrx_word' id='word_1_720' title='bbox 3038 4590 3177 4669; x_wconf 52' lang='lat' dir='ltr'><strong>lnl&#39;r&#39;a</strong></span> <span class='ocrx_word' id='word_1_721' title='bbox 3206 4631 3323 4684; x_wconf 88' lang='lat' dir='ltr'><strong>cap.</strong></span> <span class='ocrx_word' id='word_1_722' title='bbox 3352 4614 3425 4669; x_wconf 69' lang='grc'><strong>25</strong></span> <span class='ocrx_word' id='word_1_723' title='bbox 3449 4590 3694 4683; x_wconf 59' lang='lat' dir='ltr'><strong>appella;</strong></span> 
     </span>
    </p>
   </div>
   <div class='ocr_carea' id='block_1_100' title="bbox 419 4685 2004 4755">
    <p class='ocr_par' dir='ltr' id='par_1_100' title="bbox 419 4685 2004 4755">
     <span class='ocr_line' id='line_1_101' title="bbox 419 4685 2004 4755; baseline -0.003 -11"><span class='ocrx_word' id='word_1_724' title='bbox 419 4690 553 4744; x_wconf 80' lang='lat' dir='ltr'><strong>Mor.</strong></span> <span class='ocrx_word' id='word_1_725' title='bbox 586 4706 655 4753; x_wconf 88' lang='lat' dir='ltr'><strong>s.,</strong></span> <span class='ocrx_word' id='word_1_726' title='bbox 685 4687 927 4754; x_wconf 68' lang='lat' dir='ltr'><strong>antiqua}.</strong></span> <span class='ocrx_word' id='word_1_727' title='bbox 965 4687 1204 4739; x_wconf 83' lang='lat' dir='ltr'><strong>Picturas</strong></span> <span class='ocrx_word' id='word_1_728' title='bbox 1234 4686 1284 4737; x_wconf 92' lang='lat' dir='ltr'><strong>iu</strong></span> <span class='ocrx_word' id='word_1_729' title='bbox 1311 4685 1552 4739; x_wconf 62' lang='lat' dir='ltr'><strong>ecclesiis</strong></span> <span class='ocrx_word' id='word_1_730' title='bbox 1583 4697 1840 4739; x_wconf 85' lang='lat' dir='ltr'><strong>memorat</strong></span> <span class='ocrx_word' id='word_1_731' title='bbox 1884 4701 2004 4755; x_wconf 83' lang='lat' dir='ltr'><strong>pas-</strong></span> 
     </span>
    </p>
   </div>
   <div class='ocr_carea' id='block_1_101' title="bbox 417 4755 1998 4827">
    <p class='ocr_par' dir='ltr' id='par_1_101' title="bbox 417 4755 1998 4827">
     <span class='ocr_line' id='line_1_102' title="bbox 417 4755 1998 4827; baseline -0.004 -11"><span class='ocrx_word' id='word_1_732' title='bbox 417 4765 520 4816; x_wconf 89' lang='lat' dir='ltr'><strong>sim</strong></span> <span class='ocrx_word' id='word_1_733' title='bbox 572 4756 882 4827; x_wconf 77' lang='lat' dir='ltr'><strong>Gregorius,</strong></span> <span class='ocrx_word' id='word_1_734' title='bbox 926 4767 983 4811; x_wconf 88' lang='lat' dir='ltr'><strong>tit</strong></span> <span class='ocrx_word' id='word_1_735' title='bbox 1027 4756 1115 4810; x_wconf 90' lang='lat' dir='ltr'><strong>lib.</strong></span> <span class='ocrx_word' id='word_1_736' title='bbox 1168 4771 1274 4819; x_wconf 82' lang='lat' dir='ltr'><strong>vu,</strong></span> <span class='ocrx_word' id='word_1_737' title='bbox 1322 4768 1442 4822; x_wconf 88' lang='lat' dir='ltr'><strong>cap.</strong></span> <span class='ocrx_word' id='word_1_738' title='bbox 1489 4755 1589 4825; x_wconf 73' lang='lat' dir='ltr'><strong>5U,</strong></span> <span class='ocrx_word' id='word_1_739' title='bbox 1640 4756 1729 4809; x_wconf 92' lang='lat' dir='ltr'><strong>lib.</strong></span> <span class='ocrx_word' id='word_1_740' title='bbox 1769 4771 1833 4821; x_wconf 75' lang='grc' dir='ltr'><strong>ι,</strong></span> <span class='ocrx_word' id='word_1_741' title='bbox 1879 4771 1998 4826; x_wconf 89' lang='lat' dir='ltr'><strong>cap.</strong></span> 
     </span>
    </p>
   </div>
   <div class='ocr_carea' id='block_1_102' title="bbox 417 4832 670 4893">
    <p class='ocr_par' dir='ltr' id='par_1_102' title="bbox 417 4832 670 4893">
     <span class='ocr_line' id='line_1_103' title="bbox 417 4832 670 4893; baseline -0.02 -5"><span class='ocrx_word' id='word_1_742' title='bbox 417 4832 541 4893; x_wconf 82' lang='lat' dir='ltr'><strong>ult.,</strong></span> <span class='ocrx_word' id='word_1_743' title='bbox 566 4840 670 4885; x_wconf 91' lang='lat' dir='ltr'><strong>etc.</strong></span> 
     </span>
    </p>
   </div>
   <div class='ocr_carea' id='block_1_103' title="bbox 490 4895 2002 4969">
    <p class='ocr_par' dir='ltr' id='par_1_103' title="bbox 490 4895 2002 4969">
     <span class='ocr_line' id='line_1_104' title="bbox 490 4895 2002 4969; baseline -0.004 -12"><span class='ocrx_word' id='word_1_744' title='bbox 490 4912 515 4939; x_wconf 77' lang='grc'><strong><em>⁸</em></strong></span> <span class='ocrx_word' id='word_1_745' title='bbox 543 4901 632 4957; x_wconf 90' lang='lat' dir='ltr'><strong>Sic</strong></span> <span class='ocrx_word' id='word_1_746' title='bbox 678 4899 833 4963; x_wconf 85' lang='lat' dir='ltr'><strong>Bell.,</strong></span> <span class='ocrx_word' id='word_1_747' title='bbox 865 4898 1051 4963; x_wconf 89' lang='lat' dir='ltr'><strong>Corb.,</strong></span> <span class='ocrx_word' id='word_1_748' title='bbox 1084 4898 1212 4969; x_wconf 88' lang='lat' dir='ltr'><strong>Reg.</strong></span> <span class='ocrx_word' id='word_1_749' title='bbox 1260 4904 1315 4951; x_wconf 88' lang='lat' dir='ltr'><strong>et</strong></span> <span class='ocrx_word' id='word_1_750' title='bbox 1359 4895 1579 4969; x_wconf 40' lang='lat' dir='ltr'><strong>Regni”</strong></span> <span class='ocrx_word' id='word_1_751' title='bbox 1630 4911 1751 4950; x_wconf 91' lang='lat' dir='ltr'><strong>cum</strong></span> <span class='ocrx_word' id='word_1_752' title='bbox 1802 4896 2002 4969; x_wconf 86' lang='lat' dir='ltr'><strong>aliquot</strong></span> 
     </span>
    </p>
   </div>
   <div class='ocr_carea' id='block_1_104' title="bbox 415 4966 1996 5037">
    <p class='ocr_par' dir='ltr' id='par_1_104' title="bbox 415 4966 1996 5037">
     <span class='ocr_line' id='line_1_105' title="bbox 415 4966 1996 5037; baseline -0.004 -10"><span class='ocrx_word' id='word_1_753' title='bbox 415 4973 593 5028; x_wconf 86' lang='lat' dir='ltr'><strong>editis.</strong></span> <span class='ocrx_word' id='word_1_754' title='bbox 624 4972 759 5037; x_wconf 86' lang='lat' dir='ltr'><strong>Alii,</strong></span> <span class='ocrx_word' id='word_1_755' title='bbox 792 4971 1148 5029; x_wconf 81' lang='lat' dir='ltr'><strong>Odouacrius,</strong></span> <span class='ocrx_word' id='word_1_756' title='bbox 1171 4966 1239 5022; x_wconf 75' lang='lat' dir='ltr'><strong>et</strong></span> <span class='ocrx_word' id='word_1_757' title='bbox 1276 4968 1454 5034; x_wconf 87' lang='lat' dir='ltr'><strong>Colb.,</strong></span> <span class='ocrx_word' id='word_1_758' title='bbox 1495 4966 1804 5021; x_wconf 83' lang='lat' dir='ltr'><strong>Odoacrius.</strong></span> <span class='ocrx_word' id='word_1_759' title='bbox 1848 4968 1996 5035; x_wconf 85' lang='lat' dir='ltr'><strong>Bec.,</strong></span> 
     </span>
    </p>
   </div>
   <div class='ocr_carea' id='block_1_105' title="bbox 415 5045 728 5101">
    <p class='ocr_par' dir='ltr' id='par_1_105' title="bbox 415 5045 728 5101">
     <span class='ocr_line' id='line_1_106' title="bbox 415 5045 728 5101; baseline 0.003 -7"><span class='ocrx_word' id='word_1_760' title='bbox 415 5045 728 5101; x_wconf 77' lang='lat' dir='ltr'><strong>Adonacius.</strong></span> 
     </span>
    </p>
   </div>
   <div class='ocr_carea' id='block_1_106' title="bbox 492 5110 1923 5180">
    <p class='ocr_par' dir='ltr' id='par_1_106' title="bbox 492 5110 1923 5180">
     <span class='ocr_line' id='line_1_107' title="bbox 492 5110 1923 5180; baseline 0.006 -16"><span class='ocrx_word' id='word_1_761' title='bbox 492 5114 512 5151; x_wconf 71' lang='grc' dir='ltr'>ί</span> <span class='ocrx_word' id='word_1_762' title='bbox 546 5114 709 5167; x_wconf 83' lang='lat' dir='ltr'><strong>Corb.</strong></span> <span class='ocrx_word' id='word_1_763' title='bbox 731 5123 786 5168; x_wconf 86' lang='lat' dir='ltr'><strong>et</strong></span> <span class='ocrx_word' id='word_1_764' title='bbox 812 5114 958 5176; x_wconf 67' lang='grc' dir='ltr'>Περ..</span> <span class='ocrx_word' id='word_1_765' title='bbox 984 5110 1267 5180; x_wconf 83' lang='lat' dir='ltr'><strong>Biturigas.</strong></span> <span class='ocrx_word' id='word_1_766' title='bbox 1483 5178 1498 5180; x_wconf 31' lang='grc' dir='ltr'><strong>Α</strong></span> <span class='ocrx_word' id='word_1_767' title='bbox 1644 5179 1647 5180; x_wconf 19' lang='grc' dir='ltr'><em>ν</em></span> <span class='ocrx_word' id='word_1_768' title='bbox 1922 5144 1923 5147; x_wconf 52' lang='grc' dir='ltr'><strong>η</strong></span> 
     </span>
    </p>
   </div>
   <div class='ocr_carea' id='block_1_107' title="bbox 489 5178 2003 5239">
    <p class='ocr_par' dir='ltr' id='par_1_107' title="bbox 489 5178 2003 5239">
     <span class='ocr_line' id='line_1_108' title="bbox 489 5178 2003 5239; baseline 0.001 -6"><span class='ocrx_word' id='word_1_769' title='bbox 489 5194 516 5232; x_wconf 78' lang='lat' dir='ltr'><strong>s</strong></span> <span class='ocrx_word' id='word_1_770' title='bbox 552 5184 721 5237; x_wconf 68' lang='lat' dir='ltr'><strong>Etiam</strong></span> <span class='ocrx_word' id='word_1_771' title='bbox 750 5198 889 5239; x_wconf 89' lang='lat' dir='ltr'><strong>nunc</strong></span> <span class='ocrx_word' id='word_1_772' title='bbox 915 5192 1091 5238; x_wconf 81' lang='lat' dir='ltr'><strong>exstat</strong></span> <span class='ocrx_word' id='word_1_773' title='bbox 1120 5178 1443 5237; x_wconf 83' lang='lat' dir='ltr'><strong>monasterio</strong></span> <span class='ocrx_word' id='word_1_774' title='bbox 1468 5178 1686 5239; x_wconf 89' lang='lat' dir='ltr'><strong>Ordinis</strong></span> <span class='ocrx_word' id='word_1_775' title='bbox 1724 5180 1891 5237; x_wconf 90' lang='lat' dir='ltr'><strong>nostri</strong></span> <span class='ocrx_word' id='word_1_776' title='bbox 1922 5180 2003 5235; x_wconf 86' lang='lat' dir='ltr'><strong>in-</strong></span> 
     </span>
    </p>
   </div>
   <div class='ocr_carea' id='block_1_108' title="bbox 416 5251 1999 5323">
    <p class='ocr_par' dir='ltr' id='par_1_108' title="bbox 416 5251 1999 5323">
     <span class='ocr_line' id='line_1_109' title="bbox 416 5251 1999 5323; baseline -0.003 -13"><span class='ocrx_word' id='word_1_777' title='bbox 416 5255 667 5323; x_wconf 83' lang='lat' dir='ltr'><strong>signitus,</strong></span> <span class='ocrx_word' id='word_1_778' title='bbox 717 5254 856 5321; x_wconf 72' lang='lat' dir='ltr'><strong>quod</strong></span> <span class='ocrx_word' id='word_1_779' title='bbox 905 5253 1255 5323; x_wconf 64' lang='lat' dir='ltr'><strong>saecularibus</strong></span> <span class='ocrx_word' id='word_1_780' title='bbox 1300 5253 1572 5307; x_wconf 87' lang='lat' dir='ltr'><strong>canonicis</strong></span> <span class='ocrx_word' id='word_1_781' title='bbox 1620 5251 1774 5320; x_wconf 90' lang='lat' dir='ltr'><strong>hujus</strong></span> <span class='ocrx_word' id='word_1_782' title='bbox 1818 5253 1999 5307; x_wconf 78' lang='lat' dir='ltr'><strong>steCuli</strong></span> 
     </span>
    </p>
   </div>
   <div class='ocr_carea' id='block_1_109' title="bbox 416 5322 2000 5391">
    <p class='ocr_par' dir='ltr' id='par_1_109' title="bbox 416 5322 2000 5391">
     <span class='ocr_line' id='line_1_110' title="bbox 416 5322 2000 5391; baseline -0.003 -12"><span class='ocrx_word' id='word_1_783' title='bbox 416 5322 568 5379; x_wconf 81' lang='lat' dir='ltr'><strong>initio</strong></span> <span class='ocrx_word' id='word_1_784' title='bbox 592 5325 780 5377; x_wconf 68' lang='lat' dir='ltr'><strong>cessit.</strong></span> <span class='ocrx_word' id='word_1_785' title='bbox 813 5323 983 5391; x_wconf 71' lang='lat' dir='ltr'><strong>Vulgo</strong></span> <span class='ocrx_word' id='word_1_786' title='bbox 1012 5325 1205 5376; x_wconf 88' lang='lat' dir='ltr'><strong>dicitur</strong></span> <span class='ocrx_word' id='word_1_787' title='bbox 1233 5322 1404 5391; x_wconf 84' lang='lat' dir='ltr'><strong>Bourg</strong></span> <span class='ocrx_word' id='word_1_788' title='bbox 1435 5324 1495 5375; x_wconf 78' lang='lat' dir='ltr'><strong>de</strong></span> <span class='ocrx_word' id='word_1_789' title='bbox 1528 5324 1703 5387; x_wconf 80' lang='lat' dir='ltr'><strong>Deols,</strong></span> <span class='ocrx_word' id='word_1_790' title='bbox 1728 5338 1756 5375; x_wconf 89' lang='lat' dir='ltr'><strong>a</strong></span> <span class='ocrx_word' id='word_1_791' title='bbox 1785 5323 2000 5377; x_wconf 71' lang='lat' dir='ltr'><strong>Gistro-</strong></span> 
     </span>
    </p>
   </div>
   <div class='ocr_carea' id='block_1_110' title="bbox 414 5392 1712 5462">
    <p class='ocr_par' dir='ltr' id='par_1_110' title="bbox 414 5392 1712 5462">
     <span class='ocr_line' id='line_1_111' title="bbox 414 5392 1712 5462; baseline -0.005 -11"><span class='ocrx_word' id='word_1_792' title='bbox 414 5396 679 5462; x_wconf 70' lang='lat' dir='ltr'><strong>Radnlpbi</strong></span> <span class='ocrx_word' id='word_1_793' title='bbox 706 5395 902 5449; x_wconf 86' lang='lat' dir='ltr'><strong>Andria</strong></span> <span class='ocrx_word' id='word_1_794' title='bbox 931 5392 1091 5447; x_wconf 85' lang='lat' dir='ltr'><strong>lluvio</strong></span> <span class='ocrx_word' id='word_1_795' title='bbox 1116 5393 1465 5458; x_wconf 76' lang='lat' dir='ltr'><strong>interiacente</strong></span> <span class='ocrx_word' id='word_1_796' title='bbox 1489 5393 1712 5445; x_wconf 88' lang='lat' dir='ltr'><strong>divisus.</strong></span> 
     </span>
    </p>
   </div>
   <div class='ocr_carea' id='block_1_111' title="bbox 487 5462 1994 5530">
    <p class='ocr_par' dir='ltr' id='par_1_111' title="bbox 487 5462 1994 5530">
     <span class='ocr_line' id='line_1_112' title="bbox 487 5462 1994 5530; baseline -0.003 -9"><span class='ocrx_word' id='word_1_797' title='bbox 487 5466 514 5505; x_wconf 69' lang='grc' dir='ltr'><strong>ιι</strong></span> <span class='ocrx_word' id='word_1_798' title='bbox 544 5467 817 5521; x_wconf 85' lang='lat' dir='ltr'><strong>Romanos</strong></span> <span class='ocrx_word' id='word_1_799' title='bbox 862 5464 945 5518; x_wconf 87' lang='lat' dir='ltr'><strong>hic</strong></span> <span class='ocrx_word' id='word_1_800' title='bbox 975 5462 1206 5528; x_wconf 81' lang='lat' dir='ltr'><strong>appellat</strong></span> <span class='ocrx_word' id='word_1_801' title='bbox 1243 5462 1423 5516; x_wconf 88' lang='lat' dir='ltr'><strong>Gallos</strong></span> <span class='ocrx_word' id='word_1_802' title='bbox 1470 5462 1607 5526; x_wconf 76' lang='lat' dir='ltr'><strong>illos,</strong></span> <span class='ocrx_word' id='word_1_803' title='bbox 1638 5464 1725 5530; x_wconf 90' lang='lat' dir='ltr'><strong>qui</strong></span> <span class='ocrx_word' id='word_1_804' title='bbox 1759 5463 1994 5516; x_wconf 89' lang='lat' dir='ltr'><strong>nondum</strong></span> 
     </span>
    </p>
   </div>
   <div class='ocr_carea' id='block_1_112' title="bbox 412 5534 1994 5607">
    <p class='ocr_par' dir='ltr' id='par_1_112' title="bbox 412 5534 1994 5607">
     <span class='ocr_line' id='line_1_113' title="bbox 412 5534 1994 5607; baseline -0.003 -15"><span class='ocrx_word' id='word_1_805' title='bbox 412 5541 621 5593; x_wconf 64' lang='lat' dir='ltr'><strong>emeris</strong></span> <span class='ocrx_word' id='word_1_806' title='bbox 648 5539 861 5607; x_wconf 79' lang='lat' dir='ltr'><strong>regibus</strong></span> <span class='ocrx_word' id='word_1_807' title='bbox 891 5535 1116 5607; x_wconf 71' lang='lat' dir='ltr'><strong>subjecti</strong></span> <span class='ocrx_word' id='word_1_808' title='bbox 1146 5534 1412 5607; x_wconf 48' lang='lat' dir='ltr'><strong>emuniit</strong></span> <span class='ocrx_word' id='word_1_809' title='bbox 1444 5534 1791 5607; x_wconf 79' lang='lat' dir='ltr'><strong>qtt_idcu_t_uou</strong></span> <span class='ocrx_word' id='word_1_810' title='bbox 1823 5535 1994 5587; x_wconf 86' lang='lat' dir='ltr'><strong>solum</strong></span> 
     </span>
    </p>
   </div>
   <div class='ocr_carea' id='block_1_113' title="bbox 414 5600 1991 5671">
    <p class='ocr_par' dir='ltr' id='par_1_113' title="bbox 414 5600 1991 5671">
     <span class='ocr_line' id='line_1_114' title="bbox 414 5600 1991 5671; baseline -0.001 -9"><span class='ocrx_word' id='word_1_811' title='bbox 414 5610 467 5662; x_wconf 89' lang='lat' dir='ltr'><strong>in</strong></span> <span class='ocrx_word' id='word_1_812' title='bbox 516 5600 845 5671; x_wconf 49' lang='lat' dir='ltr'><strong>Galliafsed</strong></span> <span class='ocrx_word' id='word_1_813' title='bbox 885 5615 939 5659; x_wconf 89' lang='lat' dir='ltr'><strong>et</strong></span> <span class='ocrx_word' id='word_1_814' title='bbox 976 5600 1028 5658; x_wconf 78' lang='lat' dir='ltr'><strong>in</strong></span> <span class='ocrx_word' id='word_1_815' title='bbox 1076 5603 1255 5667; x_wconf 84' lang='lat' dir='ltr'><strong>Italia,</strong></span> <span class='ocrx_word' id='word_1_816' title='bbox 1307 5604 1586 5670; x_wconf 82' lang='lat' dir='ltr'><strong>llispania,</strong></span> <span class='ocrx_word' id='word_1_817' title='bbox 1619 5600 1827 5666; x_wconf 78' lang='lat' dir='ltr'><strong>Africa,</strong></span> <span class='ocrx_word' id='word_1_818' title='bbox 1859 5616 1991 5667; x_wconf 85' lang='lat' dir='ltr'><strong>etc.,</strong></span> 
     </span>
    </p>
   </div>
   <div class='ocr_carea' id='block_1_114' title="bbox 412 5673 1994 5747">
    <p class='ocr_par' dir='ltr' id='par_1_114' title="bbox 412 5673 1994 5747">
     <span class='ocr_line' id='line_1_115' title="bbox 412 5673 1994 5747; baseline -0.006 -15"><span class='ocrx_word' id='word_1_819' title='bbox 412 5679 572 5732; x_wconf 87' lang='lat' dir='ltr'><strong>etiam</strong></span> <span class='ocrx_word' id='word_1_820' title='bbox 599 5691 713 5747; x_wconf 89' lang='lat' dir='ltr'><strong>post</strong></span> <span class='ocrx_word' id='word_1_821' title='bbox 734 5680 985 5732; x_wconf 83' lang='lat' dir='ltr'><strong>subactas</strong></span> <span class='ocrx_word' id='word_1_822' title='bbox 1004 5673 1266 5729; x_wconf 87' lang='lat' dir='ltr'><strong>ouutinoa</strong></span> <span class='ocrx_word' id='word_1_823' title='bbox 1292 5673 1531 5747; x_wconf 74' lang='lat' dir='ltr'><strong>barbaris</strong></span> <span class='ocrx_word' id='word_1_824' title='bbox 1556 5677 1649 5726; x_wconf 88' lang='lat' dir='ltr'><strong>bas</strong></span> <span class='ocrx_word' id='word_1_825' title='bbox 1674 5675 1994 5747; x_wconf 80' lang='lat' dir='ltr'><strong>provincias,</strong></span> 
     </span>
    </p>
   </div>
   <div class='ocr_carea' id='block_1_115' title="bbox 538 5743 1993 5813">
    <p class='ocr_par' dir='ltr' id='par_1_115' title="bbox 538 5743 1993 5813">
     <span class='ocr_line' id='line_1_116' title="bbox 538 5743 1993 5813; baseline -0.002 -12"><span class='ocrx_word' id='word_1_826' title='bbox 538 5743 671 5802; x_wconf 55' lang='lat' dir='ltr'><strong>tli&#39;iu</strong></span> <span class='ocrx_word' id='word_1_827' title='bbox 699 5747 1025 5804; x_wconf 86' lang='lat' dir='ltr'><strong>duas.veluti</strong></span> <span class='ocrx_word' id='word_1_828' title='bbox 1058 5753 1239 5813; x_wconf 83' lang='lat' dir='ltr'><strong>partes</strong></span> <span class='ocrx_word' id='word_1_829' title='bbox 1281 5743 1656 5797; x_wconf 87' lang='lat' dir='ltr'><strong>dividebantur</strong></span> <span class='ocrx_word' id='word_1_830' title='bbox 1685 5761 1697 5796; x_wconf 92' lang='lat'>:</span> <span class='ocrx_word' id='word_1_831' title='bbox 1731 5746 1818 5797; x_wconf 85' lang='lat' dir='ltr'><strong>alii</strong></span> <span class='ocrx_word' id='word_1_832' title='bbox 1848 5744 1993 5798; x_wconf 88' lang='lat' dir='ltr'><strong>dice-</strong></span> 
     </span>
    </p>
   </div>
   <div class='ocr_carea' id='block_1_116' title="bbox 415 5814 1992 5883">
    <p class='ocr_par' dir='ltr' id='par_1_116' title="bbox 415 5814 1992 5883">
     <span class='ocr_line' id='line_1_117' title="bbox 415 5814 1992 5883; baseline 0.001 -14"><span class='ocrx_word' id='word_1_833' title='bbox 415 5814 607 5873; x_wconf 72' lang='lat' dir='ltr'><strong>bantur</strong></span> <span class='ocrx_word' id='word_1_834' title='bbox 639 5820 857 5873; x_wconf 80' lang='lat' dir='ltr'><strong>Romani</strong></span> <span class='ocrx_word' id='word_1_835' title='bbox 878 5860 891 5879; x_wconf 96' lang='lat'><strong>,</strong></span> <span class='ocrx_word' id='word_1_836' title='bbox 921 5829 1127 5873; x_wconf 83' lang='lat' dir='ltr'><strong>veteres</strong></span> <span class='ocrx_word' id='word_1_837' title='bbox 1151 5814 1358 5871; x_wconf 90' lang='lat' dir='ltr'><strong>scilicet</strong></span> <span class='ocrx_word' id='word_1_838' title='bbox 1388 5815 1596 5879; x_wconf 82' lang='lat' dir='ltr'><strong>incolae,</strong></span> <span class='ocrx_word' id='word_1_839' title='bbox 1624 5815 1764 5883; x_wconf 88' lang='lat' dir='ltr'><strong>quod</strong></span> <span class='ocrx_word' id='word_1_840' title='bbox 1800 5815 1992 5870; x_wconf 83' lang='lat' dir='ltr'><strong>Ruina-</strong></span> 
     </span>
    </p>
   </div>
   <div class='ocr_carea' id='block_1_117' title="bbox 2110 4682 3695 4756">
    <p class='ocr_par' dir='ltr' id='par_1_117' title="bbox 2110 4682 3695 4756">
     <span class='ocr_line' id='line_1_118' title="bbox 2110 4682 3695 4756; baseline 0.003 -21"><span class='ocrx_word' id='word_1_841' title='bbox 2110 4693 2195 4756; x_wconf 91' lang='lat' dir='ltr'><strong>t_ur</strong></span> <span class='ocrx_word' id='word_1_842' title='bbox 2224 4682 2435 4738; x_wconf 75' lang='lat' dir='ltr'><strong>Evarix.</strong></span> <span class='ocrx_word' id='word_1_843' title='bbox 2467 4683 2680 4738; x_wconf 82' lang='lat' dir='ltr'><strong>Victorii</strong></span> <span class='ocrx_word' id='word_1_844' title='bbox 2698 4694 2935 4756; x_wconf 68' lang='lat' dir='ltr'><strong>martem</strong></span> <span class='ocrx_word' id='word_1_845' title='bbox 2961 4686 3126 4740; x_wconf 71' lang='lat' dir='ltr'><strong>refert</strong></span> <span class='ocrx_word' id='word_1_846' title='bbox 3153 4682 3443 4756; x_wconf 83' lang='lat' dir='ltr'><strong>Gregorius</strong></span> <span class='ocrx_word' id='word_1_847' title='bbox 3468 4682 3557 4738; x_wconf 85' lang='lat' dir='ltr'><strong>lib.</strong></span> <span class='ocrx_word' id='word_1_848' title='bbox 3584 4701 3598 4738; x_wconf 91' lang='grc' dir='ltr'><strong>ι</strong></span> <span class='ocrx_word' id='word_1_849' title='bbox 3622 4686 3695 4739; x_wconf 88' lang='lat' dir='ltr'><strong>de</strong></span> 
     </span>
    </p>
   </div>
   <div class='ocr_carea' id='block_1_118' title="bbox 2112 4752 3693 4822">
    <p class='ocr_par' dir='ltr' id='par_1_118' title="bbox 2112 4752 3693 4822">
     <span class='ocr_line' id='line_1_119' title="bbox 2112 4752 3693 4822; baseline 0.001 -14"><span class='ocrx_word' id='word_1_850' title='bbox 2112 4752 2293 4809; x_wconf 86' lang='lat' dir='ltr'><strong>Gloria</strong></span> <span class='ocrx_word' id='word_1_851' title='bbox 2329 4755 2503 4818; x_wconf 79' lang='lat' dir='ltr'><strong>Mart.,</strong></span> <span class='ocrx_word' id='word_1_852' title='bbox 2537 4769 2656 4822; x_wconf 87' lang='lat' dir='ltr'><strong>cap.</strong></span> <span class='ocrx_word' id='word_1_853' title='bbox 2684 4754 2777 4820; x_wconf 70' lang='lat'><strong>45,</strong></span> <span class='ocrx_word' id='word_1_854' title='bbox 2803 4763 2860 4810; x_wconf 87' lang='lat' dir='ltr'><strong>et</strong></span> <span class='ocrx_word' id='word_1_855' title='bbox 2890 4757 2940 4809; x_wconf 92' lang='lat' dir='ltr'><strong>in</strong></span> <span class='ocrx_word' id='word_1_856' title='bbox 2978 4758 3088 4810; x_wconf 81' lang='lat' dir='ltr'><strong>Vita</strong></span> <span class='ocrx_word' id='word_1_857' title='bbox 3118 4758 3175 4813; x_wconf 89' lang='lat' dir='ltr'><strong>S.</strong></span> <span class='ocrx_word' id='word_1_858' title='bbox 3205 4752 3455 4811; x_wconf 63' lang='lat' dir='ltr'><strong>Abrahae.</strong></span> <span class='ocrx_word' id='word_1_859' title='bbox 3492 4756 3564 4808; x_wconf 87' lang='lat' dir='ltr'><strong>De</strong></span> <span class='ocrx_word' id='word_1_860' title='bbox 3594 4770 3693 4809; x_wconf 82' lang='lat' dir='ltr'><strong>eo-</strong></span> 
     </span>
    </p>
   </div>
   <div class='ocr_carea' id='block_1_119' title="bbox 2109 4825 3693 4897">
    <p class='ocr_par' dir='ltr' id='par_1_119' title="bbox 2109 4825 3693 4897">
     <span class='ocr_line' id='line_1_120' title="bbox 2109 4825 3693 4897; baseline -0.001 -18"><span class='ocrx_word' id='word_1_861' title='bbox 2109 4825 2228 4897; x_wconf 83' lang='lat' dir='ltr'><strong>dem</strong></span> <span class='ocrx_word' id='word_1_862' title='bbox 2278 4826 2602 4897; x_wconf 80' lang='lat' dir='ltr'><strong>Apollinaris</strong></span> <span class='ocrx_word' id='word_1_863' title='bbox 2637 4826 2888 4882; x_wconf 84' lang='lat' dir='ltr'><strong>Sidonius</strong></span> <span class='ocrx_word' id='word_1_864' title='bbox 2934 4827 3028 4882; x_wconf 87' lang='lat' dir='ltr'><strong>lib.</strong></span> <span class='ocrx_word' id='word_1_865' title='bbox 3064 4843 3167 4896; x_wconf 86' lang='lat' dir='ltr'><strong>vtt,</strong></span> <span class='ocrx_word' id='word_1_866' title='bbox 3208 4830 3366 4897; x_wconf 89' lang='lat' dir='ltr'><strong>epist.</strong></span> <span class='ocrx_word' id='word_1_867' title='bbox 3400 4827 3487 4879; x_wconf 80' lang='grc'>17.</span> <span class='ocrx_word' id='word_1_868' title='bbox 3536 4826 3693 4883; x_wconf 83' lang='lat' dir='ltr'><strong>Deest</strong></span> 
     </span>
    </p>
   </div>
   <div class='ocr_carea' id='block_1_120' title="bbox 2108 4893 2647 4964">
    <p class='ocr_par' dir='ltr' id='par_1_120' title="bbox 2108 4893 2647 4964">
     <span class='ocr_line' id='line_1_121' title="bbox 2108 4893 2647 4964; baseline 0 -15"><span class='ocrx_word' id='word_1_869' title='bbox 2108 4893 2213 4951; x_wconf 82' lang='lat' dir='ltr'><strong>hoc</strong></span> <span class='ocrx_word' id='word_1_870' title='bbox 2241 4904 2403 4964; x_wconf 87' lang='lat' dir='ltr'><strong>caput</strong></span> <span class='ocrx_word' id='word_1_871' title='bbox 2431 4897 2483 4951; x_wconf 91' lang='lat' dir='ltr'><strong>in</strong></span> <span class='ocrx_word' id='word_1_872' title='bbox 2516 4896 2647 4951; x_wconf 82' lang='lat' dir='ltr'><strong>Bell.</strong></span> 
     </span>
    </p>
   </div>
   <div class='ocr_carea' id='block_1_121' title="bbox 2188 4964 3694 5035">
    <p class='ocr_par' dir='ltr' id='par_1_121' title="bbox 2188 4964 3694 5035">
     <span class='ocr_line' id='line_1_122' title="bbox 2188 4964 3694 5035; baseline 0 -15"><span class='ocrx_word' id='word_1_873' title='bbox 2188 4964 2205 5004; x_wconf 73' lang='grc' dir='ltr'><strong>ι</strong></span> <span class='ocrx_word' id='word_1_874' title='bbox 2249 4969 2382 5021; x_wconf 85' lang='lat' dir='ltr'><strong>Tres</strong></span> <span class='ocrx_word' id='word_1_875' title='bbox 2429 4981 2585 5028; x_wconf 87' lang='lat' dir='ltr'><strong>mss.,</strong></span> <span class='ocrx_word' id='word_1_876' title='bbox 2615 4970 2837 5035; x_wconf 72' lang='lat' dir='ltr'><strong>scriptw.</strong></span> <span class='ocrx_word' id='word_1_877' title='bbox 2884 4967 3055 5023; x_wconf 84' lang='lat' dir='ltr'><strong>Porro</strong></span> <span class='ocrx_word' id='word_1_878' title='bbox 3098 4985 3200 5022; x_wconf 85' lang='lat' dir='ltr'><strong>non</strong></span> <span class='ocrx_word' id='word_1_879' title='bbox 3252 4969 3337 5021; x_wconf 85' lang='lat' dir='ltr'><strong>bic</strong></span> <span class='ocrx_word' id='word_1_880' title='bbox 3383 4965 3694 5033; x_wconf 73' lang='lat' dir='ltr'><strong>designatur</strong></span> 
     </span>
    </p>
   </div>
   <div class='ocr_carea' id='block_1_122' title="bbox 2108 5034 3691 5106">
    <p class='ocr_par' dir='ltr' id='par_1_122' title="bbox 2108 5034 3691 5106">
     <span class='ocr_line' id='line_1_123' title="bbox 2108 5034 3691 5106; baseline 0.001 -17"><span class='ocrx_word' id='word_1_881' title='bbox 2108 5034 2328 5092; x_wconf 88' lang='lat' dir='ltr'><strong>basilica</strong></span> <span class='ocrx_word' id='word_1_882' title='bbox 2371 5034 2725 5097; x_wconf 84' lang='lat' dir='ltr'><strong>Brivateusis.</strong></span> <span class='ocrx_word' id='word_1_883' title='bbox 2744 5048 2801 5091; x_wconf 91' lang='lat' dir='ltr'><strong>ut</strong></span> <span class='ocrx_word' id='word_1_884' title='bbox 2830 5037 3185 5106; x_wconf 80' lang='lat' dir='ltr'><strong>Fredegarius</strong></span> <span class='ocrx_word' id='word_1_885' title='bbox 3214 5039 3564 5099; x_wconf 80' lang='lat' dir='ltr'><strong>existinmvit,</strong></span> <span class='ocrx_word' id='word_1_886' title='bbox 3595 5038 3691 5090; x_wconf 88' lang='lat' dir='ltr'><strong>sed</strong></span> 
     </span>
    </p>
   </div>
   <div class='ocr_carea' id='block_1_123' title="bbox 2103 5108 3695 5179">
    <p class='ocr_par' dir='ltr' id='par_1_123' title="bbox 2103 5108 3695 5179">
     <span class='ocr_line' id='line_1_124' title="bbox 2103 5108 3695 5179; baseline 0.001 -19"><span class='ocrx_word' id='word_1_887' title='bbox 2103 5122 2223 5179; x_wconf 69' lang='lat' dir='ltr'><strong>qua:</strong></span> <span class='ocrx_word' id='word_1_888' title='bbox 2254 5109 2307 5162; x_wconf 90' lang='lat' dir='ltr'><strong>in</strong></span> <span class='ocrx_word' id='word_1_889' title='bbox 2340 5108 2596 5161; x_wconf 84' lang='lat' dir='ltr'><strong>honorem</strong></span> <span class='ocrx_word' id='word_1_890' title='bbox 2627 5111 2686 5162; x_wconf 74' lang='grc' dir='ltr'>ὃ.</span> <span class='ocrx_word' id='word_1_891' title='bbox 2712 5110 2906 5163; x_wconf 83' lang='lat' dir='ltr'><strong>Juliani</strong></span> <span class='ocrx_word' id='word_1_892' title='bbox 2942 5112 2994 5162; x_wconf 91' lang='lat' dir='ltr'><strong>in</strong></span> <span class='ocrx_word' id='word_1_893' title='bbox 3029 5114 3137 5179; x_wconf 91' lang='lat' dir='ltr'><strong>ipsa</strong></span> <span class='ocrx_word' id='word_1_894' title='bbox 3166 5111 3527 5179; x_wconf 54' lang='lat' dir='ltr'><strong>Arvernorum</strong></span> <span class='ocrx_word' id='word_1_895' title='bbox 3562 5112 3695 5179; x_wconf 78' lang='lat' dir='ltr'><strong>urbe</strong></span> 
     </span>
    </p>
   </div>
   <div class='ocr_carea' id='block_1_124' title="bbox 2102 5175 3693 5245">
    <p class='ocr_par' dir='ltr' id='par_1_124' title="bbox 2102 5175 3693 5245">
     <span class='ocr_line' id='line_1_125' title="bbox 2102 5175 3693 5245; baseline 0.001 -15"><span class='ocrx_word' id='word_1_896' title='bbox 2102 5177 2203 5232; x_wconf 71' lang='lat' dir='ltr'><strong>sita</strong></span> <span class='ocrx_word' id='word_1_897' title='bbox 2233 5190 2345 5243; x_wconf 86' lang='lat' dir='ltr'><strong>est,</strong></span> <span class='ocrx_word' id='word_1_898' title='bbox 2380 5188 2437 5231; x_wconf 84' lang='lat' dir='ltr'><strong>ut</strong></span> <span class='ocrx_word' id='word_1_899' title='bbox 2467 5181 2718 5232; x_wconf 59' lang='lat' dir='ltr'><strong>observat</strong></span> <span class='ocrx_word' id='word_1_900' title='bbox 2749 5182 2948 5234; x_wconf 56' lang='lat' dir='ltr'><strong>Savitro</strong></span> <span class='ocrx_word' id='word_1_901' title='bbox 2980 5181 3029 5232; x_wconf 88' lang='lat' dir='ltr'><strong>itt</strong></span> <span class='ocrx_word' id='word_1_902' title='bbox 3049 5175 3201 5234; x_wconf 28' lang='lat' dir='ltr'><strong>Vnotis</strong></span> <span class='ocrx_word' id='word_1_903' title='bbox 3227 5180 3291 5232; x_wconf 86' lang='lat' dir='ltr'><strong>ad</strong></span> <span class='ocrx_word' id='word_1_904' title='bbox 3324 5194 3440 5245; x_wconf 82' lang='lat' dir='ltr'><strong>cap.</strong></span> <span class='ocrx_word' id='word_1_905' title='bbox 3468 5175 3558 5238; x_wconf 65' lang='grc' dir='ltr'><strong>δῖ,</strong></span> <span class='ocrx_word' id='word_1_906' title='bbox 3595 5178 3693 5231; x_wconf 83' lang='lat' dir='ltr'><strong>lib.</strong></span> 
     </span>
    </p>
   </div>
   <div class='ocr_carea' id='block_1_125' title="bbox 2105 5246 3691 5311">
    <p class='ocr_par' dir='ltr' id='par_1_125' title="bbox 2105 5246 3691 5311">
     <span class='ocr_line' id='line_1_126' title="bbox 2105 5246 3691 5311; baseline -0.001 -10"><span class='ocrx_word' id='word_1_907' title='bbox 2105 5263 2119 5301; x_wconf 90' lang='grc' dir='ltr'><strong>ι</strong></span> <span class='ocrx_word' id='word_1_908' title='bbox 2145 5249 2211 5301; x_wconf 89' lang='lat' dir='ltr'><strong>de</strong></span> <span class='ocrx_word' id='word_1_909' title='bbox 2239 5250 2434 5305; x_wconf 87' lang='lat' dir='ltr'><strong>eccles.</strong></span> <span class='ocrx_word' id='word_1_910' title='bbox 2466 5248 2795 5303; x_wconf 78' lang='lat' dir='ltr'><strong>Claromont.</strong></span> <span class='ocrx_word' id='word_1_911' title='bbox 2825 5251 2924 5303; x_wconf 82' lang='lat' dir='ltr'><strong>Adi</strong></span> <span class='ocrx_word' id='word_1_912' title='bbox 2949 5249 3215 5305; x_wconf 84' lang='lat' dir='ltr'><strong>Cointiutn</strong></span> <span class='ocrx_word' id='word_1_913' title='bbox 3240 5250 3305 5303; x_wconf 84' lang='lat' dir='ltr'><strong>ad</strong></span> <span class='ocrx_word' id='word_1_914' title='bbox 3333 5263 3529 5302; x_wconf 77' lang='lat' dir='ltr'><strong>annum</strong></span> <span class='ocrx_word' id='word_1_915' title='bbox 3561 5246 3691 5311; x_wconf 74' lang='grc'><strong>554,</strong></span> 
     </span>
    </p>
   </div>
   <div class='ocr_carea' id='block_1_126' title="bbox 2102 5320 3691 5458">
    <p class='ocr_par' dir='ltr' id='par_1_126' title="bbox 2102 5320 3691 5458">
     <span class='ocr_line' id='line_1_127' title="bbox 2143 5320 2336 5373; baseline 0.01 -2"><span class='ocrx_word' id='word_1_916' title='bbox 2143 5335 2170 5371; x_wconf 90' lang='lat' dir='ltr'><strong>u</strong></span> <span class='ocrx_word' id='word_1_917' title='bbox 2236 5356 2250 5373; x_wconf 93' lang='lat'><strong>.</strong></span> <span class='ocrx_word' id='word_1_918' title='bbox 2282 5320 2336 5373; x_wconf 71' lang='grc'>4.</span> 
     </span>
     <span class='ocr_line' id='line_1_128' title="bbox 2102 5335 3691 5458; baseline -0.003 -14"><span class='ocrx_word' id='word_1_919' title='bbox 2102 5335 2135 5373; x_wconf 76' lang='lat' dir='ltr'><strong>n</strong></span> <span class='ocrx_word' id='word_1_920' title='bbox 2173 5335 2359 5445; x_wconf 55' lang='lat' dir='ltr'><strong>lgltlnd.</strong></span> <span class='ocrx_word' id='word_1_921' title='bbox 2378 5389 2578 5452; x_wconf 84' lang='lat' dir='ltr'><strong>Casin.,</strong></span> <span class='ocrx_word' id='word_1_922' title='bbox 2601 5390 2783 5444; x_wconf 82' lang='lat' dir='ltr'><strong>Sancti</strong></span> <span class='ocrx_word' id='word_1_923' title='bbox 2808 5388 3022 5445; x_wconf 73' lang='lat' dir='ltr'><strong>Martini</strong></span> <span class='ocrx_word' id='word_1_924' title='bbox 3044 5390 3453 5444; x_wconf 82' lang='lat' dir='ltr'><strong>Lecaniacensis.</strong></span> <span class='ocrx_word' id='word_1_925' title='bbox 3476 5389 3691 5458; x_wconf 82' lang='lat' dir='ltr'><strong>Regm.,</strong></span> 
     </span>
    </p>
   </div>
   <div class='ocr_carea' id='block_1_127' title="bbox 2103 5459 3691 5516">
    <p class='ocr_par' dir='ltr' id='par_1_127' title="bbox 2103 5459 3691 5516">
     <span class='ocr_line' id='line_1_129' title="bbox 2103 5459 3691 5516; baseline 0 -1"><span class='ocrx_word' id='word_1_926' title='bbox 2103 5459 2164 5515; x_wconf 91' lang='lat' dir='ltr'><strong>S.</strong></span> <span class='ocrx_word' id='word_1_927' title='bbox 2189 5461 2432 5515; x_wconf 84' lang='lat' dir='ltr'><strong>Germani</strong></span> <span class='ocrx_word' id='word_1_928' title='bbox 2458 5459 2795 5515; x_wconf 67' lang='lat' dir='ltr'><strong>Lic&#39;ut&#39;acensi</strong></span> <span class='ocrx_word' id='word_1_929' title='bbox 2818 5462 2947 5516; x_wconf 76' lang='lat' dir='ltr'><strong>vico.</strong></span> <span class='ocrx_word' id='word_1_930' title='bbox 2972 5462 3233 5516; x_wconf 20' lang='lat' dir='ltr'><strong>Observa‘t</strong></span> <span class='ocrx_word' id='word_1_931' title='bbox 3256 5461 3525 5515; x_wconf 78' lang='lat' dir='ltr'><strong>Mamilius</strong></span> <span class='ocrx_word' id='word_1_932' title='bbox 3548 5464 3691 5515; x_wconf 82' lang='lat' dir='ltr'><strong>hunc</strong></span> 
     </span>
    </p>
   </div>
   <div class='ocr_carea' id='block_1_128' title="bbox 2101 5530 3691 5654">
    <p class='ocr_par' dir='ltr' id='par_1_128' title="bbox 2101 5530 3691 5654">
     <span class='ocr_line' id='line_1_130' title="bbox 2101 5530 3691 5654; baseline -0.002 -71"><span class='ocrx_word' id='word_1_933' title='bbox 2101 5532 2275 5654; x_wconf 46' lang='lat' dir='ltr'><strong>Locum</strong></span> <span class='ocrx_word' id='word_1_934' title='bbox 2308 5532 2467 5586; x_wconf 83' lang='lat' dir='ltr'><strong>hodie</strong></span> <span class='ocrx_word' id='word_1_935' title='bbox 2489 5533 2646 5601; x_wconf 81' lang='lat' dir='ltr'><strong>vulgo</strong></span> <span class='ocrx_word' id='word_1_936' title='bbox 2673 5532 2965 5600; x_wconf 80' lang='lat' dir='ltr'><strong>appellari,</strong></span> <span class='ocrx_word' id='word_1_937' title='bbox 2993 5530 3419 5587; x_wconf 67' lang='lat' dir='ltr'><strong>Sciat-Gerasam</strong></span> <span class='ocrx_word' id='word_1_938' title='bbox 3443 5532 3507 5585; x_wconf 82' lang='lat' dir='ltr'><strong>de</strong></span> <span class='ocrx_word' id='word_1_939' title='bbox 3533 5530 3691 5583; x_wconf 74' lang='lat' dir='ltr'><strong>Laut-</strong></span> 
     </span>
     <span class='ocr_line' id='line_1_131' title="bbox 2133 5618 2889 5654; baseline -0.001 0"><span class='ocrx_word' id='word_1_940' title='bbox 2133 5618 2247 5654; x_wconf 86' lang='lat' dir='ltr'><strong>ron.</strong></span> <span class='ocrx_word' id='word_1_941' title='bbox 2886 5642 2889 5643; x_wconf 45' lang='grc' dir='ltr'><em>ν</em></span> 
     </span>
    </p>
   </div>
   <div class='ocr_carea' id='block_1_129' title="bbox 2133 5618 2889 5655">
    <p class='ocr_par' dir='ltr' id='par_1_129' title="bbox 2133 5618 2889 5655">
     <span class='ocr_line' id='line_1_132' title="bbox 2133 5618 2889 5655; baseline 0.001 -1"><span class='ocrx_word' id='word_1_942' title='bbox 2133 5618 2247 5655; x_wconf 84' lang='lat' dir='ltr'><strong>ron.</strong></span> <span class='ocrx_word' id='word_1_943' title='bbox 2886 5642 2889 5643; x_wconf 55' lang='grc' dir='ltr'><em>ν</em></span> 
     </span>
    </p>
   </div>
   <div class='ocr_carea' id='block_1_130' title="bbox 2172 5671 3687 5799">
    <p class='ocr_par' dir='ltr' id='par_1_130' title="bbox 2172 5671 3687 5799">
     <span class='ocr_line' id='line_1_133' title="bbox 2172 5671 3687 5799; baseline -0.001 -72"><span class='ocrx_word' id='word_1_944' title='bbox 2172 5682 2197 5753; x_wconf 70' lang='grc' dir='ltr'><strong>ξι</strong></span> <span class='ocrx_word' id='word_1_945' title='bbox 2229 5674 2427 5799; x_wconf 54' lang='lat' dir='ltr'><strong>Issesse</strong></span> <span class='ocrx_word' id='word_1_946' title='bbox 2458 5681 2671 5741; x_wconf 86' lang='lat' dir='ltr'><strong>putatur</strong></span> <span class='ocrx_word' id='word_1_947' title='bbox 2696 5672 2761 5726; x_wconf 89' lang='lat' dir='ltr'><strong>ad</strong></span> <span class='ocrx_word' id='word_1_948' title='bbox 2792 5687 2948 5743; x_wconf 89' lang='lat' dir='ltr'><strong>quem</strong></span> <span class='ocrx_word' id='word_1_949' title='bbox 2981 5672 3230 5729; x_wconf 89' lang='lat' dir='ltr'><strong>Sidonius</strong></span> <span class='ocrx_word' id='word_1_950' title='bbox 3261 5673 3448 5729; x_wconf 88' lang='lat' dir='ltr'><strong>scribit</strong></span> <span class='ocrx_word' id='word_1_951' title='bbox 3478 5671 3569 5726; x_wconf 84' lang='lat' dir='ltr'><strong>lib.</strong></span> <span class='ocrx_word' id='word_1_952' title='bbox 3606 5686 3687 5737; x_wconf 80' lang='lat' dir='ltr'><strong>tu,</strong></span> 
     </span>
     <span class='ocr_line' id='line_1_134' title="bbox 2172 5755 2339 5797; baseline 0.006 -1"><span class='ocrx_word' id='word_1_953' title='bbox 2172 5755 2257 5797; x_wconf 84' lang='lat' dir='ltr'><strong>tst.</strong></span> <span class='ocrx_word' id='word_1_954' title='bbox 2322 5780 2339 5797; x_wconf 93' lang='lat'><strong>.</strong></span> 
     </span>
    </p>
   </div>
   <div class='ocr_carea' id='block_1_131' title="bbox 2100 5755 3614 5886">
    <p class='ocr_par' dir='ltr' id='par_1_131' title="bbox 2100 5755 3614 5886">
     <span class='ocr_line' id='line_1_135' title="bbox 2100 5755 3614 5886; baseline -0.001 -18"><span class='ocrx_word' id='word_1_955' title='bbox 2100 5755 2342 5870; x_wconf 45' lang='grc' dir='ltr'><strong>θρίδιιίδὲ</strong></span> <span class='ocrx_word' id='word_1_956' title='bbox 2371 5825 2528 5884; x_wconf 87' lang='lat' dir='ltr'><strong>caput</strong></span> <span class='ocrx_word' id='word_1_957' title='bbox 2555 5813 2707 5870; x_wconf 86' lang='lat' dir='ltr'><strong>deest</strong></span> <span class='ocrx_word' id='word_1_958' title='bbox 2730 5812 2782 5869; x_wconf 85' lang='lat' dir='ltr'><strong>in</strong></span> <span class='ocrx_word' id='word_1_959' title='bbox 2812 5811 3000 5882; x_wconf 85' lang='lat' dir='ltr'><strong>Corb.,</strong></span> <span class='ocrx_word' id='word_1_960' title='bbox 3034 5813 3195 5881; x_wconf 84' lang='lat' dir='ltr'><strong>Bcll.,</strong></span> <span class='ocrx_word' id='word_1_961' title='bbox 3223 5813 3355 5886; x_wconf 83' lang='lat' dir='ltr'><strong>Reg.</strong></span> <span class='ocrx_word' id='word_1_962' title='bbox 3378 5824 3432 5870; x_wconf 91' lang='lat' dir='ltr'><strong>et</strong></span> <span class='ocrx_word' id='word_1_963' title='bbox 3459 5813 3614 5869; x_wconf 79' lang='lat' dir='ltr'><strong>Coll).</strong></span> 
     </span>
    </p>
   </div>
  </div>
