3994 6332
321 223 434 280 217

1235 215 1550 272 IIISTOILIA
1596 213 2040 274 FRANCORUM.
2082 214 2286 272 LIBER
2328 214 2711 280 SECUNDUS.

3501 217 3606 268 918

317 341 604 410 episcopo,
631 334 929 407 Eparchius
954 329 1234 406 successit,
1273 333 1352 390 vir
1373 333 1742 393 sanctissimus
1761 338 1920 400 atque
1946 339 1997 396 Α
2026 332 2268 402 nasterii,
2293 332 2445 402 cujus
2467 346 2624 401 supra
2649 329 3008 398 meminimus,
3032 331 3284 387 Inritatus
3301 331 3604 397 accederet;

317 431 636 502 religiosus.
678 430 745 484 Et
763 427 888 497 quia
913 441 982 482 eo
1003 434 1244 494 tempore
1269 424 1498 482 ecclesia
1532 437 1748 494 parvam
1786 427 1920 482 infra

316 539 514 579 muros
543 523 692 582 urbis
716 521 1117 592 possessionem
1141 516 1396 582 habebat,
1437 517 1536 584 ipsi
1566 517 1835 573 sacerdoti
1867 519 1920 574 in

315 617 465 684 ipso,
501 616 610 686 72
647 613 789 683 quod
822 611 983 665 modo
1007 608 1390 666 Salutatorium
1412 616 1439 646 ⁸
1469 608 1685 674 dicitur,
1711 610 1921 666 mansio

315 719 465 773 erat,
499 718 663 776 atque
684 706 752 760 ad
779 704 981 774 gratias
1009 703 1120 760 Dee
1141 711 1384 771 tempore
1406 711 1666 758 nocturno
1693 703 1922 760 redden-

314 803 422 857 das
453 802 519 855 ad
563 799 811 854 altarium
855 796 1099 853 ecclesias
1143 793 1522 863 consnrgebat.
1565 795 1786 852 Factum
1837 804 1921 852 est

315 901 537 956 autem,
569 899 628 946 ut
669 898 826 943 nocte
856 886 1086 956 quadam
1132 884 1459 956 ingrediens,
1494 885 1704 954 plenam
1736 886 1918 942 eccle-

320 986 459 1038 siam
505 982 844 1037 dmmonihus
887 977 1185 1047 reperiret,
1217 977 1500 1046 ipsumque
1525 978 1820 1047 principem
1863 980 1916 1034 in

317 1075 546 1132 modum
571 1083 779 1128 ornatae
805 1070 1071 1135 mulieris,
1113 1069 1168 1124 in
1211 1069 1387 1124 throni
1426 1068 1571 1126 illius
1608 1069 1917 1124 cathedram

315 1167 673 1222 residentem.
699 1162 797 1217 Cui
822 1161 896 1216 ait
916 1159 1159 1231 pontifex
1183 1176 1196 1212 :
1221 1157 1265 1214 Ο
1289 1159 1542 1214 meretrix
1563 1159 1914 1226 exsecranda,

317 1276 433 1317 non
452 1257 653 1313 suflicit
673 1255 768 1310 tibi
797 1255 914 1310 loca
953 1261 1145 1308 cuncta
1175 1251 1339 1306 variis
1377 1249 1757 1320 pollutionibus
1792 1249 1915 1304 inﬁ-

314 1365 468 1414 cere,
499 1347 674 1403 adhuc
701 1354 759 1400 et
785 1343 1093 1399 cathedram
1117 1357 1146 1396 a
1172 1342 1400 1398 Domino
1425 1354 1790 1404 consecratam
1817 1341 1916 1406 fw—

317 1442 430 1497 tida
462 1440 722 1495 sessionis
750 1445 854 1493 luat
895 1436 1208 1493 accessione
1236 1435 1584 1504 coinquinas?
1606 1435 1849 1492 Abscede
1884 1449 1916 1490 a

312 1533 484 1588 domo
524 1532 640 1598 Dei,
687 1544 756 1585 ne
793 1543 821 1582 a
873 1537 925 1582 te
960 1528 1192 1596 amplius
1233 1526 1525 1595 polluatur.
1578 1526 1671 1580 Cui
1700 1525 1775 1580 ait
1806 1544 1821 1582 :
1852 1527 1918 1584 Et

313 1624 446 1692 quia
478 1621 608 1675 mihi
638 1619 940 1675 meretricis
962 1632 1157 1673 nomen
1189 1616 1444 1688 imponis,
1469 1616 1664 1671 multas
1694 1616 1790 1672 tibi
1819 1632 1908 1687 pac

2025 420 2308 492 ablatoque
2330 422 2430 478 sibi
2461 424 2700 494 nequiter
2729 423 2928 488 libello,
2953 437 3047 493 per
3072 438 3231 492 quem
3262 431 3604 478 sacrosancta

2023 514 2281 574 solemnia
2325 531 2484 586 agere
2512 526 2907 582 consueverat,
2941 515 3011 570 ita
3052 525 3267 586 paratus
3305 530 3333 569 a
3362 524 3604 585 tempore

2024 618 2274 662 cunctum
2323 607 2626 664 festivitatis
2666 624 2801 676 Opus
2853 609 3142 677 explicuit,
3178 615 3238 661 ut
3266 608 3332 663 ab
3360 607 3608 662 omnibus

2024 701 2330 767 miraretur,
2382 715 2480 778 nec
2524 710 2796 768 putaretur
2838 699 2906 754 ab
2955 699 3260 764 astantibus
3284 699 3479 754 ibidem
3511 699 3608 753 ho—

2024 792 2219 846 minem
2249 793 2479 846 locutum
2503 790 2688 855 fuisse,
2722 791 2814 846 sed
2844 792 3113 862 angelum.
3153 791 3303 857 Quod
3335 792 3386 844 in
3421 791 3607 860 praefa-

2025 884 2167 940 tione
2225 885 2377 950 libri,
2425 901 2581 954 quem
2612 886 2680 940 de
2712 885 2894 940 Missis
2933 885 3000 939 ab
3029 900 3094 940 eo
3120 884 3427 952 compositis
3474 899 3607 938 con-

2017 976 2294 1062 junsimus
2317 1018 2330 1038 ,
2364 976 2572 1046 plenius
2613 976 3028 1031 declaravimus.
3077 975 3208 1032 Cum
3257 987 3434 1031 autem
3466 980 3605 1030 esset

2021 1059 2317 1138 magnificae
2346 1069 2678 1136 sanctitatis,
2703 1080 2864 1140 atque
2883 1112 2897 1139 ,
2927 1067 2985 1125 ut
3012 1070 3272 1134 diximus,
3298 1085 3362 1124 ex
3395 1078 3606 1124 senato-

2022 1162 2171 1218 ribus
2227 1163 2432 1232 primis,
2485 1162 2821 1231 plerumque,
2869 1164 3142 1219 nesciente
3170 1163 3429 1236 conjuge,
3482 1176 3606 1217 vasa

2020 1265 2272 1326 argentea
2298 1257 2572 1311 auferebat
2606 1270 2633 1307 a
2667 1255 2825 1309 domo
2849 1297 2862 1321 ,
2893 1264 2949 1310 et
2981 1257 3302 1326 pauperibus
3332 1255 3606 1324 erogabat.

2020 1346 2172 1416 Quod
2201 1347 2291 1402 illa
2319 1361 2440 1410 cum
2468 1356 2848 1417 cognosceret,
2878 1347 3342 1404 scandalizabatur
3367 1348 3418 1401 in
3444 1362 3565 1401 eum
3591 1361 3604 1396 :

2019 1441 2112 1519 sed
2145 1451 2325 1495 tamen
2353 1441 2478 1496 dato
2507 1439 2692 1511 egenis
2722 1438 2928 1510 pretio,
2981 1439 3192 1509 species
3221 1437 3400 1494 domui
3453 1436 3608 1492 resti-

2021 1533 2225 1591 luebat.

2049 1673 2052 1678 .
2104 1628 2289 1684 XXIII.
2339 1626 2579 1696 Cumque
2608 1623 2630 1663 ί
2663 1623 2729 1682 ad
2771 1623 3007 1680 officium
3053 1621 3376 1678 dominicum
3422 1619 3607 1675 fuisset

310 1715 451 1770 rabo
473 1714 694 1768 insidias
733 1711 806 1768 ob
829 1711 1095 1766 desideria
1123 1711 1430 1764 mulierum.
1463 1710 1527 1764 Et
1556 1711 1671 1766 haec
1701 1711 1916 1778 dicens,
1951 1722 1996 1780 Β
2026 1723 2380 1790 mancipatus,
2407 1729 2462 1774 ει
2486 1727 2724 1774 sanctam
2756 1725 2942 1787 ageret
2962 1717 3013 1772 in
3046 1715 3244 1772 εωουίο
3270 1716 3449 1778 vitam,
3483 1728 3605 1767 sur-

311 1807 463 1860 sicut
494 1806 668 1858 fumus
697 1804 933 1858 evanuit.
967 1801 1347 1856 Verumtamen
1379 1803 1636 1857 sacerdos
1681 1811 1914 1858 tentatus

311 1911 400 1957 est
427 1916 520 1968 per
543 1899 960 1954 commotionem
989 1897 1231 1966 corporis
1259 1896 1326 1951 ad
1347 1898 1913 1967 concupiscentiam”:

311 1994 412 2048 sed
443 1993 598 2061 signo
636 1991 814 2047 crucis
857 2000 1057 2045 sanctae
1099 1990 1354 2055 munitus,
1387 1990 1522 2044 nihil
1571 1990 1619 2044 ei
1669 1991 1915 2047 inimicus

310 2101 513 2142 nocere
542 2085 735 2154 petuit.
763 2084 966 2139 Ferunt
991 2085 1153 2139 etiam
1182 2083 1356 2152 ipsum
1377 2081 1428 2136 in
1461 2098 1588 2140 arce
1609 2083 1915 2140 Cantoben-

312 2179 428 2232 nici
453 2178 652 2232 montis
681 2177 1066 2235 monasterium
1085 2185 1107 2214 ε
1138 2175 1457 2239 collocasse,
1503 2175 1589 2230 ubi
1619 2191 1760 2230 nunc
1788 2191 1912 2232 ora-

310 2270 518 2324 torium
549 2279 652 2334 est,
691 2277 744 2322 et
786 2265 858 2321 ibi
910 2280 968 2321 se
1015 2266 1205 2322 diebus
1253 2265 1688 2334 Quadragcsima:
1715 2273 1914 2321 sancta

310 2361 630 2419 recludebat
652 2378 666 2414 :
691 2361 779 2416 die
807 2369 987 2415 autem
1017 2358 1196 2414 Cinna:
1225 2356 1544 2422 dominicae,
1577 2372 1696 2412 cum
1723 2371 1915 2426 magno

309 2455 630 2526 psallentio,
649 2452 1034 2508 comitantibus
1055 2452 1272 2507 clericis
1291 2450 1624 2521 civibusque,
1650 2451 1716 2505 ad
1740 2451 1916 2507 eccle-

307 2550 455 2604 siam
484 2550 636 2602 suam
662 2547 1055 2603 revertebatur.
1083 2547 1202 2614 Quo
1232 2545 1518 2617 migrante,
1561 2544 1818 2600 Sidonius
1845 2561 1913 2601 cx

311 2641 578 2714 praefecto
595 2642 955 2705 substituitur,
981 2640 1062 2694 vir
1079 2639 1375 2696 secundum
1397 2639 1578 2699 saeculi
1599 2639 1913 2710 dignitatem

309 2735 715 2800 nobilissimus,
747 2743 802 2788 et
846 2734 913 2788 de
963 2732 1150 2801 primis
1195 2730 1489 2790 Galliarum
1535 2732 1911 2788 senatoribus:

309 2828 392 2882 ita
425 2838 484 2882 ut
505 2828 668 2882 ﬁliam
699 2826 802 2882 sibi
830 2825 974 2880 Aviti
995 2825 1338 2893 imperatoris
1365 2825 1416 2877 in
1452 2823 1793 2877 matrimonio
1820 2837 1914 2877 so-

310 2920 510 2975 ciaret.
544 2920 711 2985 Hujus
759 2927 1027 2986 tempore,
1056 2931 1180 2973 cum
1213 2916 1393 2970 adhuc
1431 2914 1568 2984 apud
1598 2913 1783 2968 urbem
1815 2916 1916 2969 Ar-

309 3029 540 3069 vernam
573 2990 868 3077 Victorius,
899 3013 1056 3080 cujus
1083 3025 1244 3080 supra
1277 3010 1653 3073 meminimus,
1673 3025 1914 3066 morare-

2019 1826 2209 1868 rexere
2238 1818 2425 1874 contra
2454 1826 2575 1870 eum
2607 1810 2716 1864 duo
2748 1808 3073 1879 presbyteri,
3102 1816 3156 1861 et
3179 1807 3353 1860 ablata
3382 1806 3430 1858 ci
3461 1805 3606 1862 οτιιηί

2019 1911 2286 1972 potestate
2339 1917 2369 1956 a
2421 1903 2579 1962 rebus
2630 1901 2917 1967 Ecclesiae,
2966 1907 3174 1954 arctum
3205 1898 3252 1952 ei
3309 1898 3501 1951 victum
3547 1907 3602 1951 ct

2020 2005 2236 2052 tenuem
2289 1996 2691 2067 relinquentes,
2738 1995 2804 2050 ad
2846 2009 3111 2050 summam
3157 2008 3277 2048 eum
3330 2000 3606 2052 contume-

2019 2093 2144 2148 liam
2175 2091 2450 2162 redegere.
2480 2089 2586 2145 Sed
2638 2103 2742 2142 non
2793 2089 2934 2156 longi
2966 2087 3223 2155 temporis
3261 2089 3434 2153 spatio
3464 2085 3606 2138 inul-

2019 2197 2126 2242 tam
2157 2185 2271 2255 ejus
2297 2183 2543 2252 injnriam
2570 2182 2750 2238 divina
2787 2181 2957 2236 voluit
2987 2179 3255 2236 sustinere
3295 2176 3603 2232 clementia.

2017 2278 2149 2333 Nam
2179 2290 2312 2331 unus
2364 2291 2432 2330 ex
2463 2275 2546 2330 his
2590 2273 2932 2342 nequissintis
2961 2281 3016 2326 et
3058 2270 3291 2339 indignis
3321 2269 3426 2323 diri
3461 2282 3605 2337 prcs-

2019 2374 2244 2444 byteris,
2274 2386 2397 2426 cum
2427 2379 2553 2426 ante
2603 2378 2813 2423 noctem
2863 2368 3096 2421 minatus
3145 2366 3334 2420 fuisset
3380 2381 3501 2419 cum
3542 2364 3606 2418 de

2017 2464 2246 2522 ecclesia
2259 2461 2398 2518 velle
2413 2459 2701 2516 extrahere
2715 2466 2762 2525 ε,
2781 2459 2990 2530 signum
3006 2455 3072 2511 ad
3087 2455 3372 2510 matutinas
3383 2456 3606 2510 audiens

2017 2555 2186 2611 fuisse
2214 2561 2566 2618 commotum,
2599 2551 2812 2606 fervens
2852 2547 2983 2606 felle
3004 2557 3190 2604 contra
3220 2559 3460 2602 sanctum
3487 2549 3606 2615 Dei,

2017 2649 2273 2713 surrexit,
2301 2647 2402 2702 hoc
2424 2646 2604 2712 iniquo
2625 2648 2790 2700 corde
2817 2643 3034 2712 explere
3063 2643 3325 2712 cogitans,
3352 2643 3494 2712 quod
3519 2641 3606 2698 die

2017 2741 2354 2812 praecedente
2381 2744 2728 2793 tractaverat.
2779 2735 3057 2806 Ingressus
3103 2745 3282 2790 autem
3324 2732 3376 2786 in
3430 2747 3606 2788 seces-

2017 2847 2134 2888 sum
2158 2847 2338 2896 suum,
2385 2830 2511 2884 dum
2561 2837 2801 2884 ventrem
2831 2841 3060 2898 purgare
3103 2825 3288 2880 nititur
3313 2868 3328 2891 ,
3355 2824 3604 2893 spiritum

2015 2925 2302 2985 exhalavit.
2363 2922 2724 2991 Exspectabat
2752 2922 2894 2977 enim
2927 2935 3059 2991 puer
3087 2918 3263 2975 'aforis
3291 2933 3414 2974 cum
3445 2933 3605 2973 cerea

2017 3019 2292 3082 dominum
2330 3032 2692 3087 egressurum.
2725 3013 2834 3088 74.
2881 3013 3109 3084 Jamque
3147 3011 3441 3073 advenerat
3486 3011 3605 3076 lux,

312 3114 429 3172 tur,
456 3103 553 3160 fuit
583 3104 638 3160 in
669 3103 996 3159 monasterio
1024 3102 1163 3158 beati
1191 3100 1366 3173 Cyrici
1384 3100 1411 3139 τι
1442 3103 1588 3158 urbis
1618 3102 1786 3172 ipsius
1816 3101 1912 3158 ab-

2023 3123 2075 3172 et
2094 3113 2310 3170 satelles
2324 3112 2463 3182 ejus,
2488 3110 2540 3166 id
2563 3118 2646 3166 est
2667 3110 2803 3165 alius
2823 3107 3126 3178 presbyter,
3152 3105 3316 3161 mittit
3338 3105 3606 3172 nuntium,

319 3199 446 3263 bas,
475 3197 745 3252 Abraham
775 3194 993 3250 nomine
1016 3208 1032 3248 :
1056 3194 1145 3263 qui
1177 3193 1283 3249 ﬁde
1315 3193 1422 3267 73
1451 3200 1610 3263 atque
1655 3191 1908 3262 operibus

314 3289 550 3346 Abrahae
576 3288 719 3344 illius
745 3286 944 3358 prioris
971 3283 1301 3354 refulgebat,
1348 3284 1486 3340 sicut
1525 3284 1579 3341 in
1609 3282 1745 3338 libro
1779 3282 1910 3338 Vitae

315 3383 439 3452 ejus
463 3381 795 3450 scripsimus.

391 3472 559 3528 XXII.
586 3472 816 3527 Sanctus
834 3479 857 3508 ο
885 3484 1010 3526 vero
1029 3468 1282 3526 Sidonius
1305 3476 1464 3524 tantzc
1481 3467 1744 3524 facundiae
1760 3477 1906 3536 erat,

315 3579 373 3624 t
405 3568 727 3638 plerumque
768 3578 837 3620 ex
879 3563 1173 3632 improviso
1201 3562 1622 3618 luculentissirne
1660 3579 1780 3633 qua:
1819 3579 1912 3618 vo-

318 3662 534 3725 luisset,
592 3657 736 3712 nulla
779 3655 1255 3713 obsistente-mora
1282 3664 1654 3723 componeret.
1679 3653 1914 3724 Contigit

319 3765 500 3811 autem
529 3751 762 3822 quadam
808 3749 920 3815 die,
948 3757 1012 3804 ut
1033 3747 1098 3804 ad
1149 3746 1496 3802 festivitatem
1531 3747 1768 3801 hasilicte
1796 3763 1914 3804 mo-

390 3923 416 3952 ⁸
447 3910 866 3975 Salutatorium,
899 3908 1038 3976 quod
1071 3906 1205 3966 alias
1234 3906 1591 3968 Secretaritmt,
1635 3904 1792 3958 hodie
1823 3922 1908 3976 mf

319 3984 497 4039 tristia
527 3979 847 4051 appellatur,
879 3975 953 4032 uti
987 3987 1126 4051 patet
1151 3992 1214 4032 ex
1235 3976 1498 4051 __Gregorii
1531 3977 1599 4030 Μ.
1632 3978 1791 4045 epist.
1845 3975 1915 4030 54

320 4057 442 4110 libri
470 4069 521 4107 tv
552 4047 618 4106 ad
652 4052 999 4106 Marinianum
1032 4049 1199 4116 episc.
1234 4047 1559 4112 Ravennat.,
1591 4059 1643 4101 et
1670 4063 1733 4100 ex
1781 4061 1914 4099 con-

321 4129 443 4182 cilio
470 4124 679 4178 Matisc.
708 4138 757 4187 ι,
785 4137 904 4174 can.
927 4120 992 4182 2,
1027 4121 1103 4174 sic
1131 4120 1329 4173 tlicttuu
1360 4127 1472 4182 est,
1501 4119 1642 4185 quod
1690 4118 1761 4175 ibi
1803 4118 1918 4184 epi-

322 4198 468 4266 scopi
511 4203 639 4249 ante
677 4193 957 4266 Μιεεειςυιρ
999 4189 1414 4266 celebrationem
1444 4189 1636 4266 sedere
1679 4190 1916 4243 solerent

323 4270 385 4323 ad
412 4260 758 4333 excipiendas
791 4262 1022 4316 ﬁdelium
1059 4262 1424 4333 salutationes,
1455 4260 1541 4333 qni
1573 4273 1765 4333 cntum
1788 4273 1912 4310 ora-

322 4329 561 4397 tionibus
582 4351 660 4400 se,
685 4335 772 4388 vel
799 4334 971 4400 aliqua
1000 4332 1215 4402 negotia
1231 4331 1608 4383 commendare
1633 4329 1907 4402 volebant.

322 4413 377 4466 Id
430 4406 758 4479 presbyteris
789 4400 1090 4479 reliquisse
1120 4401 1342 4479 “videtur
1389 4410 1606 4479 sanctus
1653 4400 1912 4479 Martinus

321 4470 461 4550 apud
495 4470 680 4534 Seven
709 4474 937 4542 Sulpic.,
959 4473 1092 4533 dial.
1118 4471 1183 4539 2,
1209 4472 1441 4550 ubi-ipse
1463 4471 1658 4550 dicitur
1683 4470 1906 4522 orationi
1941 4480 1990 4542 ι)

321 4541 652 4611 incubuisse,
681 4562 746 4602 eo
774 4541 1016 4612 tempore
1046 4558 1153 4611 quo
1183 4543 1475 4610 presbyteri
1510 4542 1560 4612 in
1591 4541 1696 4594 alio
1721 4555 1904 4594 secre-

322 4624 462 4677 tario
490 4619 740 4674 sedentes
769 4611 900 4683 ejus
917 4614 1179 4682 permissu
1225 4611 1654 4680 salutationibus,
1699 4619 1791 4666 aut
1816 4626 1912 4676 au-

323 4693 534 4748 diendis
567 4688 793 4759 negotiis
822 4683 1239 4759 Occupabantur.

394 4763 423 4802 ι)
456 4765 587 4820 Mor.
616 4756 687 4826 si,
713 4776 744 4812 a
767 4756 1195 4824 concupiscentia.

399 4846 425 4873 ο
461 4819 539 4890 De
587 4819 687 4885 hoc
733 4819 1057 4884 titanasterio
1104 4827 1222 4880 vide
1269 4837 1428 4892 supra
1472 4822 1559 4881 lib.
1589 4837 1633 4886 I,
1669 4835 1788 4889 cap.
1814 4819 1908 4877 59.

322 4907 775 4964 Cantobennense
807 4897 1190 4955 monasterium
1219 4895 1348 4950 illud
1381 4895 1553 4962 ipsum
1583 4908 1701 4946 esse
1722 4902 1913 4964 censet

327 4963 552 5042 Savaro,
595 4973 735 5042 quod
771 4985 875 5023 non
916 4967 1212 5042 procul_ab
1243 4966 1372 5042 urbe
1415 4963 1912 5042 sanctimonialibtts

328 5034 826 5119 paravisse-dicitur
849 5034 1068 5119 sanctus
1085 5035 1358 5119 ‘Cettcsins
1405 5035 1775 5119 AOrverncnsis.
1797 5034 1912 5114 epi-

330 5103 526 5186 Iscopus
568 5119 621 5170 in
668 5113 834 5186 ipsius
868 5110 1003 5161 Vita.
1036 5108 1138 5161 Alii
1185 5108 1346 5186 abeo
1384 5105 1546 5186 etiam
1583 5121 1691 5186 non
1723 5103 1915 5183 distin—

328 5174 502 5260 guunt
529 5174 1376 5260 Candidiuensemtuonastcrium,
1406 5175 1551 5260 quod
1583 5174 1732 5260 Felix.
1772 5175 1914 5254 ejus-

328 5245 454 5322 dem
482 5259 630 5314 urbis
657 5254 896 5314 antistes,
934 5249 1189 5322 Prtejccto
1217 5256 1342 5322 tunc
1374 5245 1586 5322 abbati,
1619 5252 1801 5322 postea
1831 5245 1911 5310 ip-

328 5315 442 5388 sius
466 5326 764 5384 successori
789 5335 840 5377 et
874 5315 1125 5390 martyri,
1153 5315 1830 5390 gubernarulunrtradidit,
1859 5322 1916 5366 ut

417 5385 648 5456 secunda
695 5396 859 5466 ipsius
891 5385 1131 5460 Pratfecti
1158 5385 1283 5466 ’για
1317 5388 1528 5466 legitur.
1563 5386 1713 5466 Illinc
1740 5385 1914 5465 Iucunt

333 5456 545 5544 postea
568 5456 903 5544 destructum
942 5456 1212 5544 reparavit
1250 5456 1758 5544 saxatilonindecitno
1786 5456 1917 5536 _qui-

332 5525 458 5599 dam
490 5540 828 5600 Aldefretlus,
856 5525 1020 5603 quem
1044 5531 1309 5603 Robertus
1338 5530 1407 5584 de
1434 5529 1683 5603 Alvternia
1715 5525 1921 5603 episco-

338 5598 439 5682 pus
466 5613 656 5682 ultimo
697 5598 972 5682 sequentis
1012 5601 1194 5682 saeculi
1241 5616 1382 5656 anno
1430 5598 1771 5682 l‘tjierttcettsi
1795 5612 1921 5682 Igm-

335 5668 496 5742 itnbio
524 5681 753 5750 subiecit
777 5668 790 5732 Ξ
817 5677 912 5742 sed
940 5677 1155 5736 tandem
1186 5683 1304 5739 post
1330 5671 1504 5730 varias
1532 5671 1768 5733 fortunas
1792 5668 1920 5730 Cat-—

2014 3199 2199 3262 dicens
2225 3222 2240 3260 :
2269 3203 2422 3272 Veni,
2441 3217 2510 3260 ne
2536 3201 2854 3268 tardaveris,
2878 3210 2936 3254 ut
2955 3215 3076 3270 qua
3115 3197 3272 3254 nobis
3292 3197 3380 3254 die
3403 3197 3605 3253 hester-

2014 3315 2082 3357 na
2110 3303 2497 3360 convenerant,
2549 3293 2750 3362 pariter
2803 3292 3140 3360 expleamus.
3192 3291 3298 3346 Sed
3339 3306 3460 3344 cum
3492 3305 3606 3346 res»

2014 3405 2182 3463 pansa
2225 3389 2356 3444 dare
2399 3386 2638 3443 diIIerret
2688 3385 2992 3449 exanimis,
3045 3383 3255 3438 elevato
3307 3396 3439 3447 puer
3480 3383 3601 3437 velo

2015 3485 2160 3552 ostii,
2195 3483 2397 3554 reperit
2425 3481 2702 3538 dominum
2747 3492 2909 3548 super
2939 3477 3183 3536 sellulam
3225 3490 3471 3530 secessus
3507 3475 3606 3529 de-

2017 3577 2279 3632 functum.
2314 3573 2467 3630 Unde
2491 3572 2850 3629 indubitatum
2879 3577 2963 3626 est
2985 3584 3089 3624 non
3114 3567 3334 3622 minoris
3364 3563 3606 3620 criminis

2015 3669 2159 3725 hunc
2189 3683 2341 3724 reum
2371 3681 2512 3731 esse,
2541 3679 2700 3735 quam
2739 3663 2924 3718 Arium
2969 3660 3140 3727 illum,
3172 3659 3256 3716 cui
3280 3658 3528 3714 similiter
3555 3659 3608 3712 in

2015 3775 2229 3819 secessu
2278 3759 2428 3814 fuere
2476 3759 2682 3814 interna
2712 3753 2956 3824 deposita
2994 3767 3090 3822 per
3117 3760 3293 3821 partes
3324 3749 3608 3805 inferiores

2021 3898 2217 3955 melitis
2246 3894 2571 3952 excalceatis
2601 3900 2786 3947 nostro
2817 3903 2933 3945 aevo
2959 3887 3187 3943 donatus
3215 3895 3320 3944 est.
3353 3884 3482 3940 Vide
3513 3898 3606 3939 no-

2017 3981 2098 4027 tas
2129 3973 2180 4023 In
2211 3977 2371 4038 caput
2392 3968 2460 4022 39
2504 3965 2626 4019 libri
2652 3981 2691 4016 ι.

2088 4059 2115 4098 ά
2148 4061 2236 4116 Sic
2262 4060 2448 4127 ltegm.
2471 4070 2592 4109 cum
2621 4053 2784 4118 ΒΜΙ.;
2809 4048 3098 4127 c:ete_r_i_ed.
3121 4057 3178 4102 et
3209 4049 3354 4126 Dec,
3382 4045 3608 4127 eriaci.

2017 4133 2084 4187 At
2113 4139 2296 4184 nostra
2337 4117 2495 4183 lectio
2534 4128 2741 4179 sincera
2791 4131 2892 4176 est.
2940 4120 3038 4174 Hic
3067 4129 3150 4173 est
3193 4119 3335 4170 enim
3383 4117 3608 4187 Cyricns

2021 4185 2172 4272 puer,
2203 4200 2290 4268 qui
2321 4213 2439 4272 cum
2473 4197 2659 4272 Julitta
2704 4203 2902 4272 matre“
2925 4199 3128 4272 martyr
3153 4185 3607 4272 OCCulitlil.mVitlB

2017 4255 2343 4330 Savaroitem
2393 4270 2445 4321 in
2494 4266 2633 4318 notis
2663 4264 2726 4314 ad
2761 4259 2998 4330 libellum
3030 4255 3093 4312 de
3131 4257 3376 4330 ecclesiis
3408 4255 3606 4330 Claro.

2018 4325 2188 4398 inont.
2217 4353 2365 4392 num.
2395 4335 2493 4400 14,
2522 4337 2610 4403 qui
2639 4341 2722 4388 est
2751 4332 2816 4403 de
2845 4329 3070 4403 ecclesia
3100 4325 3604 4403 sancti__Cyriei_.“l)_e

2017 4395 2198 4482 auset
2226 4395 2518 4482 Gregorius
2542 4395 2656 4474 'agn
2679 4405 2729 4459 in
2753 4401 2871 4458 Vita
2897 4400 2956 4456 s.
2981 4399 3231 4463 Abrahae,
3265 4395 3359 4454 lib.
3379 4398 3446 4452 de
3472 4395 3608 4461 Vitis

2019 4478 2234 4543 Patrum
2251 4525 2265 4550 ,
2297 4478 2416 4550 cap.
2445 4478 2498 4532 5.

2092 4587 2115 4615 ο
2148 4578 2306 4631 Deest
2347 4573 2449 4626 hoc
2479 4577 2636 4633 caput
2658 4567 2710 4618 in
2741 4563 2927 4625 Corb.,
2962 4559 3122 4626 Bell.,
3150 4557 3305 4613 Colb.
3340 4566 3394 4633 et
3416 4556 3608 4633 Regio.

2021 4629 2213 4704 Porro
2234 4645 2490 4699 Sidonius
2520 4629 2604 4692 ille
2633 4634 2894 4692 illustrior
2918 4640 3032 4704 est,
3061 4645 3217 4699 quam
3261 4639 3316 4682 ut
3340 4629 3426 4704 hic
3455 4630 3523 4681 de
3543 4643 3611 4682 en

2021 4700 2174 4790 plura
2211 4716 2599 4790 observemus._
2639 4709 2866 4790 Eritstant
2906 4702 3024 4790 ejus
3047 4714 3244 4790 lupera‘
3280 4714 3308 4782 ξι
3338 4700 3611 4790 Sazarona

2021 4768 2309 4861 ὗὲἷπὶιῖπῖιῖ-
2337 4769 2458 4861 "ita.
2488 4778 2622 4861 8.1-
2674 4768 3614 4861 δίτιηρίτξίῖίέἕίηίὲ;,,9τὲ.ίι“ἐὲ.-β91ῑί.¹1³

2022 4839 2341 4927 apollinaris
2370 4853 2620 4908 Sidonius
2657 4842 3228 4927 appellabaturhttujus
3245 4842 3426 4927 Vibii").
3442 4839 3609 4927 collic-

2022 4909 2372 5002 ξίῗὲἷῦέὶὶο,
2418 4935 2645 5002 estmille
2676 4909 2850 5002 ,ῗῑὶδίυὲ
2870 4911 3154 5002 ηξξρθῐὲἓνιε
3207 4909 3487 5002 ιὶνίξζίέἶῆίὲμ
3508 4909 3606 5002 "i2

2025 4979 2432 5068 {otiandl—euitt'tri
2483 4979 2594 5068 sum
2623 4979 2959 5068 utili-meriti
3007 4984 3161 5050 imp.,
3210 4980 3507 5068 epistolam.
3543 4979 3613 5035 16

2022 5058 2143 5128 Iibri
2191 5087 2221 5122 v
2249 5066 2460 5133 scripsit
2491 5066 2600 5133 ipse
2633 5058 2926 5133 Sidonius,
2969 5069 3125 5121 quam
3161 5062 3272 5133 poSI
3295 5060 3608 5133 susceptum

2021 5119 2376 5198 sacerdotium
2404 5138 2475 5190 uti
2507 5119 2747 5187 sororem
2773 5119 3052 5188 habuit,_ut
3079 5125 3268 5198 probat
3294 5119 3608 5198 Sirtnondtn

2021 5192 2328 5270 {Romae
2357 5207 2600 5261 eamdem
2624 5203 2784 5269 epist.
2805 5241 2818 5258 ,
2843 5199 2931 5270 ubi
2963 5207 3015 5252 et
3057 5195 3395 5270 plura‘ltahct
3417 5192 3480 5243 de
3507 5207 3609 5270 Ill-lil-

2015 5259 2550 5355 icorutn
2582 5259 2852 5355 cmiiha'tn.
2887 5268 2948 5322 V.
2984 5259 3140 5355 supra
3173 5266 3264 5320 lib.
3296 5279 3344 5332 t,
3376 5277 3494 5330 cap.
3518 5259 3608 5326 59,

2019 5339 2074 5410 et
2107 5350 2410 5419 llicrouymi
2444 5347 2598 5412 epist.
2649 5343 2712 5396 ad
2756 5339 3181 5396 Patntnachintn.

2099 5447 2116 5486 ί
2155 5447 2266 5502 Hoc
2311 5418 2472 5509 caput
2517 5439 2670 5493 deest
2715 5435 2768 5490 in
2812 5433 3001 5498 Corb.,
3033 5431 3204 5495 Dell.,
3238 5425 3388 5479 Colb.
3421 5433 3475 5474 et
3509 5418 3607 5476 ue.

2023 5536 2129 5639 gn:
2155 5591 2338 5660 Regm.
2354 5627 2368 5655 ,
2410 5582 2537 5638 velle
2565 5578 2786 5646 extra/ti,
2813 5577 3017 5634 Chcsn.
3046 5581 3099 5628 et
3137 5565 3316 5631 Freh.,
3343 5562 3419 5619 rel
3437 5574 3605 5621 exirm

2026 5665 2164 5725 (tere.
