3994 6332
405 282 510 337 219

1406 281 1462 336 S.
1505 277 1836 336 GREGORII
1879 279 2182 335 EPISCOPI
2223 279 2655 336 ΤυηυκιεΝειε

3566 275 3672 331 2‘20

401 408 579 469 egesta
612 406 640 436 ⁸
668 415 684 454 :
710 397 833 470 quia
871 411 970 453 nec
1015 393 1156 452 istud
1184 396 1300 451 sine
1345 395 1534 451 ha'resi
1571 403 1748 466 potest
1766 395 1933 464 accipi
1959 435 1975 460 ,
2007 399 2058 455 Α
2083 400 2230 463 prior
2277 395 2563 450 damnatus
2617 393 2787 449 fuerat
2810 435 2825 462 ,
2863 392 3023 448 fuisse
3078 392 3413 463 participem.
3473 392 3672 448 Verum

401 494 535 545 utin
583 489 820 545 Ecclesia
873 505 978 544 non
1025 489 1304 543 obediatur
1347 489 1617 543 sacerdoti
1644 488 1757 556 Dei,
1789 489 1875 541 cui
1917 486 1984 542 ad

401 582 721 650 pascendum
764 595 894 636 oves
939 581 1242 635 commissae
1270 592 1413 646 sunt,
1443 592 1494 634 et
1525 581 1612 635 ille
1664 594 1723 635 se
1778 580 1983 649 ingerat

401 671 675 738 potestati,
709 672 792 725 cui
825 685 998 741 neque
1025 687 1052 724 a
1085 671 1216 735 Deo,
1247 687 1420 740 neque
1450 672 1517 725 ab
1550 671 1856 726 hominibus
1884 671 1982 724 ali—

394 759 518 827 quid
548 770 631 814 est
671 761 1041 815 commissum.
1070 760 1269 816 Dehinc
1323 762 1510 815 beatus
1540 762 1817 827 sacerdos,
1875 777 1982 816 uno

393 850 568 904 adhuc
599 861 850 907 manente
892 852 1240 906 nihilominus
1277 850 1513 919 inimico,
1543 866 1655 907 suze
1681 854 1981 908 restituitur

394 944 665 1010 potestati.
717 945 933 999 Factum
966 953 1048 1000 est
1073 958 1250 1001 autem
1283 946 1544 1016 posthac,
1589 957 1648 1001 ut
1686 950 1980 1003 accedente

393 1033 541 1088 febre
567 1044 831 1104 aegrotare
858 1043 1108 1106 ccepisset
1135 1055 1147 1089 :
1195 1039 1285 1107 qui
1334 1049 1482 1110 rogat
1507 1054 1656 1104 suos,
1690 1051 1745 1094 ut
1774 1057 1896 1095 eum
1925 1043 1978 1098 in

391 1124 673 1179 ecclesiam
703 1126 922 1182 ferrent.
952 1129 1194 1197 Cumque
1226 1130 1350 1184 illuc
1395 1132 1571 1186 illatus
1603 1131 1811 1200 fuisset,
1842 1148 1977 1187 con-

391 1217 642 1274 veniebat
685 1219 752 1273 ad
797 1235 918 1275 eum
972 1220 1258 1275 multitudo
1288 1222 1527 1276 virorum
1577 1239 1640 1278 ac
1670 1226 1974 1292 mulierum,

391 1306 659 1379 simulque
701 1312 859 1365 etiam
889 1320 944 1366 et
992 1312 1272 1366 infantium
1309 1314 1674 1384 plangentium
1708 1327 1867 1387 atque
1898 1320 1979 1373 di-

388 1399 623 1453 centium
657 1418 669 1452 :
705 1401 810 1455 Cur
842 1418 940 1456 nos
964 1402 1189 1469 deseris,
1222 1414 1401 1472 pastor
1445 1404 1605 1472 boue,
1652 1408 1735 1461 vel
1765 1409 1847 1462 cui
1879 1423 1976 1463 nos

390 1492 539 1558 quasi
572 1493 843 1560 orphanos
866 1494 1229 1564 derelinquis?
1268 1497 1516 1565 Nunquid
1545 1499 1644 1552 erit
1675 1500 1828 1554 nobis
1854 1508 1977 1570 p0st

391 1582 670 1636 transitum
699 1593 844 1638 tuum
869 1587 1006 1640 vita?
1032 1587 1264 1656 nunquid
1284 1589 1387 1642 erit
1411 1591 1747 1656 postmodum
1768 1595 1856 1664 qui
1880 1612 1975 1652 nos

389 1672 666 1737 sapientia:
692 1676 801 1730 sale
830 1678 908 1731 sic
936 1678 1193 1732 condiat?
1231 1689 1316 1732 aut
1352 1681 1417 1734 ad
1457 1682 1708 1738 dominici
1742 1687 1974 1743 nominis

2090 485 2379 555 ubijudex,
2410 501 2570 555 quem
2619 487 2682 540 ad
2720 497 2771 541 te
2801 484 3211 551 transmitteret,
3253 485 3481 540 sollicite
3509 488 3676 554 ρωνὶῑ

2086 576 2380 646 inquirere,
2405 591 2506 648 ego
2533 592 2618 631 tne
2649 578 2787 630 inter
2817 577 3052 646 reliquos
3079 577 3328 632 occulere
3355 579 3493 646 coepi
3523 620 3537 640 .
3564 590 3618 631 et
3639 594 3674 633 a

2086 677 2236 736 tergo
2292 669 2455 731 steti,
2509 678 2740 721 tractans
2771 668 2908 735 apud
2968 667 3366 735 memetipsnm,
3421 685 3489 722 ne
3534 670 3684 723 forte-

2086 775 2207 829 cgo,
2241 761 2330 829 qui
2360 769 2518 815 notus
2571 775 2688 814 sum
2739 760 2970 824 homini,
3004 759 3203 812 mittar.
3253 759 3384 812 Dum
3419 761 3532 814 haec
3559 778 3675 815 me-

2085 868 2204 908 cum
2238 854 2430 908 tacitus
2451 854 2744 917 volverem,
2771 853 2966 905 amotis
2985 852 3232 905 omnibus
3259 855 3489 908 remansi
3519 855 3680 909 solus.

2083 945 2136 1000 in
2162 947 2411 1014 publico:
2439 954 2762 1014 vocatusque
2782 959 2810 997 a
2830 944 3028 1012 judice,
3059 944 3277 1012 propius
3307 946 3523 999 accedo.
3556 947 3670 999 Cu-

2078 1041 2166 1111 jus
2195 1042 2444 1095 virtutem
2492 1048 2652 1110 atque
2687 1038 3028 1110 splendorem
3076 1050 3371 1106 contuens,
3403 1044 3540 1111 cmpi
3573 1044 3662 1096 he-

2084 1137 2178 1190 bes
2202 1137 2421 1192 eilectus
2467 1137 2698 1191 titubare
2751 1152 2858 1204 pra:
2888 1147 3053 1190 metu.
3089 1136 3263 1192 Etille
3297 1156 3310 1192 :
3343 1138 3420 1193 Ne
3449 1141 3662 1206 timeas,

2083 1243 2232 1296 pner,
2264 1228 2433 1297 inquit
2462 1246 2474 1281 :
2507 1228 2600 1283 sed
2632 1228 2785 1292 vade,
2812 1229 2900 1283 die
2930 1230 3246 1300 presbytero
3276 1231 3348 1285 illi
3383 1249 3397 1284 :
3435 1231 3563 1286 Veni
3591 1233 3664 1288 ad

2082 1319 2506 1386 respondendam
2530 1335 2766 1385 causam,
2793 1320 2916 1389 quia
2943 1320 3194 1375 Sidonius
3221 1331 3272 1376 te
3292 1324 3543 1377 accersiri
3565 1324 3663 1379 de-

2080 1420 2329 1480 precatus
2361 1419 2464 1466 est.
2497 1411 2576 1465 Tu
2599 1426 2726 1465 vero
2752 1427 2822 1466 ne
2869 1426 3070 1464 moram
3123 1411 3287 1466 facias
3313 1414 3378 1465 ad
3403 1415 3662 1483 eundum,

2079 1501 2198 1567 quia
2231 1501 2330 1556 sub
2357 1502 2545 1571 grandi
2579 1501 2952 1557 testificatione
3000 1503 3128 1556 mihi
3161 1505 3416 1573 praecepit
3446 1523 3537 1562 rex
3569 1509 3663 1564 ille

2080 1591 2172 1644 tibi
2205 1590 2320 1645 baic
2367 1591 2529 1658 loqui,
2578 1593 2802 1646 dicens:
2834 1591 2890 1646 Si
2933 1594 3183 1658 tacueris,
3214 1605 3385 1648 morte
3429 1598 3670 1664 pessima.

2079 1683 2343 1737 morieris.
2389 1683 2513 1737 llaec
2565 1699 2632 1738 eo
2690 1685 2939 1754 loquente
2970 1727 2983 1748 ,
3020 1687 3311 1742 exterritus
3354 1691 3658 1760 presbyter,

389 1759 635 1818 timorem
671 1766 788 1820 talis
829 1768 1126 1836 prudentim
1169 1772 1378 1825 ratione
1417 1774 1698 1843 redarguat
1724 1777 1745 1830 2
1771 1777 1896 1833 llaec
1918 1790 1971 1835 et
2006 1776 2046 1834 Β
2075 1777 2256 1840 elapso
2279 1776 2345 1830 de
2375 1792 2535 1831 manu
2567 1777 2734 1832 calice
2755 1818 2770 1842 ν
2806 1777 3036 1832 "Nam"
3065 1779 3312 1846 εβίτίῑυῐη
3347 1798 3360 1834 τ
3392 1798 3454 1837 ac
3483 1783 3550 1838 de
3574 1800 3662 1841 νο-

394 1851 477 1906 his
508 1855 696 1909 similia
726 1859 935 1926 populis
983 1875 1101 1914 cum
1131 1876 1325 1930 magno
1351 1861 1475 1917 fletu
1501 1863 1824 1934 dicentibus,
1857 1878 1974 1923 tan-

386 1942 506 1996 dem
536 1945 811 2013 sacerdos,
841 1949 1040 2017 Spiritu
1066 1951 1118 2008 in
1147 1967 1205 2006 se
1229 1962 1413 2009 sancto
1437 1954 1712 2023 inﬂuente,
1744 1974 1969 2030 respon-

386 2031 463 2086 dit
511 2051 523 2086 :
573 2035 748 2092 Nolite
805 2040 1036 2105 timere,
1089 2058 1122 2095 ο
1173 2045 1375 2112 populi,
1429 2060 1557 2102 ecce
1608 2048 1769 2104 frater
1820 2068 1971 2108 meus

385 2125 725 2190 Aprunculus
755 2128 909 2194 vivit,
942 2140 997 2184 et
1052 2132 1167 2199 ipse
1215 2134 1321 2187 erit
1347 2138 1597 2191 sacerdos
1639 2151 1836 2197 vester.
1869 2146 1968 2212 Qui

387 2230 498 2270 non
557 2217 946 2289 intelligentes,
1000 2224 1257 2290 putabant
1311 2240 1430 2280 eum
1490 2228 1633 2298 loqui
1677 2233 1871 2302 aliquid
1917 2238 1968 2292 in

383 2306 602 2361 exstasi.

457 2397 575 2462 Quo
605 2398 865 2466 migrante
886 2399 914 2439 ιι
942 2443 958 2469 ,
990 2405 1270 2475 presbyter
1306 2406 1394 2462 ille
1443 2425 1670 2475 nequam
1693 2453 1710 2476 ,
1736 2414 1873 2469 alter
1902 2430 1968 2470 ex

383 2484 591 2540 duobus
621 2489 710 2558 qui
757 2502 1110 2558 remanserat,
1145 2497 1388 2562 protinus
1416 2513 1628 2556 omnem
1659 2501 1970 2560 facultatem

383 2574 639 2631 Ecclesiae
665 2622 678 2644 ,
715 2588 970 2650 tanquam
1005 2583 1051 2638 si
1074 2583 1186 2654 jam
1233 2588 1515 2657 episcOpus
1543 2604 1723 2660 esset,
1757 2595 1969 2652 inhians

380 2669 698 2738 cupiditate,
754 2685 1132 2742 prmoccupat,
1187 2677 1409 2733 dicens:
1444 2681 1684 2737 Tandem
1735 2689 1969 2754 respexit

380 2760 434 2814 in
467 2777 552 2815 me
584 2763 743 2829 Deus,
775 2780 1114 2834 cognoscens
1145 2784 1229 2824 me
1257 2770 1539 2839 justiorem
1579 2788 1698 2830 esse
1725 2777 1964 2848 Sidonio,

378 2853 705 2926 largitusque
733 2860 835 2929 75
868 2870 950 2915 est
994 2862 1124 2916 mihi
1181 2864 1316 2920 hanc
1358 2875 1702 2934 potestatem.
1728 2870 1967 2942 Cumque

378 2959 474 3012 per
504 2956 667 3003 totam
701 2955 885 3006 urbem
931 2955 1194 3021 superbus
1224 2956 1458 3012 ferretur
1481 3001 1494 3024 ,
1527 2961 1846 3020 adveniente
1875 2965 1966 3021 die

375 3038 665 3108 dominico,
696 3044 785 3112 qui
819 3045 1137 3101 imminebat
1176 3057 1298 3116 post
1328 3051 1605 3106 transitum
1637 3057 1809 3110 sancti
1839 3056 1960 3124 viri,

2073 1864 2254 1918 cubitu
2284 1865 2493 1922 ablatus
2522 1879 2759 1920 mortuus
2787 1868 3073 1935 sepultura:
3098 1870 3377 1925 mandatus
3399 1883 3502 1940 est,
3538 1891 3661 1942 pos—

2073 1969 2322 2011 sessurus
2360 1957 2628 2013 infernum
2658 1960 2765 2029 76
2793 1976 2912 2014 cum
2951 1961 3180 2015 satellite
3211 1977 3328 2017 suo.
3361 1962 3488 2020 Tale
3513 1967 3664 2036 jodia

2073 2048 2212 2102 cium
2239 2064 2400 2118 super
2451 2061 2797 2106 contumaces
2845 2053 3069 2106 clericos
3122 2053 3376 2109 Dominus
3406 2056 3456 2109 in
3516 2059 3660 2113 hunc

2073 2143 2307 2208 praetulit
2353 2143 2632 2208 mundum,
2667 2152 2722 2196 ut
2751 2159 2885 2196 unus
2934 2143 3044 2197 Arii
3074 2145 3358 2201 sortiretur
3388 2159 3654 2214 mortem;

2071 2235 2230 2299 alius,
2264 2243 2512 2302 tanquam
2561 2233 2745 2288 Simon
2801 2234 3016 2304 Magus,
3067 2238 3293 2304 apestoli
3335 2241 3505 2294 sancti
3535 2258 3657 2296 ora-

2074 2323 2217 2378 tione
2244 2325 2311 2379 ab
2337 2327 2548 2380 excelsa
2575 2341 2701 2381 arce
2745 2328 3008 2396 superbire
3040 2344 3280 2400 praeceps
3319 2332 3656 2390 allideretnr.

2070 2414 2170 2480 Qui
2201 2431 2305 2469 non
2349 2417 2691 2485 ambiguntur
2721 2419 2919 2485 pariter
2951 2420 3224 2487 possidere
3251 2431 3528 2490 tartarum,
3562 2427 3656 2495 qui

2069 2505 2226 2560 simul
2257 2517 2482 2575 egerunt
2532 2508 2778 2578 nequiter
2819 2521 3003 2563 contra
3046 2520 3291 2567 sanctum
3342 2515 3655 2585 episcopum
3741 2566 3744 2568 _

2068 2609 2243 2649 suum.
2277 2597 2482 2652 Interea
2512 2613 2632 2652 cum
2670 2599 2780 2670 jam
2815 2610 2990 2654 terror
3021 2602 3345 2660 Francorum
3373 2623 3655 2664 resonaret

2069 2685 2122 2739 in
2169 2686 2250 2741 his
2307 2688 2564 2756 partibus.
2617 2701 2672 2745 et
2718 2707 2906 2747 omnes
2947 2709 3042 2748 eos
3081 2709 3265 2751 amore
3307 2699 3653 2758 desiderabili

2067 2787 2329 2845 cuperent
2383 2795 2632 2849 regnare,
2682 2792 2900 2838 sanctus
2955 2786 3314 2856 Aprunculus,
3344 2792 3653 2864 Lingonicae

2066 2871 2296 2927 civitatis
2325 2873 2609 2944 episcopus
2642 2886 2698 2940 ο,
2731 2879 2868 2945 apud
2917 2879 3322 2949 Burgundiones
3362 2889 3527 2956 C(Bpil.
3557 2891 3652 2943 ha-

2066 2962 2182 3021 beri
2212 2974 2512 3033 suspectus.
2551 2967 2790 3038 Cumque
2819 2970 2996 3026 odium
3025 2973 3091 3027 de
3117 2974 3205 3030 die
3235 2976 3287 3030 in
3327 2977 3469 3033 diem
3501 2995 3650 3037 cres-

2065 3063 2235 3119 ceret,
2282 3054 2487 3124 jussum
2519 3067 2686 3113 eStut
2735 3061 2872 3116 clam
2923 3064 3102 3132 gladio
3151 3067 3418 3124 feriretur.
3445 3071 3561 3139 Quo
3583 3077 3648 3131 ad

375 3142 676 3200 praeparato
703 3137 880 3204 epulo,
912 3138 1073 3205 jussit
1097 3149 1322 3196 cunctos
1345 3143 1491 3199 cives
1514 3145 1565 3198 in
1595 3145 1759 3202 domo
1786 3151 1956 3206 eccle-

2068 3159 2188 3200 eum
2234 3149 2438 3215 perlato
2467 3150 2674 3218 nuntio,
2725 3153 2936 3207 noctein
2979 3166 3156 3211 castro
3203 3158 3508 3216 Divionensi
3555 3180 3646 3234 per

371 3222 464 3274 she
497 3233 519 3260 ο
553 3225 802 3280 invitari:
852 3227 1228 3300 despectisque
1273 3231 1609 3300 senioribus,
1645 3238 1844 3306 primus
1874 3256 1960 3295 re-

370 3315 573 3369 cumbit
631 3318 683 3371 in
734 3327 868 3373 toro.
899 3318 995 3375 Cui
1047 3322 1226 3378 oblato
1257 3325 1509 3394 pincerna
1571 3332 1781 3398 poculo,
1840 3335 1954 3390 ait:

372 3406 593 3462 Domine
623 3411 715 3472 mi.
741 3412 845 3465 vidi
867 3416 1159 3480 somnium,
1187 3419 1326 3486 quod
1357 3420 1399 3472 si
1421 3423 1684 3486 permittis
1706 3424 1913 3480 edicam
1937 3444 1952 3481 :

368 3495 626 3552 Videbam
679 3500 777 3556 hac
804 3512 959 3558 nocte
1011 3506 1307 3573 dominica,
1349 3520 1401 3563 et
1431 3525 1556 3566 ecce
1595 3523 1710 3567 erat
1762 3516 1954 3573 domus

367 3604 578 3657 magna,
607 3601 659 3645 et
682 3591 734 3644 in
763 3593 924 3648 domo
948 3607 1064 3649 erat
1086 3597 1310 3654 thronus
1335 3602 1559 3668 positus,
1592 3605 1642 3658 in
1665 3622 1770 3674 quo
1799 3610 1952 3676 quasi

361 3677 529 3750 judex
566 3683 876 3751 residebat,
908 3687 1118 3742 cunctis
1153 3699 1417 3756 potestate
1449 3698 1788 3761 praestantior
1817 3715 1830 3753 :
1865 3701 1950 3755 cui

364 3773 689 3828 assistebant
735 3776 886 3829 multi
934 3779 1268 3833 sacerdotum
1300 3782 1352 3835 in
1397 3783 1532 3839 albis
1562 3787 1820 3853 vestibus,
1851 3791 1947 3845 sed

359 3871 414 3918 ct
446 3865 760 3930 promiscua)
793 3869 1106 3936 populorum
1131 3871 1298 3926 turba:
1321 3873 1473 3928 valde
1500 3877 1944 3937 innumerabiles.

363 3953 562 4009 Verum
592 3970 712 4010 cum
759 3955 874 4012 haec
926 3960 1162 4029 trepidus
1212 3966 1948 4042 contemplareneouspicio

363 4051 573 4105 eminus
605 4051 744 4108 inter
773 4068 868 4108 eos
898 4054 1108 4110 beatum
1165 4067 1344 4114 astare
1396 4059 1691 4130 Sidonium,
1746 4075 1943 4124 etcum

359 4143 674 4214 presbytero
727 4145 821 4200 illo
854 4147 942 4201 tibi
992 4149 1291 4209 carissimo.
1317 4154 1402 4222 qui
1449 4163 1574 4210 ante
1603 4157 1700 4213 hos
1745 4176 1941 4228 paucos

355 4249 526 4288 annos
554 4236 623 4290 de
653 4237 753 4293 hoc
795 4240 994 4295 mundo
1044 4243 1314 4313 migravit,
1369 4255 1572 4303 attente
1616 4250 1939 4318 litigantem.

356 4326 475 4392 Quo
498 4327 727 4394 devicto,
765 4329 919 4399 jubet
949 4348 1040 4387 rex
1074 4343 1130 4388 ut
1151 4335 1204 4389 in
1252 4336 1372 4392 imis
1420 4342 1653 4396 carceris
1680 4346 1942 4413 angustiis

359 4420 686 4483 retrudatur;
734 4423 1019 4490 ablatoque
1065 4425 1190 4490 isto,
1220 4440 1401 4482 contra
1431 4439 1481 4482 te
1527 4433 1720 4486 iterum
1770 4437 1943 4490 insur-

2062 3252 2272 3291 murutn
2305 3239 2592 3308 demissus,
2615 3244 2870 3299 Arvernis
2893 3247 3129 3314 advenit,
3159 3249 3341 3320 ibique
3358 3253 3507 3322 juxta
3527 3272 3648 3312 vcr-

2063 3327 2186 3382 bum
2221 3329 2454 3396 Domini,
2489 3334 2629 3399 quod
2662 3339 2839 3404 posuit
2868 3338 2919 3391 iu
2970 3354 3065 3394 ore
3094 3344 3263 3397 sancti
3291 3345 3518 3414 Sidonii,
3549 3365 3644 3404 un-

2060 3419 2304 3476 decimus
2330 3422 2486 3478 datns
2518 3435 2604 3479 est
2628 3427 2937 3498 episcopus.

2131 3513 2321 3570 XXIV.
2378 3515 2484 3571 Sed
2536 3516 2555 3555 ε
2613 3529 2853 3589 tempore
2911 3519 3113 3578 Sidonii
3165 3527 3398 3597 episcopi
3454 3547 3644 3600 magna

2059 3605 2423 3676 Burgundiam
2475 3608 2644 3666 fames
2694 3613 2982 3681 oppressit.
3035 3612 3274 3686 Cumque
3325 3623 3504 3690 populi
3549 3639 3644 3693 per

2056 3697 2298 3753 diversas
2327 3700 2574 3770 regiones
2600 3701 3058 3773 dispergerentur,
3086 3723 3185 3763 nec
3206 3723 3350 3764 esset
3374 3712 3514 3766 ullus
3551 3718 3642 3783 qui

2057 3791 2381 3859 pauperibus
2423 3792 2731 3848 alimoniam
2783 3795 3090 3868 largiretur,
3140 3800 3382 3857 Ecdicius
3423 3805 3648 3872 quidam

2054 3897 2118 3938 ex
2148 3884 2519 3950 senatoribus,
2581 3886 2737 3954 hujus
2793 3891 3118 3960 propinquus
3144 3902 3190 3957 ε,
3228 3909 3470 3963 magnam
3513 3908 3641 3954 tunc

2053 3992 2167 4032 rem
2209 3977 2263 4031 in
2293 3977 2404 4033 Deo
2431 3980 2669 4035 conlisus
2718 3979 2913 4038 fecisse
2959 3984 3288 4051 perhibetur.
3320 3987 3449 4042 Nam
3481 3991 3636 4043 iuva-

2052 4069 2290 4126 lescente
2317 4070 2477 4139 fame,
2510 4072 2657 4128 misit
2691 4089 2887 4143 pueros
2925 4089 3056 4131 suos
3079 4093 3200 4132 cum
3229 4081 3381 4150 equis
3402 4092 3455 4136 et
3484 4083 3638 4151 plau-

2051 4164 2176 4220 stris
2202 4179 2295 4234 per
2317 4164 2520 4220 vicinas
2558 4166 2659 4220 sibi
2687 4166 2931 4223 civitates
2951 4209 2968 4235 ,
3001 4178 3059 4224 ut
3088 4184 3182 4225 eos
3204 4173 3290 4240 qui
3325 4173 3425 4228 hac
3447 4175 3625 4244 inopia

2050 4255 2380 4311 vexabantur
2426 4256 2528 4310 sibi
2563 4257 2910 4314 adducerent.
2963 4261 3033 4313 At
3057 4260 3129 4314 illi
3155 4273 3364 4329 euntes,
3403 4275 3634 4319 cunctos

2050 4358 2312 4413 pauperes
2345 4353 2606 4416 quotquot
2636 4347 2878 4403 invenire
2917 4357 3234 4417 potuerunt,
3267 4352 3539 4411 adduxere
3565 4359 3633 4410 a-l

2049 4436 2267 4493 domum
2296 4438 2321 4476 ιι
2351 4439 2490 4509 ejus.
2525 4440 2710 4510 ibique
2737 4455 2831 4496 eos
2861 4457 2956 4511 per
2985 4457 3146 4498 omne
3175 4454 3385 4515 tempus
3428 4449 3626 4503 sterili-

351 4523 476 4576 gere
505 4505 552 4573 ἀ,
583 4510 768 4564 dicens
799 4520 850 4565 te
897 4512 947 4566 in
979 4528 1045 4568 eo
1101 4515 1342 4581 scelere,
1395 4531 1611 4588 propter
1657 4525 1797 4592 quod
1852 4526 1940 4582 ille
1967 4534 2023 4595 Ι)
2049 4530 2172 4584 tatis
2217 4505 2473 4600 pascens,
2506 4531 2573 4586 ab
2600 4505 2817 4588 interitu
2849 4533 3007 4590 famis
3055 4537 3274 4591 exemit.
3327 4538 3630 4611 Fuereque,

421 4665 665 4738 'ARegm.
698 4707 712 4731 ,
745 4667 1001 4736 inferioris
1028 4682 1257 4738 egestus,
1285 4683 1335 4726 et
1364 4674 1495 4729 infra
1526 4676 1833 4735 obaudialur
1852 4701 1935 4738 ra-

349 4736 559 4814 cc'rdoti.
589 4739 713 4792 Dec.
739 4777 754 4803 ,
798 4741 961 4808 partis
989 4736 1242 4812 inferioris
1287 4756 1580 4814 egestum...
1628 4736 1938 4810 obaudiatttr

343 4807 598 4861 sacerdos.

417 4876 442 4913 δ
471 4878 636 4958 tibiis
663 4895 804 4958 anno
850 4881 1064 4958 48.i,_ut
1092 4884 1276 4958 scribit
1325 4884 1557 4952 Savaro,
1617 4904 1671 4946 et
1715 4893 1930 4958 quidem

343 4945 433 5023 die
465 4947 529 5023 {2
556 4948 660 5004 kal.
702 4953 1034 5019 Septembris
1066 4996 1080 5018 ,
1122 4954 1237 5023 ejus
1269 4966 1446 5012 tamen
1479 4945 1669 5017 festum
1712 4945 1780 5016 ι’(ῑ
1813 4945 1925 5021 itii.

342 5016 581 5096 ejusdem
614 5016 811 5096 mensis
849 5024 899 5076 in
948 5016 1326 5096 Martyrologio
1367 5030 1607 5085 Romano
1643 5016 1925 5092 recolit—uir.

343 5090 713 5165 _Sep_ultus_est
762 5094 812 5146 in
839 5096 1065 5150 ecclesia
1086 5090 1267 5152 'saucti
1312 5099 1616 5165 Saturnini,
1649 5116 1706 5158 ut
1731 5090 1928 5162 dicitur

339 5159 395 5239 in
425 5160 516 5217 lib.
544 5175 558 5214 ι
589 5161 653 5214 de
684 5166 876 5239 eccles.
931 5166 1258 5239 Claromont.
1282 5212 1298 5235 ,
1329 5185 1447 5239 cap.
1480 5172 1566 5225 ‘22.
1602 5159 1731 5230 Ηεειο
1753 5159 1927 5231 eccle-

340 5230 418 5283 sia
451 5241 653 5285 mutato
703 5236 916 5289 nomine
944 5238 1112 5291 sancti
1143 5230 1426 5295 Amandini
1466 5244 1604 5298 dicta
1645 5230 1934 5302 estal’ost-

342 5302 894 5383 modumhtranslatum
918 5317 1001 5361 est
1032 5309 1090 5362 Β.
1110 5309 1313 5365 Sidonii
1340 5328 1535 5383 corpus
1562 5318 1612 5370 in
1642 5319 1924 5375 ecclesiam

337 5377 508 5426 sancti
543 5372 775 5428 Genesii.

410 5454 434 5480 ο
493 5446 714 5527 Domum
762 5445 1004 5527 ecclesia
1058 5452 1250 5527 passim
1305 5465 1564 5527 memorat
1602 5456 1911 5527 Gregorius,

335 5529 442 5584 quo
489 5519 701 5593 nomine
729 5519 880 5593 sedes
893 5521 1228 5593 episcopales
1247 5563 1260 5586 ,
1293 5525 1480 5593 majori
1506 5519 1748 5582 ecclesia}
1775 5519 1921 5586 urbis

337 5599 432 5638 seu
481 5588 772 5666 cathedrali
816 5589 1186 5658 adhaarentes,
1235 5588 1504 5666 designari
1565 5599 1775 5656 videtur
1800 5617 1919 5659 esse

336 5666 482 5708 extra
517 5659 753 5714 (lult'um.
1356 5659 1381 5666 '
1629 5685 1650 5700 .

412 5723 437 5762 ⁸
470 5726 612 5781 Editi
643 5733 867 5796 habent,
895 5733 1135 5803 suggerit.

2121 4693 2145 4722 ε
2178 4686 2253 4740 De
2275 4685 2461 4741 eodem
2494 4687 2631 4742 infra
2661 4703 2779 4758 cap.
2819 4688 2889 4743 36
2918 4729 2933 4754 ,
2968 4699 3020 4744 et
3054 4690 3147 4745 lib.
3174 4707 3232 4745 nt
3262 4735 3276 4758 ,
3310 4708 3430 4758 cap.
3458 4695 3492 4746 ‘2
3517 4735 3531 4757 ,
3563 4697 3630 4751 ad

2044 4768 2465 4832 qu_etn_exs_lant
2512 4759 2713 4832 aliquot
2764 4761 2960 4814 Ruricii
3018 4761 3416 4817 Lemovicensis
3460 4768 3626 4832 episc.

2041 4828 2298 4904 epistolis.
2331 4829 2514 4904 Eidem
2537 4871 2551 4893 ,
2585 4829 3085 4904 adhucLingonnm
3114 4835 3384 4903 episcopo,
3411 4828 3626 4904 scripsit

2045 4897 2297 4952 Sidonius
2326 4901 2604 4967 epistolam
2635 4899 2698 4953 lO
2727 4901 2844 4956 libri
2875 4897 2948 4958 ix.
2976 4897 3229 4968 Sepuitus
3267 4897 3347 4959 est
3373 4907 3423 4958 in
3449 4897 3628 4961 eccle-

2041 4969 2120 5046 sia
2133 4969 2187 5023 S.
2206 4969 2458 5046 Stephani
2473 4986 2537 5046 ex
2554 4972 2647 5027 lib.
2659 4987 2708 5046 ιζ
2720 4974 3006 5046 Ecclesiar.
3025 4973 3376 5046 Claromont..
3396 4992 3513 5044 cap.
3536 4977 3623 5046 l5,

2033 5039 2123 5115 ubi
2173 5049 2378 5115 sanctus
2405 5041 2638 5115 dicitur._
2671 5042 2986 5099 Celebratur
3022 5043 3076 5098 in
3125 5044 3404 5115 Martyrol.
3435 5039 3624 5104 Gallic.

2030 5108 2268 5165 Saussaii
2307 5113 2393 5167 die
2423 5113 2488 5167 M
2519 5113 2662 5168 Maii.

2105 5198 2127 5239 ι
2181 5202 2290 5256 Hoc
2322 5214 2480 5270 caput
2507 5203 2657 5260 deest
2682 5207 2735 5258 in
2769 5204 2902 5259 Bell.
2936 5206 2989 5260 ln
3025 5207 3196 5263 tribus
3226 5223 3354 5264 vero
3382 5211 3503 5267 aliis
3525 5213 3624 5269 ab-

2043 5271 2438 5342 soluteincipit,
2467 5274 2711 5345 Tempore
2737 5275 2967 5342 Sidonii,
2996 5289 3102 5334 etc.

2107 5374 2134 5412 ε
2162 5363 2438 5441 Ecdicius,
2469 5383 2583 5433 seu,
2618 5369 2788 5441 ut‘alii
2815 5371 3054 5426 scribunt
3085 5414 3098 5436 ,
3134 5373 3448 5441 Hecdicius,
3483 5377 3622 5433 ﬁlius

2028 5435 2126 5513 fuit
2175 5437 2343 5513 A__viti_
2374 5438 2717 5507 imperatoris
2746 5480 2762 5506 ,
2795 5451 2848 5513 et
2878 5443 3043 5513 frater
3096 5435 3622 5513 Papianillze'uxoris

2027 5507 2256 5586 Sidonii,
2281 5509 2518 5586 adquem
2543 5507 3255 5586 exstantejusdemdSido'uii
3283 5531 3498 5571 carmen
3522 5518 3620 5586 30‘

2026 5578 2250 5646 epistola
2290 5579 2310 5631 ι
2345 5578 2436 5631 lib.
2467 5595 2542 5641 ιι,
2571 5581 2624 5633 et
2656 5582 2689 5635 δ
2737 5578 2856 5635 libri
2907 5598 2986 5638 ιη.
3021 5584 3214 5639 Factus
3240 5596 3324 5640 est
3358 5578 3619 5645 Patricius

2028 5665 2057 5703 a
2083 5648 2716 5721 .l‘uli‘ogl‘iepoteAugnsm
2745 5666 2808 5706 ex
2841 5656 2998 5721 epist.
3039 5657 3104 5711 l6
3135 5656 3228 5713 lib.
3276 5672 3330 5712 v.

2101 5716 2130 5758 ⁸
2160 5719 2301 5775 Editi
2333 5716 2721 5791 plerique—cum
2755 5716 2900 5789 Deci,
2932 5727 3002 5779 ad
3027 5727 3225 5782 domos.
