3994 6332
375 248 472 304 121

1307 240 1619 299 HISTORIA
1663 241 2114 301 FRANCORUM.
2157 243 2363 300 LIBER
2401 242 2777 299 SECUNDIIS.

3520 242 3628 298 222

374 375 429 419 ut
460 360 613 417 multi
659 361 843 420 aiunt.
885 356 1116 427 amplius
1162 370 1319 425 quam
1348 366 1576 426 quatuor
1606 357 1770 411 millia
1827 370 1950 425 pro-
1975 364 2024 420 Α
2053 369 2192 409 unus
2230 371 2297 411 ex
2325 355 2663 411 senatoribus
2687 398 2701 422 ,
2745 355 3063 424 subrogatus
3090 363 3191 410 est.
3218 354 3326 410 Sed
3365 370 3394 409 a
3424 354 3634 411 Gotthis

374 454 562 511 miscui
593 466 779 507 sexus.
829 448 1162 504 Adveniente
1187 458 1363 501 autem
1395 447 1673 515 ubertate,
1708 446 1952 501 ordinata

374 549 570 601 iterum
622 540 935 605 evectiOne,
993 553 1427 608 unumquemque
1469 538 1521 591 in
1570 539 1747 591 locum
1798 551 1954 592 suum

378 637 631 692 restituit.
660 635 785 689 Post
805 648 1031 703 quorum
1060 632 1357 686 discessum
1377 671 1393 696 ,
1424 644 1525 683 vox
1556 629 1622 684 ad
1645 645 1765 685 eum
1792 645 1823 684 e
1844 645 1957 685 cm-

377 732 442 785 lis
465 731 612 798 lapsa
664 726 932 799 pervenit,
970 725 1158 781 dicens
1188 742 1202 777 :
1233 723 1436 789 Ecdici,
1471 723 1674 790 Ecdici,
1700 724 1825 794 quia
1880 723 1958 778 fe-

373 824 493 879 cisti
523 836 638 878 rem
670 822 830 888 banc,
854 821 946 875 tibi
975 831 1029 875 et
1070 818 1266 874 semini
1295 826 1386 872 tuo
1432 818 1583 887 panis
1628 834 1734 873 non
1783 819 1958 874 deerit

375 914 427 969 in
458 913 841 982 sempiternum
876 927 891 963 :
924 925 990 965 eo
1032 909 1172 980 quod
1212 908 1481 965 obedieris
1527 909 1702 964 verbis
1743 910 1877 964 meis
1904 918 1959 965 et

374 1004 572 1059 famem
596 1018 766 1058 meam
798 1001 1091 1055 refectione
1121 1014 1411 1069 pauperum
1447 1000 1742 1055 satiaveris.
1786 1000 1956 1066 Quem

379 1095 652 1151 Ecdicium
707 1093 857 1149 mirae
888 1090 1181 1148 velocitatis
1230 1092 1392 1146 fuisse
1436 1092 1544 1163 77
1592 1094 1743 1147 multi
1800 1108 1953 1148 com-

379 1194 683 1243 memorant
712 1201 729 1241 :
756 1201 875 1239 nam
902 1184 1130 1254 quadam
1166 1186 1284 1239 vice
1307 1184 1705 1240 multitudinem
1732 1183 1959 1241 G0ttho-

380 1294 497 1335 rttm
528 1293 651 1331 cum
681 1277 868 1331 decem
900 1277 1025 1329 viris
1060 1276 1269 1346 fugasse
1308 1276 1658 1345 perscribitur
1698 1284 1746 1333 ⁸.
1778 1276 1883 1331 Sed
1906 1286 1961 1332 et

380 1380 597 1425 sanctus
628 1369 847 1425 Patiens
899 1368 1266 1437 Lugdunensis
1295 1362 1576 1436 episcopus
1612 1367 1787 1421 simile
1835 1367 1961 1422 huic

380 1466 433 1519 in
478 1464 590 1532 ipsa
633 1462 774 1516 fame
802 1460 1013 1532 populis
1055 1460 1371 1529 praestitisse
1418 1446 1961 1530 perhibetnrbcneil-

380 1556 541 1610 cium.
577 1553 767 1608 Exstat
810 1547 1004 1607 exinde
1034 1551 1191 1606 hodie
1246 1551 1386 1621 apud
1439 1566 1537 1605 nos
1584 1551 1723 1606 beati
1754 1551 1961 1607 Sidonii

378 1646 605 1711 epistola
633 1643 685 1710 δ,
714 1642 767 1697 in
796 1658 897 1712 qua
921 1657 1041 1695 eum
1070 1641 1448 1696 declamatorie
1472 1639 1813 1695 collaudavit.

2056 442 2334 514 suspectus
2362 445 2602 511 habitus,
2651 447 2990 516 episcopatus
3034 448 3113 499 sui
3146 462 3288 501 anno
3314 449 3541 516 septimo
3586 446 3638 501 in

2060 535 2344 603 Hispanias
2375 549 2456 590 est
2483 537 2635 606 quasi
2668 538 2906 606 captivus
2934 538 3229 602 abductus;
3259 539 3351 594 sed
3399 539 3639 607 protinus

2057 627 2218 681 vitatu
2250 627 2439 681 finivit.
2467 627 2521 681 In
2564 626 2718 697 cujus
2758 628 2873 681 loco
2924 627 3089 681 Verus
3120 625 3140 664 τ
3171 628 3488 692 succedens,
3516 644 3638 697 sep-

2055 718 2219 771 timus
2234 730 2351 787 post
2371 719 2582 773 beatum
2608 718 2887 772 Martinam
2904 719 3013 789 78
3033 719 3309 773 ordinatur
3329 721 3634 790 episcopus.

2129 831 2340 887 XXVII.
2385 832 2476 886 His
2505 840 2528 879 8
2571 832 2641 885 ita
2674 832 2875 901 gestis,
2927 841 3139 885 mortuo
3171 830 3493 897 Childerico,
3554 846 3638 884 re-

2057 923 2241 990 gttavit
2289 920 2697 975 Chlodovecltus
2726 962 2743 988 ,
2776 922 2913 975 titius
2962 921 3117 990 ejus,
3198 934 3293 990 pro
3344 938 3431 975 eo.
3485 925 3640 975 Anno

2058 1025 2263 1068 autem"
2292 1014 2479 1081 quinto
2528 1017 2677 1082 regni
2736 1014 2899 1082 ejus,
2964 1013 3219 1083 Syagrius
3277 1013 3638 1067 Romanorum

2061 1120 2153 1159 rex
2190 1145 2205 1167 .
2261 1104 2460 1173 Egidii
2518 1105 2699 1172 (ilius,
2750 1107 2815 1159 ad
2870 1106 3143 1160 civitatem
3201 1107 3518 1160 Suessionas
3558 1105 3627 1170 ιι,

2060 1212 2217 1267 quam
2247 1197 2518 1266 quondam
2549 1210 2706 1267 supra
2750 1208 3077 1251 memoratus
3103 1196 3344 1266 Atlg'tdius
3368 1210 3632 1261 tenuerat,
3670 1238 3673 1239 ν

2061 1288 2242 1341 sedem
2273 1287 2519 1340 habebat.
2568 1287 2740 1356 Super
2768 1302 2922 1356 quem
2950 1286 3357 1342 Ghlodovechus
3377 1304 3498 1341 eum
3529 1287 3637 1341 Ra-

2060 1376 2350 1447 gnachario
2379 1374 2394 1413 ί
2425 1387 2643 1445 parente
2662 1391 2780 1438 suo,
2806 1376 2923 1446 quia
2943 1387 2996 1431 et
3018 1378 3129 1445 ipse
3151 1391 3372 1445 regnum
3398 1376 3637 1437 tenebat,

2063 1469 2305 1531 veniens,
2337 1483 2584 1537 campum
2612 1483 2798 1538 pugna:
2824 1469 3109 1537 praeparari
3132 1469 3392 1538 deposcit.
3418 1468 3521 1523 Sed
3545 1484 3644 1521 nec

2061 1558 2165 1613 iste
2210 1560 2436 1625 distulit,
2496 1575 2558 1614 ac
2612 1561 2865 1615 resistere
2910 1562 3117 1614 metuit.
3170 1560 3346 1627 Itaque
3398 1560 3536 1615 inter
3586 1575 3644 1612 se

2064 1650 2305 1720 utrisque
2329 1650 2704 1721 pugnantibus,
2737 1652 2989 1720 Syagrius
3015 1652 3203 1705 elisum
3232 1665 3458 1705 cernens
3486 1664 3643 1703 exer-

451 1737 621 1794 XXV.
646 1737 811 1805 Hujus
842 1745 1079 1805 tempore
1103 1744 1156 1789 et
1199 1735 1392 1789 Evarix
1421 1745 1444 1774 ο
1475 1750 1566 1790 rex
1599 1734 1914 1789 Gotthorum
1939 1775 1957 1802 ,
1991 1749 2037 1810 Β
2064 1741 2247 1808 citum,
2282 1750 2425 1809 terga
2470 1741 2649 1807 vertit,
2682 1750 2736 1795 et
2762 1740 2829 1794 ad
2860 1741 3131 1795 Alaricum
3158 1756 3363 1811 regem,
3394 1740 3642 1794 Tolosam

381 1833 649 1886 excedens
698 1828 989 1896 Hispanqu
1020 1826 1242 1880 limitem
1281 1867 1295 1891 ,
1326 1841 1544 1896 gravem
1572 1826 1625 1881 in
1673 1825 1858 1880 Galliis
1882 1841 1964 1878 su-

383 1936 477 1990 per
529 1919 864 1974 Gltristianos
921 1917 1097 1971 intulit
1157 1918 1604 1985 persecutionem.
1662 1917 1966 1972 Truncabat

382 2016 580 2086 passim
612 2012 949 2085 perversitatl
979 2028 1089 2067 suae
1120 2026 1222 2067 non
1251 2012 1649 2067 consentientes
1668 2054 1684 2079 ,
1738 2010 1965 2066 clericos

380 2106 689 2162 carceribus
734 2104 1012 2174 subigebat
1060 2121 1073 2157 :
1121 2103 1429 2160 sacerdotes
1466 2117 1614 2170 vero,
1643 2102 1779 2157 alios
1805 2102 1967 2155 dabat

382 2198 599 2265 exsilio,
643 2197 778 2251 alios
806 2195 983 2266 gladio
1024 2195 1341 2251 trucidabat.
1374 2196 1502 2250 Nam
1532 2205 1589 2250 et
1610 2196 1755 2265 ipsos
1782 2210 1965 2251 sacro—

382 2307 496 2348 rum
521 2289 843 2357 templorum
874 2287 1051 2342 aditus
1072 2288 1239 2356 spinis
1265 2287 1495 2357 iusserat
1530 2287 1793 2351 obserari,
1822 2287 1967 2341 scili-

380 2391 463 2437 cet
496 2391 554 2436 ut
593 2380 788 2435 raritas
830 2378 1162 2449 ingrediendi
1202 2378 1525 2435 oblivionem
1565 2376 1770 2434 faceret
1818 2379 1962 2433 ﬁdei.

380 2475 607 2531 Maxime
649 2484 775 2528 tunc
814 2473 1298 2545 Novempopnlaute
1322 2513 1338 2537 ,
1377 2472 1710 2547 geminatque
1743 2472 1964 2531 Germa-

379 2568 486 2623 nia:
513 2564 542 2603 ἀ
590 2566 771 2629 urbes,
800 2565 869 2620 ab
920 2565 1021 2618 hac
1068 2571 1385 2632 tempestate
1429 2562 1762 2630 deportulatte
1817 2570 1962 2617 sunt.

383 2660 571 2715 Exstat
586 2658 850 2726 hodieque
880 2666 933 2710 et
964 2671 1059 2724 pro
1096 2654 1195 2709 hac
1210 2668 1370 2708 causa
1392 2654 1457 2708 ad
1488 2653 1735 2708 Basilium
1758 2655 1968 2727 episco-

382 2768 505 2822 pum
536 2750 735 2806 nobilis
766 2749 974 2805 Sidonii
1024 2749 1189 2819 ipsius
1218 2748 1441 2818 epistola
1461 2788 1478 2813 ,
1504 2763 1622 2817 quae
1649 2748 1763 2803 haec
1784 2748 1853 2802 ita
1882 2747 1965 2802 lo-

383 2846 584 2916 quitur.
628 2843 734 2898 Sed
800 2850 1112 2912 persecutor
1140 2854 1246 2895 non
1268 2842 1404 2909 'post
1457 2840 1682 2895 multum
1731 2848 1964 2911 tempus,

383 2935 582 2990 ultione
609 2933 788 2988 divina
830 2945 1110 3000 percussus
1136 2930 1358 2985 interiit.

456 3025 645 3081 XXVI.
668 3024 797 3079 Post
826 3023 939 3077 haec
967 3031 991 3058 ι’
1015 3022 1199 3077 beatus
1244 3021 1538 3090 Perpetuus
1576 3021 1857 3077 Turonicze
1886 3023 1965 3078 ci-

2066 1850 2225 1890 cursu
2255 1834 2425 1891 veloci
2458 1835 2767 1905 perlabitur.
2798 1835 3211 1891 Gblodovecltus
3236 1846 3362 1892 vero
3384 1836 3447 1890 ad
3472 1837 3644 1890 Alari~

2066 1939 2186 1979 cum
2216 1925 2397 1989 mittit,
2430 1937 2487 1979 ut
2509 1941 2630 1979 eum
2672 1926 2921 1980 redderet
2967 1945 2981 1981 :
3031 1927 3263 1995 alioquin
3306 1927 3515 1979 noverit
3543 1927 3643 1979 sibi

2066 2015 2259 2071 bellum
2287 2017 2357 2071 ob
2382 2016 2499 2085 ejus
2528 2018 2878 2072 retentiouem
2912 2018 3116 2072 inferri.
3151 2023 3221 2072 At
3250 2018 3340 2073 ille
3379 2028 3642 2083 metuens,

2066 2121 2135 2160 ne
2160 2118 2377 2176 propter
2399 2121 2520 2159 eum
2546 2107 2676 2159 iram
2710 2106 3033 2161 Francorum
3066 2109 3394 2172 incurreret,
3433 2119 3485 2161 ut
3514 2109 3645 2163 Got-

2067 2198 2277 2252 thorum
2314 2213 2506 2267 pavere
2537 2213 2653 2252 mos
2679 2208 2760 2254 est
2799 2202 2814 2249 l
2842 2239 2857 2265 ,
2887 2200 3123 2254 vinctum
3174 2200 3360 2270 legatis
3403 2202 3639 2255 tradidit.

2070 2290 2242 2356 Quem
2288 2288 2701 2344 (:ltlodoveclttts
2730 2300 3003 2359 receptum
3055 2291 3311 2344 custodia:
3359 2290 3646 2359 mancipari

2068 2381 2323 2453 praecepit
2354 2400 2366 2433 :
2399 2397 2671 2452 regnoque
2718 2382 2835 2451 ejus
2864 2392 3103 2450 accepto,
3152 2398 3276 2437 eum
3306 2384 3480 2453 gladio
3507 2388 3642 2439 clam

2068 2477 2217 2533 l‘eriri
2247 2476 2536 2530 mandavit.
2586 2476 2664 2531 Eo
2694 2485 2934 2545 tempore
2967 2476 3144 2530 multa:
3175 2477 3416 2531 ecclesia?
3443 2491 3470 2529 a
3492 2476 3648 2531 Chlo-

2066 2566 2292 2622 tlovechi
2349 2567 2592 2621 exercitu
2642 2566 2960 2636 deprzedata:
3008 2578 3166 2631 sunt,
3221 2568 3342 2637 quia
3392 2578 3509 2624 erat
3561 2569 3647 2622 ille

2068 2661 2244 2714 adhuc
2274 2658 2518 2712 fauaticis
2538 2659 2812 2714 erroribus
2836 2659 3121 2713 involutus.
3145 2659 3304 2729 Igitur
3330 2660 3396 2714 de
3415 2660 3644 2730 quadam

2071 2752 2295 2806 ecclesia
2321 2765 2537 2805 urceum
2571 2750 2722 2805 mira:
2774 2750 3151 2821 magnitudinis
3193 2766 3255 2805 ac
3304 2751 3645 2821 pulchritudi-

2068 2845 2156 2898 n's
2216 2843 2394 2897 hostes
2448 2840 2812 2910 abstulerant,
2866 2858 2987 2897 cum
3033 2843 3252 2912 reliquis
3297 2843 3646 2898 ecclesiastici

2068 2936 2349 2990 ministerii
2378 2936 2734 2991 ornamentis.
2786 2935 3082 3007 Episcopus
3136 2933 3160 2971 ι
3200 2946 3375 2989 autem
3409 2934 3648 2989 ecclesiae

2069 3025 2215 3081 illius
2236 3027 2429 3081 missos
2456 3027 2521 3081 ad
2548 3042 2725 3097 regem
2766 3026 2969 3097 dirigit,
3001 3042 3228 3095 poscens
3260 3039 3315 3081 ut
3343 3027 3386 3081 si
3411 3027 3556 3080 aliud
3583 3029 3650 3082 de

385 3118 562 3171 vitatis
610 3117 929 3185 episcopus,
982 3113 1216 3183 impletis
1272 3113 1485 3183 triginta
1538 3112 1590 3167 in
1649 3117 1959 3185 episcopatu
2064 3118 2234 3172 sacris
2262 3118 2404 3172 vasis
2454 3120 2695 3187 recipere
2729 3132 2837 3172 non
2870 3127 3196 3182 mereretur,
3225 3119 3416 3172 saltem
3452 3119 3533 3173 vel
3558 3134 3648 3173 ur-

385 3208 559 3273 annis,
606 3208 659 3261 in
712 3222 839 3275 pace
868 3205 1117 3275 quievit:
1168 3205 1220 3259 in
1250 3206 1403 3274 cujus
1442 3204 1561 3261 loco
1623 3206 1967 3273 Volusianus,

457 3328 480 3355 ⁸
504 3318 561 3372 Id
596 3327 775 3371 narrat
809 3317 1062 3371 Sidonius
1089 3317 1246 3382 epist.
1272 3317 1306 3371 5
1337 3315 1454 3370 libri
1483 3332 1570 3381 ut,
1602 3316 1687 3372 ubi
1718 3320 1801 3374 vix
1834 3321 1965 3376 duo-

386 3390 627 3458 deviginti
658 3388 847 3455 equites
875 3402 993 3441 rum
1018 3386 1232 3440 Ecdicio
1257 3388 1419 3442 fuisse
1454 3388 1721 3442 dicuntur.

457 3460 485 3499 δ
520 3460 592 3513 Ea
618 3468 702 3513 est
747 3458 1062 3511 duodecima
1106 3458 1223 3511 libri
1274 3472 1349 3510 νι.
1387 3459 1643 3512 Ισὶιιηιᾱειιι
1689 3460 1866 3513 laudat
1895 3463 1964 3515 ob

386 3532 665 3585 ecclesiam
720 3528 960 3598 Lugduni
1013 3538 1370 3581 constructam
1425 3529 1514 3582 lib.
1566 3545 1624 3591 tt,
1669 3530 1824 3597 epist.
1876 3532 1962 3589 it).

391 3602 554 3665 Ipsius
580 3613 705 3652 vero
731 3598 985 3652 memoria
1037 3598 1085 3651 itt
1115 3599 1260 3652 lastis
1306 3599 1686 3655 ecclesiasticis
1709 3602 1963 3657 recolitur

388 3672 543 3726 tertio
566 3669 683 3723 idus
714 3667 1065 3734 Septembris.

460 3752 483 3779 ο
516 3741 564 3794 ls
612 3741 725 3807 ipse
753 3753 909 3805 supra
937 3754 1058 3807 cap.
1107 3737 1178 3790 ‘20
1221 3738 1518 3807 appellatur
1567 3739 1837 3806 Eorichus,
1869 3756 1963 3797 seu

392 3810 670 3866 Euricltus.
723 3810 777 3862 ltt
809 3818 1040 3877 capttum
1072 3809 1332 3863 iudicibus
1359 3849 1373 3872 ,
1404 3813 1566 3864 etiam
1617 3814 1963 3867 vetustiorum

389 3882 632 3937 codicum
648 3880 864 3953 _legitur
897 3884 960 3933 de
1006 3879 1146 3937 Euva
1187 3895 1323 3951 rege.
1371 3878 1634 3935 Caeterum
1667 3881 1768 3937 hoc
1808 3894 1967 3953 caput

390 3954 538 4007 deest
560 3953 612 4005 in
647 3950 849 4004 Belluv.

461 4021 485 4060 ἀ
542 4020 847 4089 Legeodum
899 4019 1035 4073 haud
1080 4018 1240 4077 dubie
1294 4022 1599 4093 Aquitanus.
1650 4020 1765 4075 Non
1821 4023 1963 4079 enim

393 4092 685 4147 Evarichus
735 4094 1153 4161 persecutionem
1203 4095 1252 4146 in
1301 4092 1587 4148 Germania
1629 4094 1813 4156 movit,
1842 4110 1965 4148 cum

392 4164 710 4227 θεοηιΐδτὶο.
755 4163 982 4216 maxime
1011 4163 1320 4220 eﬂ'erbuerit
1356 4165 1409 4218 in
1456 4164 1964 4231 NovempOpulani-a,

388 4250 451 4289 ac
476 4236 528 4288 itt
554 4242 779 4301 utraque
808 4232 1112 4302 Aquitania,
1135 4245 1189 4287 ut
1218 4245 1359 4303 patet
1386 4251 1449 4291 ex
1476 4235 1583 4302 ipsa
1617 4234 1816 4287 Sidonii
1845 4250 1965 4301 cpt.

392 4306 524 4362 stola
554 4304 622 4358 ad
653 4303 906 4357 Basilium
938 4303 1267 4371 episcopum,
1325 4320 1481 4373 quam
1515 4307 1648 4356 intra
1675 4306 1963 4372 Gregorius

395 4378 604 4438 laudat;
632 4382 820 4443 estque
871 4373 903 4424 6
935 4373 1055 4427 libri
1087 4388 1175 4427 vn.
1213 4375 1284 4430 lbi
1332 4375 1472 4429 enim
1508 4386 1850 4431 recensentur
1879 4393 1967 4428 nr.

392 4449 485 4501 bt-s
508 4461 575 4500 ex
604 4445 685 4498 his
713 4445 880 4497 tribus
910 4445 1212 4511 provinciis,
1243 4450 1294 4499 in
1318 4447 1510 4512 quibus
1541 4448 1841 4513 persecutio
1865 4461 1963 4499 sat-

392 4518 487 4570 viit
512 4535 524 4569 :
549 4516 755 4572 scilicet
777 4513 952 4581 Elusa,
986 4516 1262 4580 Auscium,
1295 4516 1485 4569 Vastte
1537 4524 1589 4568 et
1619 4515 1884 4569 Convenae
1915 4518 1965 4569 in

394 4586 882 4658 Novempopulanta
918 4602 959 4658 ;_
980 4585 1246 4658 Rutheni,
1278 4586 1667 4658 Lemoviczeet
1697 4585 1876 4639 Gabalt
1917 4587 1967 4658 iu

396 4654 675 4728 Aquitania
705 4656 897 4728 prima;
928 4654 1220 4724 Burdegaia
1252 4669 1303 4709 et
1324 4656 1627 4728 Petrocotii
1660 4659 1712 4709 in
1736 4656 1967 4728 secunda

397 4726 699 4797 Atiuitaaia.
733 4726 845 4797 Non
878 4736 1050 4780 tamen
1081 4735 1276 4780 textum
1309 4727 1548 4797 Gregorii
1587 4726 1971 4797 mtttareilu-uit

395 4795 595 4868 absque
615 4795 840 4866 alicujus
868 4798 1066 4851 codicis
1111 4795 1441 4868 auctoritate.
1481 4798 1543 4851 Et
1574 4797 1788 4863 quidem
1811 4796 1968 4851 Vale-

394 4867 832 4927 sitts’Germania:
857 4883 1049 4921 nomen
1076 4884 1103 4919 a
1127 4867 1384 4937 Gregorio
1410 4868 1589 4921 datum
1610 4870 1773 4922 fuisse
1803 4869 1967 4935 Aquiv

397 4945 552 5003 tantae
579 4947 761 5008 putat,
813 4937 955 5008 quod
987 4937 1058 4991 ibi
1089 4951 1333 5008 regnaret
1364 4938 1604 5003 Euricus,
1638 4952 1794 5006 quem
1824 4938 1913 5008 hic
1936 4954 1965 4990 a

396 5006 677 5064 Germania
705 5006 985 5062 oriundum
1030 5006 1392 5065 existimabat.
1424 5008 1539 5073 Quo
1582 5022 1733 5074 pacto
1760 5018 1812 5060 et
1841 5007 1974 5071 Lug-

397 5080 650 5135 dunensis
681 5077 963 5139 Germania
994 5077 1190 5139 dicitur
1216 5094 1244 5130 a
1275 5080 1493 5137 Sidonio
1517 5079 1610 5140 lib,
1636 5094 1687 5141 v,
1722 5080 1879 5142 epist.
1916 5079 1970 5132 7.

396 5149 559 5204 Janus
580 5166 610 5202 a
635 5150 792 5205 Costa
826 5149 878 5201 in
903 5150 994 5202 lib.
1029 5164 1062 5203 ll
1087 5148 1441 5203 Decretalium
1470 5148 1709 5215 Gregorii
1730 5147 1795 5201 IX
1819 5150 1900 5202 tit.
1931 5164 1967 5207 ι.

398 5220 481 5273 hic
510 5221 788 5289 legendum
818 5233 938 5273 esse
982 5228 1186 5279 Censet,
1229 5220 1539 5289 geminaque
1562 5235 1835 5289 germanae.
1865 5219 1969 5271 6e-

398 5287 581 5343 usinam
610 5290 765 5349 enim.
789 5289 862 5342 uti
884 5287 1244 5357 prosequitur,
1263 5300 1310 5342 et
1334 5288 1599 5357 Duplicem
1621 5287 1966 5355 Aquitaniam,

395 5364 610 5428 primam
639 5373 685 5413 et
708 5360 982 5412 secundum
1009 5404 1023 5427 ,
1046 5362 1298 5429 eleganter
1328 5372 1467 5412 vocat
1493 5376 1783 5428 gt-rmauam
1814 5370 1859 5412 et
1881 5375 1969 5419 so.-

395 5448 557 5485 rorem
587 5430 1078 5496 NovetttpOpulauia:
1097 5473 1110 5494 ,
1138 5431 1190 5482 id
1218 5440 1292 5483 est
1323 5431 1605 5497 Aquitania
1625 5430 1804 5493 tertiw,
1823 5430 1972 5495 quasi

397 5502 665 5564 prorinciw
694 5500 867 5559 divisa:
910 5501 1140 5561 induas,
1188 5512 1284 5553 tres
1324 5501 1401 5553 vel
1447 5500 1615 5564 plures
1641 5501 1741 5552 sint
1765 5500 1860 5553 sibi
1888 5501 1968 5554 in-

396 5573 549 5624 vicem
578 5585 775 5623 sorores
799 5585 860 5622 ea:
889 5571 982 5621 hac
1006 5570 1251 5623 divisione
1280 5572 1628 5639 ;Itabeatttque
1656 5587 1966 5628 communem

393 5644 609 5689 matrem
633 5639 805 5701 urbem
837 5639 1081 5703 Romam,
1112 5641 1309 5707 imperii
1358 5651 1530 5707 caput,
1581 5660 1610 5692 ιι
1634 5658 1733 5706 qtm
1776 5641 1967 5694 scilicet

392 5708 670 5773 provincia:
718 5707 961 5763 instituta:
981 5720 1026 5763 et
1074 5710 1226 5765 veluti
1266 5722 1445 5778 parlw.
1494 5713 1582 5767 διε
1604 5712 1740 5772 πιλία
1775 5710 1964 5763 Tertul-

2066 3225 2221 3266 ceum
2250 3211 2475 3264 ecclesia
2504 3224 2599 3264 sua
2645 3210 2928 3278 reciperet.
2962 3209 3087 3263 Haec
3128 3208 3350 3263 audiens
3381 3225 3507 3273 rex,
3540 3210 3650 3280 79

2065 3323 2261 3378 (ianum
2289 3323 2340 3375 in
2391 3320 2522 3374 libra
2542 3325 2605 3375 de
2652 3319 2821 3375 Pallio
2854 3319 3003 3375 Utica
3050 3319 3248 3372 colonia
3302 3318 3649 3375 Romanorum

2067 3394 2254 3447 dicitur
2290 3408 2437 3445 soror
2484 3392 2824 3460 Carthaginis.
2882 3393 3005 3445 Hatc
3049 3391 3154 3455 ille,
3184 3390 3337 3456 cujus
3381 3394 3647 3445 sententia

2066 3479 2132 3519 ex
2161 3465 2510 3517 Testamento
2540 3464 2599 3518 S.
2647 3460 2870 3530 Remigii
2927 3460 3153 3528 aliisque
3182 3460 3416 3527 antiquis
3456 3475 3645 3514 moun-

2067 3535 2262 3589 mentis
2289 3534 2595 3587 conlirmari
2650 3542 2826 3600 potest
2853 3572 2867 3595 ,
2900 3532 2951 3586 itt
2997 3532 3187 3599 quibus
3220 3530 3470 3584 Ecclesiae
3494 3530 3644 3586 'Rhe.

2068 3604 2267 3658 mensis
2296 3618 2359 3657 ac
2406 3602 2742 3658 Trevir-ensis
2767 3618 2966 3656 sorores
3005 3601 3337 3668 appellantur
3366 3644 3380 3667 ,
3407 3615 3472 3655 eo
3503 3601 3643 3667 quod

2068 3684 2296 3742 utraque
2316 3674 2369 3726 itt
2403 3672 2613 3742 Belgica
2643 3673 2951 3741 metropolis
2977 3681 3119 3742 esset
3140 3680 3197 3742 et
3224 3686 3335 3724 suat
3356 3672 3646 3742 provincias

2066 3741 2243 3810 caput.
2278 3742 2440 3796 Favet
2464 3741 2623 3797 etiam
2670 3744 2837 3798 codex
2887 3759 2989 3797 ms.
3022 3741 3429 3812 Regii-montis,
3461 3742 3513 3794 in
3544 3757 3649 3812 quo

2069 3814 2283 3884 legitur,
2315 3814 2622 3882 gentiumque
2644 3829 2919 3884 germana}.

2136 3880 2160 3921 δ
2196 3880 2476 3952 lloccaput
2498 3880 2721 3937 deest-in
2744 3881 3083 3937 codd.Corb.
3114 3891 3166 3936 et
3190 3882 3393 3943 Bellov.
3422 3880 3643 3935 lnCoIb.

2068 3963 2244 4007 autem
2298 3954 2398 4006 alia
2449 3968 2643 4017 manu,
2679 3954 2815 4007 Iicct-
2854 3953 3099 4020 antiqua,
3156 3952 3393 4004 additum
3424 3963 3524 4005 est.
3577 3952 3652 4004 De

2069 4024 2371 4147 Pezqetuo,
2429 4022 2718 4079 Volusiano
2773 4033 2827 4077 et
2882 4023 3020 4079 Vero
3070 4022 3192 4077 vide
3240 4023 3379 4075 infra
3428 4022 3522 4075 lib.
3577 4036 3650 4083 ι.

2069 4108 2115 4147 c.
2150 4111 2180 4147 ο
2223 4133 2237 4146 .

2065 4108 2115 4148 c.
2149 4096 2237 4148 ⁸51.

2144 4162 2163 4202 ⁸
2195 4165 2284 4218 Sic
2309 4162 2460 4217 Colb.
2508 4170 2564 4218 et
2596 4163 2726 4230 Reg.
2766 4178 2887 4217 cum
2928 4163 3130 4232 aliquot
3166 4161 3352 4225 editis;
3388 4158 3475 4213 alii
3523 4174 3647 4214 cum

2072 4233 2196 4288 Bec.
2227 4240 2281 4286 et
2305 4233 2519 4301 Regm.,
2558 4232 2727 4287 Virus.

2143 4313 2167 4350 s
2195 4304 2301 4356 IIOc
2328 4312 2488 4369 caput
2515 4302 2668 4355 deest
2691 4304 2742 4355 in
2773 4301 2893 4355 cod.
2927 4301 3192 4355 Bellovac.

2143 4371 2171 4413 ιι
2198 4368 2675 4437 Corb.,Sa.tonas;
2723 4372 2977 4441 scriptum
3015 4382 3098 4426 est
3125 4383 3303 4441 tamen
3344 4368 3467 4441 alia_
3491 4383 3649 4421 manu

2072 4444 2184 4500 fere
2209 4444 2422 4513 atquali,
2454 4445 2591 4497 sicut
2613 4455 2666 4497 et
2696 4437 2867 4513 inira,
2899 4442 3221 4497 Suessionas.
3254 4440 3400 4513 Bec.,
3429 4437 3664 4513 Suessio-

2074 4532 2182 4581 nes,
2213 4510 2431 4569 et'inl‘ra
2456 4513 2748 4568 Sessionas.
2788 4512 2917 4581 Quae
2956 4513 3211 4568 lectiones
3263 4510 3425 4565 varia:
3452 4512 3647 4579 passim

2076 4587 2127 4640 itt
2158 4600 2288 4640 mss.
2319 4593 2625 4638 occurrunt.

2152 4655 2167 4694 ί
2205 4656 2344 4711 idem
2372 4654 2519 4719 cod.,
2558 4652 2816 4723 liagnario
2850 4662 3056 4724 parente
3077 4669 3187 4724 suo,
3219 4651 3304 4718 qui
3324 4660 3370 4705 et
3392 4650 3500 4724 ipse
3522 4659 3658 4703 tene-

2077 4726 2181 4791 bat,
2213 4726 2413 4778 veniens
2468 4720 2704 4796 campum
2742 4732 2799 4777 ut
2836 4720 3124 4796 pugnaret:
3158 4722 3370 4796 Regm.,
3422 4720 3653 4796 (iacetia-

2076 4800 2223 4850 rio...
2254 4804 2504 4857 tenuerat,
2536 4792 2642 4848 etc.
2671 4792 2864 4860 Golb.',
2908 4792 3229 4862 Raghenario
3250 4792 3571 4862 LCICrIdelll
3600 4801 3654 4845 et

2079 4868 2191 4921 Pal.
2227 4881 2321 4933 pro
2349 4865 2717 4918 Glodowchus
2751 4864 2950 4918 habent
2973 4860 3185 4929 semper
3240 4860 3653 4933 Hludouuicltus,
3698 4926 3704 4933 .

2077 4950 2131 4991 et
2153 4937 2254 4990 alia
2288 4951 2444 4988 manu
2493 4935 2677 4997 ltegm.
2711 4975 2727 5000 ,
2769 4933 3045 4988 Clodoveus
3077 4950 3095 4987 :
3122 4933 3261 5001 quod
3289 4935 3455 4986 semel
3476 4941 3532 4986 et
3560 4932 3655 4985 ite~

2076 5023 2194 5063 rum
2228 5006 2498 5060 monuisse
2525 5006 2655 5058 satis
2679 5006 2767 5059 sit.

2152 5075 2167 5126 i
2202 5075 2332 5131 Vide
2360 5075 2663 5129 Salvianum
2695 5074 2788 5129 lih.
2820 5090 2919 5136 vtt,
2947 5073 3016 5127 de
3033 5071 3437 5127 Gubernatione
3465 5071 3580 5126 Dei.

2148 5146 2174 5191 κ
2223 5146 2318 5198 Hie
2358 5148 2453 5197 luit
2491 5148 2674 5198 beatus
2720 5145 2989 5213 Remigius
3031 5144 3355 5197 lihemorum
3405 5143 3652 5213 antistes,

2072 5225 2131 5270 ut
2180 5215 2530 5281 Fredegarius
2583 5229 2703 5278 cap.
2756 5215 2822 5267 16
2844 5211 3260 5281 ,_liincmarus,
3294 5211 3653 5276 Frodoardus,

2071 5287 2269 5355 aliique
2295 5294 2540 5355 auctores
2592 5295 2872 5342 testantur.
2918 5285 3083 5341 Porro
3114 5284 3385 5355 ministerii
3410 5281 3651 5355 ecclesia-

2068 5352 2193 5418 stici
2214 5354 2427 5409 nomine
2477 5369 2681 5412 sacram
2720 5355 2961 5412 ecclesia:
3002 5352 3647 5423 suppellectilemintelli-

2070 5428 2283 5499 gebant,
2317 5436 2375 5484 ut
2403 5440 2465 5480 ex
2507 5426 2867 5499 compluribus
2895 5421 3134 5496 Gregorii
3153 5421 3648 5499 AipsiosLaliorum-

2071 5490 2174 5563 que
2196 5490 2469 5551 auctorum
2507 5490 2643 5550 locis
2675 5507 2917 5562 constat,
2949 5490 3082 5565 qu'os
3118 5490 3313 5565 videsis
3342 5490 3484 5565 libro
3514 5491 3637 5565 t_Li-

2072 5560 2256 5638 turgite
2283 5567 2564 5625 Gallicanae
2590 5566 2877 5638 Maltilloni‘t
2904 5560 3092 5629 nostri,
3117 5578 3234 5628 cap.
3256 5563 3321 5638 7._
3339 5560 3645 5638 [urgendum

2074 5654 2134 5692 ea
2159 5630 2227 5697 ile
2252 5652 2308 5693 re
2334 5638 2472 5691 bcati
2520 5637 2698 5691 Aredii
2728 5638 3123 5692 Testamentum
3140 5668 3158 5698 .
3183 5630 3324 5705 quod
3352 5633 3406 5687 in
3426 5630 3650 5704 ’Appeu-

2075 5713 2192 5765 dice
2214 5708 2472 5771 integrum
2504 5708 2853 5774 proicretttus.
