  <div class='ocr_page' id='page_1' title='image "/cluster/home/n/w/nwhite01/storage/ocr_20150623/71/hvd.32044054758743/119.png"; bbox 0 0 3994 6332; ppageno 0'>
   <div class='ocr_carea' id='block_1_1' title="bbox 341 227 449 286">
    <p class='ocr_par' dir='ltr' id='par_1_1' title="bbox 341 227 449 286">
     <span class='ocr_line' id='line_1_1' title="bbox 341 227 449 286; baseline 0 -1"><span class='ocrx_word' id='word_1_1' title='bbox 341 227 449 286; x_wconf 69' lang='grc'><strong>923</strong></span> 
     </span>
    </p>
   </div>
   <div class='ocr_carea' id='block_1_2' title="bbox 1335 219 2576 299">
    <p class='ocr_par' dir='ltr' id='par_1_2' title="bbox 1335 219 2576 299">
     <span class='ocr_line' id='line_1_2' title="bbox 1335 219 2576 299; baseline 0.002 -19"><span class='ocrx_word' id='word_1_2' title='bbox 1335 224 1398 281; x_wconf 84' lang='grc'><strong>8.</strong></span> <span class='ocrx_word' id='word_1_3' title='bbox 1437 221 1771 281; x_wconf 72' lang='lat' dir='ltr'><strong>GREGORH</strong></span> <span class='ocrx_word' id='word_1_4' title='bbox 1805 219 2111 284; x_wconf 67' lang='lat' dir='ltr'><strong>EPla&#39;COPl</strong></span> <span class='ocrx_word' id='word_1_5' title='bbox 2148 223 2576 299; x_wconf 66' lang='lat' dir='ltr'><strong>TURONENSIS</strong></span> 
     </span>
    </p>
   </div>
   <div class='ocr_carea' id='block_1_3' title="bbox 3499 233 3604 288">
    <p class='ocr_par' dir='ltr' id='par_1_3' title="bbox 3499 233 3604 288">
     <span class='ocr_line' id='line_1_3' title="bbox 3499 233 3604 288; baseline 0.019 -2"><span class='ocrx_word' id='word_1_6' title='bbox 3499 233 3604 288; x_wconf 62' lang='grc' dir='ltr'><strong>εει</strong></span> 
     </span>
    </p>
   </div>
   <div class='ocr_carea' id='block_1_4' title="bbox 331 335 3606 418">
    <p class='ocr_par' dir='ltr' id='par_1_4' title="bbox 331 335 3606 418">
     <span class='ocr_line' id='line_1_4' title="bbox 331 335 3606 418; baseline 0.002 -21"><span class='ocrx_word' id='word_1_7' title='bbox 331 343 409 398; x_wconf 99' lang='lat' dir='ltr'><strong>ait</strong></span> <span class='ocrx_word' id='word_1_8' title='bbox 430 339 620 404; x_wconf 89' lang='lat' dir='ltr'><strong>nuntio</strong></span> <span class='ocrx_word' id='word_1_9' title='bbox 651 363 668 400; x_wconf 87' lang='lat'><strong>:</strong></span> <span class='ocrx_word' id='word_1_10' title='bbox 697 341 932 413; x_wconf 75' lang='lat' dir='ltr'><strong>Sequere</strong></span> <span class='ocrx_word' id='word_1_11' title='bbox 971 352 1069 396; x_wconf 87' lang='lat' dir='ltr'><strong>nos</strong></span> <span class='ocrx_word' id='word_1_12' title='bbox 1098 350 1266 407; x_wconf 85' lang='lat' dir='ltr'><strong>usque</strong></span> <span class='ocrx_word' id='word_1_13' title='bbox 1295 335 1648 404; x_wconf 81' lang='lat' dir='ltr'><strong>Suessionas,</strong></span> <span class='ocrx_word' id='word_1_14' title='bbox 1693 337 1913 407; x_wconf 77' lang='lat' dir='ltr'><strong>quiaibi</strong></span> <span class='ocrx_word' id='word_1_15' title='bbox 1945 342 1994 406; x_wconf 71' lang='grc' dir='ltr'>Α</span> <span class='ocrx_word' id='word_1_16' title='bbox 2021 339 2154 408; x_wconf 88' lang='lat' dir='ltr'><strong>ejus.</strong></span> <span class='ocrx_word' id='word_1_17' title='bbox 2182 340 2424 408; x_wconf 81' lang='lat' dir='ltr'><strong>Quicum</strong></span> <span class='ocrx_word' id='word_1_18' title='bbox 2456 357 2573 399; x_wconf 86' lang='lat' dir='ltr'><strong>eam</strong></span> <span class='ocrx_word' id='word_1_19' title='bbox 2595 342 2855 399; x_wconf 87' lang='lat' dir='ltr'><strong>vidissent</strong></span> <span class='ocrx_word' id='word_1_20' title='bbox 2880 343 3180 414; x_wconf 83' lang='lat' dir='ltr'><strong>elegantem</strong></span> <span class='ocrx_word' id='word_1_21' title='bbox 3210 355 3368 416; x_wconf 91' lang='lat' dir='ltr'><strong>atque</strong></span> <span class='ocrx_word' id='word_1_22' title='bbox 3389 350 3606 418; x_wconf 82' lang='lat' dir='ltr'><strong>sapien-</strong></span> 
     </span>
    </p>
   </div>
   <div class='ocr_carea' id='block_1_5' title="bbox 333 429 1916 502">
    <p class='ocr_par' dir='ltr' id='par_1_5' title="bbox 333 429 1916 502">
     <span class='ocr_line' id='line_1_5' title="bbox 333 429 1916 502; baseline -0.002 -13"><span class='ocrx_word' id='word_1_23' title='bbox 333 445 524 491; x_wconf 92' lang='lat' dir='ltr'><strong>cuucta</strong></span> <span class='ocrx_word' id='word_1_24' title='bbox 556 449 674 502; x_wconf 69' lang='lat' dir='ltr'><strong>quae</strong></span> <span class='ocrx_word' id='word_1_25' title='bbox 697 433 954 502; x_wconf 88' lang='lat' dir='ltr'><strong>acquisita</strong></span> <span class='ocrx_word' id='word_1_26' title='bbox 977 439 1139 499; x_wconf 88' lang='lat' dir='ltr'><strong>sunt,</strong></span> <span class='ocrx_word' id='word_1_27' title='bbox 1165 429 1448 492; x_wconf 86' lang='lat' dir='ltr'><strong>dividenda</strong></span> <span class='ocrx_word' id='word_1_28' title='bbox 1471 440 1648 488; x_wconf 86' lang='lat' dir='ltr'><strong>erunt.</strong></span> <span class='ocrx_word' id='word_1_29' title='bbox 1677 430 1916 501; x_wconf 82' lang='lat' dir='ltr'><strong>Cumque</strong></span> 
     </span>
    </p>
   </div>
   <div class='ocr_carea' id='block_1_6' title="bbox 333 520 1919 590">
    <p class='ocr_par' dir='ltr' id='par_1_6' title="bbox 333 520 1919 590">
     <span class='ocr_line' id='line_1_6' title="bbox 333 520 1919 590; baseline -0.004 -10"><span class='ocrx_word' id='word_1_30' title='bbox 333 526 463 581; x_wconf 88' lang='lat' dir='ltr'><strong>mihi</strong></span> <span class='ocrx_word' id='word_1_31' title='bbox 491 523 734 582; x_wconf 85' lang='lat' dir='ltr'><strong>vasillud</strong></span> <span class='ocrx_word' id='word_1_32' title='bbox 765 537 884 577; x_wconf 91' lang='lat' dir='ltr'><strong>sors</strong></span> <span class='ocrx_word' id='word_1_33' title='bbox 915 520 1146 585; x_wconf 85' lang='lat' dir='ltr'><strong>dederit,</strong></span> <span class='ocrx_word' id='word_1_34' title='bbox 1185 536 1303 590; x_wconf 77' lang='lat' dir='ltr'><strong>quae</strong></span> <span class='ocrx_word' id='word_1_35' title='bbox 1329 535 1463 590; x_wconf 89' lang='lat' dir='ltr'><strong>papa</strong></span> <span class='ocrx_word' id='word_1_36' title='bbox 1512 521 1701 588; x_wconf 86' lang='lat' dir='ltr'><strong>poscit,</strong></span> <span class='ocrx_word' id='word_1_37' title='bbox 1749 520 1919 576; x_wconf 78' lang='lat' dir='ltr'><strong>adim-</strong></span> 
     </span>
    </p>
   </div>
   <div class='ocr_carea' id='block_1_7' title="bbox 333 612 1920 684">
    <p class='ocr_par' dir='ltr' id='par_1_7' title="bbox 333 612 1920 684">
     <span class='ocr_line' id='line_1_7' title="bbox 333 612 1920 684; baseline -0.002 -14"><span class='ocrx_word' id='word_1_38' title='bbox 333 615 529 684; x_wconf 83' lang='lat' dir='ltr'><strong>pleam.</strong></span> <span class='ocrx_word' id='word_1_39' title='bbox 582 613 783 676; x_wconf 84' lang='lat' dir='ltr'><strong>Dehinc</strong></span> <span class='ocrx_word' id='word_1_40' title='bbox 830 612 1120 668; x_wconf 73' lang='lat' dir='ltr'><strong>adveniens</strong></span> <span class='ocrx_word' id='word_1_41' title='bbox 1147 612 1486 676; x_wconf 83' lang='lat' dir='ltr'><strong>Suessionas,</strong></span> <span class='ocrx_word' id='word_1_42' title='bbox 1528 619 1723 668; x_wconf 89' lang='lat' dir='ltr'><strong>cuncto</strong></span> <span class='ocrx_word' id='word_1_43' title='bbox 1751 627 1920 672; x_wconf 76' lang='lat' dir='ltr'><strong>onere</strong></span> 
     </span>
    </p>
   </div>
   <div class='ocr_carea' id='block_1_8' title="bbox 335 703 1918 777">
    <p class='ocr_par' dir='ltr' id='par_1_8' title="bbox 335 703 1918 777">
     <span class='ocr_line' id='line_1_8' title="bbox 335 703 1918 777; baseline -0.002 -16"><span class='ocrx_word' id='word_1_44' title='bbox 335 706 526 777; x_wconf 69' lang='lat' dir='ltr'><strong>prazdze</strong></span> <span class='ocrx_word' id='word_1_45' title='bbox 573 706 624 765; x_wconf 89' lang='lat' dir='ltr'><strong>in</strong></span> <span class='ocrx_word' id='word_1_46' title='bbox 656 707 890 768; x_wconf 78' lang='lat' dir='ltr'><strong>medium</strong></span> <span class='ocrx_word' id='word_1_47' title='bbox 923 705 1096 774; x_wconf 88' lang='lat' dir='ltr'><strong>posito</strong></span> <span class='ocrx_word' id='word_1_48' title='bbox 1122 745 1135 768; x_wconf 91' lang='lat'><strong>,</strong></span> <span class='ocrx_word' id='word_1_49' title='bbox 1163 705 1236 758; x_wconf 87' lang='lat' dir='ltr'><strong>ait</strong></span> <span class='ocrx_word' id='word_1_50' title='bbox 1257 719 1348 758; x_wconf 90' lang='lat' dir='ltr'><strong>rex</strong></span> <span class='ocrx_word' id='word_1_51' title='bbox 1384 720 1396 755; x_wconf 89' lang='lat'><strong>:</strong></span> <span class='ocrx_word' id='word_1_52' title='bbox 1434 703 1580 773; x_wconf 76' lang='lat' dir='ltr'><strong>Rogo</strong></span> <span class='ocrx_word' id='word_1_53' title='bbox 1605 717 1722 772; x_wconf 90' lang='lat' dir='ltr'><strong>vos,</strong></span> <span class='ocrx_word' id='word_1_54' title='bbox 1745 718 1778 757; x_wconf 93' lang='grc' dir='ltr'><strong>ο</strong></span> <span class='ocrx_word' id='word_1_55' title='bbox 1805 703 1918 758; x_wconf 78' lang='lat' dir='ltr'><strong>for-</strong></span> 
     </span>
    </p>
   </div>
   <div class='ocr_carea' id='block_1_9' title="bbox 334 795 1920 870">
    <p class='ocr_par' dir='ltr' id='par_1_9' title="bbox 334 795 1920 870">
     <span class='ocr_line' id='line_1_9' title="bbox 334 795 1920 870; baseline -0.004 -15"><span class='ocrx_word' id='word_1_56' title='bbox 334 801 525 855; x_wconf 77' lang='lat' dir='ltr'><strong>tissimi</strong></span> <span class='ocrx_word' id='word_1_57' title='bbox 577 800 929 870; x_wconf 75' lang='lat' dir='ltr'><strong>prmliatores,</strong></span> <span class='ocrx_word' id='word_1_58' title='bbox 980 809 1036 852; x_wconf 88' lang='lat' dir='ltr'><strong>ut</strong></span> <span class='ocrx_word' id='word_1_59' title='bbox 1077 799 1265 852; x_wconf 89' lang='lat' dir='ltr'><strong>saltem</strong></span> <span class='ocrx_word' id='word_1_60' title='bbox 1314 795 1443 850; x_wconf 82' lang='lat' dir='ltr'><strong>mihi</strong></span> <span class='ocrx_word' id='word_1_61' title='bbox 1475 811 1566 850; x_wconf 87' lang='lat' dir='ltr'><strong>vas</strong></span> <span class='ocrx_word' id='word_1_62' title='bbox 1619 795 1756 858; x_wconf 82' lang='lat' dir='ltr'><strong>istud</strong></span> <span class='ocrx_word' id='word_1_63' title='bbox 1785 795 1920 865; x_wconf 86' lang='lat' dir='ltr'><strong>(hoc</strong></span> 
     </span>
    </p>
   </div>
   <div class='ocr_carea' id='block_1_10' title="bbox 334 887 1921 959">
    <p class='ocr_par' dir='ltr' id='par_1_10' title="bbox 334 887 1921 959">
     <span class='ocr_line' id='line_1_10' title="bbox 334 887 1921 959; baseline -0.004 -11"><span class='ocrx_word' id='word_1_64' title='bbox 334 893 480 948; x_wconf 88' lang='lat' dir='ltr'><strong>enim</strong></span> <span class='ocrx_word' id='word_1_65' title='bbox 510 891 579 946; x_wconf 90' lang='lat' dir='ltr'><strong>de</strong></span> <span class='ocrx_word' id='word_1_66' title='bbox 605 907 767 946; x_wconf 90' lang='lat' dir='ltr'><strong>urceo</strong></span> <span class='ocrx_word' id='word_1_67' title='bbox 797 904 954 958; x_wconf 86' lang='lat' dir='ltr'><strong>supra</strong></span> <span class='ocrx_word' id='word_1_68' title='bbox 992 897 1286 942; x_wconf 87' lang='lat' dir='ltr'><strong>memorato</strong></span> <span class='ocrx_word' id='word_1_69' title='bbox 1325 887 1558 959; x_wconf 85' lang='lat' dir='ltr'><strong>dicebat)</strong></span> <span class='ocrx_word' id='word_1_70' title='bbox 1607 897 1758 943; x_wconf 81' lang='lat' dir='ltr'><strong>extra</strong></span> <span class='ocrx_word' id='word_1_71' title='bbox 1799 903 1921 957; x_wconf 88' lang='lat' dir='ltr'><strong>par-</strong></span> 
     </span>
    </p>
   </div>
   <div class='ocr_carea' id='block_1_11' title="bbox 334 980 1920 1050">
    <p class='ocr_par' dir='ltr' id='par_1_11' title="bbox 334 980 1920 1050">
     <span class='ocr_line' id='line_1_11' title="bbox 334 980 1920 1050; baseline -0.003 -12"><span class='ocrx_word' id='word_1_72' title='bbox 334 993 440 1039; x_wconf 87' lang='lat' dir='ltr'><strong>tem</strong></span> <span class='ocrx_word' id='word_1_73' title='bbox 465 984 762 1039; x_wconf 83' lang='lat' dir='ltr'><strong>concedere</strong></span> <span class='ocrx_word' id='word_1_74' title='bbox 795 999 897 1036; x_wconf 92' lang='lat' dir='ltr'><strong>non</strong></span> <span class='ocrx_word' id='word_1_75' title='bbox 941 981 1208 1035; x_wconf 89' lang='lat' dir='ltr'><strong>abnuatis.</strong></span> <span class='ocrx_word' id='word_1_76' title='bbox 1265 981 1388 1036; x_wconf 63' lang='lat' dir='ltr'><strong>llaec</strong></span> <span class='ocrx_word' id='word_1_77' title='bbox 1417 995 1541 1050; x_wconf 84' lang='lat' dir='ltr'><strong>rege</strong></span> <span class='ocrx_word' id='word_1_78' title='bbox 1585 980 1817 1045; x_wconf 81' lang='lat' dir='ltr'><strong>dicente,</strong></span> <span class='ocrx_word' id='word_1_79' title='bbox 1845 980 1920 1034; x_wconf 89' lang='lat' dir='ltr'><strong>illi</strong></span> 
     </span>
    </p>
   </div>
   <div class='ocr_carea' id='block_1_12' title="bbox 332 1070 1921 1144">
    <p class='ocr_par' dir='ltr' id='par_1_12' title="bbox 332 1070 1921 1144">
     <span class='ocr_line' id='line_1_12' title="bbox 332 1070 1921 1144; baseline -0.003 -14"><span class='ocrx_word' id='word_1_80' title='bbox 332 1088 560 1144; x_wconf 86' lang='lat' dir='ltr'><strong>quorum</strong></span> <span class='ocrx_word' id='word_1_81' title='bbox 587 1082 701 1128; x_wconf 86' lang='lat' dir='ltr'><strong>erat</strong></span> <span class='ocrx_word' id='word_1_82' title='bbox 730 1087 881 1127; x_wconf 89' lang='lat' dir='ltr'><strong>mens</strong></span> <span class='ocrx_word' id='word_1_83' title='bbox 918 1072 1128 1136; x_wconf 84' lang='lat' dir='ltr'><strong>sanior,</strong></span> <span class='ocrx_word' id='word_1_84' title='bbox 1170 1071 1320 1126; x_wconf 87' lang='lat' dir='ltr'><strong>aiunt</strong></span> <span class='ocrx_word' id='word_1_85' title='bbox 1362 1088 1373 1125; x_wconf 94' lang='lat'>:</span> <span class='ocrx_word' id='word_1_86' title='bbox 1420 1071 1641 1138; x_wconf 81' lang='lat' dir='ltr'><strong>Omnia,</strong></span> <span class='ocrx_word' id='word_1_87' title='bbox 1687 1070 1921 1140; x_wconf 84' lang='lat' dir='ltr'><strong>gloriose</strong></span> 
     </span>
    </p>
   </div>
   <div class='ocr_carea' id='block_1_13' title="bbox 330 1161 1921 1235">
    <p class='ocr_par' dir='ltr' id='par_1_13' title="bbox 330 1161 1921 1235">
     <span class='ocr_line' id='line_1_13' title="bbox 330 1161 1921 1235; baseline -0.003 -15"><span class='ocrx_word' id='word_1_88' title='bbox 330 1179 449 1230; x_wconf 82' lang='lat' dir='ltr'><strong>rex,</strong></span> <span class='ocrx_word' id='word_1_89' title='bbox 478 1179 598 1235; x_wconf 63' lang='lat' dir='ltr'><strong>quae</strong></span> <span class='ocrx_word' id='word_1_90' title='bbox 619 1165 886 1218; x_wconf 86' lang='lat' dir='ltr'><strong>cernimus</strong></span> <span class='ocrx_word' id='word_1_91' title='bbox 919 1174 1004 1217; x_wconf 91' lang='lat' dir='ltr'><strong>tua</strong></span> <span class='ocrx_word' id='word_1_92' title='bbox 1039 1173 1162 1217; x_wconf 91' lang='lat' dir='ltr'><strong>sunt</strong></span> <span class='ocrx_word' id='word_1_93' title='bbox 1199 1181 1210 1214; x_wconf 89' lang='lat'><strong>:</strong></span> <span class='ocrx_word' id='word_1_94' title='bbox 1251 1162 1346 1216; x_wconf 88' lang='lat' dir='ltr'><strong>sed</strong></span> <span class='ocrx_word' id='word_1_95' title='bbox 1373 1173 1425 1215; x_wconf 88' lang='lat' dir='ltr'><strong>et</strong></span> <span class='ocrx_word' id='word_1_96' title='bbox 1454 1177 1551 1216; x_wconf 86' lang='lat' dir='ltr'><strong>nos</strong></span> <span class='ocrx_word' id='word_1_97' title='bbox 1589 1161 1687 1231; x_wconf 89' lang='lat' dir='ltr'><strong>ipsi</strong></span> <span class='ocrx_word' id='word_1_98' title='bbox 1719 1174 1806 1217; x_wconf 91' lang='lat' dir='ltr'><strong>tuo</strong></span> <span class='ocrx_word' id='word_1_99' title='bbox 1833 1177 1921 1218; x_wconf 90' lang='lat' dir='ltr'><strong>su-</strong></span> 
     </span>
    </p>
   </div>
   <div class='ocr_carea' id='block_1_14' title="bbox 331 1257 1922 1329">
    <p class='ocr_par' dir='ltr' id='par_1_14' title="bbox 331 1257 1922 1329">
     <span class='ocr_line' id='line_1_14' title="bbox 331 1257 1922 1329; baseline 0 -16"><span class='ocrx_word' id='word_1_100' title='bbox 331 1274 452 1314; x_wconf 88' lang='lat' dir='ltr'><strong>mus</strong></span> <span class='ocrx_word' id='word_1_101' title='bbox 481 1257 718 1312; x_wconf 93' lang='lat' dir='ltr'><strong>dominio</strong></span> <span class='ocrx_word' id='word_1_102' title='bbox 771 1257 1056 1329; x_wconf 86' lang='lat' dir='ltr'><strong>subjugati.</strong></span> <span class='ocrx_word' id='word_1_103' title='bbox 1089 1258 1238 1312; x_wconf 86' lang='lat' dir='ltr'><strong>Nunc</strong></span> <span class='ocrx_word' id='word_1_104' title='bbox 1270 1257 1414 1328; x_wconf 81' lang='lat' dir='ltr'><strong>quod</strong></span> <span class='ocrx_word' id='word_1_105' title='bbox 1471 1257 1570 1312; x_wconf 86' lang='lat' dir='ltr'><strong>tibi</strong></span> <span class='ocrx_word' id='word_1_106' title='bbox 1620 1257 1922 1328; x_wconf 82' lang='lat' dir='ltr'><strong>beneplaci-</strong></span> 
     </span>
    </p>
   </div>
   <div class='ocr_carea' id='block_1_15' title="bbox 333 1347 1920 1418">
    <p class='ocr_par' dir='ltr' id='par_1_15' title="bbox 333 1347 1920 1418">
     <span class='ocr_line' id='line_1_15' title="bbox 333 1347 1920 1418; baseline 0 -14"><span class='ocrx_word' id='word_1_107' title='bbox 333 1359 445 1404; x_wconf 90' lang='lat' dir='ltr'><strong>tum</strong></span> <span class='ocrx_word' id='word_1_108' title='bbox 469 1348 705 1417; x_wconf 83' lang='lat' dir='ltr'><strong>videtur,</strong></span> <span class='ocrx_word' id='word_1_109' title='bbox 741 1348 901 1404; x_wconf 90' lang='lat' dir='ltr'><strong>facito</strong></span> <span class='ocrx_word' id='word_1_110' title='bbox 931 1368 944 1402; x_wconf 91' lang='lat'>:</span> <span class='ocrx_word' id='word_1_111' title='bbox 981 1350 1155 1404; x_wconf 87' lang='lat' dir='ltr'><strong>nullus</strong></span> <span class='ocrx_word' id='word_1_112' title='bbox 1193 1349 1336 1402; x_wconf 74' lang='lat' dir='ltr'><strong>enim</strong></span> <span class='ocrx_word' id='word_1_113' title='bbox 1391 1347 1640 1418; x_wconf 91' lang='lat' dir='ltr'><strong>potestati</strong></span> <span class='ocrx_word' id='word_1_114' title='bbox 1689 1356 1792 1403; x_wconf 67' lang='lat' dir='ltr'><strong>tua:</strong></span> <span class='ocrx_word' id='word_1_115' title='bbox 1832 1365 1920 1404; x_wconf 86' lang='lat' dir='ltr'><strong>re-</strong></span> 
     </span>
    </p>
   </div>
   <div class='ocr_carea' id='block_1_16' title="bbox 330 1441 1921 1512">
    <p class='ocr_par' dir='ltr' id='par_1_16' title="bbox 330 1441 1921 1512">
     <span class='ocr_line' id='line_1_16' title="bbox 330 1441 1921 1512; baseline -0.002 -15"><span class='ocrx_word' id='word_1_116' title='bbox 330 1444 520 1498; x_wconf 80' lang='lat' dir='ltr'><strong>sistere</strong></span> <span class='ocrx_word' id='word_1_117' title='bbox 575 1443 739 1502; x_wconf 87' lang='lat' dir='ltr'><strong>valet.</strong></span> <span class='ocrx_word' id='word_1_118' title='bbox 796 1442 929 1497; x_wconf 83' lang='lat' dir='ltr'><strong>Cum</strong></span> <span class='ocrx_word' id='word_1_119' title='bbox 987 1442 1062 1496; x_wconf 90' lang='lat' dir='ltr'><strong>illi</strong></span> <span class='ocrx_word' id='word_1_120' title='bbox 1132 1442 1248 1497; x_wconf 72' lang='lat' dir='ltr'><strong>hzec</strong></span> <span class='ocrx_word' id='word_1_121' title='bbox 1297 1441 1369 1496; x_wconf 89' lang='lat' dir='ltr'><strong>ita</strong></span> <span class='ocrx_word' id='word_1_122' title='bbox 1416 1442 1724 1508; x_wconf 84' lang='lat' dir='ltr'><strong>dixissent,</strong></span> <span class='ocrx_word' id='word_1_123' title='bbox 1785 1457 1921 1512; x_wconf 76' lang='lat' dir='ltr'><strong>unus</strong></span> 
     </span>
    </p>
   </div>
   <div class='ocr_carea' id='block_1_17' title="bbox 331 1534 1918 1604">
    <p class='ocr_par' dir='ltr' id='par_1_17' title="bbox 331 1534 1918 1604">
     <span class='ocr_line' id='line_1_17' title="bbox 331 1534 1918 1604; baseline -0.001 -14"><span class='ocrx_word' id='word_1_124' title='bbox 331 1534 484 1600; x_wconf 88' lang='lat' dir='ltr'><strong>levis,</strong></span> <span class='ocrx_word' id='word_1_125' title='bbox 517 1535 726 1592; x_wconf 89' lang='lat' dir='ltr'><strong>invidus</strong></span> <span class='ocrx_word' id='word_1_126' title='bbox 774 1549 837 1589; x_wconf 90' lang='lat' dir='ltr'><strong>ac</strong></span> <span class='ocrx_word' id='word_1_127' title='bbox 868 1534 1039 1590; x_wconf 81' lang='lat' dir='ltr'><strong>facilis</strong></span> <span class='ocrx_word' id='word_1_128' title='bbox 1090 1543 1146 1600; x_wconf 76' lang='grc'>⁸,</span> <span class='ocrx_word' id='word_1_129' title='bbox 1177 1549 1296 1590; x_wconf 90' lang='lat' dir='ltr'><strong>cum</strong></span> <span class='ocrx_word' id='word_1_130' title='bbox 1351 1548 1484 1592; x_wconf 86' lang='lat' dir='ltr'><strong>voce</strong></span> <span class='ocrx_word' id='word_1_131' title='bbox 1533 1549 1744 1604; x_wconf 84' lang='lat' dir='ltr'><strong>magna,</strong></span> <span class='ocrx_word' id='word_1_132' title='bbox 1805 1535 1918 1589; x_wconf 88' lang='lat' dir='ltr'><strong>ele-</strong></span> 
     </span>
    </p>
   </div>
   <div class='ocr_carea' id='block_1_18' title="bbox 331 1619 1919 1695">
    <p class='ocr_par' dir='ltr' id='par_1_18' title="bbox 331 1619 1919 1695">
     <span class='ocr_line' id='line_1_18' title="bbox 331 1619 1919 1695; baseline -0.002 -14"><span class='ocrx_word' id='word_1_133' title='bbox 331 1638 505 1681; x_wconf 87' lang='lat' dir='ltr'><strong>vatam</strong></span> <span class='ocrx_word' id='word_1_134' title='bbox 538 1619 820 1695; x_wconf 89' lang='lat' dir='ltr'><strong>bipennem</strong></span> <span class='ocrx_word' id='word_1_135' title='bbox 867 1640 1026 1680; x_wconf 88' lang='lat' dir='ltr'><strong>urceo</strong></span> <span class='ocrx_word' id='word_1_136' title='bbox 1056 1625 1264 1694; x_wconf 88' lang='lat' dir='ltr'><strong>impulit</strong></span> <span class='ocrx_word' id='word_1_137' title='bbox 1293 1666 1310 1694; x_wconf 89' lang='lat'><strong>,</strong></span> <span class='ocrx_word' id='word_1_138' title='bbox 1342 1625 1525 1680; x_wconf 85' lang='lat' dir='ltr'><strong>dicens</strong></span> <span class='ocrx_word' id='word_1_139' title='bbox 1565 1642 1576 1676; x_wconf 89' lang='lat'>:</span> <span class='ocrx_word' id='word_1_140' title='bbox 1615 1624 1754 1678; x_wconf 86' lang='lat' dir='ltr'><strong>Nihil</strong></span> <span class='ocrx_word' id='word_1_141' title='bbox 1796 1624 1919 1690; x_wconf 81' lang='lat' dir='ltr'><strong>hinc</strong></span> 
     </span>
    </p>
   </div>
   <div class='ocr_carea' id='block_1_19' title="bbox 2028 435 3606 507">
    <p class='ocr_par' dir='ltr' id='par_1_19' title="bbox 2028 435 3606 507">
     <span class='ocr_line' id='line_1_19' title="bbox 2028 435 3606 507; baseline 0.005 -21"><span class='ocrx_word' id='word_1_142' title='bbox 2028 440 2156 500; x_wconf 86' lang='lat' dir='ltr'><strong>tem,</strong></span> <span class='ocrx_word' id='word_1_143' title='bbox 2205 441 2260 488; x_wconf 91' lang='lat' dir='ltr'><strong>et</strong></span> <span class='ocrx_word' id='word_1_144' title='bbox 2283 435 2664 504; x_wconf 77' lang='lat' dir='ltr'><strong>cognovissth</strong></span> <span class='ocrx_word' id='word_1_145' title='bbox 2707 437 2847 503; x_wconf 89' lang='lat' dir='ltr'><strong>quod</strong></span> <span class='ocrx_word' id='word_1_146' title='bbox 2897 436 2964 493; x_wconf 90' lang='lat' dir='ltr'><strong>de</strong></span> <span class='ocrx_word' id='word_1_147' title='bbox 3007 437 3152 507; x_wconf 78' lang='lat' dir='ltr'><strong>regio</strong></span> <span class='ocrx_word' id='word_1_148' title='bbox 3196 448 3342 493; x_wconf 85' lang='lat' dir='ltr'><strong>esset</strong></span> <span class='ocrx_word' id='word_1_149' title='bbox 3381 453 3606 507; x_wconf 83' lang='lat' dir='ltr'><strong>genere,</strong></span> 
     </span>
    </p>
   </div>
   <div class='ocr_carea' id='block_1_20' title="bbox 2024 525 3608 599">
    <p class='ocr_par' dir='ltr' id='par_1_20' title="bbox 2024 525 3608 599">
     <span class='ocr_line' id='line_1_20' title="bbox 2024 525 3608 599; baseline 0.008 -23"><span class='ocrx_word' id='word_1_150' title='bbox 2024 525 2401 587; x_wconf 82' lang='lat' dir='ltr'><strong>nuntiaverunt</strong></span> <span class='ocrx_word' id='word_1_151' title='bbox 2449 527 2562 584; x_wconf 67' lang='lat' dir='ltr'><strong>haec</strong></span> <span class='ocrx_word' id='word_1_152' title='bbox 2603 528 2980 584; x_wconf 84' lang='lat' dir='ltr'><strong>Chlodovecho</strong></span> <span class='ocrx_word' id='word_1_153' title='bbox 3021 531 3154 599; x_wconf 85' lang='lat' dir='ltr'><strong>regi.</strong></span> <span class='ocrx_word' id='word_1_154' title='bbox 3211 529 3321 586; x_wconf 89' lang='lat' dir='ltr'><strong>Nec</strong></span> <span class='ocrx_word' id='word_1_155' title='bbox 3364 542 3608 588; x_wconf 79' lang='lat' dir='ltr'><strong>moratus</strong></span> 
     </span>
    </p>
   </div>
   <div class='ocr_carea' id='block_1_21' title="bbox 2021 617 3607 694">
    <p class='ocr_par' dir='ltr' id='par_1_21' title="bbox 2021 617 3607 694">
     <span class='ocr_line' id='line_1_21' title="bbox 2021 617 3607 694; baseline 0.007 -21"><span class='ocrx_word' id='word_1_156' title='bbox 2021 617 2141 683; x_wconf 68' lang='lat' dir='ltr'><strong>ille,</strong></span> <span class='ocrx_word' id='word_1_157' title='bbox 2169 619 2234 684; x_wconf 76' lang='lat' dir='ltr'><strong>ad</strong></span> <span class='ocrx_word' id='word_1_158' title='bbox 2259 619 2653 690; x_wconf 76' lang='lat' dir='ltr'><strong>Gundobadum</strong></span> <span class='ocrx_word' id='word_1_159' title='bbox 2683 621 3002 691; x_wconf 72' lang='lat' dir='ltr'><strong>legationem</strong></span> <span class='ocrx_word' id='word_1_160' title='bbox 3032 623 3248 694; x_wconf 77' lang='lat' dir='ltr'><strong>dirigit,</strong></span> <span class='ocrx_word' id='word_1_161' title='bbox 3277 639 3396 690; x_wconf 77' lang='lat' dir='ltr'><strong>eam</strong></span> <span class='ocrx_word' id='word_1_162' title='bbox 3418 626 3521 680; x_wconf 88' lang='lat' dir='ltr'><strong>sibi</strong></span> <span class='ocrx_word' id='word_1_163' title='bbox 3551 627 3607 684; x_wconf 87' lang='lat' dir='ltr'><strong>in</strong></span> 
     </span>
    </p>
   </div>
   <div class='ocr_carea' id='block_1_22' title="bbox 2023 710 3602 786">
    <p class='ocr_par' dir='ltr' id='par_1_22' title="bbox 2023 710 3602 786">
     <span class='ocr_line' id='line_1_22' title="bbox 2023 710 3602 786; baseline 0.009 -25"><span class='ocrx_word' id='word_1_164' title='bbox 2023 710 2366 772; x_wconf 78' lang='lat' dir='ltr'><strong>matrimonio</strong></span> <span class='ocrx_word' id='word_1_165' title='bbox 2421 723 2603 777; x_wconf 80' lang='lat' dir='ltr'><strong>petens</strong></span> <span class='ocrx_word' id='word_1_166' title='bbox 2655 730 2669 766; x_wconf 89' lang='lat'><strong>:</strong></span> <span class='ocrx_word' id='word_1_167' title='bbox 2716 717 2857 784; x_wconf 81' lang='lat' dir='ltr'><strong>quod</strong></span> <span class='ocrx_word' id='word_1_168' title='bbox 2898 716 2987 770; x_wconf 91' lang='lat' dir='ltr'><strong>ille</strong></span> <span class='ocrx_word' id='word_1_169' title='bbox 3009 731 3260 774; x_wconf 83' lang='lat' dir='ltr'><strong>recusare</strong></span> <span class='ocrx_word' id='word_1_170' title='bbox 3305 728 3602 786; x_wconf 80' lang='lat' dir='ltr'><strong>metuens,</strong></span> 
     </span>
    </p>
   </div>
   <div class='ocr_carea' id='block_1_23' title="bbox 2025 801 3609 880">
    <p class='ocr_par' dir='ltr' id='par_1_23' title="bbox 2025 801 3609 880">
     <span class='ocr_line' id='line_1_23' title="bbox 2025 801 3609 880; baseline 0.009 -28"><span class='ocrx_word' id='word_1_171' title='bbox 2025 801 2240 862; x_wconf 83' lang='lat' dir='ltr'><strong>tradidit</strong></span> <span class='ocrx_word' id='word_1_172' title='bbox 2268 817 2384 862; x_wconf 82' lang='lat' dir='ltr'><strong>eam</strong></span> <span class='ocrx_word' id='word_1_173' title='bbox 2414 802 2575 868; x_wconf 78' lang='lat' dir='ltr'><strong>viris;</strong></span> <span class='ocrx_word' id='word_1_174' title='bbox 2602 804 2788 872; x_wconf 74' lang='lat' dir='ltr'><strong>illique</strong></span> <span class='ocrx_word' id='word_1_175' title='bbox 2813 807 3138 872; x_wconf 79' lang='lat' dir='ltr'><strong>accipientes</strong></span> <span class='ocrx_word' id='word_1_176' title='bbox 3187 808 3416 876; x_wconf 84' lang='lat' dir='ltr'><strong>puellam</strong></span> <span class='ocrx_word' id='word_1_177' title='bbox 3449 849 3466 875; x_wconf 90' lang='lat'><strong>,</strong></span> <span class='ocrx_word' id='word_1_178' title='bbox 3493 811 3609 880; x_wconf 83' lang='lat' dir='ltr'><strong>regi</strong></span> 
     </span>
    </p>
   </div>
   <div class='ocr_carea' id='block_1_24' title="bbox 2022 891 3607 970">
    <p class='ocr_par' dir='ltr' id='par_1_24' title="bbox 2022 891 3607 970">
     <span class='ocr_line' id='line_1_24' title="bbox 2022 891 3607 970; baseline 0.006 -25"><span class='ocrx_word' id='word_1_179' title='bbox 2022 891 2258 956; x_wconf 73' lang='lat' dir='ltr'><strong>velocius</strong></span> <span class='ocrx_word' id='word_1_180' title='bbox 2288 904 2697 962; x_wconf 55' lang='lat' dir='ltr'><strong>representant.</strong></span> <span class='ocrx_word' id='word_1_181' title='bbox 2749 897 2861 964; x_wconf 79' lang='lat' dir='ltr'><strong>Qua</strong></span> <span class='ocrx_word' id='word_1_182' title='bbox 2893 898 3026 964; x_wconf 84' lang='lat' dir='ltr'><strong>visa,</strong></span> <span class='ocrx_word' id='word_1_183' title='bbox 3058 912 3150 953; x_wconf 79' lang='lat' dir='ltr'><strong>rex</strong></span> <span class='ocrx_word' id='word_1_184' title='bbox 3189 899 3341 954; x_wconf 91' lang='lat' dir='ltr'><strong>valde</strong></span> <span class='ocrx_word' id='word_1_185' title='bbox 3369 901 3607 970; x_wconf 75' lang='lat' dir='ltr'><strong>gavisus,</strong></span> 
     </span>
    </p>
   </div>
   <div class='ocr_carea' id='block_1_25' title="bbox 2023 984 3611 1060">
    <p class='ocr_par' dir='ltr' id='par_1_25' title="bbox 2023 984 3611 1060">
     <span class='ocr_line' id='line_1_25' title="bbox 2023 984 3611 1060; baseline 0.008 -24"><span class='ocrx_word' id='word_1_186' title='bbox 2023 996 2120 1041; x_wconf 82' lang='lat' dir='ltr'><strong>suo</strong></span> <span class='ocrx_word' id='word_1_187' title='bbox 2141 997 2257 1044; x_wconf 80' lang='lat' dir='ltr'><strong>eam</strong></span> <span class='ocrx_word' id='word_1_188' title='bbox 2287 984 2536 1056; x_wconf 81' lang='lat' dir='ltr'><strong>conjugio</strong></span> <span class='ocrx_word' id='word_1_189' title='bbox 2571 986 2816 1054; x_wconf 80' lang='lat' dir='ltr'><strong>sociavit,</strong></span> <span class='ocrx_word' id='word_1_190' title='bbox 2844 989 3045 1046; x_wconf 86' lang='lat' dir='ltr'><strong>habens</strong></span> <span class='ocrx_word' id='word_1_191' title='bbox 3079 991 3190 1060; x_wconf 85' lang='lat' dir='ltr'><strong>jam</strong></span> <span class='ocrx_word' id='word_1_192' title='bbox 3213 991 3280 1046; x_wconf 88' lang='lat' dir='ltr'><strong>de</strong></span> <span class='ocrx_word' id='word_1_193' title='bbox 3309 992 3611 1048; x_wconf 85' lang='lat' dir='ltr'><strong>concubina</strong></span> 
     </span>
    </p>
   </div>
   <div class='ocr_carea' id='block_1_26' title="bbox 2025 1072 2889 1140">
    <p class='ocr_par' dir='ltr' id='par_1_26' title="bbox 2025 1072 2889 1140">
     <span class='ocr_line' id='line_1_26' title="bbox 2025 1072 2889 1140; baseline 0.01 -14"><span class='ocrx_word' id='word_1_194' title='bbox 2025 1072 2213 1138; x_wconf 86' lang='lat' dir='ltr'><strong>filium,</strong></span> <span class='ocrx_word' id='word_1_195' title='bbox 2243 1076 2461 1131; x_wconf 84' lang='lat' dir='ltr'><strong>nomine</strong></span> <span class='ocrx_word' id='word_1_196' title='bbox 2482 1077 2889 1140; x_wconf 77' lang='lat' dir='ltr'><strong>Theodericum.</strong></span> 
     </span>
    </p>
   </div>
   <div class='ocr_carea' id='block_1_27' title="bbox 2094 1249 3612 1326">
    <p class='ocr_par' dir='ltr' id='par_1_27' title="bbox 2094 1249 3612 1326">
     <span class='ocr_line' id='line_1_27' title="bbox 2094 1249 3612 1326; baseline 0.006 -22"><span class='ocrx_word' id='word_1_197' title='bbox 2094 1249 2287 1314; x_wconf 78' lang='lat' dir='ltr'><strong>XXIX.</strong></span> <span class='ocrx_word' id='word_1_198' title='bbox 2325 1251 2488 1322; x_wconf 88' lang='lat' dir='ltr'><strong>lgitur</strong></span> <span class='ocrx_word' id='word_1_199' title='bbox 2535 1249 2562 1288; x_wconf 68' lang='grc' dir='ltr'>δ</span> <span class='ocrx_word' id='word_1_200' title='bbox 2594 1269 2686 1316; x_wconf 79' lang='lat' dir='ltr'><strong>rex</strong></span> <span class='ocrx_word' id='word_1_201' title='bbox 2725 1268 2791 1308; x_wconf 85' lang='lat' dir='ltr'><strong>ex</strong></span> <span class='ocrx_word' id='word_1_202' title='bbox 2838 1253 3217 1310; x_wconf 80' lang='lat' dir='ltr'><strong>Chrotcchilde</strong></span> <span class='ocrx_word' id='word_1_203' title='bbox 3270 1258 3453 1326; x_wconf 78' lang='lat' dir='ltr'><strong>regina</strong></span> <span class='ocrx_word' id='word_1_204' title='bbox 3514 1257 3612 1314; x_wconf 67' lang='grc' dir='ltr'><strong>ιη.</strong></span> 
     </span>
    </p>
   </div>
   <div class='ocr_carea' id='block_1_28' title="bbox 2024 1340 3613 1416">
    <p class='ocr_par' dir='ltr' id='par_1_28' title="bbox 2024 1340 3613 1416">
     <span class='ocr_line' id='line_1_28' title="bbox 2024 1340 3613 1416; baseline 0.004 -23"><span class='ocrx_word' id='word_1_205' title='bbox 2024 1340 2140 1405; x_wconf 84' lang='lat' dir='ltr'><strong>huit</strong></span> <span class='ocrx_word' id='word_1_206' title='bbox 2180 1341 2345 1404; x_wconf 88' lang='lat' dir='ltr'><strong>filium</strong></span> <span class='ocrx_word' id='word_1_207' title='bbox 2397 1343 2812 1415; x_wconf 79' lang='lat' dir='ltr'><strong>primogenitum</strong></span> <span class='ocrx_word' id='word_1_208' title='bbox 2847 1363 2859 1398; x_wconf 93' lang='lat'><strong>:</strong></span> <span class='ocrx_word' id='word_1_209' title='bbox 2901 1361 3060 1416; x_wconf 90' lang='lat' dir='ltr'><strong>quem</strong></span> <span class='ocrx_word' id='word_1_210' title='bbox 3091 1362 3211 1400; x_wconf 93' lang='lat' dir='ltr'><strong>cum</strong></span> <span class='ocrx_word' id='word_1_211' title='bbox 3261 1349 3454 1402; x_wconf 86' lang='lat' dir='ltr'><strong>mulier</strong></span> <span class='ocrx_word' id='word_1_212' title='bbox 3483 1349 3613 1416; x_wconf 71' lang='lat' dir='ltr'><strong>bap~</strong></span> 
     </span>
    </p>
   </div>
   <div class='ocr_carea' id='block_1_29' title="bbox 2025 1430 3608 1506">
    <p class='ocr_par' dir='ltr' id='par_1_29' title="bbox 2025 1430 3608 1506">
     <span class='ocr_line' id='line_1_29' title="bbox 2025 1430 3608 1506; baseline 0.006 -23"><span class='ocrx_word' id='word_1_213' title='bbox 2025 1430 2184 1488; x_wconf 88' lang='lat' dir='ltr'><strong>tismo</strong></span> <span class='ocrx_word' id='word_1_214' title='bbox 2233 1448 2553 1490; x_wconf 86' lang='lat' dir='ltr'><strong>consecrare</strong></span> <span class='ocrx_word' id='word_1_215' title='bbox 2605 1435 2811 1504; x_wconf 87' lang='lat' dir='ltr'><strong>vellet,</strong></span> <span class='ocrx_word' id='word_1_216' title='bbox 2839 1436 3166 1505; x_wconf 68' lang='lat' dir='ltr'><strong>praedicabat</strong></span> <span class='ocrx_word' id='word_1_217' title='bbox 3207 1439 3418 1500; x_wconf 86' lang='lat' dir='ltr'><strong>assidue</strong></span> <span class='ocrx_word' id='word_1_218' title='bbox 3467 1442 3608 1506; x_wconf 83' lang='lat' dir='ltr'><strong>viro,</strong></span> 
     </span>
    </p>
   </div>
   <div class='ocr_carea' id='block_1_30' title="bbox 2023 1521 3610 1602">
    <p class='ocr_par' dir='ltr' id='par_1_30' title="bbox 2023 1521 3610 1602">
     <span class='ocr_line' id='line_1_30' title="bbox 2023 1521 3610 1602; baseline 0.009 -28"><span class='ocrx_word' id='word_1_219' title='bbox 2023 1521 2211 1578; x_wconf 87' lang='lat' dir='ltr'><strong>dicens</strong></span> <span class='ocrx_word' id='word_1_220' title='bbox 2241 1539 2255 1577; x_wconf 89' lang='lat'><strong>:</strong></span> <span class='ocrx_word' id='word_1_221' title='bbox 2288 1526 2426 1578; x_wconf 83' lang='lat' dir='ltr'><strong>Nihil</strong></span> <span class='ocrx_word' id='word_1_222' title='bbox 2474 1536 2600 1580; x_wconf 88' lang='lat' dir='ltr'><strong>sunt</strong></span> <span class='ocrx_word' id='word_1_223' title='bbox 2638 1527 2708 1580; x_wconf 92' lang='lat' dir='ltr'><strong>dii</strong></span> <span class='ocrx_word' id='word_1_224' title='bbox 2740 1543 2874 1597; x_wconf 89' lang='lat' dir='ltr'><strong>quos</strong></span> <span class='ocrx_word' id='word_1_225' title='bbox 2903 1529 3098 1596; x_wconf 88' lang='lat' dir='ltr'><strong>colitis,</strong></span> <span class='ocrx_word' id='word_1_226' title='bbox 3143 1531 3232 1602; x_wconf 88' lang='lat' dir='ltr'><strong>qui</strong></span> <span class='ocrx_word' id='word_1_227' title='bbox 3266 1547 3438 1602; x_wconf 88' lang='lat' dir='ltr'><strong>neque</strong></span> <span class='ocrx_word' id='word_1_228' title='bbox 3462 1533 3610 1600; x_wconf 89' lang='lat' dir='ltr'><strong>sibi,</strong></span> 
     </span>
    </p>
   </div>
   <div class='ocr_carea' id='block_1_31' title="bbox 2027 1603 3609 1687">
    <p class='ocr_par' dir='ltr' id='par_1_31' title="bbox 2027 1603 3609 1687">
     <span class='ocr_line' id='line_1_31' title="bbox 2027 1603 3609 1687; baseline 0.008 -21"><span class='ocrx_word' id='word_1_229' title='bbox 2027 1629 2202 1684; x_wconf 86' lang='lat' dir='ltr'><strong>neque</strong></span> <span class='ocrx_word' id='word_1_230' title='bbox 2246 1615 2366 1673; x_wconf 89' lang='lat' dir='ltr'><strong>aliis</strong></span> <span class='ocrx_word' id='word_1_231' title='bbox 2407 1603 2656 1687; x_wconf 70' lang='lat' dir='ltr'><strong>poterunt</strong></span> <span class='ocrx_word' id='word_1_232' title='bbox 2710 1620 2995 1676; x_wconf 87' lang='lat' dir='ltr'><strong>subvenire</strong></span> <span class='ocrx_word' id='word_1_233' title='bbox 3027 1637 3038 1674; x_wconf 93' lang='lat'><strong>:</strong></span> <span class='ocrx_word' id='word_1_234' title='bbox 3072 1631 3198 1678; x_wconf 89' lang='lat' dir='ltr'><strong>sunt</strong></span> <span class='ocrx_word' id='word_1_235' title='bbox 3237 1624 3378 1678; x_wconf 89' lang='lat' dir='ltr'><strong>enim</strong></span> <span class='ocrx_word' id='word_1_236' title='bbox 3411 1633 3502 1678; x_wconf 91' lang='lat' dir='ltr'><strong>aut</strong></span> <span class='ocrx_word' id='word_1_237' title='bbox 3541 1640 3609 1680; x_wconf 88' lang='lat' dir='ltr'><strong>ex</strong></span> 
     </span>
    </p>
   </div>
   <div class='ocr_carea' id='block_1_32' title="bbox 330 1703 1915 1788">
    <p class='ocr_par' dir='ltr' id='par_1_32' title="bbox 330 1715 1915 1788">
     <span class='ocr_line' id='line_1_32' title="bbox 330 1715 1915 1788; baseline -0.001 -16"><span class='ocrx_word' id='word_1_238' title='bbox 330 1719 586 1782; x_wconf 87' lang='lat' dir='ltr'><strong>accipies.</strong></span> <span class='ocrx_word' id='word_1_239' title='bbox 634 1718 737 1772; x_wconf 89' lang='lat' dir='ltr'><strong>nisi</strong></span> <span class='ocrx_word' id='word_1_240' title='bbox 763 1733 881 1788; x_wconf 70' lang='lat' dir='ltr'><strong>qua:</strong></span> <span class='ocrx_word' id='word_1_241' title='bbox 929 1717 1022 1772; x_wconf 89' lang='lat' dir='ltr'><strong>tibi</strong></span> <span class='ocrx_word' id='word_1_242' title='bbox 1061 1732 1182 1771; x_wconf 87' lang='lat' dir='ltr'><strong>sors</strong></span> <span class='ocrx_word' id='word_1_243' title='bbox 1235 1731 1362 1770; x_wconf 85' lang='lat' dir='ltr'><strong>vera</strong></span> <span class='ocrx_word' id='word_1_244' title='bbox 1404 1717 1642 1785; x_wconf 81' lang='lat' dir='ltr'><strong>largitur.</strong></span> <span class='ocrx_word' id='word_1_245' title='bbox 1672 1716 1751 1770; x_wconf 90' lang='lat' dir='ltr'><strong>Ad</strong></span> <span class='ocrx_word' id='word_1_246' title='bbox 1804 1715 1915 1779; x_wconf 75' lang='lat' dir='ltr'><strong>hch</strong></span> 
     </span>
    </p>
   </div>
   <div class='ocr_carea' id='block_1_33' title="bbox 2025 1703 3608 1788">
    <p class='ocr_par' dir='ltr' id='par_1_33' title="bbox 2028 1703 3608 1785">
     <span class='ocr_line' id='line_1_33' title="bbox 2028 1703 3608 1785; baseline 0.008 -28"><span class='ocrx_word' id='word_1_247' title='bbox 2028 1703 2222 1776; x_wconf 84' lang='lat' dir='ltr'><strong>lapide,</strong></span> <span class='ocrx_word' id='word_1_248' title='bbox 2290 1717 2465 1763; x_wconf 85' lang='lat' dir='ltr'><strong>autex</strong></span> <span class='ocrx_word' id='word_1_249' title='bbox 2496 1709 2660 1780; x_wconf 81' lang='lat' dir='ltr'><strong>ligno,</strong></span> <span class='ocrx_word' id='word_1_250' title='bbox 2696 1718 2787 1766; x_wconf 89' lang='lat' dir='ltr'><strong>aut</strong></span> <span class='ocrx_word' id='word_1_251' title='bbox 2812 1728 2874 1766; x_wconf 81' lang='lat' dir='ltr'><strong>ex</strong></span> <span class='ocrx_word' id='word_1_252' title='bbox 2923 1713 3141 1768; x_wconf 82' lang='lat' dir='ltr'><strong>metallo</strong></span> <span class='ocrx_word' id='word_1_253' title='bbox 3171 1713 3347 1783; x_wconf 75' lang='lat' dir='ltr'><strong>aliquo</strong></span> <span class='ocrx_word' id='word_1_254' title='bbox 3391 1716 3608 1785; x_wconf 89' lang='lat' dir='ltr'><strong>sculpti.</strong></span> 
     </span>
    </p>
   </div>
   <div class='ocr_carea' id='block_1_34' title="bbox 335 1808 1923 1881">
    <p class='ocr_par' dir='ltr' id='par_1_34' title="bbox 335 1808 1923 1881">
     <span class='ocr_line' id='line_1_34' title="bbox 335 1808 1923 1881; baseline -0.003 -16"><span class='ocrx_word' id='word_1_255' title='bbox 335 1811 717 1881; x_wconf 80' lang='lat' dir='ltr'><strong>obstupefactis</strong></span> <span class='ocrx_word' id='word_1_256' title='bbox 761 1811 1028 1875; x_wconf 88' lang='lat' dir='ltr'><strong>omnibus,</strong></span> <span class='ocrx_word' id='word_1_257' title='bbox 1062 1825 1154 1864; x_wconf 83' lang='lat' dir='ltr'><strong>rex</strong></span> <span class='ocrx_word' id='word_1_258' title='bbox 1189 1808 1435 1879; x_wconf 86' lang='lat' dir='ltr'><strong>injuriam</strong></span> <span class='ocrx_word' id='word_1_259' title='bbox 1467 1823 1617 1862; x_wconf 88' lang='lat' dir='ltr'><strong>suam</strong></span> <span class='ocrx_word' id='word_1_260' title='bbox 1651 1808 1923 1878; x_wconf 68' lang='lat' dir='ltr'><strong>patientia:</strong></span> 
     </span>
    </p>
   </div>
   <div class='ocr_carea' id='block_1_35' title="bbox 331 1903 1919 1972">
    <p class='ocr_par' dir='ltr' id='par_1_35' title="bbox 331 1903 1919 1972">
     <span class='ocr_line' id='line_1_35' title="bbox 331 1903 1919 1972; baseline 0 -14"><span class='ocrx_word' id='word_1_261' title='bbox 331 1903 548 1958; x_wconf 87' lang='lat' dir='ltr'><strong>lenitate</strong></span> <span class='ocrx_word' id='word_1_262' title='bbox 591 1903 850 1967; x_wconf 84' lang='lat' dir='ltr'><strong>eoercuit,</strong></span> <span class='ocrx_word' id='word_1_263' title='bbox 898 1912 1286 1972; x_wconf 87' lang='lat' dir='ltr'><strong>acceptumque</strong></span> <span class='ocrx_word' id='word_1_264' title='bbox 1338 1916 1556 1955; x_wconf 85' lang='lat' dir='ltr'><strong>urceum</strong></span> <span class='ocrx_word' id='word_1_265' title='bbox 1590 1904 1777 1956; x_wconf 91' lang='lat' dir='ltr'><strong>nuntio</strong></span> <span class='ocrx_word' id='word_1_266' title='bbox 1826 1919 1919 1958; x_wconf 81' lang='lat' dir='ltr'><strong>ec-</strong></span> 
     </span>
    </p>
   </div>
   <div class='ocr_carea' id='block_1_36' title="bbox 330 1991 1922 2060">
    <p class='ocr_par' dir='ltr' id='par_1_36' title="bbox 330 1991 1922 2060">
     <span class='ocr_line' id='line_1_36' title="bbox 330 1991 1922 2060; baseline 0.001 -12"><span class='ocrx_word' id='word_1_267' title='bbox 330 1995 634 2048; x_wconf 87' lang='lat' dir='ltr'><strong>clesiastico</strong></span> <span class='ocrx_word' id='word_1_268' title='bbox 685 1993 912 2048; x_wconf 76' lang='lat' dir='ltr'><strong>reddidit</strong></span> <span class='ocrx_word' id='word_1_269' title='bbox 949 2034 962 2058; x_wconf 92' lang='lat'><strong>,</strong></span> <span class='ocrx_word' id='word_1_270' title='bbox 1008 2007 1228 2048; x_wconf 87' lang='lat' dir='ltr'><strong>servans</strong></span> <span class='ocrx_word' id='word_1_271' title='bbox 1270 1991 1509 2050; x_wconf 86' lang='lat' dir='ltr'><strong>abditum</strong></span> <span class='ocrx_word' id='word_1_272' title='bbox 1567 1993 1665 2046; x_wconf 85' lang='lat' dir='ltr'><strong>sub</strong></span> <span class='ocrx_word' id='word_1_273' title='bbox 1708 2001 1922 2060; x_wconf 82' lang='lat' dir='ltr'><strong>pectore</strong></span> 
     </span>
    </p>
   </div>
   <div class='ocr_carea' id='block_1_37' title="bbox 336 2081 1920 2152">
    <p class='ocr_par' dir='ltr' id='par_1_37' title="bbox 336 2081 1920 2152">
     <span class='ocr_line' id='line_1_37' title="bbox 336 2081 1920 2152; baseline 0.001 -15"><span class='ocrx_word' id='word_1_274' title='bbox 336 2086 552 2140; x_wconf 84' lang='lat' dir='ltr'><strong>vulnus.</strong></span> <span class='ocrx_word' id='word_1_275' title='bbox 595 2086 890 2140; x_wconf 83' lang='lat' dir='ltr'><strong>Transacto</strong></span> <span class='ocrx_word' id='word_1_276' title='bbox 929 2099 1059 2139; x_wconf 83' lang='lat' dir='ltr'><strong>vero</strong></span> <span class='ocrx_word' id='word_1_277' title='bbox 1107 2098 1282 2142; x_wconf 88' lang='lat' dir='ltr'><strong>anno,</strong></span> <span class='ocrx_word' id='word_1_278' title='bbox 1332 2081 1494 2152; x_wconf 84' lang='lat' dir='ltr'><strong>jussit</strong></span> <span class='ocrx_word' id='word_1_279' title='bbox 1527 2098 1739 2138; x_wconf 86' lang='lat' dir='ltr'><strong>omnem</strong></span> <span class='ocrx_word' id='word_1_280' title='bbox 1797 2100 1920 2148; x_wconf 82' lang='lat' dir='ltr'><strong>eum</strong></span> 
     </span>
    </p>
   </div>
   <div class='ocr_carea' id='block_1_38' title="bbox 329 2175 1919 2246">
    <p class='ocr_par' dir='ltr' id='par_1_38' title="bbox 329 2175 1919 2246">
     <span class='ocr_line' id='line_1_38' title="bbox 329 2175 1919 2246; baseline -0.001 -14"><span class='ocrx_word' id='word_1_281' title='bbox 329 2193 601 2232; x_wconf 90' lang='lat' dir='ltr'><strong>armorum</strong></span> <span class='ocrx_word' id='word_1_282' title='bbox 637 2185 893 2246; x_wconf 76' lang='lat' dir='ltr'><strong>apparatu</strong></span> <span class='ocrx_word' id='word_1_283' title='bbox 917 2175 1169 2231; x_wconf 77' lang='lat' dir='ltr'><strong>advenire</strong></span> <span class='ocrx_word' id='word_1_284' title='bbox 1200 2175 1543 2244; x_wconf 74' lang='lat' dir='ltr'><strong>phalangam,</strong></span> <span class='ocrx_word' id='word_1_285' title='bbox 1585 2185 1919 2242; x_wconf 85' lang='lat' dir='ltr'><strong>ostensuram</strong></span> 
     </span>
    </p>
   </div>
   <div class='ocr_carea' id='block_1_39' title="bbox 330 2265 1919 2338">
    <p class='ocr_par' dir='ltr' id='par_1_39' title="bbox 330 2265 1919 2338">
     <span class='ocr_line' id='line_1_39' title="bbox 330 2265 1919 2338; baseline -0.001 -15"><span class='ocrx_word' id='word_1_286' title='bbox 330 2269 384 2323; x_wconf 89' lang='lat' dir='ltr'><strong>in</strong></span> <span class='ocrx_word' id='word_1_287' title='bbox 409 2267 610 2338; x_wconf 88' lang='lat' dir='ltr'><strong>Campo</strong></span> <span class='ocrx_word' id='word_1_288' title='bbox 633 2268 822 2322; x_wconf 78' lang='lat' dir='ltr'><strong>Martio</strong></span> <span class='ocrx_word' id='word_1_289' title='bbox 844 2265 872 2304; x_wconf 70' lang='grc' dir='ltr'>ι’</span> <span class='ocrx_word' id='word_1_290' title='bbox 903 2281 1120 2321; x_wconf 87' lang='lat' dir='ltr'><strong>suorum</strong></span> <span class='ocrx_word' id='word_1_291' title='bbox 1146 2280 1416 2322; x_wconf 83' lang='lat' dir='ltr'><strong>armorum</strong></span> <span class='ocrx_word' id='word_1_292' title='bbox 1443 2267 1692 2322; x_wconf 89' lang='lat' dir='ltr'><strong>nitorem.</strong></span> <span class='ocrx_word' id='word_1_293' title='bbox 1728 2267 1919 2321; x_wconf 85' lang='lat' dir='ltr'><strong>Verum</strong></span> 
     </span>
    </p>
   </div>
   <div class='ocr_carea' id='block_1_40' title="bbox 330 2355 1918 2425">
    <p class='ocr_par' dir='ltr' id='par_1_40' title="bbox 330 2355 1918 2425">
     <span class='ocr_line' id='line_1_40' title="bbox 330 2355 1918 2425; baseline -0.003 -10"><span class='ocrx_word' id='word_1_294' title='bbox 330 2359 420 2415; x_wconf 91' lang='lat' dir='ltr'><strong>ubi</strong></span> <span class='ocrx_word' id='word_1_295' title='bbox 464 2367 688 2413; x_wconf 85' lang='lat' dir='ltr'><strong>cunctos</strong></span> <span class='ocrx_word' id='word_1_296' title='bbox 728 2356 959 2412; x_wconf 90' lang='lat' dir='ltr'><strong>circuire</strong></span> <span class='ocrx_word' id='word_1_297' title='bbox 1009 2355 1303 2420; x_wconf 79' lang='lat' dir='ltr'><strong>deliberat,</strong></span> <span class='ocrx_word' id='word_1_298' title='bbox 1339 2355 1482 2410; x_wconf 83' lang='lat' dir='ltr'><strong>venit</strong></span> <span class='ocrx_word' id='word_1_299' title='bbox 1528 2355 1595 2410; x_wconf 89' lang='lat' dir='ltr'><strong>ad</strong></span> <span class='ocrx_word' id='word_1_300' title='bbox 1625 2357 1769 2412; x_wconf 82' lang='lat' dir='ltr'><strong>urcei</strong></span> <span class='ocrx_word' id='word_1_301' title='bbox 1804 2371 1918 2425; x_wconf 86' lang='lat' dir='ltr'><strong>pcr-</strong></span> 
     </span>
    </p>
   </div>
   <div class='ocr_carea' id='block_1_41' title="bbox 329 2447 1922 2519">
    <p class='ocr_par' dir='ltr' id='par_1_41' title="bbox 329 2447 1922 2519">
     <span class='ocr_line' id='line_1_41' title="bbox 329 2447 1922 2519; baseline -0.001 -13"><span class='ocrx_word' id='word_1_302' title='bbox 329 2465 602 2506; x_wconf 87' lang='lat' dir='ltr'><strong>cussorem</strong></span> <span class='ocrx_word' id='word_1_303' title='bbox 627 2490 646 2519; x_wconf 84' lang='lat'><strong>,</strong></span> <span class='ocrx_word' id='word_1_304' title='bbox 675 2449 761 2503; x_wconf 89' lang='lat' dir='ltr'><strong>cui</strong></span> <span class='ocrx_word' id='word_1_305' title='bbox 785 2447 859 2504; x_wconf 88' lang='lat' dir='ltr'><strong>ait</strong></span> <span class='ocrx_word' id='word_1_306' title='bbox 891 2465 906 2504; x_wconf 89' lang='lat'><strong>:</strong></span> <span class='ocrx_word' id='word_1_307' title='bbox 939 2447 1124 2502; x_wconf 84' lang='lat' dir='ltr'><strong>Nullus</strong></span> <span class='ocrx_word' id='word_1_308' title='bbox 1165 2458 1270 2502; x_wconf 87' lang='lat' dir='ltr'><strong>tam</strong></span> <span class='ocrx_word' id='word_1_309' title='bbox 1304 2447 1500 2502; x_wconf 87' lang='lat' dir='ltr'><strong>inculta</strong></span> <span class='ocrx_word' id='word_1_310' title='bbox 1523 2488 1539 2515; x_wconf 91' lang='lat'><strong>,</strong></span> <span class='ocrx_word' id='word_1_311' title='bbox 1567 2458 1621 2503; x_wconf 91' lang='lat' dir='ltr'><strong>ut</strong></span> <span class='ocrx_word' id='word_1_312' title='bbox 1661 2458 1736 2516; x_wconf 89' lang='lat' dir='ltr'><strong>tu,</strong></span> <span class='ocrx_word' id='word_1_313' title='bbox 1770 2448 1922 2504; x_wconf 89' lang='lat' dir='ltr'><strong>detu-</strong></span> 
     </span>
    </p>
   </div>
   <div class='ocr_carea' id='block_1_42' title="bbox 330 2538 1923 2609">
    <p class='ocr_par' dir='ltr' id='par_1_42' title="bbox 330 2538 1923 2609">
     <span class='ocr_line' id='line_1_42' title="bbox 330 2538 1923 2609; baseline -0.008 -11"><span class='ocrx_word' id='word_1_314' title='bbox 330 2541 392 2598; x_wconf 91' lang='lat' dir='ltr'><strong>lit</strong></span> <span class='ocrx_word' id='word_1_315' title='bbox 421 2558 568 2596; x_wconf 83' lang='lat' dir='ltr'><strong>artna</strong></span> <span class='ocrx_word' id='word_1_316' title='bbox 602 2557 618 2594; x_wconf 92' lang='lat'><strong>:</strong></span> <span class='ocrx_word' id='word_1_317' title='bbox 665 2557 787 2596; x_wconf 86' lang='lat' dir='ltr'><strong>nato</strong></span> <span class='ocrx_word' id='word_1_318' title='bbox 820 2553 991 2608; x_wconf 85' lang='lat' dir='ltr'><strong>neque</strong></span> <span class='ocrx_word' id='word_1_319' title='bbox 1039 2539 1134 2593; x_wconf 88' lang='lat' dir='ltr'><strong>tibi</strong></span> <span class='ocrx_word' id='word_1_320' title='bbox 1164 2538 1337 2606; x_wconf 90' lang='lat' dir='ltr'><strong>hasta,</strong></span> <span class='ocrx_word' id='word_1_321' title='bbox 1380 2553 1553 2608; x_wconf 88' lang='lat' dir='ltr'><strong>neque</strong></span> <span class='ocrx_word' id='word_1_322' title='bbox 1582 2538 1808 2609; x_wconf 85' lang='lat' dir='ltr'><strong>gladius,</strong></span> <span class='ocrx_word' id='word_1_323' title='bbox 1833 2555 1923 2602; x_wconf 84' lang='lat' dir='ltr'><strong>ne.</strong></span> 
     </span>
    </p>
   </div>
   <div class='ocr_carea' id='block_1_43' title="bbox 331 2629 1918 2704">
    <p class='ocr_par' dir='ltr' id='par_1_43' title="bbox 331 2629 1918 2704">
     <span class='ocr_line' id='line_1_43' title="bbox 331 2629 1918 2704; baseline -0.003 -16"><span class='ocrx_word' id='word_1_324' title='bbox 331 2649 434 2704; x_wconf 89' lang='lat' dir='ltr'><strong>que</strong></span> <span class='ocrx_word' id='word_1_325' title='bbox 460 2634 663 2690; x_wconf 89' lang='lat' dir='ltr'><strong>securis</strong></span> <span class='ocrx_word' id='word_1_326' title='bbox 697 2643 720 2671; x_wconf 75' lang='grc' dir='ltr'><strong><em>ο</em></strong></span> <span class='ocrx_word' id='word_1_327' title='bbox 745 2642 828 2688; x_wconf 90' lang='lat' dir='ltr'><strong>est</strong></span> <span class='ocrx_word' id='word_1_328' title='bbox 847 2632 1014 2698; x_wconf 90' lang='lat' dir='ltr'><strong>utilis;</strong></span> <span class='ocrx_word' id='word_1_329' title='bbox 1041 2643 1096 2687; x_wconf 91' lang='lat' dir='ltr'><strong>et</strong></span> <span class='ocrx_word' id='word_1_330' title='bbox 1123 2629 1511 2699; x_wconf 86' lang='lat' dir='ltr'><strong>apprehensam</strong></span> <span class='ocrx_word' id='word_1_331' title='bbox 1542 2629 1775 2685; x_wconf 85' lang='lat' dir='ltr'><strong>securim</strong></span> <span class='ocrx_word' id='word_1_332' title='bbox 1798 2629 1918 2699; x_wconf 89' lang='lat' dir='ltr'><strong>ejus</strong></span> 
     </span>
    </p>
   </div>
   <div class='ocr_carea' id='block_1_44' title="bbox 325 2722 1918 2796">
    <p class='ocr_par' dir='ltr' id='par_1_44' title="bbox 325 2722 1918 2796">
     <span class='ocr_line' id='line_1_44' title="bbox 325 2722 1918 2796; baseline -0.006 -9"><span class='ocrx_word' id='word_1_333' title='bbox 325 2733 383 2788; x_wconf 89' lang='lat' dir='ltr'><strong>in</strong></span> <span class='ocrx_word' id='word_1_334' title='bbox 427 2739 623 2785; x_wconf 88' lang='lat' dir='ltr'><strong>terram</strong></span> <span class='ocrx_word' id='word_1_335' title='bbox 665 2728 883 2796; x_wconf 88' lang='lat' dir='ltr'><strong>dejecit.</strong></span> <span class='ocrx_word' id='word_1_336' title='bbox 926 2727 992 2780; x_wconf 85' lang='lat' dir='ltr'><strong>At</strong></span> <span class='ocrx_word' id='word_1_337' title='bbox 1040 2725 1274 2786; x_wconf 89' lang='lat' dir='ltr'><strong>illecum</strong></span> <span class='ocrx_word' id='word_1_338' title='bbox 1309 2723 1579 2794; x_wconf 88' lang='lat' dir='ltr'><strong>paululum</strong></span> <span class='ocrx_word' id='word_1_339' title='bbox 1629 2722 1918 2778; x_wconf 86' lang='lat' dir='ltr'><strong>inclinatus</strong></span> 
     </span>
    </p>
   </div>
   <div class='ocr_carea' id='block_1_45' title="bbox 332 2813 1914 2888">
    <p class='ocr_par' dir='ltr' id='par_1_45' title="bbox 332 2813 1914 2888">
     <span class='ocr_line' id='line_1_45' title="bbox 332 2813 1914 2888; baseline -0.005 -11"><span class='ocrx_word' id='word_1_340' title='bbox 332 2823 513 2879; x_wconf 80' lang='lat' dir='ltr'><strong>fuisset</strong></span> <span class='ocrx_word' id='word_1_341' title='bbox 557 2820 623 2875; x_wconf 89' lang='lat' dir='ltr'><strong>ad</strong></span> <span class='ocrx_word' id='word_1_342' title='bbox 653 2816 1013 2888; x_wconf 86' lang='lat' dir='ltr'><strong>colligendum</strong></span> <span class='ocrx_word' id='word_1_343' title='bbox 1041 2830 1184 2881; x_wconf 90' lang='lat' dir='ltr'><strong>eam,</strong></span> <span class='ocrx_word' id='word_1_344' title='bbox 1233 2830 1326 2871; x_wconf 90' lang='lat' dir='ltr'><strong>rex</strong></span> <span class='ocrx_word' id='word_1_345' title='bbox 1374 2813 1595 2870; x_wconf 87' lang='lat' dir='ltr'><strong>elevatis</strong></span> <span class='ocrx_word' id='word_1_346' title='bbox 1645 2815 1914 2885; x_wconf 86' lang='lat' dir='ltr'><strong>manibus,</strong></span> 
     </span>
    </p>
   </div>
   <div class='ocr_carea' id='block_1_46' title="bbox 328 2902 1915 2977">
    <p class='ocr_par' dir='ltr' id='par_1_46' title="bbox 328 2902 1915 2977">
     <span class='ocr_line' id='line_1_46' title="bbox 328 2902 1915 2977; baseline -0.004 -11"><span class='ocrx_word' id='word_1_347' title='bbox 328 2911 556 2966; x_wconf 85' lang='lat' dir='ltr'><strong>securim</strong></span> <span class='ocrx_word' id='word_1_348' title='bbox 587 2923 739 2963; x_wconf 86' lang='lat' dir='ltr'><strong>suam</strong></span> <span class='ocrx_word' id='word_1_349' title='bbox 769 2908 929 2976; x_wconf 88' lang='lat' dir='ltr'><strong>capiti</strong></span> <span class='ocrx_word' id='word_1_350' title='bbox 960 2905 1076 2976; x_wconf 82' lang='lat' dir='ltr'><strong>ejus</strong></span> <span class='ocrx_word' id='word_1_351' title='bbox 1102 2905 1313 2959; x_wconf 77' lang='lat' dir='ltr'><strong>defixit.</strong></span> <span class='ocrx_word' id='word_1_352' title='bbox 1345 2902 1454 2972; x_wconf 89' lang='lat' dir='ltr'><strong>Sic,</strong></span> <span class='ocrx_word' id='word_1_353' title='bbox 1479 2903 1666 2977; x_wconf 86' lang='lat' dir='ltr'><strong>inquit,</strong></span> <span class='ocrx_word' id='word_1_354' title='bbox 1697 2911 1751 2960; x_wconf 93' lang='lat' dir='ltr'><strong>tu</strong></span> <span class='ocrx_word' id='word_1_355' title='bbox 1774 2905 1915 2976; x_wconf 89' lang='lat' dir='ltr'><strong>apud</strong></span> 
     </span>
    </p>
   </div>
   <div class='ocr_carea' id='block_1_47' title="bbox 328 2996 1914 3063">
    <p class='ocr_par' dir='ltr' id='par_1_47' title="bbox 328 2996 1914 3063">
     <span class='ocr_line' id='line_1_47' title="bbox 328 2996 1914 3063; baseline -0.006 -3"><span class='ocrx_word' id='word_1_356' title='bbox 328 3002 651 3060; x_wconf 89' lang='lat' dir='ltr'><strong>Suessionas</strong></span> <span class='ocrx_word' id='word_1_357' title='bbox 706 3001 761 3054; x_wconf 89' lang='lat' dir='ltr'><strong>in</strong></span> <span class='ocrx_word' id='word_1_358' title='bbox 799 3013 963 3054; x_wconf 86' lang='lat' dir='ltr'><strong>urceo</strong></span> <span class='ocrx_word' id='word_1_359' title='bbox 997 2998 1086 3052; x_wconf 92' lang='lat' dir='ltr'><strong>illo</strong></span> <span class='ocrx_word' id='word_1_360' title='bbox 1134 2996 1329 3051; x_wconf 79' lang='lat' dir='ltr'><strong>fecisti.</strong></span> <span class='ocrx_word' id='word_1_361' title='bbox 1364 2996 1480 3063; x_wconf 85' lang='lat' dir='ltr'><strong>Quo</strong></span> <span class='ocrx_word' id='word_1_362' title='bbox 1518 3005 1751 3058; x_wconf 87' lang='lat' dir='ltr'><strong>mortuo.</strong></span> <span class='ocrx_word' id='word_1_363' title='bbox 1785 2997 1914 3051; x_wconf 90' lang='lat' dir='ltr'><strong>reli-</strong></span> 
     </span>
    </p>
   </div>
   <div class='ocr_carea' id='block_1_48' title="bbox 1974 1783 3608 1876">
    <p class='ocr_par' dir='ltr' id='par_1_48' title="bbox 1974 1783 3608 1876">
     <span class='ocr_line' id='line_1_48' title="bbox 1974 1783 3608 1876; baseline 0.009 -30"><span class='ocrx_word' id='word_1_364' title='bbox 1974 1783 1978 1788; x_wconf 70' lang='grc'><em>’</em></span> <span class='ocrx_word' id='word_1_365' title='bbox 2029 1794 2255 1849; x_wconf 78' lang='lat' dir='ltr'><strong>Nomina</strong></span> <span class='ocrx_word' id='word_1_366' title='bbox 2295 1811 2424 1852; x_wconf 87' lang='lat' dir='ltr'><strong>vero</strong></span> <span class='ocrx_word' id='word_1_367' title='bbox 2471 1815 2589 1869; x_wconf 73' lang='lat' dir='ltr'><strong>qua:</strong></span> <span class='ocrx_word' id='word_1_368' title='bbox 2630 1801 2710 1856; x_wconf 88' lang='lat' dir='ltr'><strong>eis</strong></span> <span class='ocrx_word' id='word_1_369' title='bbox 2761 1802 3061 1872; x_wconf 84' lang='lat' dir='ltr'><strong>indidistis,</strong></span> <span class='ocrx_word' id='word_1_370' title='bbox 3113 1804 3390 1858; x_wconf 87' lang='lat' dir='ltr'><strong>hominum</strong></span> <span class='ocrx_word' id='word_1_371' title='bbox 3438 1783 3608 1876; x_wconf 82' lang='lat' dir='ltr'><strong>fuere,</strong></span> 
     </span>
    </p>
   </div>
   <div class='ocr_carea' id='block_1_49' title="bbox 2024 1887 3610 1969">
    <p class='ocr_par' dir='ltr' id='par_1_49' title="bbox 2024 1887 3610 1969">
     <span class='ocr_line' id='line_1_49' title="bbox 2024 1887 3610 1969; baseline 0.008 -30"><span class='ocrx_word' id='word_1_372' title='bbox 2024 1902 2129 1950; x_wconf 84' lang='lat' dir='ltr'><strong>non</strong></span> <span class='ocrx_word' id='word_1_373' title='bbox 2179 1887 2403 1944; x_wconf 88' lang='lat' dir='ltr'><strong>deorum</strong></span> <span class='ocrx_word' id='word_1_374' title='bbox 2445 1889 2490 1962; x_wconf 72' lang='grc' dir='ltr'><strong>ί,</strong></span> <span class='ocrx_word' id='word_1_375' title='bbox 2522 1904 2579 1946; x_wconf 83' lang='grc' dir='ltr'><strong>ιιι</strong></span> <span class='ocrx_word' id='word_1_376' title='bbox 2609 1892 2870 1948; x_wconf 85' lang='lat' dir='ltr'><strong>Saturnus</strong></span> <span class='ocrx_word' id='word_1_377' title='bbox 2898 1934 2915 1959; x_wconf 92' lang='lat'><strong>,</strong></span> <span class='ocrx_word' id='word_1_378' title='bbox 2973 1896 3060 1964; x_wconf 90' lang='lat' dir='ltr'><strong>qui</strong></span> <span class='ocrx_word' id='word_1_379' title='bbox 3095 1896 3224 1961; x_wconf 87' lang='lat' dir='ltr'><strong>filio,</strong></span> <span class='ocrx_word' id='word_1_380' title='bbox 3270 1913 3337 1952; x_wconf 89' lang='lat' dir='ltr'><strong>ne</strong></span> <span class='ocrx_word' id='word_1_381' title='bbox 3383 1913 3411 1951; x_wconf 90' lang='lat' dir='ltr'><strong>a</strong></span> <span class='ocrx_word' id='word_1_382' title='bbox 3440 1914 3610 1969; x_wconf 86' lang='lat' dir='ltr'><strong>regno</strong></span> 
     </span>
    </p>
   </div>
   <div class='ocr_carea' id='block_1_50' title="bbox 2023 1979 3610 2062">
    <p class='ocr_par' dir='ltr' id='par_1_50' title="bbox 2023 1979 3610 2062">
     <span class='ocr_line' id='line_1_50' title="bbox 2023 1979 3610 2062; baseline 0.009 -28"><span class='ocrx_word' id='word_1_383' title='bbox 2023 1979 2420 2056; x_wconf 84' lang='lat' dir='ltr'><strong>depelleretur,</strong></span> <span class='ocrx_word' id='word_1_384' title='bbox 2471 2000 2564 2056; x_wconf 89' lang='lat' dir='ltr'><strong>per</strong></span> <span class='ocrx_word' id='word_1_385' title='bbox 2614 1987 2789 2056; x_wconf 87' lang='lat' dir='ltr'><strong>fugam</strong></span> <span class='ocrx_word' id='word_1_386' title='bbox 2824 1988 3040 2058; x_wconf 89' lang='lat' dir='ltr'><strong>elapsus</strong></span> <span class='ocrx_word' id='word_1_387' title='bbox 3069 1990 3345 2058; x_wconf 87' lang='lat' dir='ltr'><strong>asseritur;</strong></span> <span class='ocrx_word' id='word_1_388' title='bbox 3392 2001 3450 2045; x_wconf 92' lang='lat' dir='ltr'><strong>ut</strong></span> <span class='ocrx_word' id='word_1_389' title='bbox 3495 1993 3610 2062; x_wconf 89' lang='lat' dir='ltr'><strong>ipse</strong></span> 
     </span>
    </p>
   </div>
   <div class='ocr_carea' id='block_1_51' title="bbox 2024 2068 3608 2151">
    <p class='ocr_par' dir='ltr' id='par_1_51' title="bbox 2024 2068 3608 2151">
     <span class='ocr_line' id='line_1_51' title="bbox 2024 2068 3608 2151; baseline 0.009 -30"><span class='ocrx_word' id='word_1_390' title='bbox 2024 2068 2232 2138; x_wconf 74' lang='lat' dir='ltr'><strong>Jupiter</strong></span> <span class='ocrx_word' id='word_1_391' title='bbox 2267 2073 2506 2128; x_wconf 78' lang='grc' dir='ltr'>οειιιιὶιιηι</span> <span class='ocrx_word' id='word_1_392' title='bbox 2552 2085 2858 2144; x_wconf 77' lang='lat' dir='ltr'><strong>stuprorum</strong></span> <span class='ocrx_word' id='word_1_393' title='bbox 2909 2079 3284 2148; x_wconf 88' lang='lat' dir='ltr'><strong>spurcissimns</strong></span> <span class='ocrx_word' id='word_1_394' title='bbox 3330 2092 3608 2151; x_wconf 81' lang='lat' dir='ltr'><strong>perpetra-</strong></span> 
     </span>
    </p>
   </div>
   <div class='ocr_carea' id='block_1_52' title="bbox 2026 2166 3605 2246">
    <p class='ocr_par' dir='ltr' id='par_1_52' title="bbox 2026 2166 3605 2246">
     <span class='ocr_line' id='line_1_52' title="bbox 2026 2166 3605 2246; baseline 0.008 -28"><span class='ocrx_word' id='word_1_395' title='bbox 2026 2175 2128 2230; x_wconf 90' lang='lat' dir='ltr'><strong>tor,</strong></span> <span class='ocrx_word' id='word_1_396' title='bbox 2155 2166 2450 2222; x_wconf 79' lang='lat' dir='ltr'><strong>inceStator</strong></span> <span class='ocrx_word' id='word_1_397' title='bbox 2497 2169 2757 2238; x_wconf 80' lang='lat' dir='ltr'><strong>virorum,</strong></span> <span class='ocrx_word' id='word_1_398' title='bbox 2805 2173 3223 2241; x_wconf 80' lang='lat' dir='ltr'><strong>propinquarum</strong></span> <span class='ocrx_word' id='word_1_399' title='bbox 3263 2173 3492 2243; x_wconf 87' lang='lat' dir='ltr'><strong>derisor,</strong></span> <span class='ocrx_word' id='word_1_400' title='bbox 3516 2178 3605 2246; x_wconf 87' lang='lat' dir='ltr'><strong>qui</strong></span> 
     </span>
    </p>
   </div>
   <div class='ocr_carea' id='block_1_53' title="bbox 2024 2257 3606 2333">
    <p class='ocr_par' dir='ltr' id='par_1_53' title="bbox 2024 2257 3606 2333">
     <span class='ocr_line' id='line_1_53' title="bbox 2024 2257 3606 2333; baseline 0.009 -23"><span class='ocrx_word' id='word_1_401' title='bbox 2024 2272 2125 2312; x_wconf 87' lang='lat' dir='ltr'><strong>nec</strong></span> <span class='ocrx_word' id='word_1_402' title='bbox 2150 2257 2218 2311; x_wconf 91' lang='lat' dir='ltr'><strong>ab</strong></span> <span class='ocrx_word' id='word_1_403' title='bbox 2268 2259 2432 2326; x_wconf 86' lang='lat' dir='ltr'><strong>ipsius</strong></span> <span class='ocrx_word' id='word_1_404' title='bbox 2462 2262 2670 2314; x_wconf 87' lang='lat' dir='ltr'><strong>sororis</strong></span> <span class='ocrx_word' id='word_1_405' title='bbox 2702 2266 2928 2332; x_wconf 64' lang='lat' dir='ltr'><strong>propriae</strong></span> <span class='ocrx_word' id='word_1_406' title='bbox 2961 2265 3128 2333; x_wconf 88' lang='lat' dir='ltr'><strong>potuit</strong></span> <span class='ocrx_word' id='word_1_407' title='bbox 3181 2267 3448 2322; x_wconf 85' lang='lat' dir='ltr'><strong>abstinere</strong></span> <span class='ocrx_word' id='word_1_408' title='bbox 3478 2284 3606 2323; x_wconf 81' lang='lat' dir='ltr'><strong>eon-</strong></span> 
     </span>
    </p>
   </div>
   <div class='ocr_carea' id='block_1_54' title="bbox 2023 2346 3606 2432">
    <p class='ocr_par' dir='ltr' id='par_1_54' title="bbox 2023 2346 3606 2432">
     <span class='ocr_line' id='line_1_54' title="bbox 2023 2346 3606 2432; baseline 0.008 -32"><span class='ocrx_word' id='word_1_409' title='bbox 2023 2346 2225 2411; x_wconf 89' lang='lat' dir='ltr'><strong>cubitu,</strong></span> <span class='ocrx_word' id='word_1_410' title='bbox 2252 2357 2307 2401; x_wconf 93' lang='lat' dir='ltr'><strong>ut</strong></span> <span class='ocrx_word' id='word_1_411' title='bbox 2339 2349 2450 2418; x_wconf 89' lang='lat' dir='ltr'><strong>ipsa</strong></span> <span class='ocrx_word' id='word_1_412' title='bbox 2481 2349 2552 2402; x_wconf 90' lang='lat' dir='ltr'><strong>ait</strong></span> <span class='ocrx_word' id='word_1_413' title='bbox 2585 2367 2598 2403; x_wconf 86' lang='lat'><strong>:</strong></span> <span class='ocrx_word' id='word_1_414' title='bbox 2631 2349 2872 2422; x_wconf 48' lang='lat' dir='ltr'><strong>Ioviique</strong></span> <span class='ocrx_word' id='word_1_415' title='bbox 2905 2363 2953 2406; x_wconf 84' lang='lat' dir='ltr'><strong>et</strong></span> <span class='ocrx_word' id='word_1_416' title='bbox 2974 2371 3119 2409; x_wconf 84' lang='lat' dir='ltr'><strong>soror</strong></span> <span class='ocrx_word' id='word_1_417' title='bbox 3141 2367 3188 2409; x_wconf 83' lang='lat' dir='ltr'><strong>et</strong></span> <span class='ocrx_word' id='word_1_418' title='bbox 3217 2358 3606 2432; x_wconf 74' lang='lat' dir='ltr'><strong>conjux(Virg.</strong></span> 
     </span>
    </p>
   </div>
   <div class='ocr_carea' id='block_1_55' title="bbox 2023 2435 3606 2522">
    <p class='ocr_par' dir='ltr' id='par_1_55' title="bbox 2023 2435 3606 2522">
     <span class='ocr_line' id='line_1_55' title="bbox 2023 2435 3606 2522; baseline 0.011 -33"><span class='ocrx_word' id='word_1_419' title='bbox 2023 2435 2240 2491; x_wconf 69' lang='lat' dir='ltr'><strong>.Eneid.</strong></span> <span class='ocrx_word' id='word_1_420' title='bbox 2277 2439 2367 2492; x_wconf 87' lang='lat' dir='ltr'><strong>lib.</strong></span> <span class='ocrx_word' id='word_1_421' title='bbox 2398 2440 2474 2512; x_wconf 86' lang='grc' dir='ltr'><strong>ι).</strong></span> <span class='ocrx_word' id='word_1_422' title='bbox 2532 2440 2670 2508; x_wconf 84' lang='lat' dir='ltr'><strong>Quid</strong></span> <span class='ocrx_word' id='word_1_423' title='bbox 2722 2442 2861 2499; x_wconf 84' lang='lat' dir='ltr'><strong>Mars</strong></span> <span class='ocrx_word' id='word_1_424' title='bbox 2908 2445 3303 2517; x_wconf 80' lang='lat' dir='ltr'><strong>Mercuriusque</strong></span> <span class='ocrx_word' id='word_1_425' title='bbox 3353 2450 3459 2522; x_wconf 72' lang='grc' dir='ltr'>ει</span> <span class='ocrx_word' id='word_1_426' title='bbox 3510 2464 3606 2518; x_wconf 81' lang='lat' dir='ltr'><strong>po-</strong></span> 
     </span>
    </p>
   </div>
   <div class='ocr_carea' id='block_1_56' title="bbox 2025 2532 3607 2613">
    <p class='ocr_par' dir='ltr' id='par_1_56' title="bbox 2025 2532 3607 2613">
     <span class='ocr_line' id='line_1_56' title="bbox 2025 2532 3607 2613; baseline 0.009 -29"><span class='ocrx_word' id='word_1_427' title='bbox 2025 2532 2222 2592; x_wconf 77' lang='lat' dir='ltr'><strong>tuere?</strong></span> <span class='ocrx_word' id='word_1_428' title='bbox 2273 2532 2374 2598; x_wconf 86' lang='lat' dir='ltr'><strong>Qui</strong></span> <span class='ocrx_word' id='word_1_429' title='bbox 2429 2538 2605 2602; x_wconf 89' lang='lat' dir='ltr'><strong>potius</strong></span> <span class='ocrx_word' id='word_1_430' title='bbox 2658 2545 2784 2593; x_wconf 85' lang='lat' dir='ltr'><strong>sunt</strong></span> <span class='ocrx_word' id='word_1_431' title='bbox 2827 2540 3045 2610; x_wconf 87' lang='lat' dir='ltr'><strong>magicis</strong></span> <span class='ocrx_word' id='word_1_432' title='bbox 3085 2543 3288 2603; x_wconf 82' lang='lat' dir='ltr'><strong>artibus</strong></span> <span class='ocrx_word' id='word_1_433' title='bbox 3345 2541 3607 2613; x_wconf 69' lang='lat' dir='ltr'><strong>prmditi.</strong></span> 
     </span>
    </p>
   </div>
   <div class='ocr_carea' id='block_1_57' title="bbox 2021 2623 3611 2698">
    <p class='ocr_par' dir='ltr' id='par_1_57' title="bbox 2021 2623 3611 2698">
     <span class='ocr_line' id='line_1_57' title="bbox 2021 2623 3611 2698; baseline 0.011 -24"><span class='ocrx_word' id='word_1_434' title='bbox 2021 2636 2182 2691; x_wconf 88' lang='lat' dir='ltr'><strong>quam</strong></span> <span class='ocrx_word' id='word_1_435' title='bbox 2223 2623 2388 2679; x_wconf 83' lang='lat' dir='ltr'><strong>divini</strong></span> <span class='ocrx_word' id='word_1_436' title='bbox 2447 2627 2681 2689; x_wconf 88' lang='lat' dir='ltr'><strong>numinis</strong></span> <span class='ocrx_word' id='word_1_437' title='bbox 2735 2632 3026 2698; x_wconf 88' lang='lat' dir='ltr'><strong>potentiam</strong></span> <span class='ocrx_word' id='word_1_438' title='bbox 3075 2632 3328 2688; x_wconf 87' lang='lat' dir='ltr'><strong>habuere.</strong></span> <span class='ocrx_word' id='word_1_439' title='bbox 3373 2634 3481 2690; x_wconf 90' lang='lat' dir='ltr'><strong>Sed</strong></span> <span class='ocrx_word' id='word_1_440' title='bbox 3518 2635 3611 2692; x_wconf 86' lang='lat' dir='ltr'><strong>ille</strong></span> 
     </span>
    </p>
   </div>
   <div class='ocr_carea' id='block_1_58' title="bbox 2023 2717 3610 2792">
    <p class='ocr_par' dir='ltr' id='par_1_58' title="bbox 2023 2717 3610 2792">
     <span class='ocr_line' id='line_1_58' title="bbox 2023 2717 3610 2792; baseline 0.009 -22"><span class='ocrx_word' id='word_1_441' title='bbox 2023 2717 2190 2786; x_wconf 86' lang='lat' dir='ltr'><strong>magis</strong></span> <span class='ocrx_word' id='word_1_442' title='bbox 2217 2720 2322 2772; x_wconf 92' lang='lat' dir='ltr'><strong>coli</strong></span> <span class='ocrx_word' id='word_1_443' title='bbox 2351 2720 2531 2786; x_wconf 87' lang='lat' dir='ltr'><strong>debet,</strong></span> <span class='ocrx_word' id='word_1_444' title='bbox 2561 2723 2652 2792; x_wconf 90' lang='lat' dir='ltr'><strong>qui</strong></span> <span class='ocrx_word' id='word_1_445' title='bbox 2678 2723 2876 2779; x_wconf 61' lang='lat' dir='ltr'><strong>caelum</strong></span> <span class='ocrx_word' id='word_1_446' title='bbox 2902 2735 2957 2781; x_wconf 91' lang='lat' dir='ltr'><strong>et</strong></span> <span class='ocrx_word' id='word_1_447' title='bbox 2980 2734 3198 2792; x_wconf 87' lang='lat' dir='ltr'><strong>terram,</strong></span> <span class='ocrx_word' id='word_1_448' title='bbox 3233 2742 3380 2783; x_wconf 89' lang='lat' dir='ltr'><strong>mare</strong></span> <span class='ocrx_word' id='word_1_449' title='bbox 3409 2737 3462 2783; x_wconf 90' lang='lat' dir='ltr'><strong>et</strong></span> <span class='ocrx_word' id='word_1_450' title='bbox 3492 2744 3610 2784; x_wconf 80' lang='lat' dir='ltr'><strong>om-</strong></span> 
     </span>
    </p>
   </div>
   <div class='ocr_carea' id='block_1_59' title="bbox 2022 2809 3610 2890">
    <p class='ocr_par' dir='ltr' id='par_1_59' title="bbox 2022 2809 3610 2890">
     <span class='ocr_line' id='line_1_59' title="bbox 2022 2809 3610 2890; baseline 0.009 -28"><span class='ocrx_word' id='word_1_451' title='bbox 2022 2809 2107 2863; x_wconf 90' lang='lat' dir='ltr'><strong>nia</strong></span> <span class='ocrx_word' id='word_1_452' title='bbox 2139 2826 2257 2879; x_wconf 76' lang='lat' dir='ltr'><strong>qua:</strong></span> <span class='ocrx_word' id='word_1_453' title='bbox 2286 2811 2340 2866; x_wconf 90' lang='lat' dir='ltr'><strong>in</strong></span> <span class='ocrx_word' id='word_1_454' title='bbox 2370 2813 2450 2867; x_wconf 92' lang='lat' dir='ltr'><strong>eis</strong></span> <span class='ocrx_word' id='word_1_455' title='bbox 2497 2824 2659 2882; x_wconf 90' lang='lat' dir='ltr'><strong>sunt,</strong></span> <span class='ocrx_word' id='word_1_456' title='bbox 2691 2817 2855 2872; x_wconf 87' lang='lat' dir='ltr'><strong>verbo</strong></span> <span class='ocrx_word' id='word_1_457' title='bbox 2884 2833 2949 2873; x_wconf 80' lang='lat' dir='ltr'><strong>ex</strong></span> <span class='ocrx_word' id='word_1_458' title='bbox 2994 2833 3097 2874; x_wconf 92' lang='lat' dir='ltr'><strong>non</strong></span> <span class='ocrx_word' id='word_1_459' title='bbox 3126 2820 3457 2876; x_wconf 72' lang='lat' dir='ltr'><strong>exetantibus</strong></span> <span class='ocrx_word' id='word_1_460' title='bbox 3487 2835 3610 2890; x_wconf 54' lang='lat' dir='ltr'><strong>pro.</strong></span> 
     </span>
    </p>
   </div>
   <div class='ocr_carea' id='block_1_60' title="bbox 2021 2901 3611 2975">
    <p class='ocr_par' dir='ltr' id='par_1_60' title="bbox 2021 2901 3611 2975">
     <span class='ocr_line' id='line_1_60' title="bbox 2021 2901 3611 2975; baseline 0.01 -22"><span class='ocrx_word' id='word_1_461' title='bbox 2021 2901 2268 2967; x_wconf 88' lang='lat' dir='ltr'><strong>creavit;</strong></span> <span class='ocrx_word' id='word_1_462' title='bbox 2316 2904 2406 2972; x_wconf 91' lang='lat' dir='ltr'><strong>qui</strong></span> <span class='ocrx_word' id='word_1_463' title='bbox 2461 2905 2630 2960; x_wconf 83' lang='lat' dir='ltr'><strong>solem</strong></span> <span class='ocrx_word' id='word_1_464' title='bbox 2685 2907 2865 2963; x_wconf 87' lang='lat' dir='ltr'><strong>lucere</strong></span> <span class='ocrx_word' id='word_1_465' title='bbox 2901 2907 3050 2975; x_wconf 84' lang='lat' dir='ltr'><strong>fecit,</strong></span> <span class='ocrx_word' id='word_1_466' title='bbox 3108 2919 3164 2965; x_wconf 86' lang='lat' dir='ltr'><strong>et</strong></span> <span class='ocrx_word' id='word_1_467' title='bbox 3205 2913 3398 2967; x_wconf 83' lang='lat' dir='ltr'><strong>coelum</strong></span> <span class='ocrx_word' id='word_1_468' title='bbox 3440 2911 3611 2969; x_wconf 86' lang='lat' dir='ltr'><strong>stellis</strong></span> 
     </span>
    </p>
   </div>
   <div class='ocr_carea' id='block_1_61' title="bbox 2021 2991 3610 3076">
    <p class='ocr_par' dir='ltr' id='par_1_61' title="bbox 2021 2991 3610 3076">
     <span class='ocr_line' id='line_1_61' title="bbox 2021 2991 3610 3076; baseline 0.009 -30"><span class='ocrx_word' id='word_1_469' title='bbox 2021 2991 2267 3060; x_wconf 88' lang='lat' dir='ltr'><strong>ornavit;</strong></span> <span class='ocrx_word' id='word_1_470' title='bbox 2299 2997 2386 3065; x_wconf 92' lang='lat' dir='ltr'><strong>qui</strong></span> <span class='ocrx_word' id='word_1_471' title='bbox 2418 3011 2584 3066; x_wconf 88' lang='lat' dir='ltr'><strong>aquas</strong></span> <span class='ocrx_word' id='word_1_472' title='bbox 2627 2999 2933 3069; x_wconf 85' lang='lat' dir='ltr'><strong>reptilibus.</strong></span> <span class='ocrx_word' id='word_1_473' title='bbox 2984 3010 3155 3058; x_wconf 86' lang='lat' dir='ltr'><strong>terras</strong></span> <span class='ocrx_word' id='word_1_474' title='bbox 3199 3006 3563 3061; x_wconf 85' lang='lat' dir='ltr'><strong>animantibus</strong></span> <span class='ocrx_word' id='word_1_475' title='bbox 3589 3048 3610 3076; x_wconf 88' lang='lat'><strong>,</strong></span> 
     </span>
    </p>
   </div>
   <div class='ocr_carea' id='block_1_62' title="bbox 328 3086 3608 3173">
    <p class='ocr_par' dir='ltr' id='par_1_62' title="bbox 328 3086 3608 3173">
     <span class='ocr_line' id='line_1_62' title="bbox 328 3086 3608 3173; baseline 0.001 -23"><span class='ocrx_word' id='word_1_476' title='bbox 328 3110 463 3166; x_wconf 88' lang='lat' dir='ltr'><strong>quos</strong></span> <span class='ocrx_word' id='word_1_477' title='bbox 489 3092 781 3148; x_wconf 82' lang='lat' dir='ltr'><strong>abscedere</strong></span> <span class='ocrx_word' id='word_1_478' title='bbox 835 3090 1022 3169; x_wconf 84' lang='lat' dir='ltr'><strong>jubet,</strong></span> <span class='ocrx_word' id='word_1_479' title='bbox 1076 3104 1322 3160; x_wconf 86' lang='lat' dir='ltr'><strong>magnum</strong></span> <span class='ocrx_word' id='word_1_480' title='bbox 1367 3087 1467 3143; x_wconf 91' lang='lat' dir='ltr'><strong>sibi</strong></span> <span class='ocrx_word' id='word_1_481' title='bbox 1500 3103 1595 3159; x_wconf 86' lang='lat' dir='ltr'><strong>per</strong></span> <span class='ocrx_word' id='word_1_482' title='bbox 1634 3088 1771 3144; x_wconf 82' lang='lat' dir='ltr'><strong>hanc</strong></span> <span class='ocrx_word' id='word_1_483' title='bbox 1790 3104 1917 3144; x_wconf 85' lang='lat' dir='ltr'><strong>cau-</strong></span> <span class='ocrx_word' id='word_1_484' title='bbox 1947 3108 1992 3173; x_wconf 72' lang='grc' dir='ltr'>ρ</span> <span class='ocrx_word' id='word_1_485' title='bbox 2023 3098 2148 3139; x_wconf 89' lang='lat' dir='ltr'><strong>aera</strong></span> <span class='ocrx_word' id='word_1_486' title='bbox 2201 3086 2498 3143; x_wconf 74' lang='lat' dir='ltr'><strong>volatilibus</strong></span> <span class='ocrx_word' id='word_1_487' title='bbox 2539 3089 2886 3161; x_wconf 89' lang='lat' dir='ltr'><strong>adimplevit;</strong></span> <span class='ocrx_word' id='word_1_488' title='bbox 2927 3093 3084 3163; x_wconf 88' lang='lat' dir='ltr'><strong>cujus</strong></span> <span class='ocrx_word' id='word_1_489' title='bbox 3116 3104 3244 3150; x_wconf 91' lang='lat' dir='ltr'><strong>nutu</strong></span> <span class='ocrx_word' id='word_1_490' title='bbox 3295 3106 3450 3152; x_wconf 77' lang='lat' dir='ltr'><strong>terra:</strong></span> <span class='ocrx_word' id='word_1_491' title='bbox 3500 3097 3608 3153; x_wconf 77' lang='lat' dir='ltr'><strong>itu-</strong></span> 
     </span>
    </p>
   </div>
   <div class='ocr_carea' id='block_1_63' title="bbox 327 3176 1916 3249">
    <p class='ocr_par' dir='ltr' id='par_1_63' title="bbox 327 3176 1916 3249">
     <span class='ocr_line' id='line_1_63' title="bbox 327 3176 1916 3249; baseline -0.004 -6"><span class='ocrx_word' id='word_1_492' title='bbox 327 3203 440 3243; x_wconf 86' lang='lat' dir='ltr'><strong>sam</strong></span> <span class='ocrx_word' id='word_1_493' title='bbox 488 3187 734 3243; x_wconf 75' lang='lat' dir='ltr'><strong>timorem</strong></span> <span class='ocrx_word' id='word_1_494' title='bbox 785 3183 1046 3238; x_wconf 81' lang='lat' dir='ltr'><strong>statuens.</strong></span> <span class='ocrx_word' id='word_1_495' title='bbox 1095 3182 1256 3237; x_wconf 79' lang='lat' dir='ltr'><strong>Multa</strong></span> <span class='ocrx_word' id='word_1_496' title='bbox 1285 3176 1312 3216; x_wconf 75' lang='grc' dir='ltr'>ά</span> <span class='ocrx_word' id='word_1_497' title='bbox 1342 3181 1501 3240; x_wconf 75' lang='lat' dir='ltr'><strong>bella,</strong></span> <span class='ocrx_word' id='word_1_498' title='bbox 1557 3181 1916 3249; x_wconf 83' lang='lat' dir='ltr'><strong>victoriasque</strong></span> 
     </span>
    </p>
   </div>
   <div class='ocr_carea' id='block_1_64' title="bbox 329 3275 1913 3348">
    <p class='ocr_par' dir='ltr' id='par_1_64' title="bbox 329 3275 1913 3348">
     <span class='ocr_line' id='line_1_64' title="bbox 329 3275 1913 3348; baseline -0.003 -14"><span class='ocrx_word' id='word_1_499' title='bbox 329 3281 469 3334; x_wconf 83' lang='lat' dir='ltr'><strong>fecit.</strong></span> <span class='ocrx_word' id='word_1_500' title='bbox 495 3278 625 3333; x_wconf 87' lang='lat' dir='ltr'><strong>Nam</strong></span> <span class='ocrx_word' id='word_1_501' title='bbox 650 3278 860 3332; x_wconf 88' lang='lat' dir='ltr'><strong>decimo</strong></span> <span class='ocrx_word' id='word_1_502' title='bbox 891 3276 1040 3348; x_wconf 80' lang='lat' dir='ltr'><strong>regni</strong></span> <span class='ocrx_word' id='word_1_503' title='bbox 1069 3276 1150 3332; x_wconf 88' lang='lat' dir='ltr'><strong>sui</strong></span> <span class='ocrx_word' id='word_1_504' title='bbox 1176 3291 1351 3343; x_wconf 90' lang='lat' dir='ltr'><strong>anno,</strong></span> <span class='ocrx_word' id='word_1_505' title='bbox 1394 3275 1682 3347; x_wconf 86' lang='lat' dir='ltr'><strong>Thoringis</strong></span> <span class='ocrx_word' id='word_1_506' title='bbox 1713 3275 1913 3342; x_wconf 86' lang='lat' dir='ltr'><strong>bellum</strong></span> 
     </span>
    </p>
   </div>
   <div class='ocr_carea' id='block_1_65' title="bbox 328 3367 1715 3439">
    <p class='ocr_par' dir='ltr' id='par_1_65' title="bbox 328 3367 1715 3439">
     <span class='ocr_line' id='line_1_65' title="bbox 328 3367 1715 3439; baseline -0.002 -13"><span class='ocrx_word' id='word_1_507' title='bbox 328 3371 505 3426; x_wconf 91' lang='lat' dir='ltr'><strong>intulit</strong></span> <span class='ocrx_word' id='word_1_508' title='bbox 538 3411 553 3436; x_wconf 93' lang='lat'><strong>,</strong></span> <span class='ocrx_word' id='word_1_509' title='bbox 578 3369 904 3439; x_wconf 86' lang='lat' dir='ltr'><strong>eosdemque</strong></span> <span class='ocrx_word' id='word_1_510' title='bbox 932 3369 1044 3424; x_wconf 87' lang='lat' dir='ltr'><strong>suis</strong></span> <span class='ocrx_word' id='word_1_511' title='bbox 1071 3367 1362 3424; x_wconf 89' lang='lat' dir='ltr'><strong>ditionibus</strong></span> <span class='ocrx_word' id='word_1_512' title='bbox 1384 3369 1715 3438; x_wconf 82' lang='lat' dir='ltr'><strong>subjugavit.</strong></span> 
     </span>
    </p>
   </div>
   <div class='ocr_carea' id='block_1_66' title="bbox 397 3458 1912 3533">
    <p class='ocr_par' dir='ltr' id='par_1_66' title="bbox 397 3458 1912 3533">
     <span class='ocr_line' id='line_1_66' title="bbox 397 3458 1912 3533; baseline 0.001 -18"><span class='ocrx_word' id='word_1_513' title='bbox 397 3459 773 3533; x_wconf 74' lang='lat' dir='ltr'><strong>80XXVlll.</strong></span> <span class='ocrx_word' id='word_1_514' title='bbox 832 3459 955 3514; x_wconf 85' lang='lat' dir='ltr'><strong>Fuit</strong></span> <span class='ocrx_word' id='word_1_515' title='bbox 999 3467 1178 3515; x_wconf 87' lang='lat' dir='ltr'><strong>autem</strong></span> <span class='ocrx_word' id='word_1_516' title='bbox 1221 3467 1280 3514; x_wconf 91' lang='lat' dir='ltr'><strong>et</strong></span> <span class='ocrx_word' id='word_1_517' title='bbox 1333 3458 1696 3518; x_wconf 86' lang='lat' dir='ltr'><strong>Gundeuchus</strong></span> <span class='ocrx_word' id='word_1_518' title='bbox 1748 3470 1772 3498; x_wconf 72' lang='grc' dir='ltr'><strong>ο</strong></span> <span class='ocrx_word' id='word_1_519' title='bbox 1819 3475 1912 3516; x_wconf 83' lang='lat' dir='ltr'><strong>rex</strong></span> 
     </span>
    </p>
   </div>
   <div class='ocr_carea' id='block_1_67' title="bbox 329 3552 1916 3624">
    <p class='ocr_par' dir='ltr' id='par_1_67' title="bbox 329 3552 1916 3624">
     <span class='ocr_line' id='line_1_67' title="bbox 329 3552 1916 3624; baseline -0.003 -16"><span class='ocrx_word' id='word_1_520' title='bbox 329 3553 766 3624; x_wconf 74' lang='lat' dir='ltr'><strong>Burgundionum</strong></span> <span class='ocrx_word' id='word_1_521' title='bbox 791 3595 806 3620; x_wconf 86' lang='lat'><strong>,</strong></span> <span class='ocrx_word' id='word_1_522' title='bbox 838 3567 899 3605; x_wconf 80' lang='lat' dir='ltr'><strong>ex</strong></span> <span class='ocrx_word' id='word_1_523' title='bbox 925 3565 1121 3622; x_wconf 71' lang='lat' dir='ltr'><strong>genere</strong></span> <span class='ocrx_word' id='word_1_524' title='bbox 1152 3552 1458 3606; x_wconf 82' lang='lat' dir='ltr'><strong>Athanarici</strong></span> <span class='ocrx_word' id='word_1_525' title='bbox 1490 3554 1628 3622; x_wconf 89' lang='lat' dir='ltr'><strong>regis</strong></span> <span class='ocrx_word' id='word_1_526' title='bbox 1661 3565 1916 3621; x_wconf 85' lang='lat' dir='ltr'><strong>persecu-</strong></span> 
     </span>
    </p>
   </div>
   <div class='ocr_carea' id='block_1_68' title="bbox 331 3642 1914 3714">
    <p class='ocr_par' dir='ltr' id='par_1_68' title="bbox 331 3642 1914 3714">
     <span class='ocr_line' id='line_1_68' title="bbox 331 3642 1914 3714; baseline 0 -16"><span class='ocrx_word' id='word_1_527' title='bbox 331 3645 480 3711; x_wconf 78' lang='lat' dir='ltr'><strong>toris,</strong></span> <span class='ocrx_word' id='word_1_528' title='bbox 510 3643 577 3699; x_wconf 90' lang='lat' dir='ltr'><strong>de</strong></span> <span class='ocrx_word' id='word_1_529' title='bbox 606 3658 712 3714; x_wconf 91' lang='lat' dir='ltr'><strong>quo</strong></span> <span class='ocrx_word' id='word_1_530' title='bbox 740 3657 904 3710; x_wconf 84' lang='lat' dir='ltr'><strong>supra</strong></span> <span class='ocrx_word' id='word_1_531' title='bbox 957 3643 1317 3697; x_wconf 87' lang='lat' dir='ltr'><strong>meminimus.</strong></span> <span class='ocrx_word' id='word_1_532' title='bbox 1361 3642 1497 3698; x_wconf 83' lang='lat' dir='ltr'><strong>Huic</strong></span> <span class='ocrx_word' id='word_1_533' title='bbox 1543 3644 1759 3699; x_wconf 87' lang='lat' dir='ltr'><strong>fuerunt</strong></span> <span class='ocrx_word' id='word_1_534' title='bbox 1784 3659 1914 3714; x_wconf 83' lang='lat' dir='ltr'><strong>qua-</strong></span> 
     </span>
    </p>
   </div>
   <div class='ocr_carea' id='block_1_69' title="bbox 329 3735 1916 3808">
    <p class='ocr_par' dir='ltr' id='par_1_69' title="bbox 329 3735 1916 3808">
     <span class='ocr_line' id='line_1_69' title="bbox 329 3735 1916 3808; baseline 0.002 -15"><span class='ocrx_word' id='word_1_535' title='bbox 329 3739 617 3804; x_wconf 19' lang='lat' dir='ltr'><strong>tuor’lilii,</strong></span> <span class='ocrx_word' id='word_1_536' title='bbox 671 3735 1076 3802; x_wconf 87' lang='lat' dir='ltr'><strong>Gundobadus,</strong></span> <span class='ocrx_word' id='word_1_537' title='bbox 1135 3737 1509 3808; x_wconf 84' lang='lat' dir='ltr'><strong>Godegisclus,</strong></span> <span class='ocrx_word' id='word_1_538' title='bbox 1579 3737 1916 3808; x_wconf 84' lang='lat' dir='ltr'><strong>Cbilpericus</strong></span> 
     </span>
    </p>
   </div>
   <div class='ocr_carea' id='block_1_70' title="bbox 329 3826 1917 3898">
    <p class='ocr_par' dir='ltr' id='par_1_70' title="bbox 329 3826 1917 3898">
     <span class='ocr_line' id='line_1_70' title="bbox 329 3826 1917 3898; baseline -0.001 -11"><span class='ocrx_word' id='word_1_539' title='bbox 329 3839 381 3887; x_wconf 84' lang='lat' dir='ltr'><strong>et</strong></span> <span class='ocrx_word' id='word_1_540' title='bbox 409 3829 764 3884; x_wconf 87' lang='lat' dir='ltr'><strong>Godomarns.</strong></span> <span class='ocrx_word' id='word_1_541' title='bbox 799 3828 960 3898; x_wconf 88' lang='lat' dir='ltr'><strong>Igitur</strong></span> <span class='ocrx_word' id='word_1_542' title='bbox 993 3826 1356 3884; x_wconf 79' lang='lat' dir='ltr'><strong>Gundobadus</strong></span> <span class='ocrx_word' id='word_1_543' title='bbox 1395 3828 1758 3898; x_wconf 89' lang='lat' dir='ltr'><strong>Chilpericum</strong></span> <span class='ocrx_word' id='word_1_544' title='bbox 1808 3830 1917 3886; x_wconf 74' lang='lat' dir='ltr'><strong>fra-</strong></span> 
     </span>
    </p>
   </div>
   <div class='ocr_carea' id='block_1_71' title="bbox 330 3921 1911 3994">
    <p class='ocr_par' dir='ltr' id='par_1_71' title="bbox 330 3921 1911 3994">
     <span class='ocr_line' id='line_1_71' title="bbox 330 3921 1911 3994; baseline -0.001 -16"><span class='ocrx_word' id='word_1_545' title='bbox 330 3935 464 3988; x_wconf 83' lang='lat' dir='ltr'><strong>trem</strong></span> <span class='ocrx_word' id='word_1_546' title='bbox 491 3937 645 3976; x_wconf 91' lang='lat' dir='ltr'><strong>suum</strong></span> <span class='ocrx_word' id='word_1_547' title='bbox 679 3921 943 3976; x_wconf 86' lang='lat' dir='ltr'><strong>interfecit</strong></span> <span class='ocrx_word' id='word_1_548' title='bbox 972 3922 1150 3992; x_wconf 72' lang='lat' dir='ltr'><strong>gladio</strong></span> <span class='ocrx_word' id='word_1_549' title='bbox 1173 3962 1188 3986; x_wconf 91' lang='lat'><strong>,</strong></span> <span class='ocrx_word' id='word_1_550' title='bbox 1213 3938 1546 3992; x_wconf 80' lang='lat' dir='ltr'><strong>uxoremque</strong></span> <span class='ocrx_word' id='word_1_551' title='bbox 1573 3925 1721 3993; x_wconf 83' lang='lat' dir='ltr'><strong>ejus,</strong></span> <span class='ocrx_word' id='word_1_552' title='bbox 1746 3923 1911 3994; x_wconf 88' lang='lat' dir='ltr'><strong>ligato</strong></span> 
     </span>
    </p>
   </div>
   <div class='ocr_carea' id='block_1_72' title="bbox 328 4014 1915 4084">
    <p class='ocr_par' dir='ltr' id='par_1_72' title="bbox 328 4014 1915 4084">
     <span class='ocr_line' id='line_1_72' title="bbox 328 4014 1915 4084; baseline 0.001 -14"><span class='ocrx_word' id='word_1_553' title='bbox 328 4016 393 4078; x_wconf 80' lang='lat' dir='ltr'><strong>ad</strong></span> <span class='ocrx_word' id='word_1_554' title='bbox 422 4015 619 4070; x_wconf 87' lang='lat' dir='ltr'><strong>collqu</strong></span> <span class='ocrx_word' id='word_1_555' title='bbox 668 4014 883 4083; x_wconf 88' lang='lat' dir='ltr'><strong>lapide,</strong></span> <span class='ocrx_word' id='word_1_556' title='bbox 915 4015 1066 4084; x_wconf 86' lang='lat' dir='ltr'><strong>aquis</strong></span> <span class='ocrx_word' id='word_1_557' title='bbox 1115 4014 1398 4069; x_wconf 86' lang='lat' dir='ltr'><strong>immersit.</strong></span> <span class='ocrx_word' id='word_1_558' title='bbox 1433 4015 1602 4082; x_wconf 84' lang='lat' dir='ltr'><strong>Hujus</strong></span> <span class='ocrx_word' id='word_1_559' title='bbox 1624 4016 1756 4070; x_wconf 88' lang='lat' dir='ltr'><strong>duas</strong></span> <span class='ocrx_word' id='word_1_560' title='bbox 1783 4017 1915 4071; x_wconf 86' lang='lat' dir='ltr'><strong>filias</strong></span> 
     </span>
    </p>
   </div>
   <div class='ocr_carea' id='block_1_73' title="bbox 330 4107 1916 4177">
    <p class='ocr_par' dir='ltr' id='par_1_73' title="bbox 330 4107 1916 4177">
     <span class='ocr_line' id='line_1_73' title="bbox 330 4107 1916 4177; baseline 0.001 -14"><span class='ocrx_word' id='word_1_561' title='bbox 330 4110 518 4164; x_wconf 83' lang='lat' dir='ltr'><strong>exsilio</strong></span> <span class='ocrx_word' id='word_1_562' title='bbox 557 4107 973 4163; x_wconf 85' lang='lat' dir='ltr'><strong>condemnavit:</strong></span> <span class='ocrx_word' id='word_1_563' title='bbox 1014 4124 1239 4177; x_wconf 88' lang='lat' dir='ltr'><strong>quarum</strong></span> <span class='ocrx_word' id='word_1_564' title='bbox 1290 4109 1489 4173; x_wconf 86' lang='lat' dir='ltr'><strong>senior,</strong></span> <span class='ocrx_word' id='word_1_565' title='bbox 1521 4119 1724 4164; x_wconf 88' lang='lat' dir='ltr'><strong>mutata</strong></span> <span class='ocrx_word' id='word_1_566' title='bbox 1767 4121 1916 4165; x_wconf 84' lang='lat' dir='ltr'><strong>veste</strong></span> 
     </span>
    </p>
   </div>
   <div class='ocr_carea' id='block_1_74' title="bbox 329 4199 1914 4270">
    <p class='ocr_par' dir='ltr' id='par_1_74' title="bbox 329 4199 1914 4270">
     <span class='ocr_line' id='line_1_74' title="bbox 329 4199 1914 4270; baseline 0.001 -14"><span class='ocrx_word' id='word_1_567' title='bbox 329 4203 540 4256; x_wconf 84' lang='lat' dir='ltr'><strong>Chrona</strong></span> <span class='ocrx_word' id='word_1_568' title='bbox 589 4199 608 4241; x_wconf 74' lang='grc' dir='ltr'>ί</span> <span class='ocrx_word' id='word_1_569' title='bbox 629 4243 644 4268; x_wconf 84' lang='grc'><em>,</em></span> <span class='ocrx_word' id='word_1_570' title='bbox 673 4203 856 4270; x_wconf 86' lang='lat' dir='ltr'><strong>junior</strong></span> <span class='ocrx_word' id='word_1_571' title='bbox 899 4199 1294 4256; x_wconf 88' lang='lat' dir='ltr'><strong>Chrotechildis</strong></span> <span class='ocrx_word' id='word_1_572' title='bbox 1327 4210 1352 4248; x_wconf 80' lang='grc' dir='ltr'>ε</span> <span class='ocrx_word' id='word_1_573' title='bbox 1385 4205 1697 4258; x_wconf 73' lang='lat' dir='ltr'><strong>vocabatur.</strong></span> <span class='ocrx_word' id='word_1_574' title='bbox 1746 4203 1914 4266; x_wconf 86' lang='lat' dir='ltr'><strong>Porro</strong></span> 
     </span>
    </p>
   </div>
   <div class='ocr_carea' id='block_1_75' title="bbox 330 4296 1915 4366">
    <p class='ocr_par' dir='ltr' id='par_1_75' title="bbox 330 4296 1915 4366">
     <span class='ocr_line' id='line_1_75' title="bbox 330 4296 1915 4366; baseline 0.001 -14"><span class='ocrx_word' id='word_1_575' title='bbox 330 4297 759 4362; x_wconf 81' lang='lat' dir='ltr'><strong>Chlodovechus,</strong></span> <span class='ocrx_word' id='word_1_576' title='bbox 805 4297 932 4350; x_wconf 89' lang='lat' dir='ltr'><strong>dum</strong></span> <span class='ocrx_word' id='word_1_577' title='bbox 978 4296 1299 4366; x_wconf 84' lang='lat' dir='ltr'><strong>legationem</strong></span> <span class='ocrx_word' id='word_1_578' title='bbox 1343 4297 1395 4351; x_wconf 88' lang='lat' dir='ltr'><strong>in</strong></span> <span class='ocrx_word' id='word_1_579' title='bbox 1431 4298 1788 4366; x_wconf 87' lang='lat' dir='ltr'><strong>Burgundiam</strong></span> <span class='ocrx_word' id='word_1_580' title='bbox 1813 4315 1915 4353; x_wconf 75' lang='lat' dir='ltr'><strong>sa:-</strong></span> 
     </span>
    </p>
   </div>
   <div class='ocr_carea' id='block_1_76' title="bbox 329 4389 1913 4464">
    <p class='ocr_par' dir='ltr' id='par_1_76' title="bbox 329 4389 1913 4464">
     <span class='ocr_line' id='line_1_76' title="bbox 329 4389 1913 4464; baseline 0.001 -21"><span class='ocrx_word' id='word_1_581' title='bbox 329 4392 448 4464; x_wconf 86' lang='lat' dir='ltr'><strong>pius</strong></span> <span class='ocrx_word' id='word_1_582' title='bbox 478 4390 660 4456; x_wconf 84' lang='lat' dir='ltr'><strong>mittit,</strong></span> <span class='ocrx_word' id='word_1_583' title='bbox 709 4389 1104 4444; x_wconf 88' lang='lat' dir='ltr'><strong>Chrotechildis</strong></span> <span class='ocrx_word' id='word_1_584' title='bbox 1152 4390 1327 4457; x_wconf 90' lang='lat' dir='ltr'><strong>puella</strong></span> <span class='ocrx_word' id='word_1_585' title='bbox 1375 4391 1693 4457; x_wconf 89' lang='lat' dir='ltr'><strong>reperitura</strong></span> <span class='ocrx_word' id='word_1_586' title='bbox 1723 4390 1913 4458; x_wconf 83' lang='lat' dir='ltr'><strong>legatis</strong></span> 
     </span>
    </p>
   </div>
   <div class='ocr_carea' id='block_1_77' title="bbox 401 4533 1909 4616">
    <p class='ocr_par' dir='ltr' id='par_1_77' title="bbox 401 4533 1909 4616">
     <span class='ocr_line' id='line_1_77' title="bbox 401 4533 1909 4616; baseline 0.001 -18"><span class='ocrx_word' id='word_1_587' title='bbox 401 4555 427 4583; x_wconf 72' lang='grc'>⁸</span> <span class='ocrx_word' id='word_1_588' title='bbox 459 4533 658 4598; x_wconf 69' lang='lat' dir='ltr'><strong>Cltesh.</strong></span> <span class='ocrx_word' id='word_1_589' title='bbox 681 4557 797 4596; x_wconf 87' lang='lat' dir='ltr'><strong>cum</strong></span> <span class='ocrx_word' id='word_1_590' title='bbox 816 4542 970 4597; x_wconf 83' lang='lat' dir='ltr'><strong>Colb.</strong></span> <span class='ocrx_word' id='word_1_591' title='bbox 991 4583 1005 4607; x_wconf 92' lang='lat'><strong>,</strong></span> <span class='ocrx_word' id='word_1_592' title='bbox 1038 4559 1167 4597; x_wconf 77' lang='lat' dir='ltr'><strong>unus</strong></span> <span class='ocrx_word' id='word_1_593' title='bbox 1191 4541 1427 4599; x_wconf 80' lang='lat' dir='ltr'><strong>Francus</strong></span> <span class='ocrx_word' id='word_1_594' title='bbox 1456 4545 1596 4599; x_wconf 79' lang='lat' dir='ltr'><strong>levis.</strong></span> <span class='ocrx_word' id='word_1_595' title='bbox 1628 4546 1729 4600; x_wconf 82' lang='lat' dir='ltr'><strong>Alii</strong></span> <span class='ocrx_word' id='word_1_596' title='bbox 1759 4547 1909 4616; x_wconf 84' lang='lat' dir='ltr'><strong>editi,</strong></span> 
     </span>
    </p>
   </div>
   <div class='ocr_carea' id='block_1_78' title="bbox 331 4617 639 4678">
    <p class='ocr_par' dir='ltr' id='par_1_78' title="bbox 331 4617 639 4678">
     <span class='ocr_line' id='line_1_78' title="bbox 331 4617 639 4678; baseline -0.016 -8"><span class='ocrx_word' id='word_1_597' title='bbox 331 4617 639 4678; x_wconf 69' lang='lat' dir='ltr'><strong>cerebrosus.</strong></span> 
     </span>
    </p>
   </div>
   <div class='ocr_carea' id='block_1_79' title="bbox 403 4683 1918 4756">
    <p class='ocr_par' dir='ltr' id='par_1_79' title="bbox 403 4683 1918 4756">
     <span class='ocr_line' id='line_1_79' title="bbox 403 4683 1918 4756; baseline 0.003 -18"><span class='ocrx_word' id='word_1_598' title='bbox 403 4687 428 4724; x_wconf 75' lang='grc' dir='ltr'><strong>ιι</strong></span> <span class='ocrx_word' id='word_1_599' title='bbox 453 4685 759 4756; x_wconf 71' lang='lat' dir='ltr'><strong>Conventus</strong></span> <span class='ocrx_word' id='word_1_600' title='bbox 791 4683 1116 4756; x_wconf 78' lang='lat' dir='ltr'><strong>Francorum</strong></span> <span class='ocrx_word' id='word_1_601' title='bbox 1166 4685 1243 4738; x_wconf 91' lang='lat' dir='ltr'><strong>sic</strong></span> <span class='ocrx_word' id='word_1_602' title='bbox 1291 4683 1566 4739; x_wconf 85' lang='lat' dir='ltr'><strong>dicebatur</strong></span> <span class='ocrx_word' id='word_1_603' title='bbox 1591 4727 1606 4753; x_wconf 91' lang='lat'><strong>,</strong></span> <span class='ocrx_word' id='word_1_604' title='bbox 1637 4687 1775 4756; x_wconf 87' lang='lat' dir='ltr'><strong>quod</strong></span> <span class='ocrx_word' id='word_1_605' title='bbox 1806 4687 1918 4742; x_wconf 84' lang='lat' dir='ltr'><strong>sin-</strong></span> 
     </span>
    </p>
   </div>
   <div class='ocr_carea' id='block_1_80' title="bbox 334 4753 1910 4828">
    <p class='ocr_par' dir='ltr' id='par_1_80' title="bbox 334 4753 1910 4828">
     <span class='ocr_line' id='line_1_80' title="bbox 334 4753 1910 4828; baseline 0.002 -21"><span class='ocrx_word' id='word_1_606' title='bbox 334 4757 471 4828; x_wconf 66' lang='lat' dir='ltr'><strong>gulis</strong></span> <span class='ocrx_word' id='word_1_607' title='bbox 501 4755 657 4808; x_wconf 90' lang='lat' dir='ltr'><strong>annis</strong></span> <span class='ocrx_word' id='word_1_608' title='bbox 688 4753 792 4828; x_wconf 74' lang='lat' dir='ltr'><strong>kal.</strong></span> <span class='ocrx_word' id='word_1_609' title='bbox 830 4755 1144 4828; x_wconf 4' lang='lat' dir='ltr'><strong>Martiiglieri</strong></span> <span class='ocrx_word' id='word_1_610' title='bbox 1191 4755 1490 4828; x_wconf 7' lang='lat' dir='ltr'><strong>soleretjin</strong></span> <span class='ocrx_word' id='word_1_611' title='bbox 1534 4753 1730 4828; x_wconf 36' lang='lat' dir='ltr'><strong>cam—p0</strong></span> <span class='ocrx_word' id='word_1_612' title='bbox 1756 4798 1770 4820; x_wconf 89' lang='lat'><strong>,</strong></span> <span class='ocrx_word' id='word_1_613' title='bbox 1801 4774 1910 4824; x_wconf 85' lang='lat' dir='ltr'><strong>quo</strong></span> 
     </span>
    </p>
   </div>
   <div class='ocr_carea' id='block_1_81' title="bbox 334 4823 1907 4883">
    <p class='ocr_par' dir='ltr' id='par_1_81' title="bbox 334 4823 1907 4883">
     <span class='ocr_line' id='line_1_81' title="bbox 334 4823 1907 4883; baseline -0.001 0"><span class='ocrx_word' id='word_1_614' title='bbox 334 4823 523 4883; x_wconf 71' lang='lat' dir='ltr'><strong>omnes</strong></span> <span class='ocrx_word' id='word_1_615' title='bbox 573 4827 734 4879; x_wconf 87' lang='lat' dir='ltr'><strong>armis</strong></span> <span class='ocrx_word' id='word_1_616' title='bbox 783 4826 1025 4879; x_wconf 89' lang='lat' dir='ltr'><strong>instructi</strong></span> <span class='ocrx_word' id='word_1_617' title='bbox 1079 4827 1336 4881; x_wconf 87' lang='lat' dir='ltr'><strong>accedere</strong></span> <span class='ocrx_word' id='word_1_618' title='bbox 1391 4823 1679 4881; x_wconf 67' lang='lat' dir='ltr'><strong>debebant.</strong></span> <span class='ocrx_word' id='word_1_619' title='bbox 1719 4823 1907 4882; x_wconf 75' lang='lat' dir='ltr'><strong>Postea</strong></span> 
     </span>
    </p>
   </div>
   <div class='ocr_carea' id='block_1_82' title="bbox 335 4896 1904 4972">
    <p class='ocr_par' dir='ltr' id='par_1_82' title="bbox 335 4896 1904 4972">
     <span class='ocr_line' id='line_1_82' title="bbox 335 4896 1904 4972; baseline 0.001 -21"><span class='ocrx_word' id='word_1_620' title='bbox 335 4901 552 4972; x_wconf 70' lang='lat' dir='ltr'><strong>Campus</strong></span> <span class='ocrx_word' id='word_1_621' title='bbox 584 4896 754 4972; x_wconf 64' lang='lat' dir='ltr'><strong>Maius</strong></span> <span class='ocrx_word' id='word_1_622' title='bbox 791 4896 966 4951; x_wconf 89' lang='lat' dir='ltr'><strong>dictus</strong></span> <span class='ocrx_word' id='word_1_623' title='bbox 992 4908 1072 4952; x_wconf 87' lang='lat' dir='ltr'><strong>est</strong></span> <span class='ocrx_word' id='word_1_624' title='bbox 1106 4938 1121 4961; x_wconf 91' lang='lat'><strong>,</strong></span> <span class='ocrx_word' id='word_1_625' title='bbox 1167 4913 1230 4952; x_wconf 84' lang='lat' dir='ltr'><strong>ex</strong></span> <span class='ocrx_word' id='word_1_626' title='bbox 1267 4913 1369 4968; x_wconf 90' lang='lat' dir='ltr'><strong>quo</strong></span> <span class='ocrx_word' id='word_1_627' title='bbox 1397 4911 1426 4950; x_wconf 88' lang='lat' dir='ltr'><strong>a</strong></span> <span class='ocrx_word' id='word_1_628' title='bbox 1449 4897 1673 4972; x_wconf 85' lang='lat' dir='ltr'><strong>Pippino</strong></span> <span class='ocrx_word' id='word_1_629' title='bbox 1707 4899 1757 4952; x_wconf 90' lang='lat' dir='ltr'><strong>in</strong></span> <span class='ocrx_word' id='word_1_630' title='bbox 1796 4898 1904 4953; x_wconf 79' lang='lat' dir='ltr'><strong>kal.</strong></span> 
     </span>
    </p>
   </div>
   <div class='ocr_carea' id='block_1_83' title="bbox 335 4968 892 5025">
    <p class='ocr_par' dir='ltr' id='par_1_83' title="bbox 335 4968 892 5025">
     <span class='ocr_line' id='line_1_83' title="bbox 335 4968 892 5025; baseline -0.002 -2"><span class='ocrx_word' id='word_1_631' title='bbox 335 4970 453 5025; x_wconf 79' lang='lat' dir='ltr'><strong>Maii</strong></span> <span class='ocrx_word' id='word_1_632' title='bbox 479 4968 763 5020; x_wconf 74' lang='lat' dir='ltr'><strong>translatus</strong></span> <span class='ocrx_word' id='word_1_633' title='bbox 795 4976 892 5022; x_wconf 81' lang='lat' dir='ltr'><strong>est.</strong></span> 
     </span>
    </p>
   </div>
   <div class='ocr_carea' id='block_1_84' title="bbox 408 5035 1907 5109">
    <p class='ocr_par' dir='ltr' id='par_1_84' title="bbox 408 5035 1907 5109">
     <span class='ocr_line' id='line_1_84' title="bbox 408 5035 1907 5109; baseline 0.003 -19"><span class='ocrx_word' id='word_1_634' title='bbox 408 5048 430 5078; x_wconf 75' lang='grc' dir='ltr'><strong>ο</strong></span> <span class='ocrx_word' id='word_1_635' title='bbox 465 5037 602 5090; x_wconf 86' lang='lat' dir='ltr'><strong>Editi</strong></span> <span class='ocrx_word' id='word_1_636' title='bbox 634 5039 890 5109; x_wconf 71' lang='lat' dir='ltr'><strong>plerique,</strong></span> <span class='ocrx_word' id='word_1_637' title='bbox 919 5038 1174 5109; x_wconf 73' lang='lat' dir='ltr'><strong>bipennis,</strong></span> <span class='ocrx_word' id='word_1_638' title='bbox 1204 5046 1258 5092; x_wconf 87' lang='lat' dir='ltr'><strong>et</strong></span> <span class='ocrx_word' id='word_1_639' title='bbox 1285 5038 1361 5092; x_wconf 89' lang='lat' dir='ltr'><strong>sic</strong></span> <span class='ocrx_word' id='word_1_640' title='bbox 1392 5035 1526 5092; x_wconf 80' lang='lat' dir='ltr'><strong>infra</strong></span> <span class='ocrx_word' id='word_1_641' title='bbox 1559 5037 1643 5092; x_wconf 90' lang='lat' dir='ltr'><strong>ubi</strong></span> <span class='ocrx_word' id='word_1_642' title='bbox 1671 5041 1907 5096; x_wconf 84' lang='lat' dir='ltr'><strong>occurrit</strong></span> 
     </span>
    </p>
   </div>
   <div class='ocr_carea' id='block_1_85' title="bbox 331 5122 674 5162">
    <p class='ocr_par' dir='ltr' id='par_1_85' title="bbox 331 5122 674 5162">
     <span class='ocr_line' id='line_1_85' title="bbox 331 5122 674 5162; baseline -0.003 0"><span class='ocrx_word' id='word_1_643' title='bbox 331 5122 366 5162; x_wconf 61' lang='grc' dir='ltr'><em>Ὗ</em></span> <span class='ocrx_word' id='word_1_644' title='bbox 381 5123 436 5161; x_wconf 69' lang='grc' dir='ltr'><strong>Ῐ)Χ</strong></span> <span class='ocrx_word' id='word_1_645' title='bbox 466 5123 674 5161; x_wconf 75' lang='grc' dir='ltr'><strong>δεειιιίδ.</strong></span> 
     </span>
    </p>
   </div>
   <div class='ocr_carea' id='block_1_86' title="bbox 397 5176 1903 5244">
    <p class='ocr_par' dir='ltr' id='par_1_86' title="bbox 397 5176 1903 5244">
     <span class='ocr_line' id='line_1_86' title="bbox 397 5176 1903 5244; baseline 0.003 -13"><span class='ocrx_word' id='word_1_646' title='bbox 397 5177 423 5214; x_wconf 72' lang='grc' dir='ltr'>ἀ</span> <span class='ocrx_word' id='word_1_647' title='bbox 452 5180 539 5231; x_wconf 72' lang='lat' dir='ltr'><strong>Sic</strong></span> <span class='ocrx_word' id='word_1_648' title='bbox 565 5176 749 5240; x_wconf 61' lang='lat' dir='ltr'><strong>Corln,</strong></span> <span class='ocrx_word' id='word_1_649' title='bbox 776 5193 822 5232; x_wconf 90' lang='lat' dir='ltr'><strong>at</strong></span> <span class='ocrx_word' id='word_1_650' title='bbox 858 5178 965 5234; x_wconf 86' lang='lat' dir='ltr'><strong>alii.</strong></span> <span class='ocrx_word' id='word_1_651' title='bbox 1001 5179 1170 5233; x_wconf 80' lang='lat' dir='ltr'><strong>Multa</strong></span> <span class='ocrx_word' id='word_1_652' title='bbox 1205 5178 1385 5233; x_wconf 73' lang='lat' dir='ltr'><strong>deinde</strong></span> <span class='ocrx_word' id='word_1_653' title='bbox 1420 5180 1572 5244; x_wconf 76' lang='lat' dir='ltr'><strong>bella,</strong></span> <span class='ocrx_word' id='word_1_654' title='bbox 1603 5192 1707 5236; x_wconf 91' lang='lat' dir='ltr'><strong>etc.</strong></span> <span class='ocrx_word' id='word_1_655' title='bbox 1742 5181 1903 5236; x_wconf 83' lang='lat' dir='ltr'><strong>Chlo-</strong></span> 
     </span>
    </p>
   </div>
   <div class='ocr_carea' id='block_1_87' title="bbox 330 5243 1906 5320">
    <p class='ocr_par' dir='ltr' id='par_1_87' title="bbox 330 5243 1906 5320">
     <span class='ocr_line' id='line_1_87' title="bbox 330 5243 1906 5320; baseline 0.005 -22"><span class='ocrx_word' id='word_1_656' title='bbox 330 5243 529 5303; x_wconf 87' lang='lat' dir='ltr'><strong>doveus</strong></span> <span class='ocrx_word' id='word_1_657' title='bbox 550 5248 851 5320; x_wconf 70' lang='lat' dir='ltr'><strong>Thuringos</strong></span> <span class='ocrx_word' id='word_1_658' title='bbox 871 5249 1104 5305; x_wconf 87' lang='lat' dir='ltr'><strong>devictos</strong></span> <span class='ocrx_word' id='word_1_659' title='bbox 1133 5249 1437 5304; x_wconf 70' lang='lat' dir='ltr'><strong>tributarios</strong></span> <span class='ocrx_word' id='word_1_660' title='bbox 1468 5243 1608 5320; x_wconf 80' lang='lat' dir='ltr'><strong>iecit,</strong></span> <span class='ocrx_word' id='word_1_661' title='bbox 1642 5265 1693 5305; x_wconf 87' lang='lat' dir='ltr'><strong>ut</strong></span> <span class='ocrx_word' id='word_1_662' title='bbox 1718 5264 1906 5309; x_wconf 86' lang='lat' dir='ltr'><strong>auctor</strong></span> 
     </span>
    </p>
   </div>
   <div class='ocr_carea' id='block_1_88' title="bbox 332 5318 1898 5390">
    <p class='ocr_par' dir='ltr' id='par_1_88' title="bbox 332 5318 1898 5390">
     <span class='ocr_line' id='line_1_88' title="bbox 332 5318 1898 5390; baseline 0.003 -17"><span class='ocrx_word' id='word_1_663' title='bbox 332 5321 614 5374; x_wconf 78' lang='lat' dir='ltr'><strong>Gestorum</strong></span> <span class='ocrx_word' id='word_1_664' title='bbox 657 5318 977 5390; x_wconf 69' lang='lat' dir='ltr'><strong>Francorum</strong></span> <span class='ocrx_word' id='word_1_665' title='bbox 1026 5322 1183 5373; x_wconf 80' lang='lat' dir='ltr'><strong>refert</strong></span> <span class='ocrx_word' id='word_1_666' title='bbox 1224 5335 1393 5372; x_wconf 86' lang='lat' dir='ltr'><strong>:nam</strong></span> <span class='ocrx_word' id='word_1_667' title='bbox 1443 5333 1495 5375; x_wconf 90' lang='lat' dir='ltr'><strong>et</strong></span> <span class='ocrx_word' id='word_1_668' title='bbox 1541 5318 1898 5390; x_wconf 79' lang='lat' dir='ltr'><strong>postmodum.</strong></span> 
     </span>
    </p>
   </div>
   <div class='ocr_carea' id='block_1_89' title="bbox 331 5388 1901 5458">
    <p class='ocr_par' dir='ltr' id='par_1_89' title="bbox 331 5388 1901 5458">
     <span class='ocr_line' id='line_1_89' title="bbox 331 5388 1901 5458; baseline 0.004 -15"><span class='ocrx_word' id='word_1_669' title='bbox 331 5393 489 5443; x_wconf 85' lang='lat' dir='ltr'><strong>etiam</strong></span> <span class='ocrx_word' id='word_1_670' title='bbox 517 5399 744 5443; x_wconf 83' lang='lat' dir='ltr'><strong>testante</strong></span> <span class='ocrx_word' id='word_1_671' title='bbox 767 5388 1043 5458; x_wconf 82' lang='lat' dir='ltr'><strong>Gregorio,</strong></span> <span class='ocrx_word' id='word_1_672' title='bbox 1063 5390 1316 5454; x_wconf 76' lang='lat' dir='ltr'><strong>Thnringi</strong></span> <span class='ocrx_word' id='word_1_673' title='bbox 1334 5406 1456 5445; x_wconf 89' lang='lat' dir='ltr'><strong>suos</strong></span> <span class='ocrx_word' id='word_1_674' title='bbox 1480 5388 1628 5458; x_wconf 64' lang='lat' dir='ltr'><strong>reges</strong></span> <span class='ocrx_word' id='word_1_675' title='bbox 1647 5394 1901 5449; x_wconf 86' lang='lat' dir='ltr'><strong>habuere.</strong></span> 
     </span>
    </p>
   </div>
   <div class='ocr_carea' id='block_1_90' title="bbox 408 5459 1902 5526">
    <p class='ocr_par' dir='ltr' id='par_1_90' title="bbox 408 5459 1902 5526">
     <span class='ocr_line' id='line_1_90' title="bbox 408 5459 1902 5526; baseline 0.003 -13"><span class='ocrx_word' id='word_1_676' title='bbox 408 5469 430 5496; x_wconf 80' lang='grc'><strong><em>⁸</em></strong></span> <span class='ocrx_word' id='word_1_677' title='bbox 464 5461 621 5515; x_wconf 69' lang='lat' dir='ltr'><strong>Drest</strong></span> <span class='ocrx_word' id='word_1_678' title='bbox 650 5461 750 5514; x_wconf 83' lang='lat' dir='ltr'><strong>hoc</strong></span> <span class='ocrx_word' id='word_1_679' title='bbox 772 5469 932 5526; x_wconf 80' lang='lat' dir='ltr'><strong>caput</strong></span> <span class='ocrx_word' id='word_1_680' title='bbox 965 5459 1014 5512; x_wconf 90' lang='lat' dir='ltr'><strong>in</strong></span> <span class='ocrx_word' id='word_1_681' title='bbox 1049 5461 1248 5511; x_wconf 67' lang='lat' dir='ltr'><strong>lit-llov.</strong></span> <span class='ocrx_word' id='word_1_682' title='bbox 1277 5459 1624 5516; x_wconf 75' lang='lat' dir='ltr'><strong>Gundeuc/ms</strong></span> <span class='ocrx_word' id='word_1_683' title='bbox 1654 5464 1902 5518; x_wconf 82' lang='lat' dir='ltr'><strong>scribitur</strong></span> 
     </span>
    </p>
   </div>
   <div class='ocr_carea' id='block_1_91' title="bbox 333 5529 1910 5602">
    <p class='ocr_par' dir='ltr' id='par_1_91' title="bbox 333 5529 1910 5602">
     <span class='ocr_line' id='line_1_91' title="bbox 333 5529 1910 5602; baseline 0.003 -20"><span class='ocrx_word' id='word_1_684' title='bbox 333 5529 387 5602; x_wconf 81' lang='lat' dir='ltr'><strong>in</strong></span> <span class='ocrx_word' id='word_1_685' title='bbox 416 5531 575 5602; x_wconf 78' lang='lat' dir='ltr'><strong>Corh.</strong></span> <span class='ocrx_word' id='word_1_686' title='bbox 605 5545 657 5587; x_wconf 87' lang='lat' dir='ltr'><strong>et</strong></span> <span class='ocrx_word' id='word_1_687' title='bbox 695 5531 743 5584; x_wconf 88' lang='lat' dir='ltr'><strong>al</strong></span> <span class='ocrx_word' id='word_1_688' title='bbox 769 5531 831 5584; x_wconf 90' lang='lat' dir='ltr'><strong>is.</strong></span> <span class='ocrx_word' id='word_1_689' title='bbox 864 5529 1112 5602; x_wconf 78' lang='lat' dir='ltr'><strong>Nonnulli</strong></span> <span class='ocrx_word' id='word_1_690' title='bbox 1147 5529 1341 5602; x_wconf 79' lang='lat' dir='ltr'><strong>habent</strong></span> <span class='ocrx_word' id='word_1_691' title='bbox 1378 5529 1717 5586; x_wconf 69' lang='lat' dir='ltr'><strong>Gundivicus.</strong></span> <span class='ocrx_word' id='word_1_692' title='bbox 1755 5534 1910 5602; x_wconf 79' lang='lat' dir='ltr'><strong>Ejus-</strong></span> 
     </span>
    </p>
   </div>
   <div class='ocr_carea' id='block_1_92' title="bbox 333 5599 1906 5671">
    <p class='ocr_par' dir='ltr' id='par_1_92' title="bbox 333 5599 1906 5671">
     <span class='ocr_line' id='line_1_92' title="bbox 333 5599 1906 5671; baseline 0.004 -20"><span class='ocrx_word' id='word_1_693' title='bbox 333 5599 460 5671; x_wconf 83' lang='lat' dir='ltr'><strong>d_ctn</strong></span> <span class='ocrx_word' id='word_1_694' title='bbox 488 5601 576 5671; x_wconf 85' lang='lat' dir='ltr'><strong>filii</strong></span> <span class='ocrx_word' id='word_1_695' title='bbox 608 5604 657 5658; x_wconf 91' lang='lat' dir='ltr'><strong>in</strong></span> <span class='ocrx_word' id='word_1_696' title='bbox 689 5602 890 5671; x_wconf 71' lang='lat' dir='ltr'><strong>aliquot</strong></span> <span class='ocrx_word' id='word_1_697' title='bbox 917 5600 1074 5655; x_wconf 85' lang='lat' dir='ltr'><strong>codd.</strong></span> <span class='ocrx_word' id='word_1_698' title='bbox 1119 5601 1455 5671; x_wconf 81' lang='lat' dir='ltr'><strong>appellantur</strong></span> <span class='ocrx_word' id='word_1_699' title='bbox 1497 5599 1906 5670; x_wconf 68' lang='lat' dir='ltr'><strong>Cundobal‘dus’,</strong></span> 
     </span>
    </p>
   </div>
   <div class='ocr_carea' id='block_1_93' title="bbox 337 5668 1907 5742">
    <p class='ocr_par' dir='ltr' id='par_1_93' title="bbox 337 5668 1907 5742">
     <span class='ocr_line' id='line_1_93' title="bbox 337 5668 1907 5742; baseline 0.003 -17"><span class='ocrx_word' id='word_1_700' title='bbox 337 5668 632 5726; x_wconf 77' lang='lat' dir='ltr'><strong>Cothesilus</strong></span> <span class='ocrx_word' id='word_1_701' title='bbox 658 5714 672 5739; x_wconf 89' lang='lat'><strong>,</strong></span> <span class='ocrx_word' id='word_1_702' title='bbox 711 5668 805 5729; x_wconf 85' lang='lat' dir='ltr'><strong>seu</strong></span> <span class='ocrx_word' id='word_1_703' title='bbox 849 5668 1203 5742; x_wconf 72' lang='lat' dir='ltr'><strong>Godegisilus,</strong></span> <span class='ocrx_word' id='word_1_704' title='bbox 1235 5670 1530 5741; x_wconf 78' lang='lat' dir='ltr'><strong>llilpcricus</strong></span> <span class='ocrx_word' id='word_1_705' title='bbox 1557 5713 1573 5740; x_wconf 93' lang='lat'><strong>,</strong></span> <span class='ocrx_word' id='word_1_706' title='bbox 1618 5685 1722 5731; x_wconf 73' lang='lat' dir='ltr'><strong>etc.</strong></span> <span class='ocrx_word' id='word_1_707' title='bbox 1755 5668 1907 5741; x_wconf 79' lang='lat' dir='ltr'><strong>Bec.,</strong></span> 
     </span>
    </p>
   </div>
   <div class='ocr_carea' id='block_1_94' title="bbox 2021 3175 3608 3258">
    <p class='ocr_par' dir='ltr' id='par_1_94' title="bbox 2021 3175 3608 3258">
     <span class='ocr_line' id='line_1_94' title="bbox 2021 3175 3608 3258; baseline 0.01 -30"><span class='ocrx_word' id='word_1_708' title='bbox 2021 3175 2195 3244; x_wconf 84' lang='lat' dir='ltr'><strong>gibus,</strong></span> <span class='ocrx_word' id='word_1_709' title='bbox 2221 3180 2392 3248; x_wconf 89' lang='lat' dir='ltr'><strong>pomis</strong></span> <span class='ocrx_word' id='word_1_710' title='bbox 2416 3180 2656 3248; x_wconf 78' lang='lat' dir='ltr'><strong>arbores,</strong></span> <span class='ocrx_word' id='word_1_711' title='bbox 2687 3182 2802 3239; x_wconf 88' lang='lat' dir='ltr'><strong>uvis</strong></span> <span class='ocrx_word' id='word_1_712' title='bbox 2845 3184 3019 3240; x_wconf 56' lang='lat' dir='ltr'><strong>vinea).</strong></span> <span class='ocrx_word' id='word_1_713' title='bbox 3067 3187 3422 3252; x_wconf 87' lang='lat' dir='ltr'><strong>decorantur;</strong></span> <span class='ocrx_word' id='word_1_714' title='bbox 3454 3189 3608 3258; x_wconf 88' lang='lat' dir='ltr'><strong>cujus</strong></span> 
     </span>
    </p>
   </div>
   <div class='ocr_carea' id='block_1_95' title="bbox 2035 3271 3608 3348">
    <p class='ocr_par' dir='ltr' id='par_1_95' title="bbox 2035 3271 3608 3348">
     <span class='ocr_line' id='line_1_95' title="bbox 2035 3271 3608 3348; baseline 0.011 -29"><span class='ocrx_word' id='word_1_715' title='bbox 2035 3282 2197 3321; x_wconf 89' lang='lat' dir='ltr'><strong>manu</strong></span> <span class='ocrx_word' id='word_1_716' title='bbox 2241 3283 2408 3338; x_wconf 87' lang='lat' dir='ltr'><strong>genus</strong></span> <span class='ocrx_word' id='word_1_717' title='bbox 2435 3271 2728 3328; x_wconf 87' lang='lat' dir='ltr'><strong>humanum</strong></span> <span class='ocrx_word' id='word_1_718' title='bbox 2766 3283 3004 3330; x_wconf 86' lang='lat' dir='ltr'><strong>creatum</strong></span> <span class='ocrx_word' id='word_1_719' title='bbox 3027 3289 3128 3344; x_wconf 89' lang='lat' dir='ltr'><strong>est;</strong></span> <span class='ocrx_word' id='word_1_720' title='bbox 3153 3283 3302 3346; x_wconf 82' lang='lat' dir='ltr'><strong>cujus</strong></span> <span class='ocrx_word' id='word_1_721' title='bbox 3328 3280 3608 3348; x_wconf 84' lang='lat' dir='ltr'><strong>largitione</strong></span> 
     </span>
    </p>
   </div>
   <div class='ocr_carea' id='block_1_96' title="bbox 2022 3358 3606 3441">
    <p class='ocr_par' dir='ltr' id='par_1_96' title="bbox 2022 3358 3606 3441">
     <span class='ocr_line' id='line_1_96' title="bbox 2022 3358 3606 3441; baseline 0.01 -28"><span class='ocrx_word' id='word_1_722' title='bbox 2022 3358 2136 3427; x_wconf 89' lang='lat' dir='ltr'><strong>ipsa</strong></span> <span class='ocrx_word' id='word_1_723' title='bbox 2194 3360 2282 3414; x_wconf 83' lang='lat' dir='ltr'><strong>illa</strong></span> <span class='ocrx_word' id='word_1_724' title='bbox 2310 3373 2556 3419; x_wconf 83' lang='lat' dir='ltr'><strong>creatura</strong></span> <span class='ocrx_word' id='word_1_725' title='bbox 2585 3368 2760 3422; x_wconf 89' lang='lat' dir='ltr'><strong>omnis</strong></span> <span class='ocrx_word' id='word_1_726' title='bbox 2797 3366 2998 3423; x_wconf 90' lang='lat' dir='ltr'><strong>homini</strong></span> <span class='ocrx_word' id='word_1_727' title='bbox 3029 3384 3150 3436; x_wconf 89' lang='lat' dir='ltr'><strong>suo,</strong></span> <span class='ocrx_word' id='word_1_728' title='bbox 3178 3387 3334 3441; x_wconf 87' lang='lat' dir='ltr'><strong>quem</strong></span> <span class='ocrx_word' id='word_1_729' title='bbox 3383 3375 3606 3441; x_wconf 86' lang='lat' dir='ltr'><strong>creavit,</strong></span> 
     </span>
    </p>
   </div>
   <div class='ocr_carea' id='block_1_97' title="bbox 2019 3451 3606 3522">
    <p class='ocr_par' dir='ltr' id='par_1_97' title="bbox 2019 3451 3606 3522">
     <span class='ocr_line' id='line_1_97' title="bbox 2019 3451 3606 3522; baseline 0.01 -17"><span class='ocrx_word' id='word_1_730' title='bbox 2019 3458 2075 3505; x_wconf 86' lang='lat' dir='ltr'><strong>et</strong></span> <span class='ocrx_word' id='word_1_731' title='bbox 2119 3451 2377 3522; x_wconf 90' lang='lat' dir='ltr'><strong>obsequio</strong></span> <span class='ocrx_word' id='word_1_732' title='bbox 2429 3464 2484 3510; x_wconf 89' lang='lat' dir='ltr'><strong>et</strong></span> <span class='ocrx_word' id='word_1_733' title='bbox 2515 3457 2776 3513; x_wconf 80' lang='lat' dir='ltr'><strong>beneﬁcio</strong></span> <span class='ocrx_word' id='word_1_734' title='bbox 2823 3458 3128 3516; x_wconf 83' lang='lat' dir='ltr'><strong>famulatur.</strong></span> <span class='ocrx_word' id='word_1_735' title='bbox 3176 3461 3280 3518; x_wconf 90' lang='lat' dir='ltr'><strong>Sed</strong></span> <span class='ocrx_word' id='word_1_736' title='bbox 3320 3479 3440 3518; x_wconf 86' lang='lat' dir='ltr'><strong>cum</strong></span> <span class='ocrx_word' id='word_1_737' title='bbox 3494 3465 3606 3522; x_wconf 57' lang='lat' dir='ltr'><strong>hac</strong></span> 
     </span>
    </p>
   </div>
   <div class='ocr_carea' id='block_1_98' title="bbox 2019 3544 3606 3624">
    <p class='ocr_par' dir='ltr' id='par_1_98' title="bbox 2019 3544 3606 3624">
     <span class='ocr_line' id='line_1_98' title="bbox 2019 3544 3606 3624; baseline 0.009 -28"><span class='ocrx_word' id='word_1_738' title='bbox 2019 3544 2201 3613; x_wconf 88' lang='lat' dir='ltr'><strong>regina</strong></span> <span class='ocrx_word' id='word_1_739' title='bbox 2229 3546 2434 3603; x_wconf 86' lang='lat' dir='ltr'><strong>diceret</strong></span> <span class='ocrx_word' id='word_1_740' title='bbox 2453 3586 2470 3614; x_wconf 89' lang='lat'><strong>,</strong></span> <span class='ocrx_word' id='word_1_741' title='bbox 2503 3549 2807 3605; x_wconf 88' lang='lat' dir='ltr'><strong>nullatenus</strong></span> <span class='ocrx_word' id='word_1_742' title='bbox 2837 3551 2904 3606; x_wconf 89' lang='lat' dir='ltr'><strong>ad</strong></span> <span class='ocrx_word' id='word_1_743' title='bbox 2930 3552 3257 3608; x_wconf 87' lang='lat' dir='ltr'><strong>credendum</strong></span> <span class='ocrx_word' id='word_1_744' title='bbox 3296 3556 3456 3624; x_wconf 79' lang='lat' dir='ltr'><strong>regis</strong></span> <span class='ocrx_word' id='word_1_745' title='bbox 3483 3557 3606 3610; x_wconf 72' lang='lat' dir='ltr'><strong>ani-</strong></span> 
     </span>
    </p>
   </div>
   <div class='ocr_carea' id='block_1_99' title="bbox 2019 3640 3603 3707">
    <p class='ocr_par' dir='ltr' id='par_1_99' title="bbox 2019 3640 3603 3707">
     <span class='ocr_line' id='line_1_99' title="bbox 2019 3640 3603 3707; baseline 0.009 -17"><span class='ocrx_word' id='word_1_746' title='bbox 2019 3651 2139 3692; x_wconf 81' lang='lat' dir='ltr'><strong>mus</strong></span> <span class='ocrx_word' id='word_1_747' title='bbox 2187 3640 2541 3707; x_wconf 86' lang='lat' dir='ltr'><strong>movebatur,</strong></span> <span class='ocrx_word' id='word_1_748' title='bbox 2585 3643 2680 3696; x_wconf 91' lang='lat' dir='ltr'><strong>sed</strong></span> <span class='ocrx_word' id='word_1_749' title='bbox 2711 3643 2965 3700; x_wconf 87' lang='lat' dir='ltr'><strong>dicebat:</strong></span> <span class='ocrx_word' id='word_1_750' title='bbox 3021 3645 3254 3702; x_wconf 84' lang='lat' dir='ltr'><strong>Deorum</strong></span> <span class='ocrx_word' id='word_1_751' title='bbox 3301 3659 3603 3704; x_wconf 89' lang='lat' dir='ltr'><strong>nostrorum</strong></span> 
     </span>
    </p>
   </div>
   <div class='ocr_carea' id='block_1_100' title="bbox 2014 3727 3605 3805">
    <p class='ocr_par' dir='ltr' id='par_1_100' title="bbox 2014 3727 3605 3805">
     <span class='ocr_line' id='line_1_100' title="bbox 2014 3727 3605 3805; baseline 0.009 -24"><span class='ocrx_word' id='word_1_752' title='bbox 2014 3727 2259 3800; x_wconf 84' lang='lat' dir='ltr'><strong>jussiune</strong></span> <span class='ocrx_word' id='word_1_753' title='bbox 2305 3743 2495 3788; x_wconf 89' lang='lat' dir='ltr'><strong>cuncta</strong></span> <span class='ocrx_word' id='word_1_754' title='bbox 2544 3744 2796 3792; x_wconf 87' lang='lat' dir='ltr'><strong>creantur</strong></span> <span class='ocrx_word' id='word_1_755' title='bbox 2842 3750 2906 3790; x_wconf 89' lang='lat' dir='ltr'><strong>ac</strong></span> <span class='ocrx_word' id='word_1_756' title='bbox 2942 3737 3248 3805; x_wconf 91' lang='lat' dir='ltr'><strong>prodeunt;</strong></span> <span class='ocrx_word' id='word_1_757' title='bbox 3306 3741 3446 3795; x_wconf 86' lang='lat' dir='ltr'><strong>Deus</strong></span> <span class='ocrx_word' id='word_1_758' title='bbox 3474 3756 3605 3796; x_wconf 87' lang='lat' dir='ltr'><strong>vero</strong></span> 
     </span>
    </p>
   </div>
   <div class='ocr_carea' id='block_1_101' title="bbox 2016 3825 3601 3903">
    <p class='ocr_par' dir='ltr' id='par_1_101' title="bbox 2016 3825 3601 3903">
     <span class='ocr_line' id='line_1_101' title="bbox 2016 3825 3601 3903; baseline 0.008 -27"><span class='ocrx_word' id='word_1_759' title='bbox 2016 3836 2199 3880; x_wconf 85' lang='lat' dir='ltr'><strong>vester</strong></span> <span class='ocrx_word' id='word_1_760' title='bbox 2224 3825 2354 3880; x_wconf 88' lang='lat' dir='ltr'><strong>nihil</strong></span> <span class='ocrx_word' id='word_1_761' title='bbox 2382 3842 2539 3896; x_wconf 73' lang='lat' dir='ltr'><strong>posse</strong></span> <span class='ocrx_word' id='word_1_762' title='bbox 2578 3827 2982 3894; x_wconf 83' lang='lat' dir='ltr'><strong>manifestatur,</strong></span> <span class='ocrx_word' id='word_1_763' title='bbox 3027 3839 3082 3886; x_wconf 89' lang='lat' dir='ltr'><strong>et</strong></span> <span class='ocrx_word' id='word_1_764' title='bbox 3120 3831 3260 3900; x_wconf 92' lang='lat' dir='ltr'><strong>quod</strong></span> <span class='ocrx_word' id='word_1_765' title='bbox 3303 3834 3468 3903; x_wconf 86' lang='lat' dir='ltr'><strong>magis</strong></span> <span class='ocrx_word' id='word_1_766' title='bbox 3495 3844 3601 3900; x_wconf 88' lang='lat' dir='ltr'><strong>est,</strong></span> 
     </span>
    </p>
   </div>
   <div class='ocr_carea' id='block_1_102' title="bbox 2018 3917 3603 3996">
    <p class='ocr_par' dir='ltr' id='par_1_102' title="bbox 2018 3917 3603 3996">
     <span class='ocr_line' id='line_1_102' title="bbox 2018 3917 3603 3996; baseline 0.008 -27"><span class='ocrx_word' id='word_1_767' title='bbox 2018 3929 2117 3970; x_wconf 82' lang='lat' dir='ltr'><strong>nec</strong></span> <span class='ocrx_word' id='word_1_768' title='bbox 2139 3917 2205 3972; x_wconf 91' lang='lat' dir='ltr'><strong>de</strong></span> <span class='ocrx_word' id='word_1_769' title='bbox 2229 3917 2450 3972; x_wconf 90' lang='lat' dir='ltr'><strong>deorum</strong></span> <span class='ocrx_word' id='word_1_770' title='bbox 2499 3933 2695 3985; x_wconf 78' lang='lat' dir='ltr'><strong>genere</strong></span> <span class='ocrx_word' id='word_1_771' title='bbox 2723 3934 2843 3976; x_wconf 87' lang='lat' dir='ltr'><strong>esse</strong></span> <span class='ocrx_word' id='word_1_772' title='bbox 2875 3922 3146 3989; x_wconf 85' lang='lat' dir='ltr'><strong>probatur.</strong></span> <span class='ocrx_word' id='word_1_773' title='bbox 3187 3923 3393 3980; x_wconf 85' lang='lat' dir='ltr'><strong>Interea</strong></span> <span class='ocrx_word' id='word_1_774' title='bbox 3421 3927 3603 3996; x_wconf 85' lang='lat' dir='ltr'><strong>regina</strong></span> 
     </span>
    </p>
   </div>
   <div class='ocr_carea' id='block_1_103' title="bbox 2020 4005 3604 4078">
    <p class='ocr_par' dir='ltr' id='par_1_103' title="bbox 2020 4005 3604 4078">
     <span class='ocr_line' id='line_1_103' title="bbox 2020 4005 3604 4078; baseline 0.005 -16"><span class='ocrx_word' id='word_1_775' title='bbox 2020 4005 2199 4068; x_wconf 82' lang='lat' dir='ltr'><strong>ﬁdelis</strong></span> <span class='ocrx_word' id='word_1_776' title='bbox 2251 4008 2418 4062; x_wconf 77' lang='lat' dir='ltr'><strong>filium</strong></span> <span class='ocrx_word' id='word_1_777' title='bbox 2459 4009 2524 4066; x_wconf 86' lang='lat' dir='ltr'><strong>ad</strong></span> <span class='ocrx_word' id='word_1_778' title='bbox 2554 4010 2878 4078; x_wconf 89' lang='lat' dir='ltr'><strong>baptismum</strong></span> <span class='ocrx_word' id='word_1_779' title='bbox 2922 4011 3181 4068; x_wconf 80' lang='lat' dir='ltr'><strong>exhibet:</strong></span> <span class='ocrx_word' id='word_1_780' title='bbox 3235 4015 3482 4069; x_wconf 86' lang='lat' dir='ltr'><strong>adornari</strong></span> <span class='ocrx_word' id='word_1_781' title='bbox 3515 4032 3604 4070; x_wconf 79' lang='lat' dir='ltr'><strong>ec-</strong></span> 
     </span>
    </p>
   </div>
   <div class='ocr_carea' id='block_1_104' title="bbox 2015 4093 3603 4178">
    <p class='ocr_par' dir='ltr' id='par_1_104' title="bbox 2015 4093 3603 4178">
     <span class='ocr_line' id='line_1_104' title="bbox 2015 4093 3603 4178; baseline 0.008 -26"><span class='ocrx_word' id='word_1_782' title='bbox 2015 4093 2235 4156; x_wconf 83' lang='lat' dir='ltr'><strong>elesiam</strong></span> <span class='ocrx_word' id='word_1_783' title='bbox 2287 4101 2421 4156; x_wconf 89' lang='lat' dir='ltr'><strong>velis</strong></span> <span class='ocrx_word' id='word_1_784' title='bbox 2466 4102 2706 4172; x_wconf 74' lang='lat' dir='ltr'><strong>praecipit</strong></span> <span class='ocrx_word' id='word_1_785' title='bbox 2739 4114 2898 4174; x_wconf 86' lang='lat' dir='ltr'><strong>atque</strong></span> <span class='ocrx_word' id='word_1_786' title='bbox 2949 4104 3204 4172; x_wconf 85' lang='lat' dir='ltr'><strong>cortinis,</strong></span> <span class='ocrx_word' id='word_1_787' title='bbox 3234 4122 3340 4178; x_wconf 90' lang='lat' dir='ltr'><strong>quo</strong></span> <span class='ocrx_word' id='word_1_788' title='bbox 3391 4106 3603 4164; x_wconf 90' lang='lat' dir='ltr'><strong>facilius</strong></span> 
     </span>
    </p>
   </div>
   <div class='ocr_carea' id='block_1_105' title="bbox 2015 4189 3604 4271">
    <p class='ocr_par' dir='ltr' id='par_1_105' title="bbox 2015 4189 3604 4271">
     <span class='ocr_line' id='line_1_105' title="bbox 2015 4189 3604 4271; baseline 0.01 -29"><span class='ocrx_word' id='word_1_789' title='bbox 2015 4190 2100 4244; x_wconf 82' lang='lat' dir='ltr'><strong>vel</strong></span> <span class='ocrx_word' id='word_1_790' title='bbox 2133 4189 2235 4246; x_wconf 93' lang='lat' dir='ltr'><strong>hoc</strong></span> <span class='ocrx_word' id='word_1_791' title='bbox 2264 4193 2517 4263; x_wconf 87' lang='lat' dir='ltr'><strong>mysterio</strong></span> <span class='ocrx_word' id='word_1_792' title='bbox 2551 4205 2565 4245; x_wconf 85' lang='grc' dir='ltr'><strong>ι</strong></span> <span class='ocrx_word' id='word_1_793' title='bbox 2615 4205 3000 4266; x_wconf 89' lang='lat' dir='ltr'><strong>provocaretur</strong></span> <span class='ocrx_word' id='word_1_794' title='bbox 3028 4197 3093 4252; x_wconf 90' lang='lat' dir='ltr'><strong>ad</strong></span> <span class='ocrx_word' id='word_1_795' title='bbox 3125 4198 3449 4255; x_wconf 85' lang='lat' dir='ltr'><strong>credendum</strong></span> <span class='ocrx_word' id='word_1_796' title='bbox 3470 4243 3484 4268; x_wconf 93' lang='lat'><strong>,</strong></span> <span class='ocrx_word' id='word_1_797' title='bbox 3512 4202 3604 4271; x_wconf 89' lang='lat' dir='ltr'><strong>qui</strong></span> 
     </span>
    </p>
   </div>
   <div class='ocr_carea' id='block_1_106' title="bbox 2019 4291 3600 4368">
    <p class='ocr_par' dir='ltr' id='par_1_106' title="bbox 2019 4291 3600 4368">
     <span class='ocr_line' id='line_1_106' title="bbox 2019 4291 3600 4368; baseline 0.006 -19"><span class='ocrx_word' id='word_1_798' title='bbox 2019 4291 2158 4349; x_wconf 85' lang='lat' dir='ltr'><strong>flecti</strong></span> <span class='ocrx_word' id='word_1_799' title='bbox 2216 4293 2594 4363; x_wconf 81' lang='lat' dir='ltr'><strong>praedicatione</strong></span> <span class='ocrx_word' id='word_1_800' title='bbox 2646 4311 2753 4351; x_wconf 92' lang='lat' dir='ltr'><strong>non</strong></span> <span class='ocrx_word' id='word_1_801' title='bbox 2805 4305 3035 4364; x_wconf 83' lang='lat' dir='ltr'><strong>poterat.</strong></span> <span class='ocrx_word' id='word_1_802' title='bbox 3079 4299 3385 4368; x_wconf 77' lang='lat' dir='ltr'><strong>Baptizatus</strong></span> <span class='ocrx_word' id='word_1_803' title='bbox 3422 4314 3600 4359; x_wconf 87' lang='lat' dir='ltr'><strong>autem</strong></span> 
     </span>
    </p>
   </div>
   <div class='ocr_carea' id='block_1_107' title="bbox 2017 4387 3600 4467">
    <p class='ocr_par' dir='ltr' id='par_1_107' title="bbox 2017 4387 3600 4467">
     <span class='ocr_line' id='line_1_107' title="bbox 2017 4387 3600 4467; baseline 0.008 -30"><span class='ocrx_word' id='word_1_804' title='bbox 2017 4400 2186 4454; x_wconf 90' lang='lat' dir='ltr'><strong>puer,</strong></span> <span class='ocrx_word' id='word_1_805' title='bbox 2237 4401 2396 4456; x_wconf 90' lang='lat' dir='ltr'><strong>quem</strong></span> <span class='ocrx_word' id='word_1_806' title='bbox 2439 4387 2774 4457; x_wconf 88' lang='lat' dir='ltr'><strong>lngomerem</strong></span> <span class='ocrx_word' id='word_1_807' title='bbox 2805 4387 2834 4432; x_wconf 72' lang='grc' dir='ltr'><strong>ιι</strong></span> <span class='ocrx_word' id='word_1_808' title='bbox 2892 4391 3292 4460; x_wconf 77' lang='lat' dir='ltr'><strong>vocitaverunt,</strong></span> <span class='ocrx_word' id='word_1_809' title='bbox 3340 4395 3395 4449; x_wconf 89' lang='lat' dir='ltr'><strong>in</strong></span> <span class='ocrx_word' id='word_1_810' title='bbox 3437 4395 3600 4467; x_wconf 90' lang='lat' dir='ltr'><strong>ipsis,</strong></span> 
     </span>
    </p>
   </div>
   <div class='ocr_carea' id='block_1_108' title="bbox 2016 4541 3600 4618">
    <p class='ocr_par' dir='ltr' id='par_1_108' title="bbox 2016 4541 3600 4618">
     <span class='ocr_line' id='line_1_108' title="bbox 2016 4541 3600 4618; baseline 0.004 -21"><span class='ocrx_word' id='word_1_811' title='bbox 2016 4541 2424 4618; x_wconf 62' lang='lat' dir='ltr'><strong>Gupdobaudus.</strong></span> <span class='ocrx_word' id='word_1_812' title='bbox 2455 4546 2531 4618; x_wconf 86' lang='lat' dir='ltr'><strong>De</strong></span> <span class='ocrx_word' id='word_1_813' title='bbox 2558 4545 2862 4601; x_wconf 83' lang='lat' dir='ltr'><strong>Athanarici</strong></span> <span class='ocrx_word' id='word_1_814' title='bbox 2896 4547 3264 4614; x_wconf 88' lang='lat' dir='ltr'><strong>persecutione</strong></span> <span class='ocrx_word' id='word_1_815' title='bbox 3291 4563 3448 4618; x_wconf 88' lang='lat' dir='ltr'><strong>supra</strong></span> <span class='ocrx_word' id='word_1_816' title='bbox 3471 4565 3522 4603; x_wconf 89' lang='lat' dir='ltr'><strong>c.</strong></span> <span class='ocrx_word' id='word_1_817' title='bbox 3544 4549 3600 4603; x_wconf 79' lang='grc'><strong>4.</strong></span> 
     </span>
    </p>
   </div>
   <div class='ocr_carea' id='block_1_109' title="bbox 2095 4613 3599 4686">
    <p class='ocr_par' dir='ltr' id='par_1_109' title="bbox 2095 4613 3599 4686">
     <span class='ocr_line' id='line_1_109' title="bbox 2095 4613 3599 4686; baseline 0.003 -16"><span class='ocrx_word' id='word_1_818' title='bbox 2095 4613 2114 4652; x_wconf 75' lang='grc' dir='ltr'><strong>ί</strong></span> <span class='ocrx_word' id='word_1_819' title='bbox 2147 4616 2235 4670; x_wconf 90' lang='lat' dir='ltr'><strong>Sic</strong></span> <span class='ocrx_word' id='word_1_820' title='bbox 2259 4614 2555 4682; x_wconf 19' lang='lat' dir='ltr'><strong>appellat-ur</strong></span> <span class='ocrx_word' id='word_1_821' title='bbox 2601 4620 2653 4670; x_wconf 86' lang='lat' dir='ltr'><strong>in</strong></span> <span class='ocrx_word' id='word_1_822' title='bbox 2679 4619 2862 4682; x_wconf 79' lang='lat' dir='ltr'><strong>Corb.,</strong></span> <span class='ocrx_word' id='word_1_823' title='bbox 2899 4613 3080 4672; x_wconf 22' lang='lat' dir='ltr'><strong>’Palat.</strong></span> <span class='ocrx_word' id='word_1_824' title='bbox 3117 4627 3172 4673; x_wconf 91' lang='lat' dir='ltr'><strong>et</strong></span> <span class='ocrx_word' id='word_1_825' title='bbox 3197 4613 3373 4682; x_wconf 67' lang='lat' dir='ltr'><strong>(iolh.,</strong></span> <span class='ocrx_word' id='word_1_826' title='bbox 3405 4622 3599 4686; x_wconf 90' lang='lat' dir='ltr'><strong>quibus</strong></span> 
     </span>
    </p>
   </div>
   <div class='ocr_carea' id='block_1_110' title="bbox 2019 4685 3600 4759">
    <p class='ocr_par' dir='ltr' id='par_1_110' title="bbox 2019 4685 3600 4759">
     <span class='ocr_line' id='line_1_110' title="bbox 2019 4685 3600 4759; baseline 0.005 -22"><span class='ocrx_word' id='word_1_827' title='bbox 2019 4685 2308 4759; x_wconf 70' lang='lat' dir='ltr'><strong>concordat</strong></span> <span class='ocrx_word' id='word_1_828' title='bbox 2339 4686 2450 4740; x_wconf 79' lang='lat' dir='ltr'><strong>Vita</strong></span> <span class='ocrx_word' id='word_1_829' title='bbox 2477 4696 2676 4742; x_wconf 76' lang='lat' dir='ltr'><strong>sancta:</strong></span> <span class='ocrx_word' id='word_1_830' title='bbox 2706 4687 3006 4751; x_wconf 80' lang='lat' dir='ltr'><strong>Chlotildis,</strong></span> <span class='ocrx_word' id='word_1_831' title='bbox 3039 4689 3126 4742; x_wconf 91' lang='lat' dir='ltr'><strong>ubi</strong></span> <span class='ocrx_word' id='word_1_832' title='bbox 3161 4706 3306 4742; x_wconf 84' lang='lat' dir='ltr'><strong>unm.</strong></span> <span class='ocrx_word' id='word_1_833' title='bbox 3337 4691 3372 4741; x_wconf 79' lang='lat'><strong>‘2</strong></span> <span class='ocrx_word' id='word_1_834' title='bbox 3404 4685 3600 4759; x_wconf 85' lang='lat' dir='ltr'><strong>legitur</strong></span> 
     </span>
    </p>
   </div>
   <div class='ocr_carea' id='block_1_111' title="bbox 2023 4757 3600 4816">
    <p class='ocr_par' dir='ltr' id='par_1_111' title="bbox 2023 4757 3600 4816">
     <span class='ocr_line' id='line_1_111' title="bbox 2023 4757 3600 4816; baseline 0.003 -7"><span class='ocrx_word' id='word_1_835' title='bbox 2023 4757 2244 4814; x_wconf 80' lang='lat' dir='ltr'><strong>Chrona.</strong></span> <span class='ocrx_word' id='word_1_836' title='bbox 2277 4757 2414 4811; x_wconf 73' lang='lat' dir='ltr'><strong>Smc.</strong></span> <span class='ocrx_word' id='word_1_837' title='bbox 2448 4773 2461 4810; x_wconf 91' lang='grc' dir='ltr'><strong>ι</strong></span> <span class='ocrx_word' id='word_1_838' title='bbox 2491 4761 2608 4812; x_wconf 83' lang='lat' dir='ltr'><strong>Act.</strong></span> <span class='ocrx_word' id='word_1_839' title='bbox 2639 4759 2738 4816; x_wconf 84' lang='lat' dir='ltr'><strong>SS.</strong></span> <span class='ocrx_word' id='word_1_840' title='bbox 2786 4759 2914 4812; x_wconf 86' lang='lat' dir='ltr'><strong>0rd.</strong></span> <span class='ocrx_word' id='word_1_841' title='bbox 2967 4760 3315 4813; x_wconf 88' lang='lat' dir='ltr'><strong>Benedictini.</strong></span> <span class='ocrx_word' id='word_1_842' title='bbox 3352 4757 3477 4815; x_wconf 56' lang='lat' dir='ltr'><strong>Bec:</strong></span> <span class='ocrx_word' id='word_1_843' title='bbox 3522 4771 3600 4815; x_wconf 88' lang='lat' dir='ltr'><strong>ta-</strong></span> 
     </span>
    </p>
   </div>
   <div class='ocr_carea' id='block_1_112' title="bbox 2023 4827 3580 4897">
    <p class='ocr_par' dir='ltr' id='par_1_112' title="bbox 2023 4827 3580 4897">
     <span class='ocr_line' id='line_1_112' title="bbox 2023 4827 3580 4897; baseline 0.003 -18"><span class='ocrx_word' id='word_1_844' title='bbox 2023 4842 2142 4881; x_wconf 89' lang='lat' dir='ltr'><strong>men</strong></span> <span class='ocrx_word' id='word_1_845' title='bbox 2176 4837 2228 4879; x_wconf 89' lang='lat' dir='ltr'><strong>et</strong></span> <span class='ocrx_word' id='word_1_846' title='bbox 2260 4827 2447 4897; x_wconf 82' lang='lat' dir='ltr'><strong>Regtn.</strong></span> <span class='ocrx_word' id='word_1_847' title='bbox 2477 4843 2598 4881; x_wconf 83' lang='lat' dir='ltr'><strong>cum</strong></span> <span class='ocrx_word' id='word_1_848' title='bbox 2646 4829 2913 4896; x_wconf 62' lang='lat' dir='ltr'><strong>plerisque</strong></span> <span class='ocrx_word' id='word_1_849' title='bbox 2952 4829 3112 4882; x_wconf 87' lang='lat' dir='ltr'><strong>editis</strong></span> <span class='ocrx_word' id='word_1_850' title='bbox 3168 4831 3384 4895; x_wconf 86' lang='lat' dir='ltr'><strong>habent,</strong></span> <span class='ocrx_word' id='word_1_851' title='bbox 3421 4830 3580 4884; x_wconf 78' lang='lat' dir='ltr'><strong>Macu-</strong></span> 
     </span>
    </p>
   </div>
   <div class='ocr_carea' id='block_1_113' title="bbox 2017 4897 3594 4971">
    <p class='ocr_par' dir='ltr' id='par_1_113' title="bbox 2017 4897 3594 4971">
     <span class='ocr_line' id='line_1_113' title="bbox 2017 4897 3594 4971; baseline 0.003 -21"><span class='ocrx_word' id='word_1_852' title='bbox 2017 4913 2148 4950; x_wconf 79' lang='lat' dir='ltr'><strong>rtma</strong></span> <span class='ocrx_word' id='word_1_853' title='bbox 2171 4898 2326 4971; x_wconf 10' lang='lat' dir='ltr'><strong>7;,Aali‘i,</strong></span> <span class='ocrx_word' id='word_1_854' title='bbox 2359 4897 2577 4971; x_wconf 76' lang='lat' dir='ltr'><strong>Corona.</strong></span> <span class='ocrx_word' id='word_1_855' title='bbox 2615 4898 2816 4952; x_wconf 89' lang='lat' dir='ltr'><strong>Dicitur</strong></span> <span class='ocrx_word' id='word_1_856' title='bbox 2866 4901 2915 4952; x_wconf 91' lang='lat' dir='ltr'><strong>in</strong></span> <span class='ocrx_word' id='word_1_857' title='bbox 2967 4899 3270 4971; x_wconf 80' lang='lat' dir='ltr'><strong>Fredegarii</strong></span> <span class='ocrx_word' id='word_1_858' title='bbox 3305 4902 3545 4968; x_wconf 85' lang='lat' dir='ltr'><strong>Epitome</strong></span> <span class='ocrx_word' id='word_1_859' title='bbox 3577 4943 3594 4967; x_wconf 88' lang='lat'><strong>,</strong></span> 
     </span>
    </p>
   </div>
   <div class='ocr_carea' id='block_1_114' title="bbox 2014 4967 3594 5039">
    <p class='ocr_par' dir='ltr' id='par_1_114' title="bbox 2014 4967 3594 5039">
     <span class='ocr_line' id='line_1_114' title="bbox 2014 4967 3594 5039; baseline 0.004 -18"><span class='ocrx_word' id='word_1_860' title='bbox 2014 4984 2134 5032; x_wconf 86' lang='lat' dir='ltr'><strong>cap.</strong></span> <span class='ocrx_word' id='word_1_861' title='bbox 2165 4969 2238 5039; x_wconf 11' lang='lat' dir='ltr'><strong>i7,</strong></span> <span class='ocrx_word' id='word_1_862' title='bbox 2259 4967 2562 5022; x_wconf 74' lang='lat' dir='ltr'><strong>Sede/cuba.</strong></span> <span class='ocrx_word' id='word_1_863' title='bbox 2592 4971 2661 5022; x_wconf 74' lang='lat' dir='ltr'><strong>lle</strong></span> <span class='ocrx_word' id='word_1_864' title='bbox 2685 4985 2786 5032; x_wconf 88' lang='lat' dir='ltr'><strong>qua</strong></span> <span class='ocrx_word' id='word_1_865' title='bbox 2811 4971 2983 5039; x_wconf 85' lang='lat' dir='ltr'><strong>agitur</strong></span> <span class='ocrx_word' id='word_1_866' title='bbox 3009 4971 3057 5023; x_wconf 91' lang='lat' dir='ltr'><strong>in</strong></span> <span class='ocrx_word' id='word_1_867' title='bbox 3081 4967 3477 5039; x_wconf 22' lang='lat' dir='ltr'><strong>&#39;(Il&#39;tronici’cap.</strong></span> <span class='ocrx_word' id='word_1_868' title='bbox 3503 4972 3594 5028; x_wconf 68' lang='lat'><strong>22.</strong></span> 
     </span>
    </p>
   </div>
   <div class='ocr_carea' id='block_1_115' title="bbox 2012 5038 3594 5110">
    <p class='ocr_par' dir='ltr' id='par_1_115' title="bbox 2012 5038 3594 5110">
     <span class='ocr_line' id='line_1_115' title="bbox 2012 5038 3594 5110; baseline 0.002 -19"><span class='ocrx_word' id='word_1_869' title='bbox 2012 5038 2293 5110; x_wconf 74' lang='lat' dir='ltr'><strong>Chlotildis</strong></span> <span class='ocrx_word' id='word_1_870' title='bbox 2321 5047 2376 5093; x_wconf 88' lang='lat' dir='ltr'><strong>et</strong></span> <span class='ocrx_word' id='word_1_871' title='bbox 2402 5040 2631 5093; x_wconf 83' lang='lat' dir='ltr'><strong>Chronae</strong></span> <span class='ocrx_word' id='word_1_872' title='bbox 2653 5038 2875 5093; x_wconf 84' lang='lat' dir='ltr'><strong>matrem</strong></span> <span class='ocrx_word' id='word_1_873' title='bbox 2911 5041 3248 5110; x_wconf 67' lang='lat' dir='ltr'><strong>Agrippinam</strong></span> <span class='ocrx_word' id='word_1_874' title='bbox 3275 5038 3594 5110; x_wconf 81' lang='lat' dir='ltr'><strong>appellatam</strong></span> 
     </span>
    </p>
   </div>
   <div class='ocr_carea' id='block_1_116' title="bbox 2009 5108 3601 5181">
    <p class='ocr_par' dir='ltr' id='par_1_116' title="bbox 2009 5108 3601 5181">
     <span class='ocr_line' id='line_1_116' title="bbox 2009 5108 3601 5181; baseline 0.002 -17"><span class='ocrx_word' id='word_1_875' title='bbox 2009 5108 2200 5171; x_wconf 84' lang='lat' dir='ltr'><strong>fuisse,</strong></span> <span class='ocrx_word' id='word_1_876' title='bbox 2250 5110 2314 5164; x_wconf 85' lang='lat' dir='ltr'><strong>de</strong></span> <span class='ocrx_word' id='word_1_877' title='bbox 2344 5111 2443 5180; x_wconf 80' lang='lat' dir='ltr'><strong>qna</strong></span> <span class='ocrx_word' id='word_1_878' title='bbox 2493 5110 2744 5166; x_wconf 87' lang='lat' dir='ltr'><strong>Sidonius</strong></span> <span class='ocrx_word' id='word_1_879' title='bbox 2782 5111 2873 5164; x_wconf 90' lang='lat' dir='ltr'><strong>lib.</strong></span> <span class='ocrx_word' id='word_1_880' title='bbox 2935 5126 3002 5176; x_wconf 89' lang='lat' dir='ltr'><strong>v,</strong></span> <span class='ocrx_word' id='word_1_881' title='bbox 3033 5108 3191 5181; x_wconf 80' lang='lat' dir='ltr'><strong>epist.</strong></span> <span class='ocrx_word' id='word_1_882' title='bbox 3227 5113 3254 5164; x_wconf 89' lang='lat'><strong>7</strong></span> <span class='ocrx_word' id='word_1_883' title='bbox 3277 5108 3322 5180; x_wconf 67' lang='grc'><strong>,“</strong></span> <span class='ocrx_word' id='word_1_884' title='bbox 3349 5108 3601 5168; x_wconf 83' lang='lat' dir='ltr'><strong>observat</strong></span> 
     </span>
    </p>
   </div>
   <div class='ocr_carea' id='block_1_117' title="bbox 2014 5182 2295 5236">
    <p class='ocr_par' dir='ltr' id='par_1_117' title="bbox 2014 5182 2295 5236">
     <span class='ocr_line' id='line_1_117' title="bbox 2014 5182 2295 5236; baseline -0.007 0"><span class='ocrx_word' id='word_1_885' title='bbox 2014 5182 2235 5236; x_wconf 82' lang='lat' dir='ltr'><strong>Savaro.</strong></span> <span class='ocrx_word' id='word_1_886' title='bbox 2288 5185 2295 5191; x_wconf 82' lang='lat'>&#39;</span> 
     </span>
    </p>
   </div>
   <div class='ocr_carea' id='block_1_118' title="bbox 2088 5248 3599 5320">
    <p class='ocr_par' dir='ltr' id='par_1_118' title="bbox 2088 5248 3599 5320">
     <span class='ocr_line' id='line_1_118' title="bbox 2088 5248 3599 5320; baseline 0.007 -22"><span class='ocrx_word' id='word_1_887' title='bbox 2088 5261 2112 5298; x_wconf 88' lang='lat' dir='ltr'><strong>It</strong></span> <span class='ocrx_word' id='word_1_888' title='bbox 2148 5252 2292 5304; x_wconf 86' lang='lat' dir='ltr'><strong>Alias</strong></span> <span class='ocrx_word' id='word_1_889' title='bbox 2315 5248 2660 5304; x_wconf 74' lang='lat' dir='ltr'><strong>C/rrotc/n&#39;ldis</strong></span> <span class='ocrx_word' id='word_1_890' title='bbox 2681 5294 2694 5317; x_wconf 89' lang='lat'><strong>,</strong></span> <span class='ocrx_word' id='word_1_891' title='bbox 2741 5250 3081 5320; x_wconf 73' lang='lat' dir='ltr'><strong>Cltrotigefdis</strong></span> <span class='ocrx_word' id='word_1_892' title='bbox 3105 5293 3120 5312; x_wconf 86' lang='lat'><strong>,</strong></span> <span class='ocrx_word' id='word_1_893' title='bbox 3174 5251 3437 5306; x_wconf 79' lang='lat' dir='ltr'><strong>Rodieldis</strong></span> <span class='ocrx_word' id='word_1_894' title='bbox 3463 5294 3477 5315; x_wconf 86' lang='lat'><strong>,</strong></span> <span class='ocrx_word' id='word_1_895' title='bbox 3501 5267 3599 5310; x_wconf 84' lang='lat' dir='ltr'><strong>seu</strong></span> 
     </span>
    </p>
   </div>
   <div class='ocr_carea' id='block_1_119' title="bbox 2011 5321 3599 5393">
    <p class='ocr_par' dir='ltr' id='par_1_119' title="bbox 2011 5321 3599 5393">
     <span class='ocr_line' id='line_1_119' title="bbox 2011 5321 3599 5393; baseline 0.002 -17"><span class='ocrx_word' id='word_1_896' title='bbox 2011 5321 2364 5386; x_wconf 79' lang='lat' dir='ltr'><strong>Chrodieldis,</strong></span> <span class='ocrx_word' id='word_1_897' title='bbox 2421 5321 2720 5376; x_wconf 80' lang='lat' dir='ltr'><strong>Chrotildis.</strong></span> <span class='ocrx_word' id='word_1_898' title='bbox 2780 5323 2949 5379; x_wconf 88' lang='lat' dir='ltr'><strong>llodie</strong></span> <span class='ocrx_word' id='word_1_899' title='bbox 2992 5327 3150 5393; x_wconf 87' lang='lat' dir='ltr'><strong>vulgo</strong></span> <span class='ocrx_word' id='word_1_900' title='bbox 3197 5324 3448 5378; x_wconf 85' lang='lat' dir='ltr'><strong>scribitur</strong></span> <span class='ocrx_word' id='word_1_901' title='bbox 3478 5323 3599 5379; x_wconf 75' lang='lat' dir='ltr'><strong>Clo-</strong></span> 
     </span>
    </p>
   </div>
   <div class='ocr_carea' id='block_1_120' title="bbox 2013 5393 2178 5449">
    <p class='ocr_par' dir='ltr' id='par_1_120' title="bbox 2013 5393 2178 5449">
     <span class='ocr_line' id='line_1_120' title="bbox 2013 5393 2178 5449; baseline 0.024 -4"><span class='ocrx_word' id='word_1_902' title='bbox 2013 5393 2178 5449; x_wconf 70' lang='lat' dir='ltr'><strong>tildis.</strong></span> 
     </span>
    </p>
   </div>
   <div class='ocr_carea' id='block_1_121' title="bbox 2084 5461 2992 5530">
    <p class='ocr_par' dir='ltr' id='par_1_121' title="bbox 2084 5461 2992 5530">
     <span class='ocr_line' id='line_1_121' title="bbox 2084 5461 2992 5530; baseline 0.006 -16"><span class='ocrx_word' id='word_1_903' title='bbox 2084 5463 2110 5499; x_wconf 60' lang='grc' dir='ltr'>δ</span> <span class='ocrx_word' id='word_1_904' title='bbox 2144 5463 2299 5516; x_wconf 80' lang='lat' dir='ltr'><strong>Deest</strong></span> <span class='ocrx_word' id='word_1_905' title='bbox 2325 5461 2424 5516; x_wconf 90' lang='lat' dir='ltr'><strong>hoc</strong></span> <span class='ocrx_word' id='word_1_906' title='bbox 2448 5471 2602 5530; x_wconf 88' lang='lat' dir='ltr'><strong>caput</strong></span> <span class='ocrx_word' id='word_1_907' title='bbox 2633 5463 2684 5516; x_wconf 91' lang='lat' dir='ltr'><strong>in</strong></span> <span class='ocrx_word' id='word_1_908' title='bbox 2706 5463 2827 5518; x_wconf 90' lang='lat' dir='ltr'><strong>cod.</strong></span> <span class='ocrx_word' id='word_1_909' title='bbox 2861 5465 2992 5519; x_wconf 89' lang='lat' dir='ltr'><strong>Bell.</strong></span> 
     </span>
    </p>
   </div>
   <div class='ocr_carea' id='block_1_122' title="bbox 2091 5532 3591 5608">
    <p class='ocr_par' dir='ltr' id='par_1_122' title="bbox 2091 5532 3591 5608">
     <span class='ocr_line' id='line_1_122' title="bbox 2091 5532 3591 5608; baseline 0.005 -21"><span class='ocrx_word' id='word_1_910' title='bbox 2091 5532 2107 5608; x_wconf 60' lang='grc' dir='ltr'>ξ</span> <span class='ocrx_word' id='word_1_911' title='bbox 2134 5532 2220 5608; x_wconf 64' lang='lat' dir='ltr'><strong>Sic</strong></span> <span class='ocrx_word' id='word_1_912' title='bbox 2251 5534 2380 5608; x_wconf 74' lang='lat' dir='ltr'><strong>edit.</strong></span> <span class='ocrx_word' id='word_1_913' title='bbox 2423 5534 2574 5599; x_wconf 85' lang='lat' dir='ltr'><strong>Bad.,</strong></span> <span class='ocrx_word' id='word_1_914' title='bbox 2596 5542 2661 5608; x_wconf 77' lang='lat' dir='ltr'><strong>at</strong></span> <span class='ocrx_word' id='word_1_915' title='bbox 2680 5537 2882 5608; x_wconf 66' lang='lat' dir='ltr'><strong>caeteri,</strong></span> <span class='ocrx_word' id='word_1_916' title='bbox 2911 5535 3139 5591; x_wconf 71' lang='lat' dir='ltr'><strong>homines</strong></span> <span class='ocrx_word' id='word_1_917' title='bbox 3178 5541 3336 5608; x_wconf 76' lang='lat' dir='ltr'><strong>fuere,</strong></span> <span class='ocrx_word' id='word_1_918' title='bbox 3369 5555 3470 5592; x_wconf 84' lang='lat' dir='ltr'><strong>non</strong></span> <span class='ocrx_word' id='word_1_919' title='bbox 3497 5537 3591 5594; x_wconf 72' lang='lat' dir='ltr'><strong>dii.</strong></span> 
     </span>
    </p>
   </div>
   <div class='ocr_carea' id='block_1_123' title="bbox 2092 5603 2841 5672">
    <p class='ocr_par' dir='ltr' id='par_1_123' title="bbox 2092 5603 2841 5672">
     <span class='ocr_line' id='line_1_123' title="bbox 2092 5603 2841 5672; baseline 0.009 -20"><span class='ocrx_word' id='word_1_920' title='bbox 2092 5606 2105 5652; x_wconf 89' lang='lat' dir='ltr'><strong>l</strong></span> <span class='ocrx_word' id='word_1_921' title='bbox 2154 5603 2286 5656; x_wconf 88' lang='lat' dir='ltr'><strong>Cod.</strong></span> <span class='ocrx_word' id='word_1_922' title='bbox 2319 5603 2507 5672; x_wconf 74' lang='lat' dir='ltr'><strong>liegm.</strong></span> <span class='ocrx_word' id='word_1_923' title='bbox 2537 5605 2841 5659; x_wconf 82' lang='lat' dir='ltr'><strong>ministerio.</strong></span> 
     </span>
    </p>
   </div>
   <div class='ocr_carea' id='block_1_124' title="bbox 2087 5674 3302 5750">
    <p class='ocr_par' dir='ltr' id='par_1_124' title="bbox 2087 5674 3302 5750">
     <span class='ocr_line' id='line_1_124' title="bbox 2087 5674 3302 5750; baseline 0.006 -20"><span class='ocrx_word' id='word_1_924' title='bbox 2087 5677 2112 5713; x_wconf 67' lang='grc' dir='ltr'><strong>ι</strong></span> <span class='ocrx_word' id='word_1_925' title='bbox 2151 5674 2358 5731; x_wconf 80' lang='lat' dir='ltr'><strong>Cassia.</strong></span> <span class='ocrx_word' id='word_1_926' title='bbox 2388 5691 2508 5731; x_wconf 86' lang='lat' dir='ltr'><strong>cum</strong></span> <span class='ocrx_word' id='word_1_927' title='bbox 2549 5675 2750 5745; x_wconf 88' lang='lat' dir='ltr'><strong>aliquot</strong></span> <span class='ocrx_word' id='word_1_928' title='bbox 2773 5676 2929 5747; x_wconf 88' lang='lat' dir='ltr'><strong>edit.,</strong></span> <span class='ocrx_word' id='word_1_929' title='bbox 2963 5676 3302 5750; x_wconf 81' lang='lat' dir='ltr'><strong>Ignomcrcm.</strong></span> 
     </span>
    </p>
   </div>
  </div>
