3994 6332
359 361 462 416 ⁸2ῒί

1260 351 1581 410 HISTORIA
1628 345 2070 411 FR.\NCORUM.
2114 352 2317 409 LIBER
2358 343 2744 411 SECUNDUS.

3532 358 3640 415 2‘26

356 487 491 533 sicut
524 478 871 542 regeneratus
899 470 1070 523 luerat
1094 507 1108 533 ,
1140 465 1275 520 albis
1303 475 1325 502 α
1360 468 1511 521 obiit.
1541 466 1657 533 Qua
1685 466 1755 522 de
1778 475 1941 522 causa
1969 463 2014 529 Α
2044 466 2188 522 enim
2218 467 2348 522 deus
2380 479 2558 541 meos,
2589 465 3070 538 sed,ut,expe‘rior,
3111 470 3343 541 elongati
3384 481 3512 527 sunt
3559 476 3629 530 ab

357 577 660 625 commotus
699 562 816 616 felle
867 576 959 616 rex
990 603 1004 627 ,
1040 574 1143 613 non
1174 559 1410 629 segniter
1456 557 1762 626 increpabat
1811 558 1952 630 regi-

360 658 754 725 naiii,dicens:
800 653 856 709 Si
898 654 951 706 in
999 650 1212 705 nomine
1260 651 1484 704 deorum
1534 664 1778 704 meorum
1816 661 1952 720 puer

360 748 792 810 ltiissetdicatus,
835 742 1057 796 vixi~set
1086 743 1269 810 utique
1302 760 1313 793 :
1348 755 1489 795 nunc
1528 748 1705 795 autent
1749 742 1868 811 quia
1894 742 1946 796 in

357 845 577 899 nomine
608 840 700 894 Dei
727 837 888 892 vestri
919 835 1216 905 baptizatus
1245 837 1351 900 est,
1392 835 1571 891 vivere
1601 833 1821 889 omnino
1839 847 1944 888 non

362 936 555 1005 potuit.
605 931 684 986 Ad
735 931 849 982 haec
871 927 1049 997 regina
1087 945 1098 980 :
1137 927 1244 980 Deo
1275 967 1290 991 ,
1322 926 1490 995 inquit
1517 965 1533 991 ,
1566 925 1941 994 omnipotenti,

359 1025 589 1083 creatori
632 1023 870 1078 omnium
896 1065 910 1089 ,
943 1021 1138 1092 gratias
1170 1035 1288 1090 ago,
1318 1019 1408 1090 qui
1469 1035 1553 1074 me
1603 1034 1708 1072 non
1752 1032 1946 1088 usque-

360 1133 572 1188 quaque
596 1114 852 1186 judicavit
883 1114 1175 1183 indignam,
1206 1119 1266 1164 ut
1286 1111 1351 1164 de
1379 1117 1531 1165 utero
1555 1125 1675 1164 meo
1707 1112 1944 1179 genitum

361 1225 528 1281 regno
554 1223 652 1262 suo
676 1207 984 1277 dignaretur
1026 1204 1219 1257 ascire.
1266 1201 1392 1256 Mihi
1423 1209 1598 1255 autem
1639 1201 1822 1255 dolore
1850 1201 1946 1253 liu-

356 1303 443 1372 jus
498 1315 674 1356 causa:
705 1299 914 1352 animus
943 1311 1046 1350 non
1083 1296 1383 1364 attingitur,
1415 1295 1539 1363 quia
1581 1293 1693 1348 scio
1726 1295 1774 1347 in
1807 1293 1944 1348 albis

359 1397 425 1449 ab
456 1394 560 1448 hoc
591 1390 788 1446 mundo
819 1397 1066 1456 vocatos,
1097 1385 1189 1440 Dei
1236 1385 1511 1441 obtutibus
1552 1385 1862 1440 nutriendos
1894 1384 1942 1440 δ.

358 1483 488 1539 Post
513 1484 656 1537 hunc
697 1496 822 1535 vero
851 1479 1033 1551 genuit
1078 1478 1242 1533 alium
1277 1479 1472 1543 lilium,
1521 1491 1678 1546 quem
1708 1477 1946 1547 baptiza-

359 1585 469 1630 tum
527 1572 935 1627 Chlodomerem
992 1573 1220 1634 vocavit;
1268 1578 1322 1623 et
1369 1569 1452 1622 hic
1506 1585 1626 1622 cum
1685 1579 1946 1638 tegrotare

359 1672 640 1740 cmpisset,
675 1667 883 1722 diei-bat
907 1682 998 1719 rex
1033 1660 1185 1720 :Non
1219 1673 1392 1734 potest
1420 1663 1733 1729 aliud-fieri,
1762 1664 1862 1717 nisi
1893 1673 1946 1718 et

357 1764 424 1817 de
456 1762 578 1823 hoc,
608 1760 744 1813 sicut
773 1767 826 1811 et
878 1756 945 1810 de
975 1757 1138 1809 l'rzitre
1175 1757 1290 1823 ejus
1311 1799 1325 1823 ,
1360 1753 1662 1821 Contingat,
1698 1763 1749 1806 ιιι
1776 1751 1945 1821 bapti-

359 1865 510 1910 zatus
543 1853 594 1906 in
624 1852 732 1921 82
767 1848 979 1901 nomine
1010 1845 1205 1902 Christi
1257 1847 1444 1910 vestri,
1472 1845 1714 1913 protinus
1744 1845 1945 1897 nioria-
1985 1851 2031 1911 Β

365 1952 472 1996 tur.
506 1943 612 1996 Sed
642 1949 829 1992 orante
863 1942 1062 2002 matre,
1105 1937 1330 1990 Domino
1368 1935 1592 2004 jube‘nte
1618 1933 1906 1987 convaluit.

433 2037 606 2093 XXX.
639 2038 836 2106 llegiiia
866 2047 885 2074 ε
913 2050 1043 2089 vero
1075 2050 1181 2088 non
1212 2032 1458 2088 cessabat
1489 2031 1780 2098 praedicare
1806 2031 1943 2099 regi,

363 2141 421 2185 ut
464 2130 630 2184 Deum
681 2143 865 2182 verum
917 2131 1283 2196 cognosceret,
1315 2131 1370 2179 et
1418 2121 1558 2176 idola
1610 2121 1943 2191 iicgligeiet;

366 2222 462 2276 sed
496 2222 639 2276 nullo
670 2218 830 2274 modo
859 2218 924 2273 ad
979 2218 1093 2271 haec
1143 2215 1410 2271 credenda
1460 2224 1669 2284 poterat
1701 2227 1944 2268 commo-

364 2314 518 2384 Vcri,
550 2314 720 2369 donec
764 2314 975 2367 tandem
1008 2307 1292 2378 aliquando
1338 2307 1536 2364 bellum
1588 2316 1772 2361 contra
1819 2305 1944 2361 Ala-

365 2419 591 2474 mannos
618 2410 1053 2459 commoveretur
1081 2417 1094 2453 :
1125 2400 1180 2454 in
1229 2413 1334 2470 quo
1375 2397 1680 2467 compulsus
1707 2407 1790 2450 est
1819 2411 1950 2452 con.

366 2497 505 2551 literi
535 2496 891 2560 necessitate,
925 2492 1067 2563 quod
1119 2491 1263 2562 prius
1312 2492 1586 2545 voluntate
1637 2497 1946 2560 negaverat.

367 2589 590 2643 Factum
622 2597 703 2642 est
743 2595 944 2656 autem,
973 2593 1030 2640 ut
1077 2581 1397 2656 conﬂigente
1428 2584 1944 2655 Utroquelexercitu,

369 2681 716 2738 vehementer
757 2677 1114 2742 caederentur,
1147 2687 1304 2748 atque
1349 2677 1616 2730 exercitus
1645 2674 1947 2730 Clilodove-

369 2776 455 2828 chi
487 2771 645 2826 valde
697 2769 763 2823 ad
809 2768 1229 2823 internecionem
1261 2781 1418 2821 ruere
1445 2766 1626 2836 carpit.
1661 2765 1811 2833 Quod
1857 2763 1950 2820 ille

374 2863 581 2927 videns,
608 2859 828 2917 elevatis
855 2860 918 2914 ad
945 2860 1138 2914 coelum
1167 2857 1355 2922 oculis,
1386 2863 1736 2925 componetus
1763 2853 1947 2921 corde,

373 2965 675 3011 commotus
723 2955 773 3007 in
827 2949 1099 3021 Iacryiiiis,
1154 2952 1228 3002 ait
1258 2965 1270 3000 :
1300 2947 1426 3003 Jesu
1481 2946 1735 3013 Christe,
1787 2961 1946 3016 quem

369 3045 767 3103 Chrotechildis
788 3042 1044 3115 praedicat
1066 3055 1187 3096 esse
1218 3041 1382 3094 lilium
1411 3040 1506 3094 Dei
1535 3039 1674 3106 vivi,
1697 3040 1786 3110 qui
1817 3037 1950 3094 dare

372 3137 637 3192 auxilium
672 3133 1062 3200 laborantibus,
1097 3133 1484 3201 victoriamque
1514 3129 1569 3185 in
1599 3140 1651 3186 te
1681 3131 1949 3202 speranti-

2054 556 2257 612 aiixilio
2286 563 2406 613 meo
2434 575 2446 611 :
2479 557 2623 612 unde
2653 559 2816 612 credo
2845 573 2940 613 eos
2986 559 3184 614 nullius
3215 575 3335 617 esse
3365 567 3644 630 potestatis

2053 638 2332 715 praeditos,
2365 639 2456 707 qui
2486 639 2585 693 sibi
2617 637 2992 694 obedientibus
3023 655 3130 694 non
3161 652 3450 696 occurrunt
3477 641 3528 696 ά.
3560 646 3641 702 Te

2052 742 2197 784 nunc
2229 729 2427 783 invoco
2450 766 2467 794 ,
2500 739 2555 783 et
2595 728 2687 782 tibi
2729 728 2950 783 credere
2991 729 3274 795 desidero;
3304 740 3509 786 tantum
3536 773 3551 798 ,
3585 743 3643 790 ut

2051 833 2211 876 eruar
2257 820 2327 874 ab
2373 821 2698 876 adversariis
2744 822 2905 876 meis.
2938 821 3183 892 Cumque
3230 823 3344 878 haec
3391 824 3638 892 diceret,

2056 913 2336 984 Alamanni
2371 921 2514 982 terga
2550 921 2837 974 vertentes,
2873 913 2925 967 in
2975 913 3152 984 fugam
3202 915 3306 970 labi
3337 925 3638 985 creperum.

2050 1003 2292 1072 Cumque
2321 1019 2500 1074 regem
2534 1019 2692 1057 suum
2721 1015 3004 1060 cernerent
3047 1005 3448 1075 interemptum,
3473 1005 3640 1063 Chlo-

2051 1097 2277 1151 dovechi
2301 1111 2359 1151 se
2384 1097 2677 1151 ditionibus
2698 1097 2956 1171 subdunt,
2975 1098 3214 1155 dicentes
3239 1118 3252 1152 :
3281 1101 3358 1156 Ne
3379 1103 3631 1171 amplius,

2049 1183 2392 1238 quaesumus,
2431 1179 2612 1237 pereat
2642 1168 2870 1236 populus
2902 1186 2914 1220 :
2940 1169 3048 1238 jam
3081 1171 3155 1224 tui
3185 1185 3391 1225 sumus.
3423 1168 3493 1228 At
3523 1174 3632 1239 ille,

2049 1261 2316 1330 prohibito
2352 1261 2521 1327 bello,
2569 1271 2945 1330 coarctatoque
2979 1263 3203 1331 populo,
3231 1278 3354 1317 cum
3383 1279 3513 1332 pace
3545 1281 3636 1322 re-

2047 1364 2295 1420 gressus,
2327 1350 2567 1405 narravit
2597 1351 2817 1420 reginai,
2850 1352 3078 1420 qualiter
3109 1366 3205 1421 per
3240 1353 3636 1412 invocationem

2049 1443 2283 1497 nominis
2311 1441 2514 1496 Christi
2546 1441 2822 1497 victoriam
2857 1445 3049 1496 meruit
3075 1445 3319 1498 obtinere
3358 1455 3403 1500 °.

2119 1521 2315 1576 XXXI.
2357 1518 2550 1574 Tuiic‘
2585 1522 2769 1593 regina
2799 1522 3050 1576 accersiri
3084 1523 3220 1577 clam
3255 1537 3497 1578 sanctum
3533 1523 3641 1579 Re-

2052 1600 2270 1669 niigiuni
2322 1598 2642 1655 Rhemensis
2690 1599 2836 1654 urbis
2867 1600 3179 1669 episcopum
3226 1603 3412 1670 jubet,
3443 1605 3638 1674 depre-

2051 1710 2180 1749 cans
2210 1704 2269 1748 ut
2298 1696 2407 1762 regi
2437 1694 2656 1748 verbum
2685 1694 2872 1746 salutis
2904 1695 3221 1750 insinuaret.
3254 1694 3420 1760 Quem
3453 1713 3638 1751 sacer-

2059 1787 2158 1840 dos
2188 1785 2818 1849 accersitum,‘secretius
2862 1787 3023 1854 cmpit
3054 1787 3161 1855 83
3211 1789 3255 1840 ei
3293 1788 3564 1843 insinuare
3587 1799 3638 1856 ε,

2063 1888 2119 1932 nt
2148 1879 2313 1947 Deum
2347 1893 2530 1932 verum
2553 1921 2567 1944 ,
2608 1878 2863 1931 factorem
2895 1877 3016 1930 coeli
3063 1888 3117 1930 et
3162 1889 3315 1930 terra:
3347 1881 3592 1933 crederet
3619 1923 3636 1947 ,

2053 1959 2194 2012 idola
2228 1957 2541 2026 negligeret,
2578 1972 2696 2026 qua:
2739 1973 2908 2025 neque
2941 1957 3077 2020 sibi,
3127 1973 3297 2025 neque
3343 1959 3462 2011 aliis
3504 1973 3635 2028 pro-

2051 2052 2209 2106 desse
2241 2060 2482 2120 possunt.
2518 2053 2583 2102 At
2613 2049 2702 2102 ille
2748 2048 2817 2101 ait
2853 2065 2865 2100 :
2901 2047 3149 2101 Libenter
3180 2057 3254 2115 te,
3297 2050 3638 2106 sanctiSsinie

2053 2149 2226 2211 pater,
2258 2137 2492 2205 audiam,
2527 2140 2619 2192 sed
2671 2145 2838 2192 restat
2869 2153 3030 2191 unum
3057 2177 3073 2201 ,
3107 2139 3248 2206 quod
3281 2140 3509 2208 populus
3540 2139 3639 2208 qui

2055 2247 2142 2287 me
2169 2228 2432 2301 sequitur,
2466 2245 2569 2284 non
2605 2231 2800 2298 patitur
2838 2229 3142 2298 relinquere
3171 2229 3303 2284 deos
3341 2245 3468 2285 suos
3496 2250 3509 2285 :
3543 2233 3638 2290 sed

2051 2320 2191 2375 vado
2221 2329 2275 2375 et
2303 2322 2492 2391 loquar
2519 2318 2599 2374 eis
2642 2318 2800 2388 juxta
2833 2319 3051 2373 verbum
3102 2326 3268 2374 tuum.
3304 2319 3638 2378 Conveniens

2051 2421 2229 2467 autem
2261 2427 2379 2466 cum
2411 2411 2543 2478 suis,
2578 2411 2886 2480 priusquam
2916 2410 3005 2464 ille
3037 2411 3367 2481 loqueretur,
3404 2428 3638 2481 prmcura

2052 2513 2206 2558 rente
2237 2501 2474 2571 potentia
2508 2500 2602 2556 Dei
2630 2545 2644 2570 ,
2675 2500 2850 2555 omnis
2882 2502 3108 2572 populus
3137 2505 3337 2571 pariter
3367 2505 3632 2559 acclama-

2052 2597 2124 2650 vit
2158 2613 2171 2649 :
2196 2593 2444 2649 Mortales
2474 2594 2602 2649 deos
2625 2593 2928 2662 abjicimns,
2955 2595 3038 2664 pie
3065 2610 3178 2662 rex,
3210 2604 3264 2651 et
3289 2595 3454 2652 Deum
3477 2613 3636 2668 quem

2053 2688 2328 2758 Remigius
2359 2688 2612 2756 praadicat
2642 2687 2997 2743 immortalem
3029 2691 3180 2759 sequi
3212 2688 3385 2760 parati
3422 2705 3632 2746 sumus.

2051 2781 2373 2836 Nuntiantur
2398 2780 2515 2836 haec
2530 2781 2778 2848 antistiti,
2800 2781 2889 2850 qui
2935 2779 3130 2851 gaudio
3165 2793 3357 2851 magno
3379 2782 3643 2852 repletus,

2047 2871 2211 2942 jussit
2242 2872 2512 2927 lavacrum
2547 2873 2855 2943 praeparari.
2889 2872 3032 2928 Veiis
3055 2873 3284 2944 depictis
3308 2875 3638 2930 adumbran-

2056 2971 2141 3018 tur
2163 2963 2351 3033 plateae
2378 2963 2637 3029 ecclesiaa,
2677 2965 2903 3018 cortinis
2937 2963 3240 3019 albentibus
3287 2966 3636 3033 adoriiantur,

2054 3054 2426 3124 baptisterium
2457 3055 2818 3124 componitur,
2854 3054 3089 3108 balsama
3118 3054 3504 3123 diffunduntur,
3540 3057 3641 3111 titi-

2056 3155 2178 3199 cant
2209 3145 2492 3214 ﬂagrantes
2520 3145 2687 3199 odore
2723 3143 2902 3211 cerei,
2937 3153 3211 3215 totumque
3242 3146 3500 3214 templum
3532 3147 3640 3200 ba-

378 3231 479 3284 bus
508 3231 747 3284 tribuere
773 3228 988 3292 diceris,
1023 3235 1129 3281 tua:
1158 3227 1272 3294 opis
1292 3225 1515 3295 gloriam
1547 3223 1769 3279 devotus
1798 3223 1948 3280 efﬂa-

2059 3237 2280 3305 ptisterii
2311 3235 2493 3290 divino
2522 3235 2853 3304 reSpergitur
2878 3236 2944 3289 ab
2968 3237 3133 3292 odore
3158 3234 3183 3272 ιι
3208 3254 3222 3302 ;
3257 3237 3523 3308 talemque
3554 3238 3632 3293 ibi

371 3323 481 3391 gito
507 3339 522 3375 :
551 3331 609 3376 ut
637 3323 679 3374 si
713 3319 842 3374 milii
872 3318 1145 3372 victoriam
1179 3331 1336 3387 super
1365 3315 1460 3371 hos
1491 3317 1674 3371 hostes
1703 3316 1942 3373 indulse-

369 3414 468 3479 ris,
497 3420 553 3466 et
598 3417 849 3481 expertus
907 3409 1053 3463 l‘bcro
1084 3409 1228 3464 illam
1262 3408 1507 3464 tirtntem
1531 3448 1546 3475 ,
1579 3421 1738 3476 quam
1778 3407 1847 3463 de
1891 3418 1944 3464 te

368 3508 596 3577 pepuliis
628 3518 719 3559 tuo
767 3503 970 3560 nomini
1018 3503 1222 3558 dicatus
1255 3503 1510 3571 probasse
1541 3519 1598 3560 se
1650 3503 1944 3573 praedicat,

369 3597 581 3652 credam
635 3596 763 3663 tibi,
811 3605 864 3650 ct
908 3597 960 3650 in
1010 3595 1225 3649 nomine
1269 3604 1360 3648 tuo
1407 3593 1666 3664 baptizer.
1702 3595 1946 3651 liivocavi

452 3715 476 3742 τι
509 3704 574 3759 In
601 3706 750 3768 albis,
777 3705 830 3760 id
857 3715 938 3759 est
983 3707 1120 3760 intra
1148 3704 1534 3776 hebdomadam
1559 3707 1610 3759 in
1635 3720 1734 3776 qua
1760 3722 1948 3764 recens

376 3777 627 3844 baptizaii
659 3777 794 3830 albis
825 3777 989 3830 induti
1022 3775 1320 3839 prodibant.

448 3849 474 3884 δ
517 3848 652 3912 Alii,
680 3859 932 3907 vocatum,
968 3845 1064 3900 Dei
1102 3846 1355 3899 obtutibus
1385 3848 1736 3902 nutriendum.

453 3929 474 3956 ε
521 3921 582 3970 ι·;ι
606 3918 706 3971 hoc
732 3930 884 3972 canui
917 3917 1068 3972 deest
1096 3916 1150 3970 in
1179 3917 1298 3970 cod.
1334 3918 1598 3972 liellovac.

447 3986 472 4024 δ
510 3988 598 4042 Sic
625 4003 755 4042 mss.
789 3986 856 4052 4;
883 3989 968 4042 alii
997 4003 1116 4043 eum
1147 3988 1322 4053 editis,
1349 3997 1670 4042 succurrunt.

455 4070 476 4096 ε
519 4059 665 4123 Dec.,
695 4061 826 4111 Mor.
856 4075 901 4112 s.
928 4059 1030 4112 alia
1058 4075 1238 4120 manu,
1269 4071 1318 4111 et
1348 4059 1480 4112 alius
1509 4062 1677 4112 codex
1712 4059 1779 4112 ah
1809 4059 1953 4115 Hen-

375 4130 596 4184 sclienio
625 4129 866 4183 laudatus
893 4144 1009 4182 cum
1039 4130 1238 4182 Cliesn.
1265 4127 1347 4181 hic
1374 4131 1586 4192 habent,
1612 4132 1795 4182 Actum
1821 4147 1956 4183 anno

385 4199 454 4254 15
481 4203 622 4268 regni
653 4202 763 4265 sui,
796 4199 848 4255 id
883 4212 963 4253 est
1008 4214 1149 4252 anno
1172 4197 1279 4251 496
1303 4216 1316 4251 :
1342 4217 1458 4266 qua:
1485 4203 1646 4253 verba
1680 4201 1955 4268 desumpta

378 4272 538 4324 luisse
573 4271 819 4324 videntur
847 4287 908 4324 ex
937 4272 1070 4323 tibie
1095 4272 1163 4324 de
1186 4271 1360 4324 (iestis
1387 4269 1736 4324 Francorum.
1771 4271 1825 4324 In
1855 4287 1956 4325 cte-

381 4346 510 4396 teris
537 4343 678 4394 enim
711 4340 926 4408 scriptis
947 4353 999 4395 et
1028 4340 1203 4402 editis.
1236 4357 1369 4407 quos
1409 4343 1588 4396 Videte
1631 4341 1819 4404 licuit,
1853 4357 1958 4396 non

380 4415 662 4466 habentur.
691 4413 850 4466 Corb.
885 4423 1060 4464 tamen
1106 4422 1156 4465 et
1187 4412 1316 4464 liell.
1348 4413 1399 4465 in
1442 4412 1618 4466 medio
1643 4427 1760 4479 eap.
1785 4411 1875 4477 57,
1907 4421 1963 4466 ut

378 4486 512 4536 intra
559 4482 847 4546 potabitur,
885 4483 1099 4547 habent,
1131 4498 1266 4534 anno
1301 4482 1362 4533 lii
1386 4481 1746 4537 Clilodovcclti.
1795 4483 1963 4536 Pet-ro

375 4567 588 4622 pugna,
659 4569 776 4621 qua:
825 4556 910 4606 hic
951 4562 1296 4617 tiiemoratur,
1346 4552 1467 4606 data
1534 4554 1770 4607 creditur
1822 4553 1961 4619 apud

2051 3328 2275 3399 gratiam
2326 3327 2625 3382 astantibus
2659 3327 2798 3381 Deus
2851 3327 3052 3391 tribuit,
3089 3337 3145 3382 ut
3192 3329 3525 3384 aestimarent
3574 3345 3635 3386 se

2052 3409 2280 3481 paradisi
2311 3409 2567 3463 odoribus
2597 3407 2870 3463 collocari.
2908 3407 3019 3462 Rex
3047 3425 3175 3480 ergo
3205 3412 3350 3480 prior
3393 3414 3636 3481 poposcit

2051 3517 2110 3556 se
2140 3517 2170 3556 a
2200 3501 2450 3570 pontifice
2481 3501 2760 3570 baptizari.
2788 3501 3034 3557 Procedit
3065 3519 3233 3557 novus
3256 3505 3638 3562 Constantinus

2053 3593 2119 3647 ad
2167 3591 2431 3660 lavat-rum
2461 3633 2476 3658 ,
2509 3594 2782 3648 deleturus
2825 3595 2986 3663 lepra;
3023 3593 3037 3631 ί
3095 3596 3291 3650 veteris
3343 3597 3634 3662 morbum,

2055 3707 2343 3780 Chlotildis
2371 3721 2552 3780 ,_qu:e
2609 3706 2820 3762 videtur
2867 3719 2989 3762 ante
3033 3709 3375 3764 liiiicmartim
3436 3722 3634 3780 scrpta

2056 3778 2238 3832 fuisse.
2268 3778 2415 3844 Quod
2441 3793 2581 3850 vero"
2599 3781 2744 3850 aiunt
2766 3794 2794 3830 a
2818 3781 3265 3850 centiiriatoribns
3315 3781 3363 3835 Μ
3385 3778 3634 3850 igdebur-

2061 3850 2316 3917 gensibus
2346 3851 2518 3901 visum
2560 3849 2722 3902 fuisse
2750 3849 2991 3904 codiceni
3017 3851 3294 3919 Gregorii,
3323 3853 3372 3905 in
3405 3849 3509 3921 quo
3537 3869 3644 3905 ani-

2069 3922 2210 3988 pulla
2241 3922 2330 3974 illa
2355 3930 2764 3984 memoraretur,
2792 3933 2946 3988 quem
2979 3920 3286 3976 ιιοιέιυιιοιιι
3319 3931 3499 3988 postea
3541 3923 3644 3978 dis.

2061 3991 2322 4044 cisserunt
2343 3991 2777 4052 ,verisimilenon
2805 3992 3028 4047 videtur.
3059 3999 3121 4045 nt
3149 3993 3284 4046 forte
3308 3995 3384 4047 illi
3411 3994 3640 4048 habuere

2060 4074 2169 4129 prie
2192 4062 2432 4115 manibus
2459 4061 2648 4114 librum
2677 4061 2742 4114 de
2770 4061 2944 4116 Gestis
2993 4061 3319 4116 Francorum
3359 4081 3386 4115 a
3411 4064 3641 4117 Cliesnic

2067 4145 2209 4183 tomo
2236 4131 2255 4182 Ι
2284 4133 2507 4194 editum,
2541 4133 2627 4197 qui
2662 4134 2710 4183 in
2765 4133 3030 4189 nonnullis
3057 4134 3334 4186 codicibus
3365 4145 3492 4186 lliSS.
3523 4136 3644 4188 Gre-

2063 4201 2210 4269 gorio
2243 4211 2427 4253 nostro
2460 4200 2728 4263 tribuitur,
2765 4203 2813 4252 in
2841 4216 2945 4268 quo
2971 4202 3087 4254 lucc
3115 4203 3334 4256 historia
3375 4204 3640 4262 descripta

2066 4273 2247 4325 fuerit.
2283 4270 2557 4339 Ejusmodi
2611 4271 2837 4324 habetur
2864 4286 3027 4324 unum
3062 4277 3337 4338 exemplar
3370 4275 3419 4326 in
3465 4273 3646 4326 b;lilio'

2069 4344 2219 4396 theca
2250 4341 2730 4412 Areliimonaster‘ii
2767 4341 3062 4411 I’lemigiani
3110 4345 3247 4412 apud
3288 4343 3543 4410 Rbenios,
3569 4343 3639 4396 ab

2066 4414 2219 4466 annis
2246 4411 2462 4482 circiter
2492 4411 2594 4466 500
2625 4425 2924 4467 exaratum.
2976 4411 3242 4466 Cit-ternio
3290 4413 3521 4482 ampulla
3558 4416 3644 4467 illa

2067 4494 2229 4536 etiam
2254 4497 2396 4536 nunc
2419 4481 2639 4534 Rhemis
2661 4493 2964 4537 asservatur
2986 4485 3372 4537 Studiosissitne
3403 4487 3454 4536 iii
3477 4485 3642 4536 ιιι-(ξιιιι

2074 4556 2399 4607 monasterio
2425 4552 2763 4621 Remigiano,
2794 4553 2858 4607 ad
2889 4571 3070 4622 regum
3121 4569 3423 4608 nos:roruni
3454 4570 3643 4608 conse-v

374 4611 690 4679 :l‘tilliiaciitii
718 4626 1093 4691 oppidum,llll
1123 4639 1186 4677 ex
1218 4611 1552 4694 eodeincap.
1581 4621 1646 4676 52'
1671 4611 1955 4692 colligitur.
1991 4611 2041 4676 D
2071 4625 2368 4678 orationem
2399 4625 2446 4676 ".
2497 4611 2858 4678 Clibidtivetiiii
2886 4611 3062 4679 anicm
3109 4640 3138 4678 a
3182 4637 3369 4678 sancto
3404 4625 3646 4694 Remigio

454 4693 471 4732 ί
521 4694 628 4747 lloc
658 4707 814 4760 caput
844 4711 949 4747 non
976 4704 1150 4747 exstat
1179 4695 1230 4746 in
1255 4695 1374 4747 cod.
1408 4693 1539 4746 Bell.

448 4773 474 4812 κ
515 4765 603 4818 Sic
632 4779 783 4818 inss.:
813 4765 939 4818 ed.ti
970 4779 1117 4827 vero,
1147 4767 1293 4828 coepit
1319 4766 1578 4834 instigare.

449 4836 472 4871 ιι
513 4835 826 4888 lliiicinarus
849 4848 900 4888 et
921 4835 1008 4902 qui
1037 4844 1155 4901 post
1180 4850 1298 4887 eum
1327 4839 1493 4888 Sectiti
1519 4844 1644 4889 sunt
1665 4836 1954 4904 scriptores

375 4915 645 4969 asserunt,
690 4905 920 4959 chrisma
969 4907 1066 4958 liae
1109 4907 1217 4972 ipsa
1253 4908 1534 4959 occasione
1575 4909 1626 4958 in
1668 4907 1895 4971 ampulla
1921 4923 1955 4961 e

379 4980 515 5030 coelo
539 4980 755 5029 ailamni
781 4975 942 5030 luisse
963 4995 989 5026 κ
1015 4976 1260 5030 columba
1287 4995 1299 5029 ;
1330 4979 1468 5042 quod
1496 4979 1594 5030 etsi
1618 4977 1816 5030 diserte
1847 4994 1952 5031 non

379 5049 522 5100 dicat
552 5044 860 5114 Gregorius,
897 5048 1066 5099 innuit
1090 5055 1262 5101 tatiieu
1288 5047 1482 5115 aliquid
1523 5049 1795 5100 insolitum
1831 5059 1955 5102 tunc

375 5119 687 5184 contigisse,
721 5131 839 5172 cuin
866 5119 938 5169 ait
965 5119 1138 5170 divino
1167 5121 1322 5169 odore
1348 5120 1520 5170 locum
1555 5119 1718 5171 fuisse
1751 5133 1959 5186 resper-

376 5203 518 5254 sum,
549 5191 619 5240 ita
669 5199 722 5238 iit
763 5203 952 5242 omnes
998 5188 1167 5254 gratia
1210 5187 1298 5240 Dei
1349 5187 1397 5242 id
1427 5191 1692 5241 tribuente
1735 5203 1855 5244 se~e
1903 5191 1953 5242 in

378 5259 632 5311 l'aradiso
665 5258 866 5312 locatos
907 5257 1294 5312 existimarent.
1326 5261 1482 5310 Certe
1511 5259 1823 5311 HlllClilJl‘llS
1866 5259 1956 5313 iiii-

378 5332 621 5383 raculutn
657 5331 798 5381 istud
834 5345 936 5382 non
984 5330 1152 5382 solum
1181 5330 1232 5381 in
1267 5330 1380 5381 ‘i’ita
1413 5333 1468 5381 b'.
1502 5326 1726 5396 Remigii
1756 5329 1956 5383 descri-

379 5403 504 5469 psit,
534 5400 625 5452 sed
651 5410 706 5452 et
729 5401 779 5452 in
813 5403 1074 5468 lrrqucnti
1117 5400 1480 5468 prtelatoruiii,
1512 5400 1831 5469 princ-lpum,
1863 5414 1954 5466 p0-

375 5471 729 5540 pnlorumque
751 5481 1017 5524 conventu
1044 5476 1212 5539 palam
1238 5472 1302 5524 de
1327 5470 1438 5533 illo,
1469 5474 1541 5523 uti
1569 5473 1774 5537 publice
1803 5483 1951 5540 nmo,

374 5548 586 5594 iOCUIUs
617 5539 700 5595 est
745 5544 883 5609 apud
915 5541 1126 5606 Mettus,
1156 5557 1277 5595 cum
1321 5543 1521 5594 scilicet
1555 5541 1805 5593 Caroliiiii
1837 5539 1958 5594 Cal-

373 5625 500 5682 vum
528 5612 597 5665 ibi
643 5615 695 5665 in
735 5613 922 5680 majori
950 5613 1176 5665 ecclesia
1211 5626 1386 5682 regem
1417 5613 1791 5682 inauguraret.
1821 5615 1957 5678 Quin

375 5694 430 5735 et
456 5681 574 5752 ejus
601 5684 677 5737 rei
698 5686 977 5753 vesngiuiii
1001 5684 1214 5752 aliquod
1241 5681 1515 5751 inspicitur
1536 5684 1588 5736 in
1615 5681 1732 5736 Vita
1759 5693 1959 5737 sancta:

2069 4695 2418 4762 baptizatum,
2451 4693 2747 4761 septifornii
2781 4699 2948 4763 gratia
2971 4698 3196 4762 Spiritus
3225 4699 3390 4749 sancti
3418 4697 3644 4748 illustraa
3688 4701 3701 4722 ι

2071 4775 2203 4829 tum,
2232 4774 2288 4819 et
2313 4766 2376 4817 ad
2422 4769 2619 4834 regiam
2667 4776 2982 4833 potestatem
3026 4775 3334 4834 perunctum
3382 4766 3545 4818 fuisse
3590 4767 3647 4818 in

2068 4837 2297 4891 ecclesia
2329 4839 2495 4888 bt‘ttLte
2529 4836 2706 4889 Marce
2733 4837 3052 4889 liliemcnsis
3080 4838 3293 4904 agnovit
3338 4836 3415 4890 Lu
3440 4839 3643 4890 invii-us

2063 4905 2185 4959 Pius
2207 4908 2344 4974 apud
2371 4905 2733 4960 Frodoardum
2761 4908 2852 4960 lib.
2873 4920 2910 4960 it
2934 4907 3130 4960 lliStor.
3161 4907 3498 4971 Illiemensis,
3523 4922 3643 4974 cap.

2063 4976 2148 5030 ll).
2179 4979 2258 5030 Ad
2293 4978 2428 5030 lianc
2470 4991 2595 5030 iero
2627 4978 2873 5044 baptismi
2917 4981 2996 5031 sui
3037 4981 3457 5037 solemnitatem.
3489 4978 3646 5031 υιιιοι

2059 5047 2308 5111 doveuni,
2335 5064 2438 5100 non
2469 5049 2638 5101 solum
2663 5063 2740 5100 sui
2768 5049 2937 5117 regni,
2970 5047 3063 5102 sed
3085 5059 3138 5101 et
3169 5059 3398 5103 caeteros
3438 5049 3646 5116 episcoi

2062 5131 2158 5185 pos
2186 5118 2480 5171 catholicos
2511 5117 2763 5188 invitasse
2809 5119 3074 5187 colligitur
3107 5134 3170 5188 ex
3200 5122 3424 5188 epistola
3469 5117 3644 5170 sancti

2061 5189 2199 5260 aviti
2227 5189 2291 5240 ad
2323 5189 2493 5255 ip~mn
2523 5187 2916 5260 Chlodoveum,
2944 5203 3103 5259 quam
3143 5187 3197 5244 in
3239 5189 3546 5260 Appendice
3567 5187 3634 5240 ad

2061 5257 2202 5311 hunc
2223 5268 2426 5311 tomum
2457 5257 2711 5324 reperies.
2791 5318 2795 5324 ι

2140 5326 2155 5364 ⁵
2197 5328 2348 5381 Colb.
2396 5329 2460 5380 ad
2492 5331 2786 5396 marginem
2830 5329 2942 5385 haec
2989 5331 3174 5396 liabet,
3220 5331 3286 5384 ab
3325 5328 3478 5382 annis
3508 5328 3641 5380 circ.

2057 5397 2160 5471 ΨΟ
2191 5398 2369 5452 addita
2399 5415 2412 5450 :
2445 5397 2573 5471 Ecce
2613 5402 2706 5451 iste
2745 5400 3186 5471 historiOgirajihus
3221 5403 3494 5453 concordat
3524 5413 3643 5471 cum

2060 5467 2293 5522 Historia
2324 5471 2486 5522 sancti
2521 5469 2759 5524 Siloestri
2787 5473 2850 5524 de
2881 5467 3021 5539 lepra
3048 5467 3369 5524 Constantini
3393 5469 3642 5520 mundata

2061 5542 2113 5592 in
2147 5545 2285 5608 fonte
2314 5539 2571 5608 baptismi.
2605 5541 2670 5593 Et
2694 5545 2912 5609 quidem
2942 5551 3145 5596 certum
3192 5541 3400 5592 videtnr
3427 5551 3492 5594 ex
3542 5543 3644 5593 tice

2063 5611 2204 5675 ineo,
2237 5611 2322 5664 tibi
2369 5623 2529 5663 etiam
2575 5612 2916 5666 Cblmloveus
2944 5611 3292 5664 Constantino
3330 5621 3384 5664 et
3422 5619 3642 5664 sancttn

2064 5680 2335 5749 Remigius
2353 5682 2510 5736 beato
2538 5682 2797 5736 Silvestre
2819 5695 3217 5750 comparantur,
3245 5681 3639 5750 tuncteinporis

435 5783 451 5798 '
473 5776 582 5826 Non
609 5779 700 5828 nisi
728 5782 774 5827 in
802 5787 1018 5828 nosti-ate
1061 5779 1197 5830 histor
1215 5780 1258 5827 ia
1307 5781 1599 5840 peregrinus
1643 5781 2041 5840 nescil,isacmm
2068 5775 2323 5840 ampullam
2341 5788 2366 5823 a
2391 5776 2718 5840 conuenti'oni's
2758 5775 3052 5826 satellitibus
3087 5775 3284 5825 eli'raeta
3307 5792 3333 5823 ii
3378 5777 3625 5840 pip-ﬁsse;

369 5841 446 5888 chi
463 5842 645 5889 isniatis
666 5849 829 5890 autem
858 5842 1136 5902 particulam
1165 5849 1188 5888 a
1205 5844 1309 5889 viro

1349 5836 1554 5902 quodam
1592 5836 1869 5902 ltonorabli
1904 5838 2134 5896 religiose
2150 5836 2875 5900 collectam:leinqiiei-elatam,
2903 5840 3121 5901 tandem,
3146 5841 3371 5902 redivivo

371 5905 574 5957 throno.
610 5917 748 5954 norm
783 5900 933 5954 fuisse
966 5905 1201 5952 creditam
1228 5900 1448 5965 ampulla:
1473 5916 1581 5967 qum
1601 5902 1772 5951 Carolo
1798 5901 1835 5950 Χ
1860 5900 1907 5948 in
1929 5910 2102 5960 regem
2129 5902 2455 5950 consecrando
2475 5903 2712 5951 inserviit.

3455 5837 3643 5887 odorat

3206 5901 3342 5950 hair.
