3994 6332
233 409 324 466 929

1130 397 1448 454 HISTORIA
1491 387 1934 447 FRANCOIIUM.
1978 387 2172 442 LIBER
2217 385 2594 442 SECUNDUS.

3401 385 3507 439 2'50

228 525 436 589 ignoro,
465 518 588 588 quia
622 523 884 570 venerunt
914 513 966 567 hi
1002 511 1220 566 Barbari
1250 526 1410 577 super
1438 523 1558 571 nos,
1586 516 1642 560 ut
1665 505 1820 559 nobis
1850 508 1895 561 A
1925 500 2060 554 urbe
2087 539 2102 565 ,
2142 498 2227 552 cui
2273 497 2342 552 de
2380 497 2698 567 aquaaductu
2748 513 2874 552 cura
2919 499 3188 554 manebat.
3241 495 3333 555 ille
3381 515 3512 555 vero

229 610 570 677 Interetuptis
618 609 890 672 regionem
939 614 1104 658 totam
1144 609 1407 656 evertant.
1444 599 1524 652 Ad
1559 597 1673 650 haec
1704 595 1824 649 Ari-

229 707 342 760 dius
375 705 452 756 ait
484 720 495 754 :
523 703 747 770 Oportet
779 707 832 751 te
863 697 1036 751 lenire
1067 694 1329 749 feritatem
1365 690 1597 744 hominis
1625 688 1781 756 hujus
1805 728 1818 752 ,

242 812 304 848 ue
339 807 555 862 pereas.
591 792 742 844 Nunc
774 803 902 858 ergo
931 786 976 840 si
1008 787 1179 854 placet
1209 785 1260 837 in
1302 782 1470 837 oculis
1503 781 1635 846 tuis,
1665 795 1765 847 ego
1794 795 1822 831 a

232 897 282 940 te
311 885 518 953 fugere,
552 893 606 935 et
638 880 704 934 ad
736 895 857 934 eum
881 878 1112 932 transire
1137 875 1436 929 consimqu
1462 890 1475 937 ;
1502 887 1727 938 cumque
1756 871 1824 924 ad

229 994 353 1033 eum
387 990 693 1039 accessero,
726 988 826 1043 ego
859 973 1047 1025 faciam
1077 977 1135 1024 ut
1164 983 1338 1038 neque
1365 977 1448 1035 te,
1483 980 1655 1034 neque
1688 965 1825 1018 hanc

241 1080 447 1124 evertat
473 1077 498 1104 ι
531 1067 826 1134 regionem.
859 1063 1110 1124 Tantum,
1143 1069 1198 1112 ut
1229 1058 1367 1127 quod
1403 1057 1491 1110 tibi
1526 1071 1620 1124 per
1649 1069 1824 1110 meum

234 1158 516 1212 consilium
547 1154 952 1211 demandaverit
981 1152 1204 1219 implere
1229 1151 1470 1213 studeas,
1502 1149 1670 1202 donec
1696 1163 1827 1201 can-

235 1268 343 1303 sam
380 1263 525 1303 tuam
562 1250 819 1301 Dominus
853 1259 1159 1314 prosperam
1210 1243 1385 1296 facere
1409 1256 1500 1294 sua
1531 1241 1725 1309 pietate
1749 1239 1828 1291 di-

238 1351 453 1410 gnetur.
489 1339 556 1393 Et
589 1341 676 1392 ille
704 1356 714 1389 :
743 1337 978 1391 raciam.
1011 1334 1201 1403 inquit,
1237 1347 1569 1402 quaicunquc
1611 1330 1829 1384 manda-

241 1433 402 1487 veris.
441 1432 563 1485 l-laac
591 1445 658 1484 eo
704 1429 936 1490 dicente,
968 1426 1273 1480 valcdicens
1302 1425 1514 1479 Aridius
1542 1424 1790 1479 discessit
1809 1467 1825 1491 ,

243 1537 290 1577 et
343 1523 413 1576 ad
465 1520 907 1575 Chlodoveehum
954 1533 1132 1588 regem
1181 1516 1389 1580 abiens,
1414 1515 1687 1569 aitzEcee
1729 1529 1830 1584 ego

240 1619 456 1674 humilis
484 1632 672 1670 servus
697 1614 723 1653 δ
758 1626 899 1678 tuus,
931 1612 1170 1683 piissime
1199 1627 1324 1677 rex,
1358 1611 1422 1663 ad
1468 1619 1609 1663 tuam
1645 1619 1831 1678 poten-

248 1711 376 1762 tiatn
413 1707 592 1772 venio,
624 1706 933 1775 relinquens
959 1703 1105 1756 illum
1146 1701 1502 1755 miserrimum
1547 1697 1829 1754 Gundoba.

233 1802 386 1855 dum.
426 1798 579 1866 Quod
629 1799 791 1852 sime
835 1796 1004 1864 pietas
1049 1805 1134 1848 tua
1186 1794 1458 1862 respicere
1502 1803 1524 1831 ο
1557 1792 1824 1863 dignatur,

1925 590 2225 658 indignans,
2255 589 2396 658 quod
2430 591 2586 644 fuerit
2614 589 2822 657 ejectus
2865 590 2934 644 ab
2960 591 3093 645 urbe
3126 607 3248 645 cum
3279 595 3510 654 czrteris.

1923 684 1988 737 ad
2021 683 2410 738 Gundobadutn
2449 683 2762 736 furibundus
2799 683 2965 752 vadit,
2999 685 3238 738 indicans
3285 685 3514 753 qualiter

1925 777 2195 830 civitatem
2231 775 2556 843 irrumpens,
2590 775 2848 830 ultionem
2881 785 3158 830 exerceret
3188 777 3241 829 in
3267 776 3510 831 fratrem.

1925 869 2022 924 Illo
2048 885 2257 938 quoque
2288 871 2445 932 duce,
2479 869 2716 922 exercitu
2748 885 2843 937 per
2872 869 3244 937 aquaaductum
3275 867 3506 934 directo,

1926 963 2110 1017 multis
2146 979 2267 1017 cum
2299 963 2487 1018 ferreis
2530 963 2770 1018 vectibus
2801 962 3243 1031 prtecedentibus,
3278 971 3393 1016 erat
3420 977 3516 1015 au-

1927 1064 2034 1109 tem
2067 1055 2396 1117 spiraculum
2435 1053 2576 1107 illius
2608 1055 2783 1122 lapide
2812 1069 3004 1122 magno
3035 1054 3370 1117 conclusum,
3401 1068 3508 1121 quo

1926 1161 2049 1200 cum
2081 1145 2323 1200 vectibus
2355 1145 2460 1199 illis
2488 1161 2582 1214 per
2611 1146 2975 1214 magisterium
3007 1146 3230 1200 artificis
3274 1147 3512 1214 repulso,

1927 1237 2194 1290 civitatem
2225 1236 2524 1290 introeunt:
2550 1238 2663 1306 88
2691 1237 2904 1306 illisque
2933 1237 3000 1290 de
3032 1252 3185 1290 muro
3212 1237 3512 1304 sagittanti-

1930 1327 2050 1391 bus,
2086 1327 2137 1380 hi
2170 1337 2313 1397 terga
2345 1331 2682 1394 praeveniunt
2709 1325 2753 1382 ί.
2787 1328 2918 1380 Dato
2945 1337 3120 1382 autem
3150 1327 3217 1382 de
3246 1329 3419 1382 medio
3440 1328 3516 1381 ci-

1930 1418 2106 1471 vitatis
2147 1434 2280 1472 sono
2322 1419 2560 1472 buccinze
2586 1458 2601 1482 ,
2653 1417 2964 1472 obsidentes
3017 1429 3197 1484 portas
3245 1420 3511 1488 capiunt,

1930 1510 2234 1576 apertisque
2267 1511 2464 1578 pariter
2511 1510 2900 1578 ingrediuntur.
2930 1509 3171 1579 Cumque
3215 1510 3354 1566 inter
3381 1511 3514 1564 duas

1935 1601 2028 1652 has
2059 1602 2202 1662 acies
2237 1602 2461 1669 populus
2493 1601 2640 1656 urbis
2673 1603 2740 1656 ab
2770 1612 2998 1672 utroque
3021 1604 3259 1658 exercitu
3286 1604 3515 1657 caadere-

1933 1700 2042 1753 tttr,
2069 1692 2420 1762 Gotli-giselus
2446 1694 2512 1746 ad
2543 1694 2824 1748 ecclesiam
2850 1695 3219 1750 haereticorum
3251 1696 3511 1764 confugit,

1934 1782 2110 1850 ibique
2134 1800 2253 1837 cun:
2280 1784 2536 1854 episcopo
2569 1787 2766 1839 Ariano
2799 1787 3108 1841 interfectus
3140 1797 3242 1842 est.
3277 1788 3515 1856 Denique

244 1895 512 1960 integrum
567 1889 618 1941 in
668 1903 753 1942 me
805 1885 1060 1939 famulum
1103 1893 1266 1954 atque
1297 1884 1531 1951 fidelem,
1565 1892 1619 1938 et
1647 1893 1700 1938 tu
1726 1925 1741 1948 ,
1775 1896 1826 1939 et

1950 1872 2168 1937 Franci,
2201 1875 2290 1943 qui
2336 1877 2474 1942 apud
2507 1875 2882 1944 Godegiselum
2929 1887 3121 1944 erant,
3157 1879 3207 1932 in
3254 1895 3412 1932 unam
3460 1896 3519 1935 se

238 1985 441 2054 posteri
476 1981 550 2035 tui
584 1979 869 2034 habebitis.
898 1979 1069 2045 Quem
1100 1977 1193 2032 ille
1236 1976 1634 2046 promptissime
1677 1977 1828 2032 colli-

245 2090 397 2144 gens,
428 2087 610 2127 secum
640 2070 860 2126 retinuit
887 2088 901 2124 :
928 2078 1046 2124 erat
1072 2070 1218 2123 enim
1245 2068 1510 2136 jocundus
1532 2067 1584 2122 in
1615 2068 1825 2134 fabulis,

247 2177 503 2218 strenuus
545 2163 595 2216 in
642 2161 900 2224 consiliis,
931 2159 1106 2228 justus
1153 2159 1204 2212 in
1229 2157 1468 2226 judiciis,
1503 2167 1557 2212 et
1599 2159 1649 2211 in
1683 2173 1832 2212 cem-

245 2262 415 2311 misso
441 2255 638 2309 fidelis.
675 2253 912 2320 Denique
939 2250 1318 2305 Chlodovecho
1342 2265 1461 2304 cum
1503 2251 1647 2303 omni
1675 2264 1831 2304 exer-

244 2352 351 2404 citu
382 2348 526 2405 circa
555 2362 735 2401 muros
765 2345 913 2399 urbis
943 2344 1230 2408 residente,
1263 2344 1370 2413 87
1402 2343 1478 2397 ait
1499 2342 1714 2397 Aridius
1737 2360 1752 2396 :
1777 2343 1831 2398 Si

247 2441 555 2508 uigilanter,
605 2453 638 2490 ο
669 2453 786 2500 rex,
815 2435 986 2504 gloria
1013 2433 1348 2489 celsitudinis
1380 2443 1482 2487 tua:
1509 2447 1708 2502 paucos
1735 2432 1835 2486 hu-

247 2532 489 2584 militatis
513 2544 651 2582 mea:
677 2541 952 2582 sermones
984 2527 1110 2580 velit
1155 2526 1424 2593 accipere,
1454 2524 1680 2578 consilio
1711 2525 1835 2579 licet

251 2637 355 2676 non
389 2620 616 2692 egeatis,
643 2628 819 2672 tamen
853 2616 957 2672 fide
985 2618 1185 2686 integra
1212 2614 1554 2682 ministrabo;
1587 2615 1834 2684 idemque

254 2716 332 2769 vel
381 2714 475 2768 tibi
530 2725 860 2782 congruum,
896 2710 982 2764 vel
1032 2707 1334 2764 civitatibus
1381 2707 1518 2773 erit,
1571 2722 1662 2776 per
1702 2722 1835 2776 quas

252 2807 483 2861 transire
522 2802 806 2859 deliberas.
854 2799 984 2864 Cur,
1018 2800 1234 2871 inquit,
1267 2799 1470 2854 retines
1501 2797 1831 2863 exercitum,

252 2917 372 2954 cum
410 2899 534 2954 loco
563 2896 872 2952 firmissimo
920 2903 1041 2949 tuus
1086 2893 1318 2949 resideat
1361 2893 1642 2948 inimicus?
1671 2892 1839 2960 Depo-

255 2993 455 3064 pularis
483 3006 668 3061 agros,
698 2997 846 3059 prata
885 2988 1148 3057 depascis,
1181 2987 1364 3041 vineas
1390 2986 1627 3042 dissecas
1650 2981 1697 3051 ά,
1741 2985 1840 3038 oli—

253 3096 368 3141 teta
418 3084 689 3158 succidis,
722 3095 1017 3152 omnesque
1067 3080 1304 3150 regionis
1353 3081 1557 3136 fructus
1602 3081 1834 3136 evertis:

256 3177 467 3231 interim
500 3188 554 3229 et
584 3174 657 3228 illi
690 3187 888 3227 nocere
933 3187 1038 3228 non
1069 3173 1350 3241 praevales.
1382 3171 1527 3227 Mitte
1557 3173 1729 3241 potius
1761 3171 1838 3226 le-

1933 1965 2117 2018 turrim
2149 1976 2495 2035 congregant.
2530 1966 2891 2022 Gundobadus
2925 1972 3303 2038 autemjussit,
3337 1989 3400 2026 ne
3427 1975 3517 2026 uni

1931 2056 2146 2126 quidem
2179 2073 2241 2111 ex
2281 2059 2411 2125 ipsis
2439 2058 2638 2128 aliquid
2679 2069 2999 2114 noceretur:
3033 2063 3126 2116 sed
3157 2064 3520 2132 apprehensos

1931 2162 2026 2203 eos
2057 2147 2266 2203 Tolosm
2295 2149 2346 2202 in
2378 2151 2630 2204 exsilium
2657 2151 2722 2204 ad
2756 2152 3024 2206 Alaricum
3056 2169 3236 2222 regem
3268 2160 3520 2209 transmi-

1933 2241 2026 2306 sit,
2058 2240 2354 2296 interfectis
2399 2241 2761 2307 senatoribus,
2813 2242 3395 2315 Burgundionibusque
3425 2250 3515 2317 qui

1932 2334 2252 2404 Golegiselo
2280 2341 2690 2393 consenserant.
2743 2338 2862 2408 ipse
2902 2355 3032 2408 vero
3081 2343 3355 2412 regionem
3401 2358 3520 2397 om-

1939 2439 2081 2486 nem,
2115 2441 2234 2495 qute
2285 2443 2424 2481 nunc
2472 2429 2775 2497 Burgundia
2803 2430 3021 2500 dicitur,
3055 2433 3104 2486 in
3156 2448 3256 2487 suo
3285 2435 3522 2488 dominio

1937 2517 2278 2570 restauravit.
2337 2519 2797 2589 Burgundionibus
2851 2522 3050 2592 legcsx
3081 2523 3323 2580 mitiores
3371 2526 3522 2580 insti-

1936 2615 2056 2677 tuit,
2088 2629 2156 2669 ne
2189 2615 2460 2670 Romanos
2488 2617 2874 2685 opprimerent.

2008 2783 2247 2841 XXXIV.
2285 2784 2416 2840 Cum
2448 2795 2624 2844 autem
2668 2789 3007 2860 cognovisset
3041 2794 3370 2848 assertiones
3413 2794 3524 2850 ha:-

1937 2877 2226 2930 reticorum
2261 2877 2393 2931 nihil
2423 2893 2571 2943 esse,
2607 2896 2635 2933 a
2667 2891 2854 2936 sancto
2887 2883 3044 2937 Avito
3077 2885 3328 2954 episcopo
3361 2885 3523 2941 Vien-

1939 2969 2090 3023 nensi
2117 2965 2168 3034 δ,
2198 2970 2470 3024 Christqu
2505 2971 2696 3026 Filium
2730 2966 2841 3028 ‘Dei
2890 2985 2943 3029 et
2977 2975 3232 3045 Spiritum
3281 2988 3524 3035 sanctum

1938 3060 2200 3129 tequalem
2242 3061 2384 3116 Patri
2414 3062 2722 3129 confessus,
2752 3066 2890 3119 clam
2923 3076 2982 3120 ut
3009 3068 3398 3124 chrismaretur
3425 3085 3524 3125 ex-

1940 3153 2112 3221 petiit.
2135 3154 2231 3209 Cui
2253 3157 2328 3209 ait
2348 3157 2600 3210 sacerdos
2625 3173 2642 3212 :
2665 3158 2720 3212 Si
2748 3173 2872 3213 vere
2901 3160 3099 3226 credis,
3125 3163 3265 3231 quod
3291 3177 3388 3216 nos
3417 3163 3526 3232 ipse

255 3271 545 3338 gstionem,
572 3277 627 3322 et
658 3267 913 3321 tributum
937 3306 952 3332 ,
985 3267 1126 3336 quod
1160 3267 1253 3319 tibi
1283 3266 1436 3320 annis
1474 3266 1700 3336 singulis
1725 3266 1826 3320 dis-
1869 3243 1914 3306 (ἶ
1948 3244 2202 3338 Dominus
2229 3246 2444 3301 θάοευίι
2489 3249 2654 3304 debes
2695 3264 2989 3318 εκεείιυοτθ
3029 3249 3071 3304 ίο
3103 3253 3191 3304 Αίι
3216 3263 3392 3306 amem
3419 3295 3436 3320 ν
3462 3253 3524 3309 δέ

259 3365 431 3415 solvat
455 3402 471 3426 ,
506 3361 754 3428 impone;
786 3368 845 3411 ut
886 3367 939 3412 et
969 3358 1115 3426 regio
1143 3358 1288 3412 salva
1333 3358 1419 3426 sit,
1453 3367 1506 3414 et
1549 3366 1602 3412 tu
1647 3358 1841 3413 tributa

255 3452 573 3507 dissolventi
626 3458 883 3519 perpetuo
925 3447 1258 3503 domineris:
1287 3449 1427 3517 quod
1475 3449 1520 3502 si
1568 3449 1840 3515 noluerit,

262 3556 385 3600 tunc
415 3545 558 3613 quod
592 3543 803 3597 libuerit
843 3540 1028 3596 facies.
1062 3542 1179 3609 Quo
1208 3542 1434 3596 consilio
1465 3558 1555 3596 rex
1598 3551 1841 3611 accepto,

259 3641 464 3691 hostem
494 3645 520 3673 ε
550 3635 726 3689 redire
751 3633 904 3703 jubet
932 3632 998 3687 ad
1047 3633 1284 3702 propria.
1314 3631 1461 3686 'f‘unc
1492 3633 1649 3687 missa
1700 3634 1846 3702 lega-

260 3732 405 3783 tione
436 3729 502 3781 ad
551 3725 966 3790 Gundobadum,
995 3735 1054 3778 ut
1084 3725 1130 3778 ei
1165 3740 1258 3792 per
1285 3726 1525 3793 singulos
1556 3740 1724 3778 annos
1754 3726 1847 3778 tri-

263 3824 385 3875 b'tta
421 3819 671 3889 itnpOsila
719 3818 943 3872 reddere
992 3817 1202 3880 debeat,
1232 3817 1402 3886 jubet.
1447 3822 1514 3870 At
1567 3817 1654 3870 ille
1701 3817 1846 3871 etde

269 3915 527 3985 przeseuti
558 3912 736 3971 solvit.
764 3920 817 3965 et
846 3909 1098 3978 deinceps
1125 3909 1421 3963 soluturum
1454 3922 1577 3964 esse
1613 3923 1672 3964 se
1720 3924 1849 3977 pro-

265 4007 444 4059 tnittit.

331 4097 574 4151 XXXIII.
617 4095 862 4150 Posthaac
909 4092 1194 4161 resumptis
1242 4091 1466 4157 viribus,
1510 4089 1617 4159 jam
1666 4089 1847 4158 despi-

261 4196 407 4250 ciens
443 4197 555 4262 regi
589 4191 970 4248 Chlodovecho
1003 4192 1190 4244 tributa
1224 4188 1482 4258 promissa
1531 4188 1846 4252 dissolvere,

264 4300 446 4341 eontra
478 4287 854 4357 Gotlegiselum
899 4288 1118 4340 fratrem
1166 4299 1318 4336 suum
1365 4283 1657 4337 exercitum
1704 4297 1850 4337 com-

270 4383 458 4446 movit,
500 4395 730 4447 etttnque
775 4378 913 4446 apud
960 4378 1216 4432 Viennam
1265 4375 1535 4429 civitatem
1586 4371 1850 4429 inclusum

264 4472 496 4526 obsedit.
539 4472 730 4525 Verum
761 4470 849 4523 ubi
885 4468 1081 4522 minori
1114 4469 1310 4537 populo
1335 4467 1586 4521 alimenta
1617 4467 1852 4522 deficere

263 4573 563 4631 cmperunt,
594 4564 788 4616 timens
811 4561 1185 4630 Godegiselus,
1212 4576 1279 4616 ne
1306 4561 1370 4614 ad
1400 4575 1459 4615 se
1485 4577 1657 4632 usque
1686 4564 1850 4617 fames

263 4654 666 4716 ostenderetur,
695 4654 854 4720 jussit
884 4653 1077 4720 expelli
1119 4653 1355 4708 minores
1395 4655 1570 4723 populi
1602 4654 1670 4709 ab
1697 4657 1846 4711 urbe.

269 4749 385 4810 Quo
418 4744 559 4798 facto
602 4745 857 4813 expulsus
886 4753 970 4800 est
1019 4745 1163 4799 inter
1192 4755 1419 4800 ceteros
1448 4745 1640 4800 artifex
1669 4747 1755 4802 ille
1783 4748 1849 4803 ab

334 4886 358 4913 ι
389 4876 490 4931 Hie
509 4877 723 4930 omissis
748 4877 950 4946 aliquot
970 4877 1253 4946 capitibus,
1279 4877 1547 4932 nonnullis
1567 4879 1726 4934 etiam
1753 4881 1850 4936 de-

267 4949 429 5011 tritis,
457 4947 576 5001 cod.
613 4948 817 5002 Bellov.
851 4957 1052 5001 textum
1086 4949 1332 5004 resumit.

333 5017 359 5056 ιν
403 5019 459 5071 In
492 5018 620 5072 Bell.
654 5027 708 5071 et
745 5019 872 5072 Bec.
904 5020 1057 5073 deest
1080 5035 1274 5074 servus.

339 5098 363 5126 ε
410 5089 629 5156 Aliquot
655 5088 842 5156 scripti
873 5098 925 5143 et
953 5091 1066 5152 ed.,
1100 5091 1349 5156 recipere.

337 5156 362 5194 ά
408 5159 500 5214 Sic
528 5174 656 5214 mss.
692 5174 883 5214 omnes
909 5171 1102 5226 praeter
1133 5159 1282 5214 Colb.
1315 5161 1402 5229 qui
1428 5159 1588 5216 habet
1621 5161 1847 5217 deseras.

268 5231 514 5298 Plerique
545 5230 673 5285 editi
696 5245 816 5283 cum
851 5231 997 5288 Bec..
1031 5231 1274 5300 dissipas.

342 5309 365 5338 ⁸
407 5301 498 5355 Sic
540 5315 671 5356 mss.
714 5301 846 5354 Bell.
873 5309 927 5354 et
955 5300 1155 5366 Corb.;
1200 5309 1251 5352 at
1293 5301 1382 5355 alii
1420 5302 1615 5355 habent
1660 5302 1850 5357 hostem

269 5374 454 5437 patria:
495 5373 686 5436 redire,
719 5382 825 5426 etc.
858 5372 960 5426 Sed
1009 5372 1094 5425 hic
1135 5372 1292 5425 hostis
1338 5373 1554 5426 nomine
1586 5376 1854 5428 exercitus

269 5445 533 5510 signatur,
561 5458 718 5511 quem
748 5451 1012 5496 nostrates
1047 5443 1411 5511 superioribus
1427 5445 1636 5498 saeculis
1665 5459 1854 5499 verita-

270 5518 388 5583 cule
421 5515 572 5566 f'host
595 5515 865 5583 appellare
895 5524 1306 5568 consueverant.

343 5581 363 5620 ί
408 5583 626 5653 Aliquot
656 5581 786 5639 mss.
820 5596 874 5640 et
901 5585 1013 5647 ed.,
1048 5594 1304 5647 premunt.

339 5663 364 5701 ε
404 5655 574 5725 Leges
601 5655 702 5708 ille
729 5658 890 5725 etiam
925 5670 1066 5710 nunc
1095 5657 1161 5706 ab
1188 5655 1492 5710 institutore
1525 5671 1717 5712 nomen
1767 5655 1857 5710 ha-

272 5724 421 5791 bent,
454 5724 610 5794 vulgo
643 5727 714 5780 les
747 5724 1057 5780 Combettes.
1109 5725 1217 5779 Lex
1240 5726 1563 5782 Gundebada
1595 5730 1646 5782 in
1678 5729 1854 5782 Caroli

278 5796 452 5864 Magni
482 5795 901 5866 Capitularibus,
951 5807 1005 5851 et
1034 5797 1172 5866 apud
1213 5799 1554 5865 Agobardum
1588 5800 1854 5853 laudatur.

281 5867 553 5925 [labentur
582 5870 637 5924 in
661 5869 849 5925 codice
872 5870 1048 5940 legum
1071 5866 1439 5938 antiquarum,
1465 5884 1623 5939 quem
1658 5870 1858 5940 publici

1946 3337 2062 3406 quis
2092 3353 2170 3391 me
2193 3344 2456 3406 confessus
2501 3343 2657 3408 fuerit
2683 3355 2860 3393 coram
2893 3341 3214 3407 hominibus,
3256 3346 3529 3411 conﬁtebor

1949 3437 1998 3480 et
2027 3443 2118 3498 ego
2147 3445 2261 3482 eum
2290 3445 2461 3482 coram
2492 3428 2651 3484 Patre
2678 3446 2810 3495 meo,
2854 3433 2940 3501 qui
2994 3442 3068 3485 est
3098 3434 3150 3485 in
3182 3434 3341 3487 caelis.
3376 3434 3475 3500 Qui
3504 3437 3519 3486 i

1947 3529 2114 3574 autem
2158 3523 2411 3589 negaverit
2455 3537 2534 3573 me
2562 3537 2734 3574 coram
2770 3521 3095 3587 hominibus,
3132 3525 3323 3593 negabo
3353 3535 3399 3578 et
3439 3542 3531 3597 ego

1948 3627 2062 3666 eum
2088 3629 2258 3665 coram
2294 3612 2447 3666 Patre
2476 3631 2588 3668 meo
2608 3615 2691 3683 qui
2717 3624 2787 3669 est
2814 3616 2865 3668 in
2892 3615 3033 3670 caelis
3064 3617 3278 3688 (Matth.
3311 3636 3362 3684 Χ,
3393 3620 3460 3675 32
3486 3628 3540 3674 et

1949 3703 2065 3772 55).
2102 3705 2192 3759 Sic
2221 3714 2275 3759 et
2301 3706 2431 3774 ipsis
2471 3707 2670 3762 sanctis
2714 3721 2778 3761 ac
2805 3708 3015 3762 dilectis
3047 3709 3158 3765 suis
3202 3711 3372 3766 beatis
3402 3729 3533 3783 apo-

1950 3796 2099 3849 stolis
2129 3795 2176 3860 k,
2208 3813 2329 3850 cum
2363 3797 2430 3851 de
2477 3798 2669 3852 futura:
2715 3801 3103 3866 persecutionis
3144 3805 3531 3860 teutationibus

1951 3886 2190 3950 doceret,
2225 3887 2536 3953 insinuavit,
2555 3890 2754 3943 .diccns
2777 3907 2793 3947 :
2819 3890 3078 3946 Attendite
3105 3894 3245 3948 vobis
3268 3895 3333 3949 ab
3360 3897 3531 3951 [tomi-

1951 3975 2121 4029 nibus.
2173 3976 2399 4030 Tradent
2455 3979 2588 4030 enim
2637 3995 2722 4031 1'08
2764 3981 2816 4032 in
2883 3982 3134 4051 conciliis,
3187 3996 3232 4038 et
3271 3987 3324 4040 in
3382 4005 3532 4057 syna-

1951 4069 2094 4137 gogis
2134 4069 2242 4120 suis
2290 4070 2625 4140 ﬂagellabant
2653 4088 2760 4136 vos,
2801 4081 2848 4124 et
2888 4084 3006 4127 ante
3052 4091 3191 4145 reges
3221 4089 3266 4130 et
3296 4081 3534 4146 prwsides

1952 4158 2150 4210 stabilis
2166 4169 2372 4226 propter
2389 4175 2466 4210 me
2478 4161 2528 4211 in
2552 4161 2896 4213 testimonium
2918 4163 3044 4226 illis,
3071 4174 3113 4216 et
3137 4168 3368 4219 omnibus
3388 4165 3404 4204 ι
3424 4185 3536 4235 gen-

1954 4248 2087 4300 tibus
2118 4246 2331 4317 (Mattlt.
2361 4263 2412 4311 ι,
2451 4247 2567 4316 l7).
2589 4248 2667 4301 Tu
2702 4265 2825 4302 vero
2848 4265 2968 4303 cum
2998 4252 3076 4306 sis
3097 4267 3210 4317 rex,
3251 4265 3303 4309 et
3332 4271 3359 4308 a
3386 4259 3535 4311 nullo

1955 4338 2288 4408 apprehendi
2339 4338 2613 4403 fortnides,
2663 4339 2982 4394 seditionem
3016 4345 3260 4410 pavescis
3312 4347 3536 4414 populi,

1956 4445 2023 4486 ne
2053 4431 2360 4486 Creatorem
2389 4433 2627 4484 omnium
2680 4432 2732 4485 in
2765 4434 2976 4500 publico
3006 4435 3243 4490 fatearis.
3279 4438 3538 4509 Relinque

1958 4524 2094 4577 banc
2121 4523 2425 4589 stultitiam,
2453 4533 2508 4577 et
2530 4523 2670 4593 quod
2703 4526 2865 4578 corde
2895 4535 2947 4579 te
2994 4525 3130 4581 dicis
3156 4529 3268 4598 89
3295 4530 3537 4598 credere,

1877 4623 1927 4684 ι)
1955 4627 2049 4668 ore
2079 4612 2255 4680 profer
2298 4613 2351 4667 in
2383 4612 2555 4682 plebe.
2590 4613 2679 4669 Sic
2706 4615 2904 4668 etenim
2935 4624 2989 4669 et
3035 4618 3223 4672 beatus
3251 4621 3538 4690 Apostolus

1957 4706 2033 4761 ait
2060 4722 2074 4760 :
2099 4705 2262 4762 Corde
2290 4706 2516 4760 creditur
2555 4708 2620 4760 ad
2643 4703 2896 4772 justitiam
2921 4753 2936 4778 ,
2969 4728 3054 4767 ore
3085 4724 3254 4768 autem
3289 4716 3545 4784 confessio

1952 4880 2089 4952 juris
2111 4880 2232 4934 fecit
2258 4880 2558 4936 Fritlericus
2585 4882 3030 4957 Lindenbrogius.

2027 4948 2056 4987 ιι
2099 4953 2153 5004 In
2196 4952 2491 5007 Collatione
2533 4955 2737 5009 scilicet
2788 4961 2994 5021 publica
3047 4958 3188 5012 inter
3232 4959 3527 5018 catholicos

1956 5023 2240 5101 episcopos
2269 5032 2323 5101 e_t
2351 5026 2597 5101 A_ri_an_ov,
2632 5036 2894 5101 pra-sentt:
2930 5043 3054 5101 rege
3081 5037 3144 5101 et_
3163 5032 3306 5099 regni
3348 5048 3535 5101 proce-

1958 5093 2126 5168 ribus,
2162 5092 2400 5168 Lugduni
2437 5095 2634 5168 habita,
2665 5112 2822 5160 quam
2866 5092 3084 5152 infra'in
3118 5092 3426 5168 Apnentlice
3467 5122 3543 5160 reo

1956 5162 2213 5245 feremus:
2246 5163 2377 5217 Vide
2405 5173 2460 5218 et
2485 5164 2725 5233 ejusdem
2768 5172 2826 5222 ὃ.
2861 5169 2998 5222 Aviti
3029 5162 3309 5240 epistolam
3339 5175 3374 5226 2
3398 5177 3536 5245 apud

1957 5233 2325 5288 Sirmondum.

2036 5301 2054 5384 ξ
2097 5304 2186 5358 Sic
2223 5304 2599 5384 Corb.,nBell._,
2628 5305 2746 5384 Cas.
2779 5317 2832 5362 et
2858 5308 3012 5377 nec;
3051 5322 3104 5365 at
3147 5312 3334 5384 Regm.
3382 5315 3542 5370 habet

1963 5373 2110 5428 debes
2141 5376 2364 5443 exsequi.
2396 5376 2587 5429 Czrteri
2618 5377 2868 5432 omittunt
2898 5373 3081 5437 vocem
3109 5373 3275 5437 debes.

2039 5446 2053 5494 ἱ
2103 5444 2231 5498 Ηδεο
2275 5459 2444 5518 usque
2494 5447 2559 5500 ad
2604 5448 2679 5500 sic
2720 5464 2766 5502 et
2809 5451 2988 5518 ipsos,
3033 5469 3139 5508 non
3183 5457 3443 5508 habentur
3489 5458 3540 5509 in

1965 5514 2164 5596 Begu:2
2188 5525 2248 5596 et.
2273 5516 2421 5581 Πειρη
2451 5519 2499 5596 i_u
2531 5520 2753 5596 quibus,
2775 5514 2894 5596 cum
2933 5514 3226 5593 frequentia
3249 5537 3370 5576 sunt
3398 5527 3543 5596 eju_s-

1963 5585 2107 5640 modi
2133 5587 2426 5656 Scriptura:
2456 5590 2591 5651 loca,
2621 5601 2679 5642 ut
2707 5593 2988 5656 plurimum
3020 5585 3361 5648 otnittuutur.
3427 5585 3445 5594 ⁷
3476 5585 3500 5605 ’

2039 5656 2258 5733 ιε’-(ροιι».
2287 5673 2406 5712 cum
2439 5661 2706 5733 plerisque
2739 5663 2917 5722 editis.
2948 5664 3037 5718 Sic
3077 5674 3123 5717 et
3161 5664 3300 5733 ipsos
3339 5679 3543 5724 sanctos

1963 5745 2025 5782 ac
2053 5729 2266 5783 dilectos
2296 5746 2416 5782 suos
2443 5730 2612 5783 beatos
2639 5733 2919 5798 apostolos.

2043 5798 2058 5877 ξ
2091 5799 2219 5877 _Vox
2256 5799 2487 5877 omnibus
2516 5801 2667 5877 deest
2695 5803 2759 5877 _i_u
2790 5803 3056 5872 plerisque
3102 5817 3233 5862 mss.
3285 5816 3340 5864 et
3386 5810 3544 5877 edit.,

1963 5870 2059 5926 sed
2091 5869 2316 5925 habetur
2347 5870 2397 5923 in
2429 5871 2830 5925 vetustioribus.
