3994 6332
288 290 407 346 Ξῖὸ
1190 290 1509 349 HISTORIA
1551 286 1998 348 FRANCORUM.
2042 292 2248 350 LIBER
2289 293 2666 353 SECUNDUS.
3464 300 3569 353 ἃδε

280 417 406 474 est,
454 415 513 462 ut
549 404 869 475 Quintianus
916 406 1287 462 Ruthenorum
1328 406 1613 477 epise0pus
1644 422 1741 478 per
1779 407 1884 461 hoc
1911 405 2117 485 Alibi,
2163 407 2299 461 meis
2346 407 2593 462 manibus
2624 408 2835 463 tradere
2876 407 3196 475 decrevisti,
3238 409 3291 465 in
3336 410 3579 480 ingressu

283 501 475 556 odium
504 501 573 556 ab
599 500 732 554 urbe
754 499 1133 569 depelleretur.
1170 498 1427 555 Dicebant
1460 500 1604 555 enim
1628 500 1674 553 ei
1711 517 1724 552 :
1755 498 1888 567 Quia
1997 493 2233 550 basilicae
2280 499 2454 552 saneti
2501 498 2709 554 Martini
2741 500 2961 570 dignare
3010 502 3269 571 propitius
3312 505 3574 567 revelare.

282 592 616 653 desiderium
660 599 806 645 tuum
839 599 922 646 est
945 632 957 655 ,
1008 601 1061 643 ut
1091 588 1417 645 Francorum
1444 592 1739 646 dominatio
1767 606 1890 660 pos-

283 686 465 741 sideat
490 693 687 740 terram
734 684 890 737 hanc.
942 682 1070 737 Post
1112 681 1229 736 dies
1274 691 1448 737 autem
1492 696 1721 748 paucos,
1768 690 1889 738 orto

279 780 433 834 inter
459 793 579 833 eum
607 787 662 833 et
687 777 838 833 cives
866 777 1152 843 seandalo,
1179 776 1407 831 Getthos
1427 776 1517 846 qui
1552 776 1603 829 in
1628 776 1725 830 hac
1754 774 1889 831 urbe

282 872 661 933 morabantur,
688 870 925 938 suspicio
949 868 1152 939 attigit,
1182 869 1629 937 exprobrantibus
1659 870 1885 933 civibus,

280 962 435 1030 quod
467 962 594 1016 velit
615 977 676 1016 se
706 961 1039 1016 Francorum
1074 960 1367 1014 ditiouibus
1396 960 1718 1032 subjugare;
1752 976 1885 1016 con-

278 1053 522 1121 silioque
546 1062 768 1119 accepto
791 1093 806 1115 ,
835 1052 1206 1122 cogitaverunt
1231 1068 1351 1106 eum
1381 1053 1660 1121 perfodere
1686 1056 1885 1125 gladio.

283 1145 442 1206 Quod
473 1159 593 1199 cum
619 1145 735 1199 viro
767 1145 863 1200 Dei
888 1145 1195 1200 nuntiatum
1222 1146 1440 1213 luisset,
1470 1146 1539 1201 de
1569 1156 1724 1202 nocte
1751 1162 1886 1202 cou-

278 1250 521 1305 surgens
548 1251 671 1291 cum
702 1236 1033 1291 ﬁdelissimis
1062 1237 1324 1292 ministris
1352 1236 1464 1291 suis
1483 1278 1498 1302 ,
1523 1239 1591 1292 ab
1618 1239 1748 1293 urbe
1780 1239 1887 1292 llu-

282 1324 452 1378 theoa
483 1323 766 1395 egrediens
788 1363 804 1391 ,
838 1329 1116 1383 Arvernos
1145 1324 1382 1379 advenit.
1426 1326 1610 1396 Ibique
1639 1341 1668 1380 a
1699 1339 1886 1383 sancto

282 1415 539 1469 Euirasio
566 1416 857 1485 episcopo,
902 1416 992 1485 qui
1037 1416 1308 1481 quondam
1351 1417 1658 1486 Aprunculo
1701 1419 1882 1473 Divic-

283 1508 445 1561 neosi
491 1515 860 1569 successerat,
908 1506 1136 1576 benigne
1173 1519 1455 1577 susceptus
1502 1521 1612 1575 est,
1658 1511 1885 1578 largitis—

280 1612 390 1663 que
416 1597 465 1651 ei
516 1605 622 1650 tam
671 1597 919 1652 domibus
966 1613 1125 1666 quam
1174 1600 1318 1667 agris
1364 1607 1420 1654 et
1448 1599 1656 1670 vineis,
1700 1617 1880 1661 secum

276 1688 539 1754 retinuit,
567 1688 756 1744 dicens
799 1707 814 1743 :
847 1689 1057 1745 Sullicit
1096 1692 1254 1760 hujus
1286 1693 1506 1747 facultas
1550 1695 1800 1751 Ecclesiae
1828 1706 1883 1752 ut

1994 593 2052 637 ut
2077 600 2395 655 cognoscam
2414 633 2427 657 ,
2459 590 2580 659 quia
2614 591 2875 659 propitius
2901 592 3205 661 dignaberis
3232 608 3356 650 esse
3376 593 3581 650 famulo

1995 684 2107 731 tuo.
2142 680 2529 737 lllaturantibus
2558 693 2737 738 autem
2771 686 2985 753 pueris,
3015 692 3068 738 et
3100 687 3164 739 ad
3207 687 3384 741 locum
3426 702 3580 743 acce-

1992 770 2242 825 dentibus
2268 772 2417 838 juxta
2451 774 2735 842 imperium
2769 778 2910 846 regis
2931 817 2945 840 ,
2977 778 3104 831 dum
3128 790 3365 834 sanctam
3400 781 3580 849 ingrc-

1990 860 2246 917 dereutur
2277 864 2553 920 basilicam
2573 908 2588 932 ,
2630 869 2765 921 hanc
2816 870 3161 937 autipbooam
3192 886 3254 924 ex
3286 874 3577 940 unproviso

1992 954 2330 1021 primicerius
2382 957 2471 1025 qui
2516 968 2661 1024 erat,
2699 960 2952 1028 imposuit
2980 970 3007 998 ο
3045 979 3057 1014 :
3100 960 3426 1015 Precinatisti
3472 980 3577 1029 me,

1987 1046 2095 1114 93
2137 1044 2388 1116 Domine,
2423 1050 2606 1103 virtute
2634 1054 2701 1103 ad
2739 1052 2926 1105 bellum
2977 1069 2995 1106 :
3035 1054 3379 1125 snpplaut‘asti
3404 1056 3577 1109 insuto

1988 1148 2159 1211 gentes
2187 1142 2241 1194 in
2272 1158 2350 1196 me
2377 1144 2556 1197 subtus
2578 1160 2683 1208 me,
2714 1155 2763 1198 et
2788 1146 3110 1200 inimicorum
3137 1165 3368 1202 meorum
3393 1148 3579 1202 dedisti

1988 1232 2116 1285 mihi
2143 1235 2385 1300 dorsum,
2414 1245 2459 1289 et
2490 1238 2716 1291 odienles
2741 1254 2819 1291 me
2843 1240 3198 1307 disperdidiin
3227 1241 3245 1311 (
3269 1240 3414 1295 Psal.
3448 1256 3577 1304 xvtt,

1988 1323 2079 1389 40,
2110 1324 2224 1393 41).
2272 1326 2425 1393 Quod
2474 1329 2816 1397 psallentium
2862 1329 3222 1397 faudientes,
3269 1342 3323 1386 et
3352 1332 3579 1387 Domino

1985 1419 2190 1486 gratias
2211 1430 2430 1489 agentes
2450 1462 2463 1485 ,
2495 1433 2551 1477 et
2580 1431 2706 1477 vota
2733 1423 2890 1479 beato
2921 1424 3217 1478 confessori
3264 1424 3581 1494 promitten-

1988 1519 2068 1565 tes
2093 1554 2106 1577 ,
2145 1512 2250 1567 laeti
2285 1513 2667 1569 nuntiaverunt
2712 1518 2847 1586 regi.
2890 1516 3054 1570 Porro
3086 1517 3173 1570 ille
3218 1531 3338 1571 cum
3366 1517 3436 1570 ad
3474 1516 3579 1570 tiu-

1985 1605 2126 1657 t'ium
2165 1604 2494 1675 Vingeunam
2526 1617 2552 1655 ις
2580 1623 2701 1661 eum
2732 1609 2976 1671 exercitu
3024 1609 3361 1676 advenisset,
3388 1611 3440 1664 in
3470 1626 3581 1680 quo

1983 1693 2108 1747 loco
2137 1711 2257 1747 eum
2303 1699 2531 1752 transire
2562 1698 2787 1754 deberet
2829 1702 3043 1768 penitus
3073 1702 3357 1771 ignorabat
3388 1721 3401 1755 :
3432 1703 3578 1760 intu-

279 1789 573 1849 utrumque
616 1781 881 1835 sustineat
908 1799 922 1836 :
968 1791 1170 1836 tantum
1201 1783 1435 1839 rbaritas
1483 1800 1642 1854 quam
1692 1788 1878 1845 beatus
1912 1803 1956 1862 Β
1982 1796 2191 1838 murrat
2220 1786 2363 1839 enim
2389 1788 2458 1840 ab
2482 1789 2825 1844 inundatione
2856 1791 3175 1858 pluviarum.
3204 1793 3448 1861 Cumque
3475 1794 3567 1849 illa

278 1871 575 1938 Apostolus
600 1873 851 1940 przt'dical
872 1914 887 1937 ,
912 1883 1227 1941 permaneat
1257 1876 1733 1933 inter'saeerdotes
1764 1879 1876 1934 Dei.

206 1970 213 1975 ’
276 1961 390 2018 Sed
420 1969 475 2017 et
520 1962 892 2032 Lugdunensis
941 1968 1223 2036 epist-opus
1262 1966 1482 2039 largitus
1512 1980 1597 2025 est
1620 1946 1673 2026 ei
1705 1972 1879 2042 aliqua

280 2054 644 2123 possessionis
678 2056 929 2111 ecclesia:
956 2074 1100 2125 suae,
1144 2075 1300 2127 quam
1334 2061 1385 2114 in
1418 2064 1663 2123 Arverno
1712 2063 1879 2119 babe-

278 2144 395 2201 bat.
429 2145 650 2220 Reliqua
676 2163 804 2202 vero
834 2149 901 2201 de
947 2160 1133 2204 sancto
1164 2152 1485 2219 Quintiano,
1518 2164 1626 2207 tam
1671 2154 1879 2209 insidia:

276 2254 417 2305 quas
452 2239 699 2307 pertulit,
730 2255 891 2311 quam
923 2241 1011 2295 illa
1042 2257 1161 2312 qua:
1189 2258 1284 2311 per
1310 2259 1434 2298 eum
1466 2244 1726 2307 Dominus
1753 2263 1879 2317 ope-

274 2331 387 2384 rari
415 2330 662 2400 dignatus
690 2343 806 2402 est,
837 2332 1038 2402 scripta
1068 2344 1190 2387 sunt
1223 2334 1273 2389 in
1307 2335 1446 2392 libro
1492 2336 1629 2392 Vitae
1680 2337 1798 2407 ejus
1826 2347 1874 2391 ι.

357 2419 623 2478 XXXVII.
668 2422 833 2493 igitur
861 2423 1274 2480 Chlodovechus
1321 2427 1429 2498 92
1470 2443 1564 2482 rex
1606 2430 1681 2483 ait
1718 2430 1873 2486 suis:

285 2511 462 2569 Valde
490 2516 718 2571 moleste
748 2515 896 2583 fero,
924 2519 1066 2588 quod
1113 2517 1167 2572 hi
1210 2518 1395 2581 Ariani
1428 2530 1632 2590 partem
1661 2530 1878 2578 teneant

274 2605 597 2663 Galliarum.
634 2609 830 2665 Eamus
860 2608 885 2648 ι
916 2626 1037 2669 cum
1072 2612 1162 2667 Dei
1192 2612 1490 2683 adjutorio,
1517 2624 1573 2669 et
1612 2618 1876 2685 superatis

272 2701 585 2772 redigamus
606 2713 802 2761 terram
837 2704 889 2758 in
917 2705 1174 2761 ditionem
1204 2714 1465 2761 nostram.
1499 2705 1741 2777 Cumque
1762 2708 1877 2777 pla-

273 2798 481 2853 coisset
505 2798 755 2853 omnibus
784 2798 869 2851 hic
895 2813 1074 2854 sermo
1093 2840 1109 2867 ,
1138 2809 1407 2855 commoto
1434 2800 1673 2856 exercitu
1704 2800 1876 2857 Picta-

275 2892 362 2945 vis
392 2889 622 2959 dirigit:
671 2890 745 2944 ibi
791 2890 933 2945 enim
976 2899 1100 2945 tunc
1144 2890 1389 2946 Alaricus
1419 2892 1875 2950 commorabatur.

276 2982 389 3040 Sed
411 2981 664 3051 quoniam
710 2996 832 3050 pars
875 2981 1105 3037 hostium
1139 2997 1234 3049 per
1271 2983 1600 3038 territorium
1644 2982 1877 3041 Turoni-

270 3088 403 3128 cum
440 3073 731 3138 transibat,
772 3088 873 3143 pro
920 3073 1222 3129 reverentia
1260 3072 1404 3129 beati
1461 3074 1673 3130 Martini
1724 3074 1874 3131 dedit

1984 1886 2143 1931 nocte
2169 1876 2452 1932 Dominum
2477 1877 2800 1947 deprecatus
2827 1881 3041 1945 luisset,
3070 1893 3127 1937 ut
3154 1882 3205 1937 ei
3236 1884 3426 1938 vadum
3470 1900 3576 1952 quo

1980 1966 2213 2023 transire
2257 1969 2422 2037 possit
2484 1969 2795 2036 dignaretur
2849 1972 3170 2042 ostendere,
3223 1989 3380 2027 mane
3434 1974 3577 2030 tacto

1979 2071 2144 2117 cerva
2176 2061 2329 2113 mirte
2369 2060 2752 2129 tuagizitudinis
2791 2069 2918 2116 ante
2947 2077 3039 2117 eos
3083 2070 3213 2127 nutu
3244 2064 3335 2119 Dei
3368 2066 3569 2118 [lumen

1982 2149 2295 2219 ingreditur,
2354 2150 2554 2220 illaque
2602 2153 2863 2218 vadanto,
2914 2154 3139 2222 populus
3195 2170 3300 2223 quo
3338 2160 3574 2221 transire

1984 2242 2179 2310 possit,
2210 2243 2449 2312 agnovit.
2487 2243 2747 2300 Veniente
2770 2254 2950 2305 autem
2980 2261 3104 2314 rege
3133 2249 3271 2315 apud
3306 2248 3569 2315 Pictavis.

1952 2392 1953 2395 η
1980 2333 2107 2391 duro
2136 2333 2349 2389 eminus
2373 2334 2426 2390 in
2451 2335 2697 2393 tentoriis
2724 2348 3169 2404 commoraretur,
3203 2338 3402 2408 phariis
3420 2341 3573 2409 ignea

1974 2424 2046 2479 de
2078 2427 2297 2487 basilica
2338 2427 2507 2485 sancti
2553 2427 2740 2489 Hilarii
2785 2444 3041 2499 egressa,
3086 2431 3195 2485 uisa
3240 2440 3321 2486 est
3356 2433 3405 2487 ei
3453 2444 3571 2503 tau-

1979 2530 2136 2582 quam
2161 2532 2321 2587 super
2346 2532 2406 2573 se
2431 2518 2686 2574 advenire
2703 2560 2717 2584 ,
2751 2521 2955 2586 scilicet
2974 2531 3032 2576 ut
3056 2523 3257 2577 lumine
3278 2524 3417 2578 beati
3444 2540 3571 2579 cou-

1982 2604 2203 2660 l'essoris
2249 2606 2460 2677 adjutus
2518 2608 2735 2676 Hilarii,
2787 2610 3004 2667 liberius
3054 2611 3334 2667 htereticas
3392 2616 3568 2681 acies,

1952 2688 2164 2753 contra
2194 2714 2331 2769 quas
2355 2714 2499 2768 saepe
2526 2700 2667 2756 idem
2698 2702 2948 2757 sacerdos
2973 2718 3068 2773 pro
3093 2702 3195 2759 lide
3223 2705 3565 2772 conﬂixerat,

1976 2791 2279 2847 debellaret
2305 2790 2353 2846 ιι.
2382 2791 2723 2848 Contestatus
2750 2805 2834 2849 est
2871 2805 3047 2849 autem
3078 2796 3223 2850 omni
3268 2799 3566 2865 exercitui,

1979 2892 2035 2936 ut
2065 2899 2162 2939 nec
2189 2881 2261 2938 ibi
2292 2884 2507 2953 quidem
2532 2894 2623 2938 aut
2658 2884 2709 2939 in
2741 2884 2822 2940 via
2851 2886 3082 2956 aliquem
3118 2884 3136 2925 ί
3166 2887 3565 2957 exepoliarent,

1978 2984 2070 3031 aut
2098 2963 2196 3030 res'
2212 2974 2521 3045 cujusquam
2549 2976 2871 3044 diriperent.

2053 3066 2374 3121 Eratautetn
2405 3066 2459 3121 in
2492 3067 2575 3121 his
2605 3068 2794 3122 diebus
2835 3069 2917 3123 vir
2949 3068 3232 3124 laudabilis
3265 3056 3564 3137 sanctitath

275 3166 552 3233 edictum,
588 3175 644 3219 ut
691 3164 870 3220 nullus
898 3165 965 3219 de
1010 3165 1227 3231 regione
1259 3165 1348 3219 illa
1376 3165 1519 3220 aliud
1550 3181 1707 3235 quam
1755 3166 1955 3240 her-c
1987 3154 2285 3210 Maxentius
2333 3156 2520 3222 abbas,
2571 3157 2846 3211 reclausus
2895 3159 2947 3212 in
2992 3159 3317 3215 IIwnasterio
3363 3176 3462 3215 suo
3498 3163 3555 3233 ot

274 3256 468 3311 barum
494 3255 743 3311 alimenta
773 3269 1075 3326 aquamque
1101 3268 1475 3324 pra-sumeret.
1520 3258 1745 3325 Quidam
1774 3274 1873 3323 au-

277 3358 393 3403 tem
441 3347 508 3402 de
552 3350 821 3411 exercitu,
857 3346 1070 3401 invento
1101 3345 1376 3415 cujusdam
1434 3350 1685 3419 pauperis
1728 3349 1874 3416 l't-no,

252 3438 350 3493 ait
382 3455 398 3494 :
424 3438 612 3494 Nonne
642 3454 734 3492 rex
787 3440 1007 3494 herbam
1038 3447 1241 3493 tantum
1281 3442 1529 3510 praesumi
1560 3442 1832 3497 mandavit
1859 3485 1873 3510 ,

269 3537 333 3585 et
362 3530 493 3583 nihil
529 3530 708 3584 aliud?
754 3528 820 3583 Et
852 3530 984 3598 hoc,
1014 3530 1219 3599 inquit,
1255 3531 1420 3585 herba
1452 3541 1556 3587 e~t.
1586 3532 1699 3587 Non
1732 3535 1874 3589 enim

269 3623 485 3679 erimus
513 3631 941 3691 transgressores
973 3620 1231 3691 pratcepti
1261 3622 1379 3691 ejus
1398 3664 1412 3685 ,
1456 3624 1499 3677 si
1527 3637 1644 3676 eam
1676 3638 1878 3691 ιιι-τεθυ-

271 3716 497 3770 mimus.
523 3713 764 3783 Cumque
798 3713 901 3766 vim
935 3712 1133 3767 faciens
1180 3712 1431 3782 pauperi,
1469 3714 1648 3767 fenum
1683 3716 1877 3770 virtute

280 3807 501 3861 tulisset
531 3814 582 3869 ε,
616 3805 810 3858 iactum
844 3802 1086 3874 pervenit
1133 3803 1199 3857 ad
1233 3819 1433 3872 regem.
1477 3804 1593 3871 Quo
1629 3805 1772 3860 dicto
1803 3806 1878 3860 ci-

269 3897 381 3951 tius
410 3896 587 3967 gladio
618 3905 896 3964 perempto
916 3936 929 3957 ,
956 3896 1029 3947 ait
1056 3911 1070 3947 :
1104 3894 1171 3949 Et
1199 3896 1289 3950 ubi
1315 3896 1420 3950 erit
1449 3909 1573 3963 Spes
1604 3896 1872 3966 victoriae,

264 3989 319 4042 si
355 3988 547 4041 beatus
575 3986 834 4040 Martinus
877 3984 1167 4039 olfenditur
1194 3982 1263 4040 4?
1293 3986 1544 4056 Satisque
1574 3987 1669 4041 fuit
1713 4002 1874 4043 eser-

264 4079 403 4133 cltui
444 4076 571 4131 nihil
606 4076 827 4130 ulterius
860 4074 929 4129 ab
979 4075 1079 4130 hac
1107 4076 1327 4146 regione
1359 4092 1708 4144 praesttmere.
1756 4077 1876 4149 Ipse

267 4186 406 4225 vero
441 4185 534 4225 rex
562 4168 759 4223 direxit
784 4172 1002 4222 nuntios
1032 4168 1096 4222 ad
1131 4168 1269 4222 beati
1304 4167 1609 4232 basilicam,
1640 4171 1825 4225 dicens
1857 4199 1871 4236 ;

264 4262 387 4331 Ite,
435 4270 490 4315 et
519 4261 746 4317 torsitan
789 4259 1009 4327 aliquod
1058 4257 1297 4312 victoria:
1327 4258 1623 4327 auSpiciunt
1666 4262 1733 4316 ah
1760 4262 1874 4317 aede

266 4360 460 4408 sancta
488 4350 815 4414 suscipietis.
862 4349 1012 4403 Tunc
1053 4350 1190 4403 datis
1234 4350 1576 4419 muneribus,
1605 4368 1723 4419 quso
1756 4354 1874 4408 loco

268 4452 463 4499 sancto
494 4442 843 4508 exhiberent,
879 4441 952 4495 ait
983 4457 997 4494 :
1026 4441 1082 4495 Si
1121 4449 1198 4510 tu,
1228 4441 1471 4508 Domine,
1501 4441 1711 4513 adjutor
1740 4444 1871 4499 mihi

1984 3247 2076 3303 Dei
2129 3248 2375 3303 timorem
2429 3249 2566 3303 infra
2616 3248 2901 3303 terminum
2954 3250 3341 3307 Pietavenscm.
3397 3253 3565 3327 Cujus

1981 3340 2291 3397 monasterii
2323 3355 2516 3394 nomen
2549 3340 2763 3399 lectioni
2798 3356 2899 3395 non
2930 3342 3236 3408 iudidimus,
3260 3346 3383 3414 quia
3417 3347 3567 3402 locus

1981 3432 2068 3486 ille
2098 3446 2263 3500 usque
2299 3431 2456 3486 hodie
2480 3431 2677 3487 t'ellula
2708 3435 2874 3488 sancti
2901 3434 2949 3489 Ill
2971 3436 3154 3489 txeutii
3182 3446 3421 3491 vocatur.
3450 3436 3561 3493 Ctt-

1974 3525 2064 3597 jus
2089 3522 2332 3576 tuonachi
2360 3537 2479 3576 cum
2506 3523 2734 3577 hostium
2758 3537 2986 3579 cuneum
3016 3542 3175 3580 unum
3203 3527 3269 3581 ad
3299 3540 3551 3586 monaste

1980 3614 2116 3669 rium
2147 3626 2430 3670 cernerent
2459 3616 2837 3685 propinquare,
2861 3616 3108 3672 abbatem
3137 3631 3382 3686 exorant,
3416 3632 3472 3674 ut
3496 3621 3565 3675 de

1979 3708 2169 3761 cellula
2198 3722 2293 3761 sua
2323 3709 2670 3778 egrederetur
2697 3709 2762 3762 ad
2791 3710 3125 3765 exorandum
3156 3726 3252 3767 eos
3284 3712 3330 3766 ί.
3366 3713 3564 3783 Illoque

1979 3802 2309 3866 demorante,
2340 3800 2392 3852 hi
2422 3800 2611 3855 timore
2635 3801 2886 3867 perculsi.
2912 3816 3035 3856 eum
3062 3812 3248 3871 aperto
3272 3806 3410 3859 ostio
3436 3820 3561 3877 pro-

1979 3893 2179 3948 ducunt
2216 3893 2282 3948 de
2310 3893 2503 3948 cellula
2525 3892 2635 3964 94
2662 3909 2778 3948 sua.
2813 3897 2882 3949 At
2911 3895 3000 3951 ille
3032 3895 3083 3951 in
3114 3912 3396 3955 occursum
3432 3900 3560 3956 hos-

1981 3987 2133 4052 tium,
2153 3990 2301 4055 quas?
2328 4003 2510 4055 pacem
2535 3996 2838 4057 rogaturus,
2867 3990 3037 4060 pergit
3064 3991 3385 4061 intrepidus.
3414 3993 3563 4052 Unus

1979 4087 2160 4130 autem
2187 4093 2251 4133 ex
2283 4077 2365 4132 his
2384 4081 2665 4148 evaginato
2693 4079 2891 4147 gladio,
2920 4088 2977 4133 ut
3000 4092 3157 4151 caput
3176 4084 3293 4152 ejus
3309 4084 3563 4152 libraret,

1941 4234 1945 4239 ἡ
1978 4182 2171 4223 manus
2201 4168 2266 4222 ad
2297 4184 2478 4224 aurem
2508 4180 2682 4224 erecta
2714 4171 2960 4238 diriguit,
3009 4173 3326 4243 gladiosque
3354 4185 3564 4229 retror-

1977 4272 2092 4313 sum
2124 4258 2248 4311 ruit.
2282 4261 2353 4311 At
2390 4257 2503 4325 ipse
2524 4258 2590 4312 ad
2622 4259 2786 4325 pedes
2812 4258 2951 4313 beati
2992 4262 3091 4314 viri
3138 4262 3350 4317 veniam
3398 4263 3565 4333 depo-

1940 4376 1941 4379 η
1977 4362 2136 4403 seeos
2165 4349 2445 4402 sternitur.
2478 4348 2630 4414 Quod
2660 4349 2909 4404 videntes
2939 4350 3160 4420 reliqui,
3194 4368 3314 4408 cum
3370 4354 3564 4411 timore

1944 4450 1959 4453 "
1978 4441 2213 4497 maximo
2251 4439 2317 4493 ad
2344 4441 2638 4495 exercitum
2668 4439 2962 4508 redierunt,
2986 4441 3249 4500 timentes
3290 4460 3356 4501 ne
3382 4447 3564 4515 et~ipsi

266 4554 362 4605 es,
389 4547 442 4592 et
464 4546 680 4607 gentem
708 4535 847 4589 hanc
869 4534 1235 4598 incredulam,
1267 4548 1588 4605 semperque
1615 4540 1862 4591 tumulant
1896 4557 1947 4616 Β
1978 4526 2176 4602 pariter
2203 4531 2504 4587 interirent.
2537 4531 2705 4600 llujus
2734 4547 2863 4587 vero
2903 4533 3180 4589 brachium
3211 4534 3397 4592 beatus
3429 4554 3562 4619 con-

349 4661 377 4691 ι
417 4651 465 4705 ls
495 4660 574 4705 est
598 4659 757 4721 caput
784 4648 811 4701 i
838 4648 906 4703 de
935 4648 1071 4703 Vitis
1100 4649 1335 4703 Patrum.

346 4722 375 4761 ιι
420 4723 625 4775 Bellum
656 4720 793 4774 istud
824 4720 1029 4775 levibus
1056 4721 1123 4774 de
1149 4722 1328 4773 causis
1350 4729 1592 4773 exortum
1635 4729 1863 4777 testatur

268 4793 646 4849 Theudoricus
684 4791 1153 4859 Ostrogottltorum
1196 4804 1320 4850 rex.
1371 4789 1461 4857 qui
1509 4790 1709 4844 nullum
1754 4807 1859 4846 non

272 4864 442 4920 movit
497 4862 726 4933 lapidem
747 4902 779 4933 ,ν
818 4872 873 4915 ιιι
900 4863 1097 4933 ipsum
1117 4903 1130 4924 ,
1155 4859 1324 4933 datis
1354 4861 1441 4933 ‘ad
1492 4859 1858 4933 Chlodoveum

275 4937 519 5004 aliosque
552 4930 707 5003 reges
750 4932 972 5004 lito-ris,
1019 4931 1302 5004 tniSsisque
1353 4930 1723 5004 legationibus,
1756 4935 1858 5004 int—

276 5000 506 5077 pedtret.
535 5000 667 5057 Vide
687 5004 825 5069 apud
849 5000 1275 5077 Cassiodorilib;
1307 5017 1383 5068 ιιι,
1407 5003 1562 5077 epist.
1588 5001 1696 5077 2,5
1720 5013 1775 5077 et
1802 5002 1855 5058 .l.

352 5088 374 5115 ε
406 5074 507 5131 ’διο
537 5088 673 5129 mss.
699 5073 1052 5135 vetustiores;
1101 5073 1336 5125 aliicum
1385 5073 1572 5137 editis,
1602 5074 1650 5125 vi
1683 5076 1860 5129 abstu-

277 5149 438 5202 lisset.
1102 5160 1105 5161 '
1824 5161 1828 5169 '

347 5215 372 5254 δ
416 5214 607 5278 Corb.,
666 5215 709 5269 si
765 5214 907 5269 beato
956 5212 1179 5267 Mat-tino
1221 5212 1551 5278 o/fendimas,
1604 5213 1850 5270 familiari

277 5288 418 5358 apud
450 5285 765 5358 Gregorium
808 5298 1026 5339 casuum
1059 5285 1371 5358 mutatione.

351 5368 376 5396 θ
417 5359 507 5412 Sic
552 5356 872 5409 vetustiores
908 5370 1076 5420 tuss.;
1121 5355 1299 5408 ueteri
1330 5356 1553 5423 inrwptt.
1597 5355 1764 5409 Porro
1794 5359 1850 5423 in

278 5426 519 5485 Eculesia
567 5425 803 5479 Rmuana
854 5426 1188 5493 primicerius
1240 5438 1400 5494 caput
1430 5434 1546 5478 erat
1577 5427 1851 5483 inferioris

276 5504 467 5565 chori,
507 5497 651 5567 quod
693 5504 749 5551 et
791 5497 843 5567 in
888 5496 1120 5551 Ecclesia
1151 5494 1424 5550 Gallicana
1459 5495 1624 5549 fuisse
1666 5499 1716 5551 in
1750 5515 1847 5555 usu

279 5565 850 5639 tetnpore'Chlotlovei
900 5568 1075 5639 colligi
1118 5576 1293 5637 potest
1319 5581 1383 5621 ex
1415 5568 1641 5635 epistola
1672 5572 1842 5623 sutcti

276 5638 507 5710 Remigii
559 5639 625 5693 ad
667 5638 951 5710 Falcem-ut
974 5638 1361 5710 _Tun,;reusem
1388 5639 1723 5706 episcopum,
1754 5640 1843 5694 ubi

276 5708 625 5781 Conqueritur
680 5708 761 5762 vir
814 5708 1243 5781 sanctissimusa
1276 5708 1509 5764 Falcone
1563 5710 1842 5767 institutos

278 5778 440 5840 luisst:
462 5784 518 5839 iu
540 5780 932 5850 Mosomagensi
964 5778 1205 5834 Ecclesia
1232 5779 1446 5851 levitas,
1474 5781 1838 5852 presbyteros,

604 5874 880 5936 PnaoL.
945 5869 1179 5932 LXXI.

1954 4646 2410 4710 archidiaconus,
2470 4644 2832 4700 Primicerium
2860 4648 3052 4703 schola:
3090 4648 3395 4706 clarissima!
3428 4654 3565 4706 mili-

1968 4722 2148 4786 titeqtte
2185 4720 2455 4774 lectorum.
2499 4717 2630 4772 Vide
2674 4718 3005 4773 Glossarium
3051 4719 3267 4788 Cangii,
3328 4734 3382 4777 et
3415 4725 3456 4778 Τ
3462 4728 3564 4776 ho-

1968 4792 2262 4842 massinutn
2297 4788 2388 4843 lib.
2422 4805 2491 4855 ιι,
2527 4789 2693 4855 partis
2725 4790 2748 4842 1
2788 4789 3098 4857 Disciplina:
3127 4796 3324 4847 eeeles.
3372 4794 3562 4849 Latine

1966 4862 2145 4925 editae,
2172 4875 2289 4927 pag.
2326 4860 2446 4915 105.
2474 4862 2738 4931 Caeterum
2765 4875 2881 4920 mos
2904 4862 2999 4923 ille
3038 4875 3133 4930 per
3159 4863 3455 4931 Scriptum
3476 4881 3559 4918 sa-

1964 4946 2072 4984 cra:
2117 4932 2374 4985 lectiones
2404 4946 2490 4987 res
2520 4930 2722 4984 futuras
2762 4931 3110 4996 explorandi,
3156 4930 3366 4987 solemn
3390 4951 3416 4989 s
3444 4947 3562 4990 erat

1967 5002 2077 5055 illis
2107 5003 2439 5068 temporibus
2459 5045 2472 5066 ,
2503 5002 2575 5054 uti
2599 5017 2664 5055 ex
2696 5002 2815 5054 aliis
2844 5001 3085 5070 Gregorii
3111 5003 3243 5056 locis
3271 5006 3562 5072 Compluri-

1967 5071 2067 5124 bus
2101 5082 2263 5140 patet.
2299 5074 2389 5126 Sic
2420 5075 2578 5127 etiam
2606 5074 2987 5127 acuunt'luerat
3012 5076 3067 5126 in
3097 5075 3362 5129 electione
3389 5071 3561 5131 sancti

1946 5142 2174 5215 'blartini
2205 5144 2342 5209 apud
2380 5145 2639 5197 Severum
2673 5144 3006 5215 Sulpicium,
3038 5145 3091 5199 ἰιι
3127 5147 3245 5214 ejus
3280 5145 3395 5200 Vita
3437 5164 3559 5215 cap.

1964 5212 2017 5266 7.
2054 5214 2185 5285 Vide
2215 5224 2269 5285 et
2300 5216 2457 5285 vitam
2509 5215 2566 5268 ὃ.
2599 5213 2927 5280 CouSortite,
2963 5231 3111 5270 num.
3144 5212 3176 5270 9
3208 5216 3347 5271 Sate.
3386 5234 3406 5272 -ι
3458 5212 3562 5273 ne-

1945 5283 2087 5338 'ned.
2120 5286 2183 5336 ad
2211 5283 2334 5338 ann.
2369 5284 2493 5338 578.

2037 5354 2055 5393 ί
2103 5357 2317 5424 llegtu.,
2351 5371 2495 5409 voces
2535 5352 2886 5426 psallentium.
2920 5356 3042 5426 Ed.,
3065 5360 3311 5414 satellites
3342 5360 3558 5413 audien-

1960 5439 2054 5479 ιον.

2034 5507 2058 5543 8
2102 5496 2182 5552 De
2215 5498 2317 5551 hoc
2344 5498 2409 5551 ad
2440 5513 2560 5568 cap.
2586 5497 2657 5554 45
2683 5496 2802 5554 libri
2837 5518 2875 5556 ι.

2024 5568 2052 5606 ιι
2098 5567 2229 5623 Vide
2258 5567 2536 5624 Fortunat.
2572 5569 2666 5623 lib.
2697 5584 2737 5623 tt
2769 5572 2903 5628 Vitae
2932 5573 2993 5629 S.
3038 5572 3253 5634 Hilarii,
3285 5584 3433 5625 num.
3460 5570 3519 5623 7η

2028 5638 2046 5712 ξ
2094 5640 2195 5695 Ed.
2224 5642 2425 5710 aliquot
2455 5650 2511 5696 et
2538 5641 2687 5702 Bec.,
2718 5644 2917 5710 aliquid
2942 5646 3241 5712 spoliarent.

2025 5710 2038 5760 ι
2087 5712 2178 5765 Sic
2212 5712 2362 5777 Bec.;
2394 5716 2577 5767 caeteri
2618 5728 2750 5769 mss.
2784 5724 2837 5768 et
2865 5710 3074 5782 aliquot
3114 5712 3225 5778 ed.,
3258 5711 3327 5766 ad
3367 5725 3552 5769 como-

1948 5781 2164 5837 laudum
2193 5797 2278 5837 eos
2296 5798 2317 5848 ,'
2347 5793 2468 5839 etet.
2497 5784 2582 5839 ed.
2619 5781 2995 5840 consulendum
3022 5785 3121 5837 eis.

3076 5873 3117 5934 8
