3994 6332
269 291 371 350 937

1164 291 1475 350 HISTORIA
1521 291 1964 349 FRANCORUM.
2012 292 2209 348 LIBER
2249 295 2628 353 SECUNDUS.

3423 287 3528 341 233

269 423 299 460 a
342 405 574 460 Turonis
601 415 605 418 '
637 403 867 458 Parisios
899 405 1043 460 venit
1073 423 1084 460 :
1116 406 1294 475 ibique
1343 406 1649 462 cathedram
1703 420 1850 477 regnt
1881 408 1928 468 Ἀ
1956 406 2080 470 mei,
2110 415 2314 475 patrem
2341 421 2494 462 suum
2526 402 2926 474 insequebatur,
2959 401 3124 456 verbo
3153 398 3354 459 ferens,
3383 398 3523 467 quod

266 496 572 552 constituit.
609 494 684 549 lbi
715 505 770 549 et
796 496 1160 552 Theuderieus
1191 497 1258 551 ad
1289 513 1408 551 eum
1438 498 1604 552 venit.

341 588 588 644 XXXIX.
617 589 851 656 Denique
879 599 902 625 ⁸
928 589 1189 658 migrante
1213 589 1498 644 Eustochio
1518 589 1851 644 Turonorum

267 683 548 749 episcopo,
587 689 808 734 octavus
839 689 960 750 post
1010 692 1251 736 sanctum
1294 681 1574 736 Martiuum
1620 681 1855 736 Lit-iuius

269 773 555 828 Turouicis
581 774 865 842 episcopus
912 773 1207 825 ordinatur.
1242 771 1406 842 Hujus
1455 781 1694 840 tempore
1742 772 1851 825 bel‘

270 863 381 918 Ium
410 868 656 928 superius
679 864 788 932 96
815 863 1071 931 scriptum
1098 873 1304 930 gestum
1329 871 1434 916 est.
1457 863 1516 914 Et
1541 861 1696 930 hujus
1725 871 1856 916 tem-

270 968 405 1023 pore
428 952 838 1008 Chlodoverhus
882 968 978 1006 rex
1006 952 1236 1005 Turonis
1267 952 1432 1008 venit.
1467 952 1563 1007 llic
1593 952 1760 1006 fertur
1803 953 1856 1006 in

272 1047 494 1102 Oriente
516 1045 702 1112 fuisse,
734 1060 796 1100 ac
843 1045 957 1098 loca
987 1046 1233 1099 visitasse
1280 1053 1610 1108 sanctorum,
1663 1043 1858 1113 ipsam-

272 1152 381 1206 que
409 1136 605 1189 adiisse
635 1135 1085 1203 Hierosolymam,
1117 1143 1173 1188 et
1201 1135 1316 1188 loca
1363 1133 1625 1202 passionis
1656 1148 1721 1186 ac
1773 1145 1860 1186 re-

271 1226 618 1282 surrectionis
644 1225 959 1293 dominica,
1012 1241 1130 1296 quae
1160 1226 1212 1279 in
1260 1224 1560 1295 Evangeliis
1607 1225 1856 1295 legimus,

274 1332 419 1387 saepe
457 1317 675 1370 vidisse.

349 1406 462 1461 XL.
494 1404 625 1459 Cum
654 1415 829 1460 autem
861 1403 1269 1460 Chlodovechus
1298 1417 1390 1459 rex
1446 1403 1584 1472 apud
1632 1403 1862 1460 Parisios

202 1508 222 1524 "
275 1503 597 1561 moraretur,
629 1496 772 1549 misit
802 1497 938 1548 clam
987 1495 1052 1548 ad
1100 1495 1265 1549 ﬁlium
1309 1495 1582 1564 Sigiberti,
1625 1495 1857 1551 dicens:

275 1589 414 1644 Ecce
444 1599 592 1657 pater
621 1599 740 1639 tuus
769 1587 966 1649 senuit,
997 1594 1050 1640 et
1080 1586 1214 1655 pede
1261 1585 1423 1641 debili
1468 1586 1754 1641 claudicat.
1806 1586 1860 1640 Si

275 1683 384 1745 ille,
421 1683 608 1748 inqult,
629 1689 942 1743 moreretur,
975 1689 1118 1734 recte
1149 1682 1239 1733 tibi
1267 1695 1386 1734 cum
1418 1682 1649 1733 amicitia
1682 1691 1862 1735 nostra

1956 511 2056 567 ego
2081 513 2199 552 eum
2227 497 2530 553 interficere
2551 498 2727 552 velim.
2751 494 2987 564 Cumque
3010 494 3097 547 ille
3118 507 3211 562 per
3241 490 3526 544 Buconiatn

1956 586 2142 640 silvam
2167 588 2389 655 fugeret,
2415 586 2666 640 immissis
2688 599 2846 653 super
2868 597 2988 637 eum
3014 581 3346 644 latrunculis,
3370 580 3530 634 morti

1958 675 2176 730 tradidit
2204 687 2260 731 et
2291 678 2503 732 occidit.
2552 677 2668 746 Ipse
2691 690 2900 744 quoque
2943 673 3067 726 dum
3102 673 3380 726 thesauros
3417 671 3528 739 ejus

1955 769 2147 836 aperit,
2178 783 2208 821 a
2238 770 2416 823 nescio
2439 783 2542 836 quo
2571 782 2852 836 percussus
2878 765 3092 819 interiit.
3125 764 3229 818 Sed
3255 764 3304 817 in
3331 764 3410 816 his
3437 779 3536 832 ego

1960 878 2293 932 nequaquam
2325 866 2573 918 conscius
2603 879 2744 916 sum.
2775 862 2886 916 Nec
2911 861 3053 916 enim
3089 874 3301 928 possum
3326 862 3536 926 sangui-

1961 967 2083 1005 nem
2118 962 2396 1020 parentum
2431 967 2671 1006 meorum
2701 951 2974 1006 effundere
3009 969 3020 1003 :
3055 951 3194 1018 quod
3225 949 3335 1002 fieri
3390 950 3539 1001 ne‘as

1958 1052 2061 1096 est.
2085 1042 2187 1096 Sed
2213 1043 2334 1112 quia
2361 1043 2471 1096 haec
2497 1052 2809 1107 evenerunt,
2830 1043 3107 1098 consilium
3132 1042 3280 1095 viibis
3306 1043 3428 1108 prmi
3447 1056 3481 1094 e
3503 1058 3537 1100 ι.

1960 1132 2003 1184 si
2038 1132 2245 1186 videtur
2275 1142 2573 1202 acceptum,
2607 1134 2977 1186 convertimini
3002 1133 3066 1186 ad
3092 1147 3198 1197 me,
3232 1141 3288 1185 ut
3308 1133 3538 1185 submea

1963 1221 2079 1274 sitis
2108 1222 2441 1276 defensione.
2475 1223 2540 1276 At
2599 1223 2673 1276 illi
2729 1223 2825 1276 ista
2875 1223 3173 1286 audientes,
3228 1223 3540 1291 plaudentes

1965 1327 2070 1370 tam
2100 1317 2298 1387 parmis
2330 1327 2352 1356 ο
2383 1331 2539 1386 quam
2591 1317 2842 1384 vocibus,
2889 1331 3010 1372 cum
3059 1315 3246 1385 clypeo
3293 1323 3535 1369 evectum

1962 1422 2124 1476 super
2153 1423 2213 1463 se
2260 1423 2438 1479 regem
2493 1410 2845 1463 constituunt.
2899 1408 3244 1477 licgiiumque
3293 1405 3540 1475 Sigiberti

1963 1511 2241 1568 acceptum
2273 1515 2393 1555 cum
2426 1500 2695 1554 thesauris
2716 1541 2729 1562 ,
2762 1500 2904 1567 ipsos
2950 1513 3158 1567 quoque
3199 1511 3316 1552 eum
3359 1499 3541 1550 ditioui

1965 1591 2172 1644 ascivit.
2208 1590 2585 1645 Prosteruebat
2612 1591 2753 1643 enim
2783 1590 3016 1660 quotidie
3045 1589 3182 1642 Deus
3215 1589 3394 1642 h05tes
3416 1588 3539 1657 ejus

1966 1682 2064 1734 sub
2095 1697 2254 1734 manu
2286 1681 2474 1750 ipsius,
2507 1693 2562 1734 et
2591 1681 2819 1748 augebit
2871 1695 3087 1748 regnum
3119 1678 3252 1748 ejus,
3297 1693 3363 1733 eo
3405 1679 3543 1746 quod

277 1789 500 1841 regnum
531 1772 675 1826 illius
701 1771 1039 1826 redderetur.
1071 1772 1184 1837 Qua
1213 1773 1304 1827 ille
1331 1774 1622 1842 cupiditate
1670 1774 1862 1828 seduc-
1897 1787 1942 1844 Β
1973 1772 2273 1826 ambulatet
2302 1781 2446 1826 recto
2477 1772 2636 1826 corde
2662 1787 2842 1826 coram
2861 1787 2952 1837 eo,
2977 1782 3036 1826 et
3065 1773 3262 1826 faceret
3277 1786 3397 1842 qua:
3428 1771 3544 1839 pla»

280 1876 384 1930 tus,
421 1875 623 1934 patrem
652 1866 869 1918 molitur
897 1865 1162 1920 occidere.
1195 1865 1436 1935 Cumque
1483 1866 1569 1920 ille
1610 1881 1860 1934 egressus

277 1958 350 2011 de
376 1957 595 2011 Colonia
618 1957 851 2020 civitate,
879 1965 1144 2010 transacto
1167 1955 1378 2019 Rheno,
1411 1972 1503 2023 per
1525 1957 1811 2010 Buconiam
1832 1955 1858 1994 δ

279 2053 470 2104 silvam
499 2048 776 2103 ambulare
804 2049 1138 2116 disponeret,
1169 2047 1389 2100 meridie
1421 2048 1471 2100 in
1504 2050 1732 2102 tentorio
1762 2063 1862 2102 suo

275 2142 640 2204 obdormiens,
670 2138 920 2193 ittlttlisSiS
947 2155 1103 2206 super
1128 2155 1246 2193 eum
1268 2139 1409 2193 filius
1433 2140 1858 2208 percussoribus,

276 2249 403 2288 eum
432 2233 623 2286 ibidem
656 2230 941 2293 interfecit,
979 2239 1226 2299 tanquam
1279 2246 1504 2300 regnum
1549 2231 1688 2284 illius
1739 2246 1864 2299 pos-

273 2337 543 2377 sessores.
571 2322 675 2377 Sed
700 2321 902 2391 judicio
930 2321 1020 2375 Dei
1047 2323 1096 2375 in
1128 2321 1352 2385 foveam,
1386 2338 1543 2377 uuam
1571 2324 1706 2391 patri
1741 2324 1864 2376 hos-

275 2414 444 2465 t.liter
473 2411 636 2477 fodit,
665 2409 875 2465 imidit.
905 2411 1046 2464 Misit
1076 2412 1234 2480 igitur
1265 2411 1478 2465 nuntios
1521 2414 1584 2465 ad
1632 2412 1864 2466 Cblodo-

278 2519 360 2560 ve.
383 2505 510 2558 hum
554 2519 754 2573 regem,
787 2503 854 2558 de
905 2504 1068 2573 patris
1111 2504 1260 2557 obitu
1316 2505 1648 2569 nuntiantes,
1703 2514 1865 2574 atque

279 2597 563 2651 dicentes:
599 2594 756 2649 Pater
786 2609 934 2649 meus
966 2604 1204 2648 mortuus
1236 2603 1339 2658 est,
1369 2605 1420 2648 et
1465 2609 1563 2665 ego
1588 2596 1866 2650 thesauros

279 2702 402 2741 cum
450 2701 615 2755 regno
639 2686 756 2754 ejus
786 2700 946 2754 penes
978 2701 1062 2739 me
1096 2685 1286 2740 habeo.
1319 2684 1496 2756 Dirige
1528 2694 1645 2739 tuos
1667 2687 1732 2740 ad
1757 2702 1863 2753 me,

282 2790 341 2834 et
369 2794 433 2835 ea
467 2794 586 2848 qua:
617 2778 708 2832 tibi
741 2779 808 2833 de
839 2779 1102 2832 thesauris
1133 2777 1275 2831 illius
1308 2778 1539 2847 placent,
1591 2780 1730 2832 bona
1774 2793 1867 2832 vo-

285 2872 493 2924 luntate
534 2870 911 2924 transmittam.
958 2869 1023 2923 Et
1071 2869 1160 2923 ille
1191 2887 1204 2923 :
1236 2868 1477 2932 Gratias,
1525 2870 1718 2938 inquit,
1763 2877 1868 2923 tua:

287 2963 545 3016 \oluntati
574 2977 694 3031 ago,
721 2970 776 3014 et
800 2975 926 3027 rogo
949 2971 1003 3014 ut
1035 2961 1370 3015 venientibus
1417 2958 1613 3014 nos1ris
1662 2959 1869 3027 patefa-

283 3056 422 3119 cias,
453 3064 644 3108 cuncta
690 3052 804 3121 ipse
836 3052 1086 3119 deinceps
1118 3065 1480 3121 possessttrus.
1522 3050 1724 3116 Quibus
1779 3065 1869 3104 ve-

1963 1867 2067 1921 cita
2096 1877 2249 1920 erant
2279 1867 2329 1920 in
2362 1866 2530 1922 oculis
2558 1865 2700 1934 CjtlS.

2036 1958 2174 2012 XLI.
2232 1957 2475 2011 Postharc
2521 1958 2585 2011 ad
2639 1956 2984 2011 Clararicum
3033 1968 3210 2024 regem
3260 1950 3288 1992 ά
3333 1953 3539 2024 dirigit.

1966 2047 2189 2114 Quando
2219 2057 2393 2101 autem
2422 2061 2542 2100 eum
2575 2046 2782 2115 Siagrio
2815 2045 3084 2114 pugnavit,
3113 2045 3201 2099 hic
3225 2042 3543 2098 Chararicus

1963 2148 2216 2195 evocatus
2237 2138 2302 2192 ad
2327 2139 2577 2192 solatium
2602 2137 2708 2209 [ΑΙ.
2735 2137 3011 2208 auxilium]
3033 2136 3390 2192 Cltlodoveclti
3415 2137 3546 2191 emi-

1969 2245 2068 2284 nus
2097 2229 2277 2294 stetit,
2308 2241 2549 2283 neutram
2579 2229 2836 2296 adjuvans
2867 2239 3069 2297 partem
3097 2267 3112 2293 ,
3153 2228 3245 2282 sed
3299 2235 3545 2282 eventum

1971 2326 2049 2378 rei
2081 2334 2425 2393 exspectans,
2456 2334 2509 2378 ut
2541 2323 2624 2377 cui
2655 2325 2892 2377 eveniret
2921 2323 3161 2387 victoria,
3193 2339 3311 2378 cum
3361 2323 3451 2377 illo
3496 2335 3547 2379 et

1972 2416 2057 2470 hic
2083 2415 2369 2470 amicitiam
2389 2416 2683 2485 colligaret.
2712 2416 2790 2469 Ob
2819 2417 2954 2469 hanc
2976 2429 3188 2470 causam
3217 2427 3401 2470 contra
3425 2431 3548 2470 eum

1973 2508 2254 2575 ind'guaus
2282 2506 2689 2561 CiliOtitWeChllS
2718 2505 2872 2570 abiit,
2923 2519 3080 2575 quem
3120 2506 3547 2560 circumventum

1972 2599 2108 2654 dolis
2133 2601 2274 2668 cepit
2300 2613 2419 2653 cum
2453 2600 2579 2660 filio,
2613 2601 2923 2665 vinctosque
2953 2595 3203 2663 tetendit,
3254 2605 3309 2651 et
3344 2595 3548 2651 Chara-

1975 2691 2139 2745 ricum
2162 2691 2376 2758 quidem
2407 2691 2802 2760 presbyterum,
2835 2690 2998 2744 lilium
3037 2702 3168 2744 veto
3211 2689 3328 2757 ejus
3371 2689 3550 2743 diaco-

1977 2797 2096 2837 nem
2124 2783 2356 2836 ordinari
2383 2782 2556 2850 jubet.
2585 2782 2832 2851 Cumque
2858 2781 2970 2851 98
2999 2777 3316 2835 Chararicus
3343 2782 3410 2835 de
3456 2783 3552 2835 hu-

1977 2874 2200 2928 mili-tate
2226 2888 2319 2927 sua
2343 2882 2761 2943 conquereretur
2779 2884 2830 2927 et
2855 2873 3026 2939 ﬂeret,
3052 2872 3190 2927 filius
3214 2874 3327 2942 ejus
3354 2872 3552 2927 dixisse

1977 2965 2145 3022 fertur
2177 2981 2190 3016 :
2226 2963 2282 3018 In
2314 2964 2490 3028 viridi,
2521 2965 2709 3033 inquit,
2756 2964 2902 3034 ligno
2945 2966 3026 3019 lite
3070 2963 3283 3018 frondes
3330 2968 3551 3018 succisae

1977 3067 2134 3116 sunt.
2167 3070 2266 3111 nec
2296 3055 2517 3110 omnino
2560 3065 2832 3121 arescunt,
2865 3056 2958 3109 sed
3003 3056 3253 3109 velociter
3282 3064 3553 3124 emergeut

287 3145 562 3201 aientibus
589 3147 686 3198 iste
717 3144 882 3212 patris
931 3141 1208 3197 thesauros
1239 3142 1443 3210 pandit.
1486 3140 1584 3207 Qui
1631 3139 1756 3193 dum
1789 3139 1869 3193 di-

1985 3158 2041 3203 ttt
2066 3162 2312 3206 crescere
2333 3156 2571 3215 queant:
2619 3147 2819 3201 utinam
2865 3157 2969 3200 tam
3016 3147 3271 3200 velociter
3308 3147 3396 3215 qui
3442 3147 3554 3200 haec

290 3252 448 3293 versa
477 3239 831 3305 respicerent,
862 3235 937 3290 ait
968 3250 982 3289 :
1019 3236 1072 3289 In
1125 3235 1264 3289 hinc
1317 3234 1624 3288 arcellulam
1680 3231 1871 3308 solitus

286 3341 404 3387 erat
437 3342 585 3399 pater
614 3344 765 3384 meus
795 3327 1114 3384 nomismata
1143 3327 1256 3380 auri
1282 3338 1591 3395 congerere.
1617 3321 1870 3389 Immitte,

289 3427 542 3494 inquiunt
570 3424 667 3490 illi,
714 3437 928 3477 manum
987 3431 1130 3473 tuam
1183 3434 1350 3498 usque
1398 3420 1463 3472 ad
1523 3417 1764 3481 fundum,
1819 3427 1875 3471 ut

287 3526 482 3570 cuncta
502 3514 756 3585 reperias.
781 3515 885 3583 97
911 3511 1061 3580 Quod
1085 3526 1204 3566 cum
1231 3511 1465 3574 fecisset,
1491 3520 1543 3565 et
1560 3520 1701 3565 esset
1723 3509 1876 3564 valde

284 3609 555 3672 declines,
589 3620 724 3660 unus
753 3607 952 3660 elevata
986 3619 1144 3658 manu
1190 3603 1472 3672 bipennem
1507 3602 1731 3656 cerebro
1757 3599 1876 3669 ejus

289 3698 442 3753 illisit
473 3713 488 3750 :
512 3705 568 3752 et
595 3697 672 3750 sic
702 3710 818 3764 quae
848 3695 900 3750 in
925 3705 1126 3764 patrem
1155 3703 1336 3764 egi-rat
1358 3693 1603 3762 indignus
1631 3693 1874 3746 incurrit.

285 3789 444 3856 Quod
468 3788 690 3843 audiens
713 3786 1139 3850 Chlodovechus,
1167 3787 1306 3854 quod
1333 3785 1539 3840 scilicet
1562 3783 1876 3840 interfectus

286 3889 440 3934 esset
468 3877 762 3948 S‘gibertus
785 3887 841 3932 et
873 3877 1012 3932 filius
1039 3878 1179 3946 ejus,
1213 3879 1263 3930 iu
1293 3877 1541 3931 eumdem
1566 3878 1740 3932 locum
1781 3877 1878 3932 ad-

293 3975 545 4032 veniens,
575 3981 835 4025 convocat
863 3985 1074 4024 onmem
1119 3972 1370 4039 pepulum
1421 3971 1591 4037 illum,
1643 3972 1828 4026 dicens
1861 3986 1875 4026 :

295 4066 494 4120 Audite
522 4064 648 4133 quid
679 4064 985 4133 contigerit.
1020 4063 1150 4116 Dum
1183 4079 1300 4131 ego,
1352 4063 1542 4131 inquit,
1593 4077 1688 4131 per
1732 4062 1882 4117 Scal-

291 4161 420 4212 dem
451 4157 669 4210 fluvium
694 4158 846 4225 navig
886 4170 1018 4220 rem,
1051 4156 1423 4219 Chludericus,
1455 4155 1595 4208 ﬂius
1641 4152 1880 4223 parentis

293 4314 438 4370 idem
472 4311 632 4368 fuerit
659 4327 778 4367 esse
808 4314 1083 4367 consulem
1113 4327 1173 4366 ac
1202 4313 1603 4380 imperatorem,
1653 4319 1727 4372 et,
1749 4379 1754 4380 ί
1775 4319 1884 4364 tes-

296 4396 445 4440 tante
474 4385 800 4450 Theophane
829 4384 881 4436 in
916 4384 1132 4437 historia
1165 4379 1417 4447 Miscella,
1451 4397 1572 4451 cap.
1607 4380 1693 4443 15,
1722 4379 1884 4434 Zatus

292 4456 558 4510 Lazarum
582 4469 700 4518 rex,
727 4455 1050 4522 imperatorii
1078 4455 1305 4508 nominis
1326 4454 1595 4507 consortio
1617 4467 1644 4503 a
1670 4451 1882 4506 JuStino

1981 3243 2129 3306 fecit,
2161 3241 2407 3304 intereat.
2441 3240 2592 3308 Quod
2622 3241 2842 3296 verbum
2874 3239 3050 3294 sonuit
3099 3240 3151 3292 in
3192 3254 3350 3295 aures
3389 3240 3555 3293 Chlo-

1978 3333 2225 3400 dovcehi,
2256 3331 2394 3400 quod
2427 3331 2634 3386 scilicet
2659 3331 2995 3386 minarentur
3035 3330 3133 3384 sibi
3181 3330 3455 3384 cmsarieni
3488 3329 3554 3382 ad

1979 3425 2332 3482 crescendum
2360 3425 2560 3490 laxare,
2593 3424 2872 3493 ipsumque
2895 3424 3214 3478 interficere.
3241 3423 3307 3477 At
3329 3422 3417 3477 ille
3442 3422 3556 3494 jusv

1978 3519 2050 3574 sit
2081 3534 2174 3575 eos
2207 3521 2403 3588 pariter
2430 3518 2604 3586 capite
2633 3516 2812 3586 plecti.
2839 3516 3042 3584 Quibus
3063 3516 3308 3581 mortuis,
3337 3532 3556 3586 regnum

1982 3625 2170 3666 eorum
2202 3623 2322 3664 cum
2355 3610 2622 3663 thesauris
2650 3615 2706 3662 et
2737 3607 2929 3676 populo
2957 3606 3259 3674 acquisivit.
3432 3593 3436 3598 ’

2058 3701 2217 3756 XLII.
2241 3701 2377 3756 Erat
2405 3710 2581 3754 autem
2610 3710 2738 3754 tunc
2790 3698 3188 3767 Ragnachatius
3220 3709 3244 3738 ε’
3279 3714 3369 3754 rex
3417 3701 3554 3767 apud

1983 3790 2357 3858 Camaracum,
2396 3801 2502 3846 tam
2534 3790 2753 3846 effrenis
2786 3790 2836 3845 in
2868 3790 3099 3854 luxuria,
3127 3799 3186 3848 ut
3218 3790 3302 3845 vix
3333 3791 3413 3845 vel
3442 3807 3559 3859 pru-

1986 3882 2198 3953 pinquis
2246 3884 2462 3952 quidem
2513 3883 2826 3952 parentibus
2874 3882 3195 3952 indulgeret.
3242 3881 3290 3937 Is
3337 3882 3560 3940 habebat

1987 3977 2276 4030 Farronem
2309 3973 2728 4040 ‘consiliarium,
2743 3975 2902 4028 simili
2923 3974 3177 4043 spurcitia
3201 3973 3514 4030 lutulentum
3542 3995 3556 4028 :

1986 4065 2054 4120 de
2079 4081 2186 4135 quo
2218 4065 2416 4131 fertur,
2450 4081 2571 4119 cum
2614 4064 2810 4132 aliquid
2863 4074 2952 4117 aut
2991 4065 3117 4130 cibi,
3163 4073 3255 4118 aut
3297 4067 3556 4132 muneris,

1986 4159 2066 4212 vel
2091 4155 2377 4225 cujuslibet
2403 4170 2477 4209 rei
2503 4154 2612 4224 regi
2634 4153 2850 4207 allatum
2877 4153 3081 4220 fuisset,
3105 4154 3282 4209 dicere
3301 4156 3514 4209 solitum
3543 4172 3560 4209 :

2057 4312 2084 4353 δ
2124 4312 2225 4368 Alii
2265 4321 2318 4367 et
2347 4311 2502 4376 infra,
2535 4309 2865 4380 Burcouiam.
2900 4308 3132 4363 Bucouia
3161 4309 3290 4364 silva
3328 4301 3559 4368 celebris

1988 4383 2324 4454 postmodum
2366 4383 2458 4436 fuit
2489 4382 2558 4437 ob
2602 4384 2979 4454 monasterum
3012 4380 3293 4454 Euideuse,
3326 4386 3462 4450 quod
3487 4386 3558 4439 ibi

1987 4450 2050 4509 ad
2084 4453 2298 4507 Fuldam
2328 4469 2536 4507 amnem
2565 4453 2801 4506 condidit
2825 4451 2880 4506 S.
2914 4450 3213 4506 Bonifacius
3258 4453 3561 4508 Germania:

293 4528 622 4595 imperatore
657 4526 897 4589 obtento,
930 4539 1176 4595 coronam
1226 4534 1407 4592 postea
1450 4537 1500 4576 et
1541 4522 1874 4595 chlamydem
1909 4536 1957 4594 ι)
1985 4525 2278 4591 apostolus,
2307 4524 2740 4593 archiepiscopus
2773 4523 3106 4595 Moguntiuus
3135 4531 3190 4595 et
3233 4533 3434 4595 martyr
3462 4542 3562 4580 sa:-

293 4592 697 4664 imperatoriam
731 4596 1034 4664 gestaverit.
1069 4594 1307 4648 Valesius
1336 4604 1510 4664 autem
1543 4593 1678 4645 libro
1696 4609 1741 4645 Vl
1772 4592 1871 4645 lie-

291 4663 412 4721 rum
445 4665 662 4726 Frane.,
693 4663 914 4718 consulis
934 4665 1152 4718 nomine
1183 4666 1264 4718 hic
1292 4663 1512 4730 intelligi
1542 4672 1683 4731 putat
1714 4664 1874 4731 patri-

290 4738 460 4790 ciatus
487 4736 829 4802 dignitatem,
863 4751 982 4804 qure
1013 4746 1193 4804 postea
1225 4735 1290 4788 ad
1335 4733 1874 4804 CarolumMagnum

273 4809 471 4862 delata
501 4805 617 4858 fuit.
647 4804 804 4859 Favet
834 4803 956 4858 huic
982 4803 1258 4859 sententiae
1289 4807 1468 4867 titulus
1500 4803 1688 4871 capit’s
1717 4805 1769 4856 in
1798 4804 1879 4856 in-

291 4879 412 4931 dice
429 4877 602 4930 etiam
639 4876 1113 4930 vetustissimorum
1144 4876 1382 4930 codicum
1403 4917 1415 4935 .
1447 4874 1536 4944 qui
1567 4876 1645 4928 sic
1695 4875 1874 4935 habet,

293 4949 370 5002 De
391 4947 668 5015 patriciam
697 4945 990 4999 Cft'odovei.
1027 4947 1189 4999 Porro
1214 4947 1275 4999 ad
1311 4956 1506 4999 nostra:
1545 4945 1712 4998 sancti
1743 4944 1878 4998 Ger-

292 5019 438 5072 mani
471 5032 499 5068 a
533 5017 706 5069 Pratis
759 5016 990 5070 basilicae
1040 5015 1256 5085 januain
1309 5016 1566 5082 majorem
1596 5023 1882 5085 supersunt

295 5091 456 5142 etiam
503 5101 646 5140 nunc
697 5097 902 5140 veteres
969 5084 1166 5154 aliquot
1221 5101 1403 5155 regum
1458 5084 1884 5152 pritnm'stirpis

294 5167 508 5219 statuae,
532 5174 652 5224 qua:
673 5158 771 5210 sub
790 5156 1081 5210 Chlodovei
1111 5161 1388 5225 nepotibus
1407 5157 1626 5223 sculpta:
1651 5157 1880 5217 fuerunt,

297 5231 439 5283 inter
467 5243 600 5296 quas
630 5236 802 5280 exstat
829 5243 931 5280 una
954 5227 1320 5281 Chlodoveum
1350 5236 1739 5294 reprmseutaus
1764 5241 1882 5279 ves-

300 5300 542 5351 timentis
568 5299 938 5351 consularibus
967 5299 1268 5352 redimitum
1287 5341 1301 5364 ,
1332 5314 1452 5352 cum
1485 5300 1672 5351 baculo
1718 5297 1882 5366 hypa-

299 5372 428 5433 lico,
458 5384 616 5436 quem
645 5383 803 5420 manu
833 5379 1026 5436 gestat.

371 5450 396 5476 ει
427 5438 541 5492 Hoc
567 5448 727 5506 caput
751 5441 900 5492 deest
931 5441 982 5491 in
1017 5440 1216 5493 Bellov.
1246 5449 1300 5492 et
1324 5440 1484 5492 Corb.
1515 5440 1570 5492 In
1602 5438 1753 5492 Colb.
1783 5451 1879 5490 au-

296 5520 409 5565 tem
438 5510 664 5562 habetur
693 5509 794 5560 alia
828 5524 1006 5568 manu,
1035 5511 1277 5577 quamvis
1307 5511 1542 5577 antiqua,
1569 5511 1618 5562 in
1646 5511 1880 5576 margine

297 5580 652 5646 descriptum.
691 5579 877 5646 liegm.
923 5580 1001 5632 sic
1032 5580 1211 5643 habet,
1243 5580 1535 5647 Denique...
1568 5589 1741 5632 octavo
1772 5586 1882 5644 post

301 5652 367 5705 S.
396 5650 685 5702 Martinam
717 5651 826 5702 loco
855 5649 1174 5718 Theodorus,
1207 5661 1309 5703 etc.
1338 5651 1431 5703 Htc
1459 5659 1637 5706 tamen
1663 5650 1781 5705 aliis
1830 5649 1883 5704 itt

300 5724 437 5779 locis
458 5721 674 5788 dicitur,
700 5729 759 5774 ut
787 5721 840 5775 in
867 5723 1073 5777 caeteris
1100 5721 1254 5779 Codd.
1282 5720 1528 5776 Licinius.
1656 5748 1675 5776 ο

1983 4597 2103 4651 culo
2134 4604 2342 4649 octavo.
2378 4595 2505 4648 Erat
2533 4599 2692 4648 etiam
2725 4592 2951 4647 Buronia
2979 4594 3109 4647 silva
3146 4593 3284 4647 haud
3317 4592 3498 4661 procul
3530 4613 3560 4654 a

1977 4667 2198 4721 Colonia
2250 4665 2554 4734 Agrippina,
2593 4678 2710 4734 qua:
2754 4663 2968 4732 propior
3014 4661 3186 4719 Scaldi
3236 4663 3401 4719 fluvio
3447 4677 3564 4721 erat

1979 4751 2137 4807 quam
2171 4736 2425 4807 Buconia.

2055 4818 2077 4844 ε
2114 4807 2251 4860 Editi
2286 4805 2524 4874 plerique
2570 4819 2688 4858 cum
2722 4803 2871 4865 Bec..
2915 4803 3118 4871 palmis,
3167 4803 3348 4858 Gallos
3392 4808 3560 4860 armis

1980 4891 2304 4945 concrepare
2315 4873 2653 4929 cons’uevisse
2665 4889 2783 4928 cum
2798 4873 2946 4945 ducis
2960 4873 3041 4926 sui
3059 4874 3354 4945 orationem
3380 4890 3565 4942 appro-

1985 4943 2193 5009 barent,
2223 4947 2475 5000 observat
2518 4945 2756 4998 Valesius
2784 4959 2844 4997 ex
2881 4943 2967 4997 ltb.
3002 4958 3072 4996 vlt
3102 4944 3403 4999 Comment.
3435 4945 3562 5001 Julii

1989 5017 2212 5072 Cassaris
2251 5016 2317 5069 de
2349 5016 2487 5069 bello
2512 5015 2734 5069 Gallico.
2761 5013 2900 5067 Idem
2924 5013 3078 5066 habet
3101 5013 3314 5069 Tacitus
3336 5017 3402 5070 de
3431 5018 3566 5072 Ger-

1989 5088 2179 5150 manis,
2207 5096 2260 5140 et
2287 5086 2597 5140 Ammianus
2624 5085 2954 5137 Marcellinus
2980 5088 3045 5136 de
3075 5083 3347 5140 Romanis.

2059 5155 2086 5194 ά
2118 5157 2171 5210 Itt
2216 5159 2462 5226 omnibus
2490 5157 2654 5208 ferme
2683 5169 2810 5226 mss.
2830 5153 2990 5226 deest
3045 5154 3159 5226 tunc
3208 5171 3328 5218 vox,
3375 5173 3560 5226 regem.

1990 5227 2085 5281 llic
2114 5240 2288 5280 tamen
2321 5225 2456 5277 intra
2501 5239 2720 5291 regnum
2760 5223 3005 5277 habuisse
3046 5224 3258 5278 dieitur.
3305 5223 3566 5280 Malui-un-

1987 5297 2198 5421 fusdlill).
2237 5311 2296 5361 tt,
2324 5311 2441 5363 cap.
2476 5294 2580 5361 58,
2621 5294 2966 5352 Charaticum
3020 5295 3339 5350 Morinorum
3388 5308 3564 5365 regem

2009 5384 2073 5421 au
2114 5382 2143 5420 a
2176 5405 2191 5421 .

1988 5369 2191 5424 laudat.

2063 5448 2087 5475 ⁸
2121 5437 2276 5499 Bell.,
2331 5435 2643 5505 Ragnarius.
2699 5436 2909 5504 Regm.,
2966 5434 3333 5489 Ranae/rarius.
3386 5434 3562 5502 Colb.,

1993 5509 2365 5574 Raqenharius.
2413 5511 2567 5575 tieg.,
2597 5507 2998 5576 fiegnachariur.

2067 5573 2089 5616 τ
2119 5579 2220 5632 Alii
2251 5592 2369 5631 cum
2399 5573 2583 5638 Corb.,
2617 5573 2906 5640 Faronem;
2937 5576 3195 5638 nonnulli,
3230 5573 3564 5630 Pharronem.

1995 5650 2069 5773 ge
2099 5649 2393 5772 Saronibus
2419 5648 2541 5704 vide
2567 5647 2703 5703 infra
2736 5656 2892 5703 notas
2941 5648 2995 5701 in
3041 5661 3160 5715 Cap.
3211 5645 3273 5698 tl
3318 5645 3570 5706 Cltroujci

2042 5733 2098 5773 re
2138 5734 2320 5773 eaartt.

2042 5733 2320 5788 redegeru.
