3994 6332
400 401 511 461 283

1419 401 1478 462 S.
1520 399 1851 459 GltEGORll
1896 397 2685 459 EPISCOPITURONENSIS

3596 406 3705 462 234

401 541 679 600 Eutrasius
745 537 1100 598 duodecimus
1159 540 1445 611 episcopus
1498 539 1818 596 habebatur.
1891 539 1989 596 llic

2105 514 2283 583 prailio
2312 525 2594 584 superatos
2617 514 2903 586 opprimit,
2942 530 3268 589 omnemque
3309 517 3548 589 rapinam
3586 531 3696 577 ter-

399 644 629 705 quatuor
655 648 827 690 annos
859 642 982 704 post
1024 634 1387 691 Chlodovecbi
1419 633 1623 688 obitum
1654 633 1822 700 vixit,
1848 634 1992 689 vice-

400 727 540 780 simo
566 725 754 794 quinto
782 724 1132 797 episcopatus
1181 725 1264 780 sui
1313 739 1456 779 anno
1495 725 1781 780 transiens.
1822 725 1990 780 Cum-

405 833 508 884 que
540 820 769 888 populus
817 830 1062 874 sanctum
1101 818 1447 886 Quintianum
1476 861 1491 885 ,
1520 820 1610 889 qui
1649 819 1717 874 de
1744 818 1993 874 Rutheno

404 909 831 980 ejectusfuerat,
867 910 1161 980 elegisset,
1233 909 1476 965 Alchima
1536 919 1589 964 et
1639 909 1909 964 Placidina
1941 917 1988 976 ⁸,

404 1021 538 1058 uxor
566 1019 825 1074 sororque
854 1003 1179 1073 Apollinaris
1199 1045 1214 1069 ,
1245 1002 1311 1057 ad
1357 1011 1600 1058 sanctum
1647 1003 1991 1069 Quintianum

402 1096 712 1162 venientes,
758 1095 985 1152 dicunt:
1034 1093 1296 1159 Sufficiat,
1341 1094 1560 1149 domine
1603 1101 1809 1161 sancte,
1839 1108 1995 1148 sene-

400 1188 531 1242 ctuti
565 1196 708 1254 ture,
755 1187 896 1256 quod
940 1201 1000 1242 es
1040 1187 1327 1256 episcOpus
1351 1185 1651 1240 ordinatus.
1694 1185 1994 1250 Permittat,

402 1277 675 1348 inquiunt,
699 1279 871 1349 pietas
895 1287 980 1333 tua
1003 1292 1162 1333 servo
1195 1287 1286 1332 tuo
1318 1278 1608 1345 Apollinari
1634 1278 1809 1332 locum
1838 1276 1996 1347 hujus

401 1371 625 1428 honoris
673 1371 916 1442 adipisci.
971 1371 1064 1426 llie
1116 1385 1246 1425 vero
1303 1385 1423 1424 cum
1471 1369 1536 1424 ad
1595 1370 1736 1424 hunc
1787 1369 1994 1438 apicem

404 1461 710 1518 ascenderit
738 1503 753 1529 ,
786 1462 924 1517 sicut
972 1461 1064 1516 tibi
1116 1461 1369 1530 placitum
1419 1460 1597 1526 fuerit,
1629 1461 1991 1528 obsequetur:

401 1564 459 1608 tu
489 1569 702 1624 quoque
729 1553 1020 1624 imperabis
1043 1594 1060 1620 ,
1079 1564 1146 1609 .et
1169 1553 1258 1609 ille
1287 1563 1393 1607 tuae
1426 1553 1634 1623 parebit
1671 1554 1721 1606 in
1747 1551 1998 1606 omnibus

400 1645 668 1716 jussioni:
702 1652 908 1699 tantum
959 1653 1016 1698 ut
1064 1643 1253 1699 humili
1301 1641 1627 1713 suggestioni
1680 1651 1876 1697 nostra:
1903 1658 1996 1697 au-

402 1752 516 1791 tem
579 1746 685 1792 tute
741 1736 1089 1805 benignitatis
1142 1736 1539 1790 accommodes;
1601 1735 1807 1802 Quibus
1861 1733 1993 1790 ille:

402 1827 540 1893 Quid
567 1841 688 1898 ego,
733 1827 933 1896 inquit,
961 1826 1260 1896 praestabo,
1293 1823 1444 1893 cujus
1477 1825 1724 1894 potcStazi
1748 1824 1883 1878 nihil
1913 1831 1995 1878 est

2098 621 2170 660 rae
2191 607 2440 662 restituit.

2173 696 2258 752 lV.
2303 695 2472 752 Porro
2497 707 2621 753 tunc
2660 697 2800 767 apud
2833 697 3162 768 Thoringos,
3205 710 3315 756 tres
3341 701 3537 760 fratres
3567 720 3694 777 reg-

2097 805 2222 844 num
2254 792 2428 861 gcntis
2454 790 2598 845 illius
2628 792 2965 846 retinebant:
3009 792 3059 845 id
3089 803 3172 848 est
3195 794 3482 853 Badericus
3504 840 3518 862 ,
3553 799 3695 854 Iler-

2098 881 2433 938 mencfridus
2463 882 2512 949 ά,
2540 893 2699 952 atque
2743 884 3074 940 Bertharius.
3122 886 3359 960 Drnique
3391 891 3696 949 llermene-

2097 973 2267 1026 fridus
2324 974 2662 1030 Bertharium
2730 977 2948 1031 fratrem
3020 995 3182 1036 suum
3235 983 3285 1037 vi
3339 987 3690 1055 opprimens,

2105 1064 2398 1122 interfecit.
2437 1068 2487 1123 ls
2519 1069 2754 1125 moriens
2781 1071 3162 1143 Badegundem
3192 1074 3356 1130 ﬁliam
3387 1078 3689 1148 orphanam

2098 1158 2385 1228 dereliquit
2410 1175 2422 1213 :
2453 1161 2667 1229 reliquit
2689 1174 2866 1218 autem
2898 1174 2951 1218 et
2977 1165 3109 1220 alios
3133 1165 3291 1235 ﬁlios,
3320 1167 3388 1222 de
3414 1170 3608 1239 quibus
3637 1172 3692 1227 in

2097 1251 2446 1320 sequentibus
2517 1253 2839 1308 scribemus.
2906 1256 3059 1327 107
3113 1256 3505 1315 llermenefridi
3560 1278 3692 1319 vero

2099 1355 2234 1395 uxor
2264 1341 2444 1411 iniqua
2485 1351 2646 1413 atque
2693 1345 2926 1402 crudelis
2950 1387 2965 1412 ,
3004 1350 3354 1420 Amalaberga
3389 1360 3412 1389 ο
3446 1355 3691 1425 ηοηιίηε,

2099 1433 2241 1487 inter
2270 1433 2367 1490 hos
2395 1436 2586 1490 fratres
2615 1435 2813 1493 bellum
2843 1440 3001 1496 civile
3027 1442 3361 1500 disseminat.
3416 1445 3545 1501 Nam
3593 1464 3692 1504 vc-

2100 1524 2256 1580 niens
2285 1527 2511 1596 quadarn
2560 1528 2648 1584 die
2695 1532 2761 1585 ad
2800 1533 3108 1587 convivium
3138 1536 3218 1589 vir
3247 1535 3395 1603 ejus,
3447 1554 3691 1594 mensam

2104 1618 2336 1674 mediam
2367 1630 2610 1690 opertam
2645 1625 2868 1692 reperit.
2909 1626 3152 1696 Cumque
3186 1644 3406 1685 uxorem
3429 1632 3556 1701 quid
3587 1633 3692 1688 sibi

2103 1708 2205 1764 hoc
2235 1710 2363 1764 velit
2384 1712 2757 1783 interrogaret,
2786 1719 3064 1786 respondit
3090 1736 3102 1771 :
3137 1720 3267 1786 Qui,
3299 1723 3491 1791 inquit,
3523 1738 3551 1776 a
3577 1739 3693 1778 me-

2100 1801 2190 1856 dio
2220 1816 2385 1872 regno
2410 1806 2689 1874 spoliatur,
2723 1807 2877 1863 decet
2922 1824 3042 1864 eum
3086 1826 3287 1867 mensae
3329 1815 3560 1869 medium
3594 1816 3692 1870 ha-

402 1894 716 1976 subditmn?
746 1894 1133 1976 Sdfﬁcitﬁcnim
1168 1928 1220 1973 ut
1253 1919 1482 1973 orationi
1511 1931 1706 1971 vacans
1730 1915 1994 1986 quotidia-
2027 1901 2074 1962 Β
2105 1894 2234 1948 bere
2258 1894 2535 1950 ηυάθῑυῐηο
2557 1897 2773 1954 Talibus
2796 1910 2857 1955 Cl‘
2877 1902 2960 1956 his
2986 1903 3248 1958 Similibus
3272 1905 3362 1959 ille
3392 1917 3690 1974 permotus.

403 2030 529 2069 num
563 2013 694 2068 mihi
725 2014 922 2069 victum
974 2021 1193 2082 praestet
1236 2012 1500 2067 Ecclesia.
1541 2011 1650 2066 lllze
1676 2020 1850 2065 autem
1883 2009 1999 2067 haec

403 2105 726 2172 audientes,
773 2101 1138 2172 Apollinarem
1187 2104 1345 2174 106
1397 2103 1463 2156 ad
1511 2114 1690 2173 regem
1738 2104 1996 2173 dirigunt.

406 2198 509 2264 Qui
542 2195 730 2251 abiens
750 2240 765 2265 ,
797 2195 992 2251 oblatis
1021 2195 1203 2249 multis
1231 2196 1574 2263 muneribus,
1604 2197 1657 2249 in
1685 2196 1996 2264 episeOpatu

405 2293 662 2347 successit
692 2309 706 2346 :
737 2305 841 2362 quo
866 2297 1090 2359 quatuor
1111 2288 1336 2342 abutens
1368 2288 1665 2354 mensibus,
1695 2289 1942 2355 migravit
1965 2303 1997 2344 a

408 2383 632 2438 sarculo.
650 2384 780 2437 Cum
803 2391 980 2436 autem
999 2381 1112 2435 hmc
1132 2379 1470 2435 'l‘heuderico
1485 2382 1724 2434 nuntiata
1749 2379 1994 2447 fuissent,

400 2475 560 2546 jussit
606 2474 732 2528 inibi
763 2480 1007 2529 sanctum
1060 2471 1402 2540 Quintianum
1449 2472 1739 2537 conStitui,
1785 2481 1841 2527 et
1881 2487 1996 2526 om-

400 2583 526 2626 nem
554 2566 604 2623 ei
636 2574 954 2636 potestatem
1006 2565 1144 2619 tradi
1199 2564 1454 2620 Ecclesiae
1478 2605 1494 2630 ,
1534 2565 1760 2620 dicens:
1804 2565 1899 2620 llic
1926 2564 1996 2620 ob

404 2661 573 2716 nostri
601 2659 802 2714 amoris
829 2658 1001 2714 zelum
1032 2659 1098 2713 ab
1121 2657 1255 2712 urbe
1286 2671 1380 2712 sua
1411 2658 1613 2725 ejectus
1640 2667 1744 2713 est.
1787 2657 1853 2712 Et
1880 2667 1994 2712 sta-

401 2753 497 2808 tim
529 2751 720 2807 directi
744 2751 937 2815 nuntii,
970 2749 1285 2805 convocatis
1321 2748 1663 2818 pontificibus
1693 2758 1746 2804 et
1775 2749 1991 2819 populo,

405 2857 531 2900 cum
559 2841 612 2897 in
637 2841 949 2897 cathedram
975 2842 1228 2896 Arverna!
1261 2839 1517 2894 Ecclesiae
1543 2841 1873 2908 locaverunt,
1905 2839 1993 2911 qui

402 2943 628 3004 quartus
667 2933 909 2989 decimus
941 2932 1015 2987 illi
1050 2931 1307 2988 Ecclesiae
1348 2931 1668 3001 praepositus
1699 2942 1801 2987 est.
1844 2931 1994 2989 Reli-

401 3043 506 3099 qua
558 3041 690 3081 vero
735 3041 855 3097 qua:
901 3025 1106 3096 gessit,
1162 3035 1268 3078 tam
1319 3024 1548 3079 vittntes
1588 3040 1746 3093 quam
1780 3033 1992 3095 tempus

403 3120 740 3192 migrationis
761 3120 876 3189 ejus
901 3160 919 3186 ,
953 3118 1152 3186 scripta
1182 3127 1307 3174 sunt
1335 3119 1387 3173 in
1418 3118 1556 3174 libro
1585 3134 1744 3190 quem
1774 3118 1840 3176 de
1876 3119 1992 3191 ejus

403 3212 522 3270 Vita
547 3211 572 3251 δ
603 3212 1022 3281 composuimus.

2102 1999 2290 2044 contra
2351 1989 2568 2045 fratrem
2626 1992 2889 2063 insurgit,
2939 2010 3003 2050 ac
3054 2012 3148 2065 per
3185 1998 3426 2053 occultos
3473 2000 3692 2055 nuntios

2099 2081 2494 2137 Theudericum
2527 2098 2708 2154 regem
2749 2085 2816 2140 ad
2847 2101 2968 2141 eum
3009 2091 3437 2159 persequendum
3478 2090 3687 2159 invitat,

2101 2173 2287 2228 dicens
2313 2191 2324 2228 :
2358 2174 2416 2230 Si
2443 2174 2583 2229 hunc
2614 2175 2894 2245 interficis,
2924 2180 3198 2249 regionem
3232 2181 3366 2235 hanc
3399 2182 3511 2251 pari
3542 2193 3691 2238 sorte

2100 2268 2422 2325 dividemus.
2467 2271 2560 2326 llle
2606 2281 2781 2326 autem
2829 2274 3043 2343 gavisus
3067 2315 3082 2341 ,
3131 2274 3246 2329 haec
3274 2276 3496 2331 audiens
3524 2317 3538 2334 .
3565 2290 3690 2331 cum

2098 2363 2340 2418 exercitu
2371 2365 2436 2419 ad
2480 2379 2603 2420 eum
2650 2365 2850 2435 dirigit.
2891 2366 3284 2438 Conjunctique
3323 2368 3483 2423 simul
3523 2369 3686 2424 ﬁdem

2099 2455 2199 2510 sibi
2229 2454 2456 2511 invicem
2487 2457 2701 2525 dantes,
2734 2459 2936 2526 egressi
2969 2469 3094 2513 sunt
3131 2461 3198 2515 ad
3233 2460 3456 2514 bellum.
3487 2461 3691 2515 Confli-

2099 2557 2393 2620 gentesque
2439 2565 2560 2605 cum
2592 2549 2879 2620 Baderico,
2927 2552 3224 2609 exercitum
3273 2554 3388 2623 ejus
3429 2562 3689 2622 atterunt,

2077 2636 2382 2711 ipsumque
2432 2641 2757 2698 obtruncant
2819 2644 3032 2714 giadio:
3084 2655 3138 2701 et
3181 2644 3395 2700 obtenta
3444 2646 3688 2715 victoria,

2097 2733 2464 2789 Theudericus
2495 2735 2564 2788 ad
2610 2735 2821 2804 propria
2854 2746 2935 2791 est
2965 2751 3236 2792 reversus.
3278 2737 3526 2791 Protinus
3554 2736 3689 2793 Her-

2100 2822 2437 2878 tnenefridus
2462 2823 2660 2880 oblitus
2689 2825 2810 2881 fidei
2839 2842 2952 2881 sua:
2975 2870 2991 2895 ,
3043 2827 3182 2897 quod
3210 2827 3323 2898 regi
3349 2827 3687 2884 Theuderico

2100 2915 2383 2985 indulgere
2414 2916 2684 2986 pollicitus
2726 2927 2808 2973 est
2835 2964 2848 2987 ,
2877 2917 3101 2988 implere
3152 2918 3433 2991 despexit,
3464 2930 3689 2991 ortaque

2094 3017 2178 3065 est
2213 3009 2354 3064 inter
2385 3023 2476 3066 eos
2497 3010 2712 3080 grandis
2741 3011 3040 3067 inimicitia.

2167 3102 2236 3156 V.
2275 3102 2443 3172 Igitur
2472 3109 2684 3158 mortuo
2727 3103 3063 3159 Gundobado
3095 3102 3140 3170 π,
3187 3118 3412 3174 regnum
3453 3103 3568 3176 ejus
3596 3106 3688 3164 Si-

2103 3195 2390 3264 gimundus
2422 3195 2560 3249 ﬁlius
2587 3195 2702 3265 ejus
2729 3195 2977 3262 obtinuit,
2999 3198 3483 3268 monasteriumque
3511 3201 3688 3267 Agau-

474 3303 561 3360 ιιι⁸
605 3304 699 3359 "is
727 3269 797 3358 ίιε
845 3304 1010 3374 gestis
1036 3343 1052 3368 ,
1085 3303 1217 3358 pani
1265 3320 1385 3360 cum
1434 3269 1560 3375 τεεε
1601 3319 1722 3370 δυο,
1775 3304 1992 3360 nomine
2019 3287 2066 3350 C
2100 3303 2266 3344 nense
2287 3289 2470 3344 solerti
2501 3305 2627 3345 cura
2677 3305 2798 3346 cum
2842 3291 3088 3346 domibus
3130 3293 3469 3364 basilicisque
3513 3293 3688 3350 aediﬁ-

396 3396 808 3456 Chlnchilaicho
841 3405 899 3465 ε,
932 3405 1127 3450 evectu
1161 3395 1334 3450 navali
1368 3411 1462 3464 per
1500 3411 1649 3450 mare
1674 3396 1872 3451 Gallias
1897 3410 1992 3466 ap-

399 3497 611 3558 petunt.
654 3487 978 3558 Egressique
1008 3485 1074 3540 ad
1104 3497 1296 3551 terras,
1325 3502 1517 3556 pagum
1548 3503 1710 3541 unum
1733 3487 1801 3541 de
1826 3502 1992 3556 regno

399 3582 722 3639 Theoderici
766 3580 1260 3649 devastant.atque
1300 3581 1610 3646 captivant,
1653 3579 1993 3650 oneratisque

401 3673 628 3729 navibus
675 3682 783 3726 tam
826 3669 896 3725 de
944 3669 1172 3738 captivis
1211 3684 1368 3740 quam
1411 3669 1479 3725 de
1518 3669 1742 3739 reliquis
1783 3669 1990 3740 spoliis,

399 3767 598 3822 reverti
628 3765 692 3820 ad
727 3764 951 3835 patriam
979 3762 1221 3830 cupiunt.
1273 3762 1379 3818 Sed
1409 3778 1500 3817 rex
1531 3778 1718 3818 eorum
1761 3763 1816 3818 in
1847 3764 1995 3820 littus

400 3856 693 3921 residebat,
724 3855 894 3910 donec
947 3868 1112 3908 naves
1154 3853 1317 3908 altum
1367 3867 1516 3909 mare
1564 3855 1994 3922 comprehende-

400 3962 544 4015 rent,
576 3950 692 4018 ipse
713 3948 972 4016 deinceps
993 3957 1295 4003 secuturus.
1327 3946 1480 4014 Quod
1507 3961 1628 4001 cum
1657 3946 1994 4003 Tlteuderico

401 4043 702 4098 nuntiatum
732 4039 960 4106 fuisset,
991 4039 1136 4110 quod
1179 4039 1387 4095 scilicet
1429 4040 1578 4110 regio
1600 4040 1718 4109 ejus
1747 4040 1906 4096 fuerit
1928 4040 1996 4097 ab

404 4137 678 4193 extraneis
722 4136 1002 4191 devastata
1025 4173 1040 4197 .
1087 4132 1523 4188 Theudebertum
1559 4134 1722 4188 filium
1752 4149 1905 4189 suum
1941 4135 1992 4189 in

405 4228 525 4281 illas
583 4237 762 4296 partes
790 4241 911 4282 cum
942 4225 1120 4280 valido
1146 4225 1382 4280 exercitu
1411 4240 1473 4279 ac
1501 4241 1694 4296 magno
1723 4243 1992 4282 armorum

407 4329 665 4389 apparatu
694 4318 914 4375 direxit.
955 4317 1054 4384 Qui
1103 4317 1386 4373 interfecto
1428 4332 1576 4387 rege,
1618 4317 1801 4374 hostes
1821 4317 1995 4375 navali

481 4551 509 4582 ⁸⁸
551 4540 767 4607 Regm.,
801 4539 1048 4593 Althima.
1073 4538 1237 4594 Corb.
1269 4547 1321 4592 et
1352 4539 1481 4594 Bell.
1502 4583 1513 4604 ,
1562 4537 1866 4592 Placidam.
1921 4540 1996 4596 De

407 4613 494 4667 his
540 4612 676 4665 inira
725 4624 845 4674 cap.
889 4611 978 4664 η.
1025 4609 1213 4675 Cnrb.,
1263 4609 1616 4674 Apollonaris.
1685 4611 1785 4664 Hc
1821 4611 1990 4665 sancti

2095 3382 2244 3436 cavit
2272 3391 2296 3429 ε
2319 3399 2332 3436 :
2358 3381 2444 3451 qui
2475 3383 2679 3452 perdita
2713 3384 2874 3451 priori
2906 3385 3132 3455 conjuge
3163 3384 3211 3450 δ,
3239 3386 3342 3440 ﬁlia
3367 3386 3686 3443 Theoderici

2097 3472 2241 3542 regis
2269 3472 2454 3540 Italici,
2478 3473 2544 3528 de
2564 3489 2664 3543 qua
2690 3473 2854 3528 ﬁlium
2881 3475 3108 3531 habebat
3133 3479 3348 3532 nomine
3371 3478 3683 3548 Sigiricum,

2096 3565 2255 3619 aliam
2284 3563 2436 3619 duxit
2459 3580 2714 3631 uxorem;
2747 3581 2865 3636 qua:
2896 3566 3067 3621 valide
3110 3578 3297 3622 contra
3345 3568 3511 3622 filium
3543 3569 3684 3636 ejus,

2096 3660 2238 3716 sicut
2268 3675 2618 3716 novercarum
2651 3675 2768 3716 mos
2792 3669 2897 3728 est,
2922 3659 3201 3731 malignari
3232 3677 3294 3715 ac
3317 3661 3684 3718 scandalizare

2096 3756 2278 3826 coepit.
2310 3754 2460 3810 Unde
2499 3754 2696 3810 factum
2744 3764 2827 3811 est
2851 3796 2868 3822 ,
2916 3764 2976 3809 ut
3015 3771 3116 3809 una
3146 3755 3542 3811 sulemnitatum
3569 3754 3682 3824 die,

2097 3866 2220 3906 cum
2266 3866 2397 3921 puer
2423 3865 2586 3920 super
2621 3865 2739 3905 eam
2782 3848 3096 3904 vestimenta
3129 3849 3317 3902 matris
3345 3859 3684 3917 agnosceret,

2096 3951 2396 3999 commotus
2426 3941 2551 3997 felle
2589 3941 2789 3996 diceret
2819 3940 2883 3995 ad
2907 3955 3064 3996 eam:
3117 3940 3228 3995 Non
3261 3940 3402 3994 enim
3449 3953 3568 3994 eras
3608 3939 3686 3994 di~

2096 4051 2221 4106 gna,
2251 4045 2310 4089 ut
2357 4034 2476 4089 lucc
2521 4035 2831 4089 indumenta
2881 4043 2968 4088 tua
3019 4042 3164 4102 terga
3215 4036 3585 4104 contingerent
3635 4030 3684 4101 ⁸,

2104 4128 2264 4198 108
2292 4141 2412 4195 quae
2443 4125 2677 4180 domina:
2722 4132 2825 4179 tute
2851 4166 2866 4189 ,
2898 4125 2948 4178 id
2989 4133 3071 4178 est
3103 4123 3288 4179 matris
3319 4138 3452 4179 mete
3473 4165 3488 4191 ,
3522 4123 3687 4180 fuisse

2098 4229 2412 4274 noscuntur.
2453 4218 2521 4272 At
2563 4219 2653 4274 illa
2701 4217 2885 4273 furore
2931 4232 3186 4273 succensa
3215 4262 3229 4286 ,
3260 4219 3478 4287 instigat
3506 4218 3687 4275 verbis

2097 4313 2301 4369 dolosis
2347 4312 2517 4368 virum
2563 4326 2751 4380 suum,
2802 4312 3026 4368 dicens:
3069 4311 3166 4368 llic
3211 4313 3423 4383 iniquus
3463 4327 3670 4383 regnun

2095 4553 2256 4609 quam
2286 4535 2447 4604 paulo
2476 4532 2983 4609 inferiusfl‘heudati
3007 4535 3148 4609 regis
3169 4550 3407 4592 sororem
3430 4538 3681 4604 appellat.

2174 4608 2192 4648 ί
2239 4609 2389 4662 Petra
2411 4606 2641 4675 consule,
2672 4606 2724 4662 id
2754 4616 2838 4663 est
2873 4621 3014 4661 anno
3043 4606 3183 4673 516.,
3214 4623 3280 4664 ex
3312 4609 3473 4663 Mario
3501 4613 3688 4666 Aven-

405 4681 731 4750 Apollinaris
778 4679 983 4734 Sidonii
1037 4679 1174 4734 ﬁlius
1204 4681 1331 4745 fuit,
1364 4682 1453 4749 qui
1486 4685 1850 4736 Arvernorum
1878 4682 1984 4736 dux
2024 4678 2072 4736 D
2100 4680 2314 4735 ticensi.

401 4754 580 4810 fuerat
602 4753 652 4805 in
683 4751 865 4819 praelia
905 4750 1252 4820 Vogladcnsi,
1285 4761 1434 4820 pater
1466 4753 1714 4808 Arcltadii
1736 4793 1750 4813 ,
1788 4752 1853 4805 de
1882 4768 1988 4820 quo

407 4822 546 4877 infra
579 4837 699 4887 cap.
735 4822 822 4888 1‘2,
856 4831 960 4877 etc.
1022 4821 1232 4876 Etenim
1280 4821 1334 4876 S.
1386 4821 1710 4890 Apollinaris
1736 4822 1988 4878 Sidonius

405 4911 472 4949 ex
525 4893 816 4961 Papianilla
867 4891 1009 4947 Aviti
1060 4893 1190 4958 imp.
1239 4892 1345 4945 ﬁlia
1393 4894 1577 4960 genuit
1625 4895 1883 4948 Alcimam
1934 4904 1987 4948 et

404 4962 934 5034 Apollinaremphic
971 4979 1038 5017 ex
1083 4963 1350 5018 Placidina
1385 4964 1694 5034 Arcadium.
1728 4963 1988 5020 Arcadius

400 5033 534 5089 'vero
561 5035 784 5088 alteram
817 5033 1140 5088 Placidinam
1162 5075 1178 5099 ,
1236 5049 1355 5102 quae
1386 5033 1610 5087 Leontio
1632 5034 1853 5103 junint‘i,
1891 5050 1989 5103 pn-

405 5117 530 5160 stca
550 5107 803 5175 episeopo
856 5105 1171 5175 Burdigalae,
1199 5105 1398 5172 nupsit.
1435 5103 1508 5158 De
1537 5121 1635 5171 qua
1662 5105 1984 5160 Fortunatus

403 5175 500 5232 lib.
537 5174 769 5238 i,’carm.
797 5176 884 5230 Η.
920 5175 1051 5231 Vide
1082 5174 1261 5229 Vales.
1302 5175 1395 5229 lib.
1428 5191 1497 5229 vit
1530 5175 1734 5230 Rerum
1773 5177 1989 5240 Franc.,

405 5262 529 5371 pag.
563 5247 665 5301 324
690 5286 707 5313 ,
756 5254 810 5300 et
857 5245 1128 5300 Sirmoudi
1176 5255 1333 5302 notas
1383 5247 1434 5301 in
1474 5246 1680 5304 Sidonii
1709 5247 1867 5317 epist.
1898 5250 1990 5316 15,

425 5336 437 5371 ι
483 5360 494 5370 .
529 5333 607 5370 in.

403 5319 494 5372 lib.
529 5333 607 5370 in.

479 5386 506 5426 δ
543 5389 674 5454 Cap.
707 5385 738 5440 4
765 5386 832 5442 de
858 5387 991 5442 Vitis
1019 5387 1254 5442 Patrum.

481 5470 503 5497 ο
545 5457 721 5523 Colb.,
754 5457 1094 5512 Hrodolaico.
1125 5459 1248 5512 Bec.
1282 5473 1424 5512 cum.
1452 5458 1535 5513 ed.
1557 5499 1572 5521 ,
1606 5457 1954 5513 Chochitaico.

477 5528 504 5567 οι
544 5530 636 5584 Sic
664 5529 825 5583 Corb.
860 5544 910 5583 et
939 5530 1178 5592 Bellov.;
1210 5531 1296 5583 alii
1335 5532 1491 5598 paulo
1523 5530 1680 5583 aliter
1720 5531 1993 5584 [termine-

403 5602 604 5668 [νεάτη.
643 5600 792 5654 Colb.
843 5599 1234 5666 Ermenfredus.
1285 5601 1350 5656 Et
1398 5599 1708 5656 Bertharius
1737 5601 1902 5656 semel
1933 5603 1986 5656 in

405 5673 530 5728 cod.
556 5670 718 5726 Corb.
753 5671 948 5725 dicitur
971 5668 1313 5725 Bertecarius.
1931 5716 1933 5718 .

483 5747 506 5774 °
545 5743 634 5796 Sic
662 5743 984 5797 vetustiores
1013 5741 1171 5795 codd.
1199 5758 1228 5812 ;7
1273 5742 1365 5797 alii
1407 5741 1713 5812 Amalberga
1733 5783 1747 5804 ,
1773 5752 1865 5796 aut
1896 5741 1988 5796 Al-

405 5812 668 5880 muberga.
737 5813 811 5866 Ea
852 5821 970 5868 erat
1017 5811 1362 5868 Amalafridae
1418 5813 1620 5868 sororis
1653 5811 1988 5868 Theudorici

409 5882 573 5940 italia-
597 5881 737 5954 regis
765 5881 894 5956 tilia,
921 5896 988 5943 ex
1014 5882 1277 5956 Procopio
1304 5884 1397 5944 tib.
1424 5900 1441 5944 ι
1470 5884 1674 5945 Hister.
1701 5885 1988 5971 Gottlticae,

2167 4761 2194 4799 ις
2235 4752 2553 4809 Agaunense
2601 4746 2984 4803 monasterium
3023 4747 3287 4803 Florentio
3325 4758 3373 4804 et
3415 4750 3686 4806 Anthemio

2095 4822 2410 4884 conantibus,
2437 4819 2597 4890 idest
2623 4835 2764 4873 anno
2807 4820 2912 4874 5&5
2931 4860 2946 4884 ,
2978 4834 3009 4872 a
3037 4819 3379 4890 Sigismundo
3405 4832 3688 4877 construc-

2097 4902 2205 4946 tum
2239 4893 2401 4944 fuisse
2433 4889 2590 4944 refert
2627 4890 2819 4943 Marius
2851 4889 3250 4954 Aventicensis,
3302 4892 3441 4958 quod
3474 4893 3539 4946 de
3567 4894 3686 4958 ejus

2097 4963 2432 5030 reparatione
2459 4961 2858 5029 intelligendum
2890 4974 3011 5016 esse
3052 4961 3242 5015 suadet
3266 4962 3405 5015 Aviti
3439 4962 3685 5030 humilia,

2095 5049 2214 5103 quae
2241 5033 2377 5086 dicta
2401 5032 2504 5103 fuit
2534 5032 2587 5103 in
2611 5032 2946 5103 innovatione!
2967 5032 3259 5103 monasterii
3285 5033 3467 5099 ipsius.
3511 5032 3687 5091 Situm

2098 5101 2182 5159 est
2209 5104 2261 5157 in
2289 5102 2508 5158 diceeesi
2556 5101 2853 5156 Sednnensi
2883 5101 2949 5155 ad
2995 5101 3203 5156 radices
3233 5105 3428 5158 montis
3457 5103 3517 5160 S.
3555 5105 3685 5168 [lere

2101 5175 2288 5240 nardi;
2340 5174 2568 5240 primum
2616 5173 2716 5226 sub
2758 5173 2936 5241 regula
2982 5172 3207 5240 privata,
3240 5181 3350 5226 tum
3382 5177 3480 5228 sub
3513 5176 3682 5231 Bene-

2105 5246 2301 5301 dictina
2334 5246 2421 5298 diu
2471 5244 2686 5308 ﬂoruit,
2718 5243 2931 5314 demum
2976 5241 3039 5296 ad
3081 5244 3366 5314 canonicos
3391 5245 3684 5314 Regulares

2105 5319 2412 5371 devolutum
2447 5323 2544 5368 est.
2603 5316 2674 5368 lle
2720 5313 2819 5367 hoc
2849 5313 3078 5367 diximus
3125 5313 3177 5366 in
3208 5313 3585 5370 Admonitione
3616 5318 3682 5372 ad

2109 5388 2407 5457 passionem
2455 5386 2556 5457 SS.
2586 5384 2909 5457 Mauriciict
2933 5384 3209 5440 Sociorum
3228 5386 3324 5457 ,_in
3360 5387 3505 5440 Aetis
3535 5402 3685 5442 mur-

2108 5455 2304 5527 tyrum.
2335 5473 2455 5525 pag.
2486 5455 2614 5509 288.
2667 5455 2917 5527 lli‘vulgo
2936 5465 3199 5527 martyres
3225 5455 3554 5527 Agminenres
3582 5473 3684 5524 ap-

2105 5525 2401 5653 pellantsur;
2418 5530 2499 5653 ἐξ
2514 5527 2705 5595 quibus
2727 5525 3014 5596 Gregorius
3045 5525 3137 5580 lib.
3168 5525 3476 5582 tde’Gloria
3498 5527 3680 5598 Mart.,

2105 5615 2221 5653 can.
2263 5616 2277 5650 ι
2343 5610 2396 5653 ει
2493 5637 2508 5650 .

2101 5615 2221 5654 can.
2255 5600 2322 5653 75
2343 5610 2396 5653 et
2418 5600 2508 5653 76.

2171 5615 2221 5705 Β.
2242 5615 2823 5737 ngtﬁinleobstrogotha.
2879 5667 3088 5721 Titulus
3118 5666 3351 5724 homiliaa
3390 5667 3422 5722 8
3451 5669 3509 5724 S.
3538 5668 3683 5727 Aviti

2094 5755 2159 5794 cx
2191 5740 2410 5808 perditis
2436 5747 2516 5793 est
2550 5739 2604 5792 in
2627 5739 2953 5811 conversione
2977 5739 3171 5811 domini
3198 5739 3459 5810 Sigim‘ct’,
3487 5742 3685 5811 postri-

2097 5813 2185 5885 die
2229 5827 2385 5885 «(uani
2415 5825 2560 5885 soror
2601 5809 2767 5877 ipsius
2787 5815 2860 5862 ea:
2897 5809 3092 5866 Ariana
3130 5809 3311 5868 httreki
3339 5821 3420 5882 est
3452 5809 3680 5885 recepta.

2173 5881 2189 5923 ²
2235 5882 2478 5953 Bochel.,
2503 5889 2840 5954 contegerent.
3416 5881 3420 5882 ί
3563 5881 3575 5885 ν
3621 5895 3626 5900 η
