  <div class='ocr_page' id='page_1' title='image "/cluster/home/n/w/nwhite01/storage/ocr_20150623/71/hvd.32044054758743/131.png"; bbox 0 0 4102 6356; ppageno 0'>
   <div class='ocr_carea' id='block_1_1' title="bbox 631 447 731 506">
    <p class='ocr_par' dir='ltr' id='par_1_1' title="bbox 631 447 731 506">
     <span class='ocr_line' id='line_1_1' title="bbox 631 447 731 506; baseline -0.05 1"><span class='ocrx_word' id='word_1_1' title='bbox 631 447 731 506; x_wconf 72' lang='grc'><strong>247</strong></span> 
     </span>
    </p>
   </div>
   <div class='ocr_carea' id='block_1_2' title="bbox 1659 412 2916 483">
    <p class='ocr_par' dir='ltr' id='par_1_2' title="bbox 1659 412 2916 483">
     <span class='ocr_line' id='line_1_2' title="bbox 1659 412 2916 483; baseline -0.013 0"><span class='ocrx_word' id='word_1_2' title='bbox 1659 427 1718 483; x_wconf 86' lang='lat' dir='ltr'><strong>S.</strong></span> <span class='ocrx_word' id='word_1_3' title='bbox 1761 415 2094 482; x_wconf 72' lang='lat' dir='ltr'><strong>GltEGORlI</strong></span> <span class='ocrx_word' id='word_1_4' title='bbox 2138 413 2447 472; x_wconf 73' lang='lat' dir='ltr'><strong>EPISCOPI</strong></span> <span class='ocrx_word' id='word_1_5' title='bbox 2487 412 2916 470; x_wconf 69' lang='lat' dir='ltr'><strong>TURONENSIS</strong></span> 
     </span>
    </p>
   </div>
   <div class='ocr_carea' id='block_1_3' title="bbox 3811 416 3933 473">
    <p class='ocr_par' dir='ltr' id='par_1_3' title="bbox 3811 416 3933 473">
     <span class='ocr_line' id='line_1_3' title="bbox 3811 416 3933 473; baseline 0.016 -2"><span class='ocrx_word' id='word_1_6' title='bbox 3811 416 3933 473; x_wconf 62' lang='grc'><strong>248</strong></span> 
     </span>
    </p>
   </div>
   <div class='ocr_carea' id='block_1_4' title="bbox 633 534 3924 628">
    <p class='ocr_par' dir='ltr' id='par_1_4' title="bbox 633 534 3924 628">
     <span class='ocr_line' id='line_1_4' title="bbox 633 534 3924 628; baseline -0.014 -3"><span class='ocrx_word' id='word_1_7' title='bbox 633 554 1360 628; x_wconf 75' lang='lat' dir='ltr'><strong>fuissent,cutnGodomaro</strong></span> <span class='ocrx_word' id='word_1_8' title='bbox 1397 549 1709 617; x_wconf 86' lang='lat' dir='ltr'><strong>confligunt.</strong></span> <span class='ocrx_word' id='word_1_9' title='bbox 1763 542 2004 609; x_wconf 80' lang='lat' dir='ltr'><strong>Cumque</strong></span> <span class='ocrx_word' id='word_1_10' title='bbox 2032 534 2211 592; x_wconf 84' lang='lat' dir='ltr'><strong>Godo-</strong></span> <span class='ocrx_word' id='word_1_11' title='bbox 2245 538 2460 592; x_wconf 75' lang='lat' dir='ltr'><strong>Arium</strong></span> <span class='ocrx_word' id='word_1_12' title='bbox 2517 537 2735 589; x_wconf 76' lang='lat' dir='ltr'><strong>fratrem</strong></span> <span class='ocrx_word' id='word_1_13' title='bbox 2783 552 2978 604; x_wconf 90' lang='lat' dir='ltr'><strong>suum,</strong></span> <span class='ocrx_word' id='word_1_14' title='bbox 3035 547 3089 592; x_wconf 90' lang='lat' dir='ltr'><strong>et</strong></span> <span class='ocrx_word' id='word_1_15' title='bbox 3146 536 3586 616; x_wconf 68' lang='lat' dir='ltr'><strong>Tlieudcbertum</strong></span> <span class='ocrx_word' id='word_1_16' title='bbox 3637 539 3803 594; x_wconf 79' lang='lat' dir='ltr'><strong>ﬁlium</strong></span> <span class='ocrx_word' id='word_1_17' title='bbox 3858 553 3924 594; x_wconf 80' lang='grc' dir='ltr'><strong>ι</strong></span> 
     </span>
    </p>
   </div>
   <div class='ocr_carea' id='block_1_5' title="bbox 633 631 2221 717">
    <p class='ocr_par' dir='ltr' id='par_1_5' title="bbox 633 631 2221 717">
     <span class='ocr_line' id='line_1_5' title="bbox 633 631 2221 717; baseline -0.021 -1"><span class='ocrx_word' id='word_1_18' title='bbox 633 675 811 716; x_wconf 85' lang='lat' dir='ltr'><strong>marus</strong></span> <span class='ocrx_word' id='word_1_19' title='bbox 838 671 957 711; x_wconf 89' lang='lat' dir='ltr'><strong>cum</strong></span> <span class='ocrx_word' id='word_1_20' title='bbox 988 650 1235 709; x_wconf 67' lang='lat' dir='ltr'><strong>exercitu</strong></span> <span class='ocrx_word' id='word_1_21' title='bbox 1270 657 1414 717; x_wconf 85' lang='lat' dir='ltr'><strong>terga</strong></span> <span class='ocrx_word' id='word_1_22' title='bbox 1438 644 1724 705; x_wconf 89' lang='lat' dir='ltr'><strong>vertisset,</strong></span> <span class='ocrx_word' id='word_1_23' title='bbox 1751 648 1805 693; x_wconf 90' lang='lat' dir='ltr'><strong>et</strong></span> <span class='ocrx_word' id='word_1_24' title='bbox 1849 631 2221 692; x_wconf 88' lang='lat' dir='ltr'><strong>Chlodomeris</strong></span> 
     </span>
    </p>
   </div>
   <div class='ocr_carea' id='block_1_6' title="bbox 633 728 2221 822">
    <p class='ocr_par' dir='ltr' id='par_1_6' title="bbox 633 728 2221 822">
     <span class='ocr_line' id='line_1_6' title="bbox 633 728 2221 822; baseline -0.023 -12"><span class='ocrx_word' id='word_1_25' title='bbox 633 757 1027 822; x_wconf 75' lang='lat' dir='ltr'><strong>insequeretur,</strong></span> <span class='ocrx_word' id='word_1_26' title='bbox 1060 760 1122 801; x_wconf 89' lang='lat' dir='ltr'><strong>ac</strong></span> <span class='ocrx_word' id='word_1_27' title='bbox 1148 745 1215 799; x_wconf 92' lang='lat' dir='ltr'><strong>de</strong></span> <span class='ocrx_word' id='word_1_28' title='bbox 1237 743 1349 797; x_wconf 83' lang='lat' dir='ltr'><strong>suis</strong></span> <span class='ocrx_word' id='word_1_29' title='bbox 1378 754 1483 794; x_wconf 91' lang='lat' dir='ltr'><strong>non</strong></span> <span class='ocrx_word' id='word_1_30' title='bbox 1524 734 1736 792; x_wconf 86' lang='lat' dir='ltr'><strong>modico</strong></span> <span class='ocrx_word' id='word_1_31' title='bbox 1783 731 1957 802; x_wconf 89' lang='lat' dir='ltr'><strong>spatio</strong></span> <span class='ocrx_word' id='word_1_32' title='bbox 2005 728 2221 794; x_wconf 81' lang='lat' dir='ltr'><strong>elonga-</strong></span> 
     </span>
    </p>
   </div>
   <div class='ocr_carea' id='block_1_7' title="bbox 633 823 2219 908">
    <p class='ocr_par' dir='ltr' id='par_1_7' title="bbox 633 823 2219 908">
     <span class='ocr_line' id='line_1_7' title="bbox 633 823 2219 908; baseline -0.019 -7"><span class='ocrx_word' id='word_1_33' title='bbox 633 858 716 900; x_wconf 88' lang='lat' dir='ltr'><strong>tus</strong></span> <span class='ocrx_word' id='word_1_34' title='bbox 753 852 916 908; x_wconf 82' lang='lat' dir='ltr'><strong>esset,</strong></span> <span class='ocrx_word' id='word_1_35' title='bbox 953 839 1313 895; x_wconf 83' lang='lat' dir='ltr'><strong>assimilautcs</strong></span> <span class='ocrx_word' id='word_1_36' title='bbox 1343 835 1416 888; x_wconf 84' lang='lat' dir='ltr'><strong>illi</strong></span> <span class='ocrx_word' id='word_1_37' title='bbox 1445 833 1652 902; x_wconf 85' lang='lat' dir='ltr'><strong>signum</strong></span> <span class='ocrx_word' id='word_1_38' title='bbox 1682 829 1820 898; x_wconf 83' lang='lat' dir='ltr'><strong>ejus,</strong></span> <span class='ocrx_word' id='word_1_39' title='bbox 1845 825 1974 878; x_wconf 87' lang='lat' dir='ltr'><strong>dant</strong></span> <span class='ocrx_word' id='word_1_40' title='bbox 2001 823 2066 876; x_wconf 89' lang='lat' dir='ltr'><strong>ad</strong></span> <span class='ocrx_word' id='word_1_41' title='bbox 2096 833 2219 874; x_wconf 85' lang='lat' dir='ltr'><strong>eum</strong></span> 
     </span>
    </p>
   </div>
   <div class='ocr_carea' id='block_1_8' title="bbox 636 913 2220 1000">
    <p class='ocr_par' dir='ltr' id='par_1_8' title="bbox 636 913 2220 1000">
     <span class='ocr_line' id='line_1_8' title="bbox 636 913 2220 1000; baseline -0.018 -10"><span class='ocrx_word' id='word_1_42' title='bbox 636 951 820 1000; x_wconf 86' lang='lat' dir='ltr'><strong>voces,</strong></span> <span class='ocrx_word' id='word_1_43' title='bbox 847 935 1088 986; x_wconf 73' lang='lat' dir='ltr'><strong>dicentes</strong></span> <span class='ocrx_word' id='word_1_44' title='bbox 1115 948 1129 983; x_wconf 91' lang='lat'><strong>:</strong></span> <span class='ocrx_word' id='word_1_45' title='bbox 1185 929 1297 982; x_wconf 91' lang='lat' dir='ltr'><strong>lluc</strong></span> <span class='ocrx_word' id='word_1_46' title='bbox 1326 927 1429 979; x_wconf 91' lang='lat' dir='ltr'><strong>huc</strong></span> <span class='ocrx_word' id='word_1_47' title='bbox 1467 929 1815 985; x_wconf 74' lang='lat' dir='ltr'><strong>convertere,</strong></span> <span class='ocrx_word' id='word_1_48' title='bbox 1852 916 1925 969; x_wconf 92' lang='lat' dir='ltr'><strong>tui</strong></span> <span class='ocrx_word' id='word_1_49' title='bbox 1955 913 2096 968; x_wconf 90' lang='lat' dir='ltr'><strong>enim</strong></span> <span class='ocrx_word' id='word_1_50' title='bbox 2129 925 2220 965; x_wconf 91' lang='lat' dir='ltr'><strong>su-</strong></span> 
     </span>
    </p>
   </div>
   <div class='ocr_carea' id='block_1_9' title="bbox 638 1003 2220 1081">
    <p class='ocr_par' dir='ltr' id='par_1_9' title="bbox 638 1003 2220 1081">
     <span class='ocr_line' id='line_1_9' title="bbox 638 1003 2220 1081; baseline -0.017 0"><span class='ocrx_word' id='word_1_51' title='bbox 638 1042 774 1081; x_wconf 85' lang='lat' dir='ltr'><strong>mus.</strong></span> <span class='ocrx_word' id='word_1_52' title='bbox 817 1025 881 1079; x_wconf 84' lang='lat' dir='ltr'><strong>Al</strong></span> <span class='ocrx_word' id='word_1_53' title='bbox 934 1025 1022 1077; x_wconf 87' lang='lat' dir='ltr'><strong>ille</strong></span> <span class='ocrx_word' id='word_1_54' title='bbox 1067 1019 1328 1081; x_wconf 80' lang='lat' dir='ltr'><strong>credens,</strong></span> <span class='ocrx_word' id='word_1_55' title='bbox 1361 1014 1530 1078; x_wconf 84' lang='lat' dir='ltr'><strong>abiit,</strong></span> <span class='ocrx_word' id='word_1_56' title='bbox 1581 1010 1838 1078; x_wconf 85' lang='lat' dir='ltr'><strong>irruitqne</strong></span> <span class='ocrx_word' id='word_1_57' title='bbox 1883 1008 1934 1060; x_wconf 90' lang='lat' dir='ltr'><strong>in</strong></span> <span class='ocrx_word' id='word_1_58' title='bbox 1986 1003 2220 1058; x_wconf 85' lang='lat' dir='ltr'><strong>medium</strong></span> 
     </span>
    </p>
   </div>
   <div class='ocr_carea' id='block_1_10' title="bbox 641 1101 2220 1180">
    <p class='ocr_par' dir='ltr' id='par_1_10' title="bbox 641 1101 2220 1180">
     <span class='ocr_line' id='line_1_10' title="bbox 641 1101 2220 1180; baseline -0.017 -6"><span class='ocrx_word' id='word_1_59' title='bbox 641 1120 977 1174; x_wconf 80' lang='lat' dir='ltr'><strong>inimicorum</strong></span> <span class='ocrx_word' id='word_1_60' title='bbox 1007 1129 1257 1177; x_wconf 91' lang='lat' dir='ltr'><strong>suorum,</strong></span> <span class='ocrx_word' id='word_1_61' title='bbox 1286 1101 1436 1180; x_wconf 77' lang='lat' dir='ltr'><strong>cujus</strong></span> <span class='ocrx_word' id='word_1_62' title='bbox 1457 1112 1784 1175; x_wconf 79' lang='lat' dir='ltr'><strong>amputatum</strong></span> <span class='ocrx_word' id='word_1_63' title='bbox 1813 1107 1990 1168; x_wconf 87' lang='lat' dir='ltr'><strong>caput,</strong></span> <span class='ocrx_word' id='word_1_64' title='bbox 2015 1106 2067 1152; x_wconf 90' lang='lat' dir='ltr'><strong>et</strong></span> <span class='ocrx_word' id='word_1_65' title='bbox 2090 1110 2220 1150; x_wconf 87' lang='lat' dir='ltr'><strong>con-</strong></span> 
     </span>
    </p>
   </div>
   <div class='ocr_carea' id='block_1_11' title="bbox 641 1192 2220 1276">
    <p class='ocr_par' dir='ltr' id='par_1_11' title="bbox 641 1192 2220 1276">
     <span class='ocr_line' id='line_1_11' title="bbox 641 1192 2220 1276; baseline -0.017 -10"><span class='ocrx_word' id='word_1_66' title='bbox 641 1227 694 1268; x_wconf 91' lang='lat' dir='ltr'><strong>to</strong></span> <span class='ocrx_word' id='word_1_67' title='bbox 723 1212 976 1276; x_wconf 79' lang='lat' dir='ltr'><strong>defixum,</strong></span> <span class='ocrx_word' id='word_1_68' title='bbox 1005 1209 1218 1263; x_wconf 81' lang='lat' dir='ltr'><strong>elevant</strong></span> <span class='ocrx_word' id='word_1_69' title='bbox 1239 1205 1288 1258; x_wconf 91' lang='lat' dir='ltr'><strong>in</strong></span> <span class='ocrx_word' id='word_1_70' title='bbox 1315 1202 1574 1266; x_wconf 83' lang='lat' dir='ltr'><strong>sublime;</strong></span> <span class='ocrx_word' id='word_1_71' title='bbox 1601 1198 1740 1267; x_wconf 90' lang='lat' dir='ltr'><strong>quod</strong></span> <span class='ocrx_word' id='word_1_72' title='bbox 1775 1192 1965 1249; x_wconf 88' lang='lat' dir='ltr'><strong>Franci</strong></span> <span class='ocrx_word' id='word_1_73' title='bbox 1995 1203 2220 1244; x_wconf 84' lang='lat' dir='ltr'><strong>cernen-</strong></span> 
     </span>
    </p>
   </div>
   <div class='ocr_carea' id='block_1_12' title="bbox 642 1279 2215 1371">
    <p class='ocr_par' dir='ltr' id='par_1_12' title="bbox 642 1279 2215 1371">
     <span class='ocr_line' id='line_1_12' title="bbox 642 1279 2215 1371; baseline -0.017 -13"><span class='ocrx_word' id='word_1_74' title='bbox 642 1315 746 1368; x_wconf 90' lang='lat' dir='ltr'><strong>tes,</strong></span> <span class='ocrx_word' id='word_1_75' title='bbox 780 1314 941 1371; x_wconf 90' lang='lat' dir='ltr'><strong>atque</strong></span> <span class='ocrx_word' id='word_1_76' title='bbox 975 1305 1360 1368; x_wconf 80' lang='lat' dir='ltr'><strong>cognoscentes</strong></span> <span class='ocrx_word' id='word_1_77' title='bbox 1399 1292 1805 1349; x_wconf 88' lang='lat' dir='ltr'><strong>Chlodomerem</strong></span> <span class='ocrx_word' id='word_1_78' title='bbox 1851 1279 2215 1344; x_wconf 81' lang='lat' dir='ltr'><strong>interfectum,</strong></span> 
     </span>
    </p>
   </div>
   <div class='ocr_carea' id='block_1_13' title="bbox 635 1374 2219 1466">
    <p class='ocr_par' dir='ltr' id='par_1_13' title="bbox 635 1374 2219 1466">
     <span class='ocr_line' id='line_1_13' title="bbox 635 1374 2219 1466; baseline -0.018 -14"><span class='ocrx_word' id='word_1_79' title='bbox 635 1397 898 1466; x_wconf 80' lang='lat' dir='ltr'><strong>reparatis</strong></span> <span class='ocrx_word' id='word_1_80' title='bbox 925 1393 1127 1448; x_wconf 89' lang='lat' dir='ltr'><strong>viribus</strong></span> <span class='ocrx_word' id='word_1_81' title='bbox 1157 1389 1521 1446; x_wconf 85' lang='lat' dir='ltr'><strong>Godomarum</strong></span> <span class='ocrx_word' id='word_1_82' title='bbox 1550 1383 1777 1454; x_wconf 81' lang='lat' dir='ltr'><strong>fugant,</strong></span> <span class='ocrx_word' id='word_1_83' title='bbox 1812 1374 2219 1446; x_wconf 75' lang='lat' dir='ltr'><strong>Burgundiones</strong></span> 
     </span>
    </p>
   </div>
   <div class='ocr_carea' id='block_1_14' title="bbox 592 1471 2218 1559">
    <p class='ocr_par' dir='ltr' id='par_1_14' title="bbox 592 1471 2218 1559">
     <span class='ocr_line' id='line_1_14' title="bbox 592 1471 2218 1559; baseline -0.017 -15"><span class='ocrx_word' id='word_1_84' title='bbox 592 1490 973 1559; x_wconf 78' lang='lat' dir='ltr'><strong>.opprimunt,</strong></span> <span class='ocrx_word' id='word_1_85' title='bbox 1011 1484 1343 1553; x_wconf 90' lang='lat' dir='ltr'><strong>patriamque</strong></span> <span class='ocrx_word' id='word_1_86' title='bbox 1390 1480 1443 1533; x_wconf 94' lang='lat' dir='ltr'><strong>in</strong></span> <span class='ocrx_word' id='word_1_87' title='bbox 1490 1491 1638 1532; x_wconf 90' lang='lat' dir='ltr'><strong>suam</strong></span> <span class='ocrx_word' id='word_1_88' title='bbox 1689 1471 1939 1541; x_wconf 89' lang='lat' dir='ltr'><strong>redigunt</strong></span> <span class='ocrx_word' id='word_1_89' title='bbox 1981 1473 2218 1536; x_wconf 72' lang='lat' dir='ltr'><strong>poteSIa-</strong></span> 
     </span>
    </p>
   </div>
   <div class='ocr_carea' id='block_1_15' title="bbox 634 1556 2215 1638">
    <p class='ocr_par' dir='ltr' id='par_1_15' title="bbox 634 1556 2215 1638">
     <span class='ocr_line' id='line_1_15' title="bbox 634 1556 2215 1638; baseline -0.018 -2"><span class='ocrx_word' id='word_1_90' title='bbox 634 1594 763 1638; x_wconf 79' lang='lat' dir='ltr'><strong>tem.</strong></span> <span class='ocrx_word' id='word_1_91' title='bbox 807 1580 915 1635; x_wconf 84' lang='lat' dir='ltr'><strong>Nec</strong></span> <span class='ocrx_word' id='word_1_92' title='bbox 945 1592 1090 1634; x_wconf 89' lang='lat' dir='ltr'><strong>mora</strong></span> <span class='ocrx_word' id='word_1_93' title='bbox 1119 1570 1569 1631; x_wconf 83' lang='lat' dir='ltr'><strong>Chlothacharius</strong></span> <span class='ocrx_word' id='word_1_94' title='bbox 1601 1579 1820 1621; x_wconf 79' lang='lat' dir='ltr'><strong>uxorem</strong></span> <span class='ocrx_word' id='word_1_95' title='bbox 1853 1557 2090 1631; x_wconf 78' lang='lat' dir='ltr'><strong>germani</strong></span> <span class='ocrx_word' id='word_1_96' title='bbox 2113 1556 2215 1622; x_wconf 92' lang='lat' dir='ltr'><strong>sui,</strong></span> 
     </span>
    </p>
   </div>
   <div class='ocr_carea' id='block_1_16' title="bbox 635 1651 2286 1732">
    <p class='ocr_par' dir='ltr' id='par_1_16' title="bbox 635 1651 2286 1732">
     <span class='ocr_line' id='line_1_16' title="bbox 635 1651 2286 1732; baseline -0.013 -5"><span class='ocrx_word' id='word_1_97' title='bbox 635 1672 1006 1729; x_wconf 77' lang='lat' dir='ltr'><strong>Gunthcucam</strong></span> <span class='ocrx_word' id='word_1_98' title='bbox 1038 1668 1276 1732; x_wconf 88' lang='lat' dir='ltr'><strong>nomine,</strong></span> <span class='ocrx_word' id='word_1_99' title='bbox 1308 1664 1408 1719; x_wconf 84' lang='lat' dir='ltr'><strong>sibi</strong></span> <span class='ocrx_word' id='word_1_100' title='bbox 1436 1661 1488 1716; x_wconf 92' lang='lat' dir='ltr'><strong>in</strong></span> <span class='ocrx_word' id='word_1_101' title='bbox 1520 1656 1921 1715; x_wconf 84' lang='lat' dir='ltr'><strong>matrimonium</strong></span> <span class='ocrx_word' id='word_1_102' title='bbox 1952 1651 2215 1708; x_wconf 84' lang='lat' dir='ltr'><strong>sociavit:</strong></span> <span class='ocrx_word' id='word_1_103' title='bbox 2279 1703 2286 1710; x_wconf 75' lang='lat'><strong>.</strong></span> 
     </span>
    </p>
   </div>
   <div class='ocr_carea' id='block_1_17' title="bbox 634 1743 2218 1835">
    <p class='ocr_par' dir='ltr' id='par_1_17' title="bbox 634 1743 2218 1835">
     <span class='ocr_line' id='line_1_17' title="bbox 634 1743 2218 1835; baseline -0.015 -15"><span class='ocrx_word' id='word_1_104' title='bbox 634 1762 772 1820; x_wconf 81' lang='lat' dir='ltr'><strong>filios</strong></span> <span class='ocrx_word' id='word_1_105' title='bbox 803 1778 1014 1835; x_wconf 88' lang='lat' dir='ltr'><strong>quoque</strong></span> <span class='ocrx_word' id='word_1_106' title='bbox 1041 1761 1158 1830; x_wconf 80' lang='lat' dir='ltr'><strong>ejus</strong></span> <span class='ocrx_word' id='word_1_107' title='bbox 1199 1755 1588 1814; x_wconf 67' lang='lat' dir='ltr'><strong>Chrotech‘ldis</strong></span> <span class='ocrx_word' id='word_1_108' title='bbox 1632 1752 1812 1821; x_wconf 81' lang='lat' dir='ltr'><strong>regina</strong></span> <span class='ocrx_word' id='word_1_109' title='bbox 1837 1791 1852 1812; x_wconf 84' lang='lat'><strong>,</strong></span> <span class='ocrx_word' id='word_1_110' title='bbox 1881 1746 2081 1803; x_wconf 82' lang='lat' dir='ltr'><strong>exactis</strong></span> <span class='ocrx_word' id='word_1_111' title='bbox 2103 1743 2218 1798; x_wconf 87' lang='lat' dir='ltr'><strong>die-</strong></span> 
     </span>
    </p>
   </div>
   <div class='ocr_carea' id='block_1_18' title="bbox 633 1845 2216 1922">
    <p class='ocr_par' dir='ltr' id='par_1_18' title="bbox 633 1845 2216 1922">
     <span class='ocr_line' id='line_1_18' title="bbox 633 1845 2216 1922; baseline -0.015 -9"><span class='ocrx_word' id='word_1_112' title='bbox 633 1859 731 1914; x_wconf 85' lang='lat' dir='ltr'><strong>bus</strong></span> <span class='ocrx_word' id='word_1_113' title='bbox 775 1858 980 1922; x_wconf 87' lang='lat' dir='ltr'><strong>lactus,</strong></span> <span class='ocrx_word' id='word_1_114' title='bbox 1039 1868 1219 1908; x_wconf 85' lang='lat' dir='ltr'><strong>secum</strong></span> <span class='ocrx_word' id='word_1_115' title='bbox 1262 1848 1467 1917; x_wconf 86' lang='lat' dir='ltr'><strong>recepit</strong></span> <span class='ocrx_word' id='word_1_116' title='bbox 1504 1861 1566 1900; x_wconf 87' lang='lat' dir='ltr'><strong>ac</strong></span> <span class='ocrx_word' id='word_1_117' title='bbox 1594 1845 1802 1900; x_wconf 81' lang='lat' dir='ltr'><strong>tenuit:</strong></span> <span class='ocrx_word' id='word_1_118' title='bbox 1827 1854 2050 1910; x_wconf 89' lang='lat' dir='ltr'><strong>quorum</strong></span> <span class='ocrx_word' id='word_1_119' title='bbox 2079 1849 2216 1890; x_wconf 87' lang='lat' dir='ltr'><strong>unus</strong></span> 
     </span>
    </p>
   </div>
   <div class='ocr_carea' id='block_1_19' title="bbox 634 1938 1655 2014">
    <p class='ocr_par' dir='ltr' id='par_1_19' title="bbox 634 1938 1655 2014">
     <span class='ocr_line' id='line_1_19' title="bbox 634 1938 1655 2014; baseline -0.016 -8"><span class='ocrx_word' id='word_1_120' title='bbox 634 1948 1112 2014; x_wconf 71' lang='lat' dir='ltr'><strong>Theoduualdus°,</strong></span> <span class='ocrx_word' id='word_1_121' title='bbox 1146 1945 1279 1998; x_wconf 88' lang='lat' dir='ltr'><strong>alter</strong></span> <span class='ocrx_word' id='word_1_122' title='bbox 1306 1938 1655 2005; x_wconf 85' lang='lat' dir='ltr'><strong>Guntbarius,</strong></span> 
     </span>
    </p>
   </div>
   <div class='ocr_carea' id='block_1_20' title="bbox 637 2022 2168 2096">
    <p class='ocr_par' dir='ltr' id='par_1_20' title="bbox 637 2022 2168 2096">
     <span class='ocr_line' id='line_1_20' title="bbox 637 2022 2168 2096; baseline -0.014 0"><span class='ocrx_word' id='word_1_123' title='bbox 637 2043 738 2096; x_wconf 89' lang='lat' dir='ltr'><strong>dus</strong></span> <span class='ocrx_word' id='word_1_124' title='bbox 767 2040 1073 2095; x_wconf 77' lang='lat' dir='ltr'><strong>vocabatur.</strong></span> <span class='ocrx_word' id='word_1_125' title='bbox 1106 2035 1442 2091; x_wconf 87' lang='lat' dir='ltr'><strong>Godumarus</strong></span> <span class='ocrx_word' id='word_1_126' title='bbox 1469 2031 1662 2085; x_wconf 90' lang='lat' dir='ltr'><strong>iterum</strong></span> <span class='ocrx_word' id='word_1_127' title='bbox 1694 2040 1916 2095; x_wconf 79' lang='lat' dir='ltr'><strong>regnum</strong></span> <span class='ocrx_word' id='word_1_128' title='bbox 1945 2022 2168 2089; x_wconf 85' lang='lat' dir='ltr'><strong>recepit.</strong></span> 
     </span>
    </p>
   </div>
   <div class='ocr_carea' id='block_1_21' title="bbox 710 2109 2219 2186">
    <p class='ocr_par' dir='ltr' id='par_1_21' title="bbox 710 2109 2219 2186">
     <span class='ocr_line' id='line_1_21' title="bbox 710 2109 2219 2186; baseline -0.015 0"><span class='ocrx_word' id='word_1_129' title='bbox 710 2131 824 2186; x_wconf 71' lang='lat' dir='ltr'><strong>Vll.</strong></span> <span class='ocrx_word' id='word_1_130' title='bbox 883 2131 1009 2185; x_wconf 79' lang='lat' dir='ltr'><strong>Post</strong></span> <span class='ocrx_word' id='word_1_131' title='bbox 1059 2125 1436 2182; x_wconf 82' lang='lat' dir='ltr'><strong>Theudericus</strong></span> <span class='ocrx_word' id='word_1_132' title='bbox 1495 2136 1600 2174; x_wconf 92' lang='lat' dir='ltr'><strong>non</strong></span> <span class='ocrx_word' id='word_1_133' title='bbox 1668 2119 1953 2171; x_wconf 89' lang='lat' dir='ltr'><strong>immemor</strong></span> <span class='ocrx_word' id='word_1_134' title='bbox 2001 2109 2219 2181; x_wconf 89' lang='lat' dir='ltr'><strong>perjurii</strong></span> 
     </span>
    </p>
   </div>
   <div class='ocr_carea' id='block_1_22' title="bbox 643 2204 2219 2286">
    <p class='ocr_par' dir='ltr' id='par_1_22' title="bbox 643 2204 2219 2286">
     <span class='ocr_line' id='line_1_22' title="bbox 643 2204 2219 2286; baseline -0.014 -8"><span class='ocrx_word' id='word_1_135' title='bbox 643 2219 1036 2278; x_wconf 86' lang='lat' dir='ltr'><strong>llermenefridi</strong></span> <span class='ocrx_word' id='word_1_136' title='bbox 1077 2216 1220 2286; x_wconf 79' lang='lat' dir='ltr'><strong>regis</strong></span> <span class='ocrx_word' id='word_1_137' title='bbox 1269 2214 1699 2280; x_wconf 68' lang='lat' dir='ltr'><strong>&#39;l‘horingorum,</strong></span> <span class='ocrx_word' id='word_1_138' title='bbox 1747 2204 2219 2262; x_wconf 83' lang='lat' dir='ltr'><strong>Chlothacharium</strong></span> 
     </span>
    </p>
   </div>
   <div class='ocr_carea' id='block_1_23' title="bbox 645 2296 2218 2368">
    <p class='ocr_par' dir='ltr' id='par_1_23' title="bbox 645 2296 2218 2368">
     <span class='ocr_line' id='line_1_23' title="bbox 645 2296 2218 2368; baseline -0.013 1"><span class='ocrx_word' id='word_1_139' title='bbox 645 2317 866 2368; x_wconf 85' lang='lat' dir='ltr'><strong>fratrem</strong></span> <span class='ocrx_word' id='word_1_140' title='bbox 889 2325 1046 2366; x_wconf 90' lang='lat' dir='ltr'><strong>suum</strong></span> <span class='ocrx_word' id='word_1_141' title='bbox 1075 2308 1128 2361; x_wconf 92' lang='lat' dir='ltr'><strong>in</strong></span> <span class='ocrx_word' id='word_1_142' title='bbox 1158 2304 1406 2360; x_wconf 85' lang='lat' dir='ltr'><strong>solatium</strong></span> <span class='ocrx_word' id='word_1_143' title='bbox 1433 2317 1588 2356; x_wconf 91' lang='lat' dir='ltr'><strong>suum</strong></span> <span class='ocrx_word' id='word_1_144' title='bbox 1619 2308 1836 2364; x_wconf 79' lang='lat' dir='ltr'><strong>evocat,</strong></span> <span class='ocrx_word' id='word_1_145' title='bbox 1863 2306 1918 2353; x_wconf 91' lang='lat' dir='ltr'><strong>et</strong></span> <span class='ocrx_word' id='word_1_146' title='bbox 1939 2296 2218 2351; x_wconf 86' lang='lat' dir='ltr'><strong>adversum</strong></span> 
     </span>
    </p>
   </div>
   <div class='ocr_carea' id='block_1_24' title="bbox 647 2386 2221 2469">
    <p class='ocr_par' dir='ltr' id='par_1_24' title="bbox 647 2386 2221 2469">
     <span class='ocr_line' id='line_1_24' title="bbox 647 2386 2221 2469; baseline -0.013 -9"><span class='ocrx_word' id='word_1_147' title='bbox 647 2421 767 2460; x_wconf 85' lang='lat' dir='ltr'><strong>cum</strong></span> <span class='ocrx_word' id='word_1_148' title='bbox 814 2405 892 2458; x_wconf 90' lang='lat' dir='ltr'><strong>ire</strong></span> <span class='ocrx_word' id='word_1_149' title='bbox 939 2399 1213 2469; x_wconf 85' lang='lat' dir='ltr'><strong>disponit,</strong></span> <span class='ocrx_word' id='word_1_150' title='bbox 1277 2395 1597 2465; x_wconf 85' lang='lat' dir='ltr'><strong>promittens</strong></span> <span class='ocrx_word' id='word_1_151' title='bbox 1646 2388 1756 2460; x_wconf 87' lang='lat' dir='ltr'><strong>regi</strong></span> <span class='ocrx_word' id='word_1_152' title='bbox 1805 2386 2221 2444; x_wconf 82' lang='lat' dir='ltr'><strong>Cblotbachario</strong></span> 
     </span>
    </p>
   </div>
   <div class='ocr_carea' id='block_1_25' title="bbox 639 2479 2220 2566">
    <p class='ocr_par' dir='ltr' id='par_1_25' title="bbox 639 2479 2220 2566">
     <span class='ocr_line' id='line_1_25' title="bbox 639 2479 2220 2566; baseline -0.012 -15"><span class='ocrx_word' id='word_1_153' title='bbox 639 2506 844 2566; x_wconf 82' lang='lat' dir='ltr'><strong>partem</strong></span> <span class='ocrx_word' id='word_1_154' title='bbox 888 2492 1121 2564; x_wconf 64' lang='lat' dir='ltr'><strong>praedas,</strong></span> <span class='ocrx_word' id='word_1_155' title='bbox 1172 2490 1216 2544; x_wconf 89' lang='lat' dir='ltr'><strong>si</strong></span> <span class='ocrx_word' id='word_1_156' title='bbox 1264 2490 1341 2544; x_wconf 88' lang='lat' dir='ltr'><strong>eis</strong></span> <span class='ocrx_word' id='word_1_157' title='bbox 1405 2499 1599 2540; x_wconf 90' lang='lat' dir='ltr'><strong>munus</strong></span> <span class='ocrx_word' id='word_1_158' title='bbox 1659 2481 1895 2537; x_wconf 67' lang='lat' dir='ltr'><strong>victoriae</strong></span> <span class='ocrx_word' id='word_1_159' title='bbox 1963 2479 2220 2533; x_wconf 87' lang='lat' dir='ltr'><strong>divinitus</strong></span> 
     </span>
    </p>
   </div>
   <div class='ocr_carea' id='block_1_26' title="bbox 639 2569 2219 2646">
    <p class='ocr_par' dir='ltr' id='par_1_26' title="bbox 639 2569 2219 2646">
     <span class='ocr_line' id='line_1_26' title="bbox 639 2569 2219 2646; baseline -0.011 -4"><span class='ocrx_word' id='word_1_160' title='bbox 639 2588 992 2643; x_wconf 89' lang='lat' dir='ltr'><strong>conferretur.</strong></span> <span class='ocrx_word' id='word_1_161' title='bbox 1026 2579 1346 2637; x_wconf 77' lang='lat' dir='ltr'><strong>Convocatis</strong></span> <span class='ocrx_word' id='word_1_162' title='bbox 1375 2577 1535 2646; x_wconf 83' lang='lat' dir='ltr'><strong>igitur</strong></span> <span class='ocrx_word' id='word_1_163' title='bbox 1565 2573 1803 2637; x_wconf 84' lang='lat' dir='ltr'><strong>Francis,</strong></span> <span class='ocrx_word' id='word_1_164' title='bbox 1833 2572 1960 2626; x_wconf 86' lang='lat' dir='ltr'><strong>dicit</strong></span> <span class='ocrx_word' id='word_1_165' title='bbox 1986 2569 2050 2623; x_wconf 89' lang='lat' dir='ltr'><strong>ad</strong></span> <span class='ocrx_word' id='word_1_166' title='bbox 2081 2583 2174 2623; x_wconf 90' lang='lat' dir='ltr'><strong>eos</strong></span> <span class='ocrx_word' id='word_1_167' title='bbox 2204 2586 2219 2624; x_wconf 92' lang='lat'><strong>:</strong></span> 
     </span>
    </p>
   </div>
   <div class='ocr_carea' id='block_1_27' title="bbox 637 2659 2216 2748">
    <p class='ocr_par' dir='ltr' id='par_1_27' title="bbox 637 2659 2216 2748">
     <span class='ocr_line' id='line_1_27' title="bbox 637 2659 2216 2748; baseline -0.015 -14"><span class='ocrx_word' id='word_1_168' title='bbox 637 2675 1031 2748; x_wconf 85' lang='lat' dir='ltr'><strong>lndignamini,</strong></span> <span class='ocrx_word' id='word_1_169' title='bbox 1075 2685 1257 2743; x_wconf 67' lang='lat' dir='ltr'><strong>quaeso</strong></span> <span class='ocrx_word' id='word_1_170' title='bbox 1283 2709 1300 2738; x_wconf 94' lang='lat'><strong>,</strong></span> <span class='ocrx_word' id='word_1_171' title='bbox 1358 2678 1464 2722; x_wconf 91' lang='lat' dir='ltr'><strong>tam</strong></span> <span class='ocrx_word' id='word_1_172' title='bbox 1532 2669 1684 2736; x_wconf 92' lang='grc' dir='ltr'><strong>ιιι</strong></span> <span class='ocrx_word' id='word_1_173' title='bbox 1727 2677 1897 2718; x_wconf 87' lang='lat' dir='ltr'><strong>meam</strong></span> <span class='ocrx_word' id='word_1_174' title='bbox 1941 2659 2216 2729; x_wconf 88' lang='lat' dir='ltr'><strong>injuriam,</strong></span> 
     </span>
    </p>
   </div>
   <div class='ocr_carea' id='block_1_28' title="bbox 634 2751 2216 2838">
    <p class='ocr_par' dir='ltr' id='par_1_28' title="bbox 634 2751 2216 2838">
     <span class='ocr_line' id='line_1_28' title="bbox 634 2751 2216 2838; baseline -0.012 -16"><span class='ocrx_word' id='word_1_175' title='bbox 634 2783 791 2838; x_wconf 75' lang='lat' dir='ltr'><strong>quam</strong></span> <span class='ocrx_word' id='word_1_176' title='bbox 839 2765 1106 2821; x_wconf 79' lang='lat' dir='ltr'><strong>interitum</strong></span> <span class='ocrx_word' id='word_1_177' title='bbox 1155 2768 1436 2830; x_wconf 88' lang='lat' dir='ltr'><strong>parentum</strong></span> <span class='ocrx_word' id='word_1_178' title='bbox 1483 2765 1784 2811; x_wconf 88' lang='lat' dir='ltr'><strong>vestrorum</strong></span> <span class='ocrx_word' id='word_1_179' title='bbox 1811 2751 1864 2813; x_wconf 70' lang='grc' dir='ltr'><strong>ι’.</strong></span> <span class='ocrx_word' id='word_1_180' title='bbox 1895 2767 1956 2805; x_wconf 93' lang='lat' dir='ltr'><strong>ac</strong></span> <span class='ocrx_word' id='word_1_181' title='bbox 1998 2751 2216 2805; x_wconf 90' lang='lat' dir='ltr'><strong>recolite</strong></span> 
     </span>
    </p>
   </div>
   <div class='ocr_carea' id='block_1_29' title="bbox 635 2844 2219 2928">
    <p class='ocr_par' dir='ltr' id='par_1_29' title="bbox 635 2844 2219 2928">
     <span class='ocr_line' id='line_1_29' title="bbox 635 2844 2219 2928; baseline -0.012 -13"><span class='ocrx_word' id='word_1_182' title='bbox 635 2859 938 2928; x_wconf 85' lang='lat' dir='ltr'><strong>Thoringos</strong></span> <span class='ocrx_word' id='word_1_183' title='bbox 981 2858 1251 2927; x_wconf 85' lang='lat' dir='ltr'><strong>quondam</strong></span> <span class='ocrx_word' id='word_1_184' title='bbox 1297 2865 1459 2920; x_wconf 88' lang='lat' dir='ltr'><strong>super</strong></span> <span class='ocrx_word' id='word_1_185' title='bbox 1488 2857 1736 2919; x_wconf 89' lang='lat' dir='ltr'><strong>parentes</strong></span> <span class='ocrx_word' id='word_1_186' title='bbox 1767 2853 1980 2900; x_wconf 88' lang='lat' dir='ltr'><strong>nostros</strong></span> <span class='ocrx_word' id='word_1_187' title='bbox 2011 2844 2219 2897; x_wconf 87' lang='lat' dir='ltr'><strong>violen-</strong></span> 
     </span>
    </p>
   </div>
   <div class='ocr_carea' id='block_1_30' title="bbox 635 2935 2217 3014">
    <p class='ocr_par' dir='ltr' id='par_1_30' title="bbox 635 2935 2217 3014">
     <span class='ocr_line' id='line_1_30' title="bbox 635 2935 2217 3014; baseline -0.013 -7"><span class='ocrx_word' id='word_1_188' title='bbox 635 2967 717 3009; x_wconf 85' lang='lat' dir='ltr'><strong>ter</strong></span> <span class='ocrx_word' id='word_1_189' title='bbox 736 2951 1043 3014; x_wconf 87' lang='lat' dir='ltr'><strong>advenisse,</strong></span> <span class='ocrx_word' id='word_1_190' title='bbox 1067 2963 1131 3004; x_wconf 91' lang='lat' dir='ltr'><strong>ac</strong></span> <span class='ocrx_word' id='word_1_191' title='bbox 1153 2945 1314 3001; x_wconf 91' lang='lat' dir='ltr'><strong>multa</strong></span> <span class='ocrx_word' id='word_1_192' title='bbox 1344 2943 1450 2999; x_wconf 80' lang='lat' dir='ltr'><strong>illis</strong></span> <span class='ocrx_word' id='word_1_193' title='bbox 1481 2940 1724 2996; x_wconf 89' lang='lat' dir='ltr'><strong>intulisse</strong></span> <span class='ocrx_word' id='word_1_194' title='bbox 1765 2939 1927 3001; x_wconf 90' lang='lat' dir='ltr'><strong>mala,</strong></span> <span class='ocrx_word' id='word_1_195' title='bbox 1953 2937 2043 3005; x_wconf 88' lang='lat' dir='ltr'><strong>qui</strong></span> <span class='ocrx_word' id='word_1_196' title='bbox 2077 2935 2217 2988; x_wconf 84' lang='lat' dir='ltr'><strong>datis</strong></span> 
     </span>
    </p>
   </div>
   <div class='ocr_carea' id='block_1_31' title="bbox 635 3023 2218 3112">
    <p class='ocr_par' dir='ltr' id='par_1_31' title="bbox 635 3023 2218 3112">
     <span class='ocr_line' id='line_1_31' title="bbox 635 3023 2218 3112; baseline -0.012 -13"><span class='ocrx_word' id='word_1_197' title='bbox 635 3043 935 3108; x_wconf 85' lang='lat' dir='ltr'><strong>obsidibus,</strong></span> <span class='ocrx_word' id='word_1_198' title='bbox 967 3055 1152 3112; x_wconf 88' lang='lat' dir='ltr'><strong>pacem</strong></span> <span class='ocrx_word' id='word_1_199' title='bbox 1200 3050 1320 3091; x_wconf 91' lang='lat' dir='ltr'><strong>cum</strong></span> <span class='ocrx_word' id='word_1_200' title='bbox 1369 3033 1452 3088; x_wconf 89' lang='lat' dir='ltr'><strong>his</strong></span> <span class='ocrx_word' id='word_1_201' title='bbox 1505 3031 1640 3087; x_wconf 90' lang='lat' dir='ltr'><strong>inire</strong></span> <span class='ocrx_word' id='word_1_202' title='bbox 1661 3029 1945 3084; x_wconf 86' lang='lat' dir='ltr'><strong>voluerunt</strong></span> <span class='ocrx_word' id='word_1_203' title='bbox 1991 3037 2012 3063; x_wconf 74' lang='grc' dir='ltr'>ε</span> <span class='ocrx_word' id='word_1_204' title='bbox 2057 3043 2072 3078; x_wconf 87' lang='lat'><strong>:</strong></span> <span class='ocrx_word' id='word_1_205' title='bbox 2124 3023 2218 3080; x_wconf 88' lang='lat' dir='ltr'><strong>sed</strong></span> 
     </span>
    </p>
   </div>
   <div class='ocr_carea' id='block_1_32' title="bbox 635 3122 2219 3200">
    <p class='ocr_par' dir='ltr' id='par_1_32' title="bbox 635 3122 2219 3200">
     <span class='ocr_line' id='line_1_32' title="bbox 635 3122 2219 3200; baseline -0.015 -8"><span class='ocrx_word' id='word_1_206' title='bbox 635 3135 712 3192; x_wconf 89' lang='lat' dir='ltr'><strong>illi</strong></span> <span class='ocrx_word' id='word_1_207' title='bbox 740 3133 958 3190; x_wconf 82' lang='lat' dir='ltr'><strong>obsides</strong></span> <span class='ocrx_word' id='word_1_208' title='bbox 1009 3131 1156 3200; x_wconf 88' lang='lat' dir='ltr'><strong>ipsos</strong></span> <span class='ocrx_word' id='word_1_209' title='bbox 1185 3124 1410 3182; x_wconf 90' lang='lat' dir='ltr'><strong>diversis</strong></span> <span class='ocrx_word' id='word_1_210' title='bbox 1441 3122 1702 3176; x_wconf 86' lang='lat' dir='ltr'><strong>mortibus</strong></span> <span class='ocrx_word' id='word_1_211' title='bbox 1751 3124 2133 3187; x_wconf 87' lang='lat' dir='ltr'><strong>peremerunt,</strong></span> <span class='ocrx_word' id='word_1_212' title='bbox 2165 3123 2219 3168; x_wconf 91' lang='lat' dir='ltr'><strong>et</strong></span> 
     </span>
    </p>
   </div>
   <div class='ocr_carea' id='block_1_33' title="bbox 634 3207 2217 3294">
    <p class='ocr_par' dir='ltr' id='par_1_33' title="bbox 634 3207 2217 3294">
     <span class='ocr_line' id='line_1_33' title="bbox 634 3207 2217 3294; baseline -0.015 -11"><span class='ocrx_word' id='word_1_213' title='bbox 634 3229 899 3283; x_wconf 81' lang='lat' dir='ltr'><strong>irruentes</strong></span> <span class='ocrx_word' id='word_1_214' title='bbox 946 3238 1106 3294; x_wconf 91' lang='lat' dir='ltr'><strong>super</strong></span> <span class='ocrx_word' id='word_1_215' title='bbox 1155 3227 1406 3290; x_wconf 89' lang='lat' dir='ltr'><strong>parentes</strong></span> <span class='ocrx_word' id='word_1_216' title='bbox 1453 3224 1687 3280; x_wconf 89' lang='lat' dir='ltr'><strong>nostros,</strong></span> <span class='ocrx_word' id='word_1_217' title='bbox 1721 3226 1936 3266; x_wconf 89' lang='lat' dir='ltr'><strong>onmem</strong></span> <span class='ocrx_word' id='word_1_218' title='bbox 1963 3207 2217 3263; x_wconf 86' lang='lat' dir='ltr'><strong>substan-</strong></span> 
     </span>
    </p>
   </div>
   <div class='ocr_carea' id='block_1_34' title="bbox 2328 627 3927 701">
    <p class='ocr_par' dir='ltr' id='par_1_34' title="bbox 2328 627 3927 701">
     <span class='ocr_line' id='line_1_34' title="bbox 2328 627 3927 701; baseline 0.004 -21"><span class='ocrx_word' id='word_1_219' title='bbox 2328 627 2577 681; x_wconf 87' lang='lat' dir='ltr'><strong>solatium</strong></span> <span class='ocrx_word' id='word_1_220' title='bbox 2625 642 2945 695; x_wconf 72' lang='lat' dir='ltr'><strong>assumens,</strong></span> <span class='ocrx_word' id='word_1_221' title='bbox 3007 643 3130 685; x_wconf 89' lang='lat' dir='ltr'><strong>cum</strong></span> <span class='ocrx_word' id='word_1_222' title='bbox 3170 630 3412 686; x_wconf 84' lang='lat' dir='ltr'><strong>exercitu</strong></span> <span class='ocrx_word' id='word_1_223' title='bbox 3457 630 3610 686; x_wconf 90' lang='lat' dir='ltr'><strong>abiit.</strong></span> <span class='ocrx_word' id='word_1_224' title='bbox 3651 629 3927 701; x_wconf 79' lang='lat' dir='ltr'><strong>Thoringi</strong></span> 
     </span>
    </p>
   </div>
   <div class='ocr_carea' id='block_1_35' title="bbox 2327 721 3928 794">
    <p class='ocr_par' dir='ltr' id='par_1_35' title="bbox 2327 721 3928 794">
     <span class='ocr_line' id='line_1_35' title="bbox 2327 721 3928 794; baseline 0.005 -22"><span class='ocrx_word' id='word_1_225' title='bbox 2327 733 2458 772; x_wconf 88' lang='lat' dir='ltr'><strong>vero</strong></span> <span class='ocrx_word' id='word_1_226' title='bbox 2484 721 2823 776; x_wconf 86' lang='lat' dir='ltr'><strong>venientibus</strong></span> <span class='ocrx_word' id='word_1_227' title='bbox 2853 723 3074 776; x_wconf 82' lang='lat' dir='ltr'><strong>Francis</strong></span> <span class='ocrx_word' id='word_1_228' title='bbox 3105 722 3258 776; x_wconf 85' lang='lat' dir='ltr'><strong>dolos</strong></span> <span class='ocrx_word' id='word_1_229' title='bbox 3285 732 3608 793; x_wconf 60' lang='lat' dir='ltr'><strong>pratparant.</strong></span> <span class='ocrx_word' id='word_1_230' title='bbox 3641 724 3697 778; x_wconf 85' lang='lat' dir='ltr'><strong>In</strong></span> <span class='ocrx_word' id='word_1_231' title='bbox 3727 737 3928 794; x_wconf 68' lang='lat' dir='ltr'><strong>canum</strong></span> 
     </span>
    </p>
   </div>
   <div class='ocr_carea' id='block_1_36' title="bbox 2327 809 3920 881">
    <p class='ocr_par' dir='ltr' id='par_1_36' title="bbox 2327 809 3920 881">
     <span class='ocr_line' id='line_1_36' title="bbox 2327 809 3920 881; baseline 0.005 -19"><span class='ocrx_word' id='word_1_232' title='bbox 2327 809 2493 874; x_wconf 88' lang='lat' dir='ltr'><strong>enim,</strong></span> <span class='ocrx_word' id='word_1_233' title='bbox 2522 811 2573 863; x_wconf 91' lang='lat' dir='ltr'><strong>in</strong></span> <span class='ocrx_word' id='word_1_234' title='bbox 2602 827 2707 880; x_wconf 90' lang='lat' dir='ltr'><strong>quo</strong></span> <span class='ocrx_word' id='word_1_235' title='bbox 2736 822 3007 867; x_wconf 80' lang='lat' dir='ltr'><strong>certamen</strong></span> <span class='ocrx_word' id='word_1_236' title='bbox 3035 813 3117 881; x_wconf 82' lang='lat' dir='ltr'><strong>agi</strong></span> <span class='ocrx_word' id='word_1_237' title='bbox 3147 812 3396 878; x_wconf 87' lang='lat' dir='ltr'><strong>debebat,</strong></span> <span class='ocrx_word' id='word_1_238' title='bbox 3415 813 3589 868; x_wconf 84' lang='lat' dir='ltr'><strong>fossas</strong></span> <span class='ocrx_word' id='word_1_239' title='bbox 3617 814 3874 870; x_wconf 85' lang='lat' dir='ltr'><strong>ell&#39;odiunt</strong></span> <span class='ocrx_word' id='word_1_240' title='bbox 3902 835 3920 870; x_wconf 87' lang='lat'><strong>:</strong></span> 
     </span>
    </p>
   </div>
   <div class='ocr_carea' id='block_1_37' title="bbox 2326 903 3922 973">
    <p class='ocr_par' dir='ltr' id='par_1_37' title="bbox 2326 903 3922 973">
     <span class='ocr_line' id='line_1_37' title="bbox 2326 903 3922 973; baseline 0.005 -22"><span class='ocrx_word' id='word_1_241' title='bbox 2326 915 2547 967; x_wconf 89' lang='lat' dir='ltr'><strong>quarum</strong></span> <span class='ocrx_word' id='word_1_242' title='bbox 2581 915 2698 965; x_wconf 90' lang='lat' dir='ltr'><strong>ora,</strong></span> <span class='ocrx_word' id='word_1_243' title='bbox 2731 914 2917 970; x_wconf 90' lang='lat' dir='ltr'><strong>operta</strong></span> <span class='ocrx_word' id='word_1_244' title='bbox 2957 903 3124 958; x_wconf 91' lang='lat' dir='ltr'><strong>denso</strong></span> <span class='ocrx_word' id='word_1_245' title='bbox 3159 904 3393 971; x_wconf 78' lang='lat' dir='ltr'><strong>cespite,</strong></span> <span class='ocrx_word' id='word_1_246' title='bbox 3445 905 3659 973; x_wconf 83' lang='lat' dir='ltr'><strong>planum</strong></span> <span class='ocrx_word' id='word_1_247' title='bbox 3685 907 3922 960; x_wconf 87' lang='lat' dir='ltr'><strong>assimu-</strong></span> 
     </span>
    </p>
   </div>
   <div class='ocr_carea' id='block_1_38' title="bbox 2325 988 3920 1064">
    <p class='ocr_par' dir='ltr' id='par_1_38' title="bbox 2325 988 3920 1064">
     <span class='ocr_line' id='line_1_38' title="bbox 2325 988 3920 1064; baseline 0.004 -19"><span class='ocrx_word' id='word_1_248' title='bbox 2325 988 2436 1045; x_wconf 87' lang='lat' dir='ltr'><strong>lant</strong></span> <span class='ocrx_word' id='word_1_249' title='bbox 2467 1006 2735 1060; x_wconf 83' lang='lat' dir='ltr'><strong>campum.</strong></span> <span class='ocrx_word' id='word_1_250' title='bbox 2781 992 2832 1045; x_wconf 94' lang='lat' dir='ltr'><strong>lu</strong></span> <span class='ocrx_word' id='word_1_251' title='bbox 2865 992 2960 1047; x_wconf 90' lang='lat' dir='ltr'><strong>has</strong></span> <span class='ocrx_word' id='word_1_252' title='bbox 2987 1009 3116 1062; x_wconf 78' lang='lat' dir='ltr'><strong>ergo</strong></span> <span class='ocrx_word' id='word_1_253' title='bbox 3159 994 3345 1048; x_wconf 84' lang='lat' dir='ltr'><strong>foveas</strong></span> <span class='ocrx_word' id='word_1_254' title='bbox 3385 1008 3504 1048; x_wconf 91' lang='lat' dir='ltr'><strong>cum</strong></span> <span class='ocrx_word' id='word_1_255' title='bbox 3538 1011 3774 1064; x_wconf 81' lang='lat' dir='ltr'><strong>pugnare</strong></span> <span class='ocrx_word' id='word_1_256' title='bbox 3797 1011 3920 1050; x_wconf 69' lang='lat' dir='ltr'><strong>crn-</strong></span> 
     </span>
    </p>
   </div>
   <div class='ocr_carea' id='block_1_39' title="bbox 2329 1083 3919 1155">
    <p class='ocr_par' dir='ltr' id='par_1_39' title="bbox 2329 1083 3919 1155">
     <span class='ocr_line' id='line_1_39' title="bbox 2329 1083 3919 1155; baseline 0.004 -20"><span class='ocrx_word' id='word_1_257' title='bbox 2329 1083 2562 1149; x_wconf 87' lang='lat' dir='ltr'><strong>pissent,</strong></span> <span class='ocrx_word' id='word_1_258' title='bbox 2596 1086 2746 1137; x_wconf 89' lang='lat' dir='ltr'><strong>multi</strong></span> <span class='ocrx_word' id='word_1_259' title='bbox 2783 1083 3112 1139; x_wconf 83' lang='lat' dir='ltr'><strong>Francorum</strong></span> <span class='ocrx_word' id='word_1_260' title='bbox 3139 1087 3347 1155; x_wconf 88' lang='lat' dir='ltr'><strong>equites</strong></span> <span class='ocrx_word' id='word_1_261' title='bbox 3373 1097 3712 1153; x_wconf 86' lang='lat' dir='ltr'><strong>corruerunt,</strong></span> <span class='ocrx_word' id='word_1_262' title='bbox 3734 1098 3783 1143; x_wconf 88' lang='lat' dir='ltr'><strong>et</strong></span> <span class='ocrx_word' id='word_1_263' title='bbox 3815 1087 3919 1141; x_wconf 83' lang='lat' dir='ltr'><strong>fuit</strong></span> 
     </span>
    </p>
   </div>
   <div class='ocr_carea' id='block_1_40' title="bbox 2326 1174 3920 1247">
    <p class='ocr_par' dir='ltr' id='par_1_40' title="bbox 2326 1174 3920 1247">
     <span class='ocr_line' id='line_1_40' title="bbox 2326 1174 3920 1247; baseline 0.003 -18"><span class='ocrx_word' id='word_1_264' title='bbox 2326 1175 2407 1229; x_wconf 87' lang='lat' dir='ltr'><strong>eis</strong></span> <span class='ocrx_word' id='word_1_265' title='bbox 2449 1175 2601 1230; x_wconf 82' lang='lat' dir='ltr'><strong>valde</strong></span> <span class='ocrx_word' id='word_1_266' title='bbox 2647 1174 3136 1242; x_wconf 84' lang='lat' dir='ltr'><strong>impedimentum:</strong></span> <span class='ocrx_word' id='word_1_267' title='bbox 3180 1178 3275 1232; x_wconf 87' lang='lat' dir='ltr'><strong>sed</strong></span> <span class='ocrx_word' id='word_1_268' title='bbox 3322 1188 3440 1246; x_wconf 88' lang='lat' dir='ltr'><strong>post</strong></span> <span class='ocrx_word' id='word_1_269' title='bbox 3479 1179 3746 1247; x_wconf 85' lang='lat' dir='ltr'><strong>cognitum</strong></span> <span class='ocrx_word' id='word_1_270' title='bbox 3774 1179 3920 1233; x_wconf 91' lang='lat' dir='ltr'><strong>hunc</strong></span> 
     </span>
    </p>
   </div>
   <div class='ocr_carea' id='block_1_41' title="bbox 2325 1267 3919 1339">
    <p class='ocr_par' dir='ltr' id='par_1_41' title="bbox 2325 1267 3919 1339">
     <span class='ocr_line' id='line_1_41' title="bbox 2325 1267 3919 1339; baseline 0.001 -17"><span class='ocrx_word' id='word_1_271' title='bbox 2325 1267 2504 1322; x_wconf 45' lang='lat' dir='ltr'><strong>dolum</strong></span> <span class='ocrx_word' id='word_1_272' title='bbox 2557 1270 2853 1324; x_wconf 86' lang='lat' dir='ltr'><strong>observare</strong></span> <span class='ocrx_word' id='word_1_273' title='bbox 2903 1281 3206 1338; x_wconf 69' lang='lat' dir='ltr'><strong>creperum.</strong></span> <span class='ocrx_word' id='word_1_274' title='bbox 3257 1270 3497 1339; x_wconf 81' lang='lat' dir='ltr'><strong>Denique</strong></span> <span class='ocrx_word' id='word_1_275' title='bbox 3539 1287 3661 1325; x_wconf 90' lang='lat' dir='ltr'><strong>cum</strong></span> <span class='ocrx_word' id='word_1_276' title='bbox 3693 1286 3751 1326; x_wconf 91' lang='lat' dir='ltr'><strong>se</strong></span> <span class='ocrx_word' id='word_1_277' title='bbox 3771 1271 3919 1326; x_wconf 85' lang='lat' dir='ltr'><strong>Tho-</strong></span> 
     </span>
    </p>
   </div>
   <div class='ocr_carea' id='block_1_42' title="bbox 2326 1359 3915 1430">
    <p class='ocr_par' dir='ltr' id='par_1_42' title="bbox 2326 1359 3915 1430">
     <span class='ocr_line' id='line_1_42' title="bbox 2326 1359 3915 1430; baseline 0.001 -16"><span class='ocrx_word' id='word_1_278' title='bbox 2326 1359 2462 1425; x_wconf 73' lang='lat' dir='ltr'><strong>ringi</strong></span> <span class='ocrx_word' id='word_1_279' title='bbox 2489 1360 2622 1413; x_wconf 70' lang='lat' dir='ltr'><strong>cmdi</strong></span> <span class='ocrx_word' id='word_1_280' title='bbox 2655 1359 3003 1415; x_wconf 83' lang='lat' dir='ltr'><strong>vehementer</strong></span> <span class='ocrx_word' id='word_1_281' title='bbox 3030 1361 3311 1424; x_wconf 89' lang='lat' dir='ltr'><strong>viderent,</strong></span> <span class='ocrx_word' id='word_1_282' title='bbox 3348 1364 3525 1430; x_wconf 83' lang='lat' dir='ltr'><strong>fugato</strong></span> <span class='ocrx_word' id='word_1_283' title='bbox 3555 1359 3572 1398; x_wconf 72' lang='grc' dir='ltr'>ί</span> <span class='ocrx_word' id='word_1_284' title='bbox 3615 1361 3915 1415; x_wconf 82' lang='lat' dir='ltr'><strong>llermene-</strong></span> 
     </span>
    </p>
   </div>
   <div class='ocr_carea' id='block_1_43' title="bbox 2327 1451 3918 1521">
    <p class='ocr_par' dir='ltr' id='par_1_43' title="bbox 2327 1451 3918 1521">
     <span class='ocr_line' id='line_1_43' title="bbox 2327 1451 3918 1521; baseline 0.002 -18"><span class='ocrx_word' id='word_1_285' title='bbox 2327 1451 2462 1505; x_wconf 89' lang='lat' dir='ltr'><strong>frido</strong></span> <span class='ocrx_word' id='word_1_286' title='bbox 2491 1466 2615 1520; x_wconf 82' lang='lat' dir='ltr'><strong>rege</strong></span> <span class='ocrx_word' id='word_1_287' title='bbox 2660 1453 2898 1521; x_wconf 88' lang='lat' dir='ltr'><strong>ipsorum</strong></span> <span class='ocrx_word' id='word_1_288' title='bbox 2929 1491 2944 1516; x_wconf 93' lang='lat'><strong>,</strong></span> <span class='ocrx_word' id='word_1_289' title='bbox 2994 1462 3139 1521; x_wconf 84' lang='lat' dir='ltr'><strong>terga</strong></span> <span class='ocrx_word' id='word_1_290' title='bbox 3192 1463 3403 1506; x_wconf 88' lang='lat' dir='ltr'><strong>vertunt</strong></span> <span class='ocrx_word' id='word_1_291' title='bbox 3431 1491 3446 1514; x_wconf 90' lang='lat'><strong>,</strong></span> <span class='ocrx_word' id='word_1_292' title='bbox 3481 1461 3536 1506; x_wconf 87' lang='lat' dir='ltr'><strong>et</strong></span> <span class='ocrx_word' id='word_1_293' title='bbox 3559 1452 3625 1506; x_wconf 84' lang='lat' dir='ltr'><strong>ad</strong></span> <span class='ocrx_word' id='word_1_294' title='bbox 3657 1453 3918 1507; x_wconf 62' lang='lat' dir='ltr'><strong>Onestruo</strong></span> 
     </span>
    </p>
   </div>
   <div class='ocr_carea' id='block_1_44' title="bbox 2325 1542 3914 1612">
    <p class='ocr_par' dir='ltr' id='par_1_44' title="bbox 2325 1542 3914 1612">
     <span class='ocr_line' id='line_1_44' title="bbox 2325 1542 3914 1612; baseline 0 -14"><span class='ocrx_word' id='word_1_295' title='bbox 2325 1544 2444 1598; x_wconf 88' lang='lat' dir='ltr'><strong>dem</strong></span> <span class='ocrx_word' id='word_1_296' title='bbox 2480 1552 2504 1590; x_wconf 70' lang='grc' dir='ltr'>ε</span> <span class='ocrx_word' id='word_1_297' title='bbox 2533 1542 2750 1596; x_wconf 83' lang='lat' dir='ltr'><strong>ﬂuvium</strong></span> <span class='ocrx_word' id='word_1_298' title='bbox 2775 1557 2943 1612; x_wconf 74' lang='lat' dir='ltr'><strong>usque</strong></span> <span class='ocrx_word' id='word_1_299' title='bbox 2979 1543 3316 1612; x_wconf 86' lang='lat' dir='ltr'><strong>perveniunt.</strong></span> <span class='ocrx_word' id='word_1_300' title='bbox 3361 1543 3543 1611; x_wconf 80' lang='lat' dir='ltr'><strong>ibique</strong></span> <span class='ocrx_word' id='word_1_301' title='bbox 3572 1553 3710 1597; x_wconf 84' lang='lat' dir='ltr'><strong>tanta</strong></span> <span class='ocrx_word' id='word_1_302' title='bbox 3735 1543 3914 1598; x_wconf 68' lang='lat' dir='ltr'><strong>caedes</strong></span> 
     </span>
    </p>
   </div>
   <div class='ocr_carea' id='block_1_45' title="bbox 2326 1635 3912 1706">
    <p class='ocr_par' dir='ltr' id='par_1_45' title="bbox 2326 1635 3912 1706">
     <span class='ocr_line' id='line_1_45' title="bbox 2326 1635 3912 1706; baseline -0.001 -15"><span class='ocrx_word' id='word_1_303' title='bbox 2326 1653 2388 1691; x_wconf 79' lang='lat' dir='ltr'><strong>ex</strong></span> <span class='ocrx_word' id='word_1_304' title='bbox 2419 1636 2705 1706; x_wconf 85' lang='lat' dir='ltr'><strong>Thoringis</strong></span> <span class='ocrx_word' id='word_1_305' title='bbox 2739 1637 2878 1690; x_wconf 84' lang='lat' dir='ltr'><strong>facta</strong></span> <span class='ocrx_word' id='word_1_306' title='bbox 2907 1646 3011 1702; x_wconf 90' lang='lat' dir='ltr'><strong>est,</strong></span> <span class='ocrx_word' id='word_1_307' title='bbox 3038 1647 3093 1689; x_wconf 91' lang='lat' dir='ltr'><strong>ut</strong></span> <span class='ocrx_word' id='word_1_308' title='bbox 3115 1636 3298 1691; x_wconf 84' lang='lat' dir='ltr'><strong>alveus</strong></span> <span class='ocrx_word' id='word_1_309' title='bbox 3326 1635 3560 1690; x_wconf 87' lang='lat' dir='ltr'><strong>lluminis</strong></span> <span class='ocrx_word' id='word_1_310' title='bbox 3589 1635 3912 1690; x_wconf 87' lang='lat' dir='ltr'><strong>cadaverum</strong></span> 
     </span>
    </p>
   </div>
   <div class='ocr_carea' id='block_1_46' title="bbox 2324 1727 3911 1797">
    <p class='ocr_par' dir='ltr' id='par_1_46' title="bbox 2324 1727 3911 1797">
     <span class='ocr_line' id='line_1_46' title="bbox 2324 1727 3911 1797; baseline 0.001 -15"><span class='ocrx_word' id='word_1_311' title='bbox 2324 1728 2573 1797; x_wconf 80' lang='lat' dir='ltr'><strong>congerie</strong></span> <span class='ocrx_word' id='word_1_312' title='bbox 2601 1729 2920 1797; x_wconf 82' lang='lat' dir='ltr'><strong>repleretur,</strong></span> <span class='ocrx_word' id='word_1_313' title='bbox 2954 1739 3007 1783; x_wconf 90' lang='lat' dir='ltr'><strong>et</strong></span> <span class='ocrx_word' id='word_1_314' title='bbox 3036 1727 3248 1794; x_wconf 87' lang='lat' dir='ltr'><strong>Franci,</strong></span> <span class='ocrx_word' id='word_1_315' title='bbox 3286 1737 3534 1797; x_wconf 86' lang='lat' dir='ltr'><strong>tanquam</strong></span> <span class='ocrx_word' id='word_1_316' title='bbox 3569 1744 3665 1797; x_wconf 91' lang='lat' dir='ltr'><strong>per</strong></span> <span class='ocrx_word' id='word_1_317' title='bbox 3693 1740 3911 1797; x_wconf 90' lang='lat' dir='ltr'><strong>pontem</strong></span> 
     </span>
    </p>
   </div>
   <div class='ocr_carea' id='block_1_47' title="bbox 2325 1821 3915 1890">
    <p class='ocr_par' dir='ltr' id='par_1_47' title="bbox 2325 1821 3915 1890">
     <span class='ocr_line' id='line_1_47' title="bbox 2325 1821 3915 1890; baseline 0 -17"><span class='ocrx_word' id='word_1_318' title='bbox 2325 1821 2578 1890; x_wconf 88' lang='lat' dir='ltr'><strong>aliquem,</strong></span> <span class='ocrx_word' id='word_1_319' title='bbox 2613 1836 2775 1888; x_wconf 90' lang='lat' dir='ltr'><strong>super</strong></span> <span class='ocrx_word' id='word_1_320' title='bbox 2804 1835 2901 1875; x_wconf 90' lang='lat' dir='ltr'><strong>eos</strong></span> <span class='ocrx_word' id='word_1_321' title='bbox 2930 1822 2980 1874; x_wconf 93' lang='lat' dir='ltr'><strong>in</strong></span> <span class='ocrx_word' id='word_1_322' title='bbox 3017 1821 3168 1875; x_wconf 89' lang='lat' dir='ltr'><strong>littus</strong></span> <span class='ocrx_word' id='word_1_323' title='bbox 3200 1821 3430 1875; x_wconf 91' lang='lat' dir='ltr'><strong>ulterius</strong></span> <span class='ocrx_word' id='word_1_324' title='bbox 3455 1821 3761 1876; x_wconf 87' lang='lat' dir='ltr'><strong>transirent.</strong></span> <span class='ocrx_word' id='word_1_325' title='bbox 3812 1821 3915 1875; x_wconf 68' lang='lat' dir='ltr'><strong>P.2-</strong></span> 
     </span>
    </p>
   </div>
   <div class='ocr_carea' id='block_1_48' title="bbox 1682 1914 2217 1991">
    <p class='ocr_par' dir='ltr' id='par_1_48' title="bbox 1682 1930 2214 1991">
     <span class='ocr_line' id='line_1_48' title="bbox 1682 1930 2214 1991; baseline -0.019 0"><span class='ocrx_word' id='word_1_326' title='bbox 1682 1935 1869 1991; x_wconf 89' lang='lat' dir='ltr'><strong>tertius</strong></span> <span class='ocrx_word' id='word_1_327' title='bbox 1894 1930 2214 1988; x_wconf 84' lang='lat' dir='ltr'><strong>Chlodoual-</strong></span> 
     </span>
    </p>
   </div>
   <div class='ocr_carea' id='block_1_49' title="bbox 2321 1914 3912 1991">
    <p class='ocr_par' dir='ltr' id='par_1_49' title="bbox 2327 1914 3912 1985">
     <span class='ocr_line' id='line_1_49' title="bbox 2327 1914 3912 1985; baseline 0 -17"><span class='ocrx_word' id='word_1_328' title='bbox 2327 1924 2461 1968; x_wconf 90' lang='lat' dir='ltr'><strong>trala</strong></span> <span class='ocrx_word' id='word_1_329' title='bbox 2476 1929 2602 1983; x_wconf 88' lang='lat' dir='ltr'><strong>ergo</strong></span> <span class='ocrx_word' id='word_1_330' title='bbox 2619 1914 2844 1968; x_wconf 81' lang='lat' dir='ltr'><strong>victoria</strong></span> <span class='ocrx_word' id='word_1_331' title='bbox 2866 1914 3140 1984; x_wconf 82' lang='lat' dir='ltr'><strong>regionem</strong></span> <span class='ocrx_word' id='word_1_332' title='bbox 3171 1914 3314 1967; x_wconf 84' lang='lat' dir='ltr'><strong>illam</strong></span> <span class='ocrx_word' id='word_1_333' title='bbox 3343 1923 3650 1982; x_wconf 89' lang='lat' dir='ltr'><strong>capessunt,</strong></span> <span class='ocrx_word' id='word_1_334' title='bbox 3675 1917 3826 1985; x_wconf 73' lang='lat'><strong>112</strong></span> <span class='ocrx_word' id='word_1_335' title='bbox 3851 1914 3912 1968; x_wconf 87' lang='lat' dir='ltr'><strong>in</strong></span> 
     </span>
    </p>
   </div>
   <div class='ocr_carea' id='block_1_50' title="bbox 2324 2002 3912 2075">
    <p class='ocr_par' dir='ltr' id='par_1_50' title="bbox 2324 2002 3912 2075">
     <span class='ocr_line' id='line_1_50' title="bbox 2324 2002 3912 2075; baseline -0.001 -16"><span class='ocrx_word' id='word_1_336' title='bbox 2324 2020 2477 2061; x_wconf 90' lang='lat' dir='ltr'><strong>suam</strong></span> <span class='ocrx_word' id='word_1_337' title='bbox 2531 2002 2777 2075; x_wconf 82' lang='lat' dir='ltr'><strong>redigunt</strong></span> <span class='ocrx_word' id='word_1_338' title='bbox 2845 2012 3194 2074; x_wconf 85' lang='lat' dir='ltr'><strong>potestatem.</strong></span> <span class='ocrx_word' id='word_1_339' title='bbox 3279 2004 3725 2059; x_wconf 85' lang='lat' dir='ltr'><strong>Chlothacharius</strong></span> <span class='ocrx_word' id='word_1_340' title='bbox 3781 2021 3912 2058; x_wconf 88' lang='lat' dir='ltr'><strong>vero</strong></span> 
     </span>
    </p>
   </div>
   <div class='ocr_carea' id='block_1_51' title="bbox 2323 2097 3911 2169">
    <p class='ocr_par' dir='ltr' id='par_1_51' title="bbox 2323 2097 3911 2169">
     <span class='ocr_line' id='line_1_51' title="bbox 2323 2097 3911 2169; baseline -0.001 -15"><span class='ocrx_word' id='word_1_341' title='bbox 2323 2100 2537 2156; x_wconf 87' lang='lat' dir='ltr'><strong>rediens</strong></span> <span class='ocrx_word' id='word_1_342' title='bbox 2561 2141 2578 2164; x_wconf 90' lang='lat'><strong>,</strong></span> <span class='ocrx_word' id='word_1_343' title='bbox 2613 2099 2995 2169; x_wconf 81' lang='lat' dir='ltr'><strong>Radegundem</strong></span> <span class='ocrx_word' id='word_1_344' title='bbox 3027 2100 3188 2153; x_wconf 83' lang='lat' dir='ltr'><strong>tiliam</strong></span> <span class='ocrx_word' id='word_1_345' title='bbox 3220 2099 3480 2153; x_wconf 81' lang='lat' dir='ltr'><strong>Bertharii</strong></span> <span class='ocrx_word' id='word_1_346' title='bbox 3508 2098 3647 2165; x_wconf 81' lang='lat' dir='ltr'><strong>regis</strong></span> <span class='ocrx_word' id='word_1_347' title='bbox 3669 2097 3696 2132; x_wconf 54' lang='grc' dir='ltr'><strong>τι</strong></span> <span class='ocrx_word' id='word_1_348' title='bbox 3723 2112 3911 2152; x_wconf 81' lang='lat' dir='ltr'><strong>secum</strong></span> 
     </span>
    </p>
   </div>
   <div class='ocr_carea' id='block_1_52' title="bbox 2323 2190 3912 2262">
    <p class='ocr_par' dir='ltr' id='par_1_52' title="bbox 2323 2190 3912 2262">
     <span class='ocr_line' id='line_1_52' title="bbox 2323 2190 3912 2262; baseline -0.003 -15"><span class='ocrx_word' id='word_1_349' title='bbox 2323 2194 2588 2262; x_wconf 83' lang='lat' dir='ltr'><strong>captivam</strong></span> <span class='ocrx_word' id='word_1_350' title='bbox 2617 2193 2875 2258; x_wconf 75' lang='lat' dir='ltr'><strong>abduxit,</strong></span> <span class='ocrx_word' id='word_1_351' title='bbox 2907 2192 3116 2260; x_wconf 81' lang='lat' dir='ltr'><strong>sibique</strong></span> <span class='ocrx_word' id='word_1_352' title='bbox 3145 2206 3261 2246; x_wconf 91' lang='lat' dir='ltr'><strong>eam</strong></span> <span class='ocrx_word' id='word_1_353' title='bbox 3295 2191 3349 2244; x_wconf 89' lang='lat' dir='ltr'><strong>in</strong></span> <span class='ocrx_word' id='word_1_354' title='bbox 3391 2190 3784 2246; x_wconf 85' lang='lat' dir='ltr'><strong>matrimonium</strong></span> <span class='ocrx_word' id='word_1_355' title='bbox 3816 2204 3912 2244; x_wconf 84' lang='lat' dir='ltr'><strong>so-</strong></span> 
     </span>
    </p>
   </div>
   <div class='ocr_carea' id='block_1_53' title="bbox 2324 2283 3914 2355">
    <p class='ocr_par' dir='ltr' id='par_1_53' title="bbox 2324 2283 3914 2355">
     <span class='ocr_line' id='line_1_53' title="bbox 2324 2283 3914 2355; baseline -0.003 -13"><span class='ocrx_word' id='word_1_356' title='bbox 2324 2286 2501 2342; x_wconf 83' lang='lat' dir='ltr'><strong>ciavit.</strong></span> <span class='ocrx_word' id='word_1_357' title='bbox 2545 2286 2708 2355; x_wconf 89' lang='lat' dir='ltr'><strong>Cujus</strong></span> <span class='ocrx_word' id='word_1_358' title='bbox 2760 2285 2975 2340; x_wconf 81' lang='lat' dir='ltr'><strong>fratrem</strong></span> <span class='ocrx_word' id='word_1_359' title='bbox 3029 2293 3210 2353; x_wconf 82' lang='lat' dir='ltr'><strong>postea</strong></span> <span class='ocrx_word' id='word_1_360' title='bbox 3268 2283 3467 2352; x_wconf 76' lang='lat' dir='ltr'><strong>injuste</strong></span> <span class='ocrx_word' id='word_1_361' title='bbox 3522 2298 3615 2350; x_wconf 91' lang='lat' dir='ltr'><strong>per</strong></span> <span class='ocrx_word' id='word_1_362' title='bbox 3661 2283 3914 2338; x_wconf 83' lang='lat' dir='ltr'><strong>homines</strong></span> 
     </span>
    </p>
   </div>
   <div class='ocr_carea' id='block_1_54' title="bbox 2323 2376 3912 2449">
    <p class='ocr_par' dir='ltr' id='par_1_54' title="bbox 2323 2376 3912 2449">
     <span class='ocr_line' id='line_1_54' title="bbox 2323 2376 3912 2449; baseline -0.003 -15"><span class='ocrx_word' id='word_1_363' title='bbox 2323 2381 2534 2449; x_wconf 89' lang='lat' dir='ltr'><strong>iniquos</strong></span> <span class='ocrx_word' id='word_1_364' title='bbox 2561 2379 2779 2434; x_wconf 89' lang='lat' dir='ltr'><strong>occidit.</strong></span> <span class='ocrx_word' id='word_1_365' title='bbox 2821 2379 2913 2433; x_wconf 83' lang='lat' dir='ltr'><strong>llla</strong></span> <span class='ocrx_word' id='word_1_366' title='bbox 2942 2392 3158 2448; x_wconf 86' lang='lat' dir='ltr'><strong>quoque</strong></span> <span class='ocrx_word' id='word_1_367' title='bbox 3184 2376 3249 2431; x_wconf 88' lang='lat' dir='ltr'><strong>ad</strong></span> <span class='ocrx_word' id='word_1_368' title='bbox 3284 2377 3448 2438; x_wconf 87' lang='lat' dir='ltr'><strong>Deum</strong></span> <span class='ocrx_word' id='word_1_369' title='bbox 3481 2390 3758 2439; x_wconf 87' lang='lat' dir='ltr'><strong>conversa,</strong></span> <span class='ocrx_word' id='word_1_370' title='bbox 3792 2391 3912 2430; x_wconf 83' lang='lat' dir='ltr'><strong>inu-</strong></span> 
     </span>
    </p>
   </div>
   <div class='ocr_carea' id='block_1_55' title="bbox 2325 2468 3916 2527">
    <p class='ocr_par' dir='ltr' id='par_1_55' title="bbox 2325 2468 3916 2527">
     <span class='ocr_line' id='line_1_55' title="bbox 2325 2468 3916 2527; baseline -0.004 0"><span class='ocrx_word' id='word_1_371' title='bbox 2325 2483 2432 2527; x_wconf 90' lang='lat' dir='ltr'><strong>tata</strong></span> <span class='ocrx_word' id='word_1_372' title='bbox 2465 2481 2614 2527; x_wconf 90' lang='lat' dir='ltr'><strong>veste</strong></span> <span class='ocrx_word' id='word_1_373' title='bbox 2653 2470 3036 2525; x_wconf 84' lang='lat' dir='ltr'><strong>monasterium</strong></span> <span class='ocrx_word' id='word_1_374' title='bbox 3089 2469 3192 2523; x_wconf 88' lang='lat' dir='ltr'><strong>sibi</strong></span> <span class='ocrx_word' id='word_1_375' title='bbox 3240 2468 3377 2522; x_wconf 75' lang='lat' dir='ltr'><strong>in&#39;ra</strong></span> <span class='ocrx_word' id='word_1_376' title='bbox 3411 2469 3779 2526; x_wconf 85' lang='lat' dir='ltr'><strong>Pictavensem</strong></span> <span class='ocrx_word' id='word_1_377' title='bbox 3821 2482 3916 2520; x_wconf 85' lang='lat' dir='ltr'><strong>ur-</strong></span> 
     </span>
    </p>
   </div>
   <div class='ocr_carea' id='block_1_56' title="bbox 2325 2559 3913 2632">
    <p class='ocr_par' dir='ltr' id='par_1_56' title="bbox 2325 2559 3913 2632">
     <span class='ocr_line' id='line_1_56' title="bbox 2325 2559 3913 2632; baseline -0.004 -13"><span class='ocrx_word' id='word_1_378' title='bbox 2325 2565 2444 2620; x_wconf 91' lang='lat' dir='ltr'><strong>bem</strong></span> <span class='ocrx_word' id='word_1_379' title='bbox 2498 2564 2836 2628; x_wconf 82' lang='lat' dir='ltr'><strong>construxit,</strong></span> <span class='ocrx_word' id='word_1_380' title='bbox 2886 2572 3006 2632; x_wconf 74' lang='lat' dir='ltr'><strong>q‘ure</strong></span> <span class='ocrx_word' id='word_1_381' title='bbox 3055 2561 3407 2627; x_wconf 84' lang='lat' dir='ltr'><strong>orationibus,</strong></span> <span class='ocrx_word' id='word_1_382' title='bbox 3446 2560 3688 2630; x_wconf 75' lang='lat' dir='ltr'><strong>jcjuniis,</strong></span> <span class='ocrx_word' id='word_1_383' title='bbox 3716 2559 3913 2629; x_wconf 81' lang='lat' dir='ltr'><strong>vigiliis</strong></span> 
     </span>
    </p>
   </div>
   <div class='ocr_carea' id='block_1_57' title="bbox 2321 2653 3915 2730">
    <p class='ocr_par' dir='ltr' id='par_1_57' title="bbox 2321 2653 3915 2730">
     <span class='ocr_line' id='line_1_57' title="bbox 2321 2653 3915 2730; baseline -0.006 -16"><span class='ocrx_word' id='word_1_384' title='bbox 2321 2670 2486 2730; x_wconf 90' lang='lat' dir='ltr'><strong>atque</strong></span> <span class='ocrx_word' id='word_1_385' title='bbox 2507 2657 2864 2727; x_wconf 82' lang='lat' dir='ltr'><strong>cleemosynis</strong></span> <span class='ocrx_word' id='word_1_386' title='bbox 2887 2657 3112 2727; x_wconf 71' lang='lat' dir='ltr'><strong>prmdita</strong></span> <span class='ocrx_word' id='word_1_387' title='bbox 3143 2657 3193 2711; x_wconf 90' lang='lat' dir='ltr'><strong>in</strong></span> <span class='ocrx_word' id='word_1_388' title='bbox 3219 2664 3423 2710; x_wconf 86' lang='lat' dir='ltr'><strong>tantum</strong></span> <span class='ocrx_word' id='word_1_389' title='bbox 3453 2653 3688 2717; x_wconf 88' lang='lat' dir='ltr'><strong>emicuit,</strong></span> <span class='ocrx_word' id='word_1_390' title='bbox 3713 2661 3768 2707; x_wconf 88' lang='lat' dir='ltr'><strong>ut</strong></span> <span class='ocrx_word' id='word_1_391' title='bbox 3795 2667 3915 2706; x_wconf 79' lang='lat' dir='ltr'><strong>ma-</strong></span> 
     </span>
    </p>
   </div>
   <div class='ocr_carea' id='block_1_58' title="bbox 2322 2741 3916 2818">
    <p class='ocr_par' dir='ltr' id='par_1_58' title="bbox 2322 2741 3916 2818">
     <span class='ocr_line' id='line_1_58' title="bbox 2322 2741 3916 2818; baseline -0.006 -16"><span class='ocrx_word' id='word_1_392' title='bbox 2322 2767 2422 2818; x_wconf 82' lang='lat' dir='ltr'><strong>gna</strong></span> <span class='ocrx_word' id='word_1_393' title='bbox 2456 2750 2508 2804; x_wconf 92' lang='lat' dir='ltr'><strong>in</strong></span> <span class='ocrx_word' id='word_1_394' title='bbox 2538 2748 2747 2818; x_wconf 89' lang='lat' dir='ltr'><strong>p0pulis</strong></span> <span class='ocrx_word' id='word_1_395' title='bbox 2775 2746 3085 2802; x_wconf 79' lang='lat' dir='ltr'><strong>haberetur.</strong></span> <span class='ocrx_word' id='word_1_396' title='bbox 3127 2745 3260 2799; x_wconf 80' lang='lat' dir='ltr'><strong>Cum</strong></span> <span class='ocrx_word' id='word_1_397' title='bbox 3301 2753 3476 2798; x_wconf 88' lang='lat' dir='ltr'><strong>autem</strong></span> <span class='ocrx_word' id='word_1_398' title='bbox 3515 2741 3689 2796; x_wconf 89' lang='lat' dir='ltr'><strong>adhuc</strong></span> <span class='ocrx_word' id='word_1_399' title='bbox 3717 2754 3916 2808; x_wconf 60' lang='lat' dir='ltr'><strong>supra.</strong></span> 
     </span>
    </p>
   </div>
   <div class='ocr_carea' id='block_1_59' title="bbox 2322 2831 3917 2911">
    <p class='ocr_par' dir='ltr' id='par_1_59' title="bbox 2322 2831 3917 2911">
     <span class='ocr_line' id='line_1_59' title="bbox 2322 2831 3917 2911; baseline -0.008 -14"><span class='ocrx_word' id='word_1_400' title='bbox 2322 2841 2449 2897; x_wconf 87' lang='lat' dir='ltr'><strong>dicti</strong></span> <span class='ocrx_word' id='word_1_401' title='bbox 2482 2855 2635 2911; x_wconf 80' lang='lat' dir='ltr'><strong>reges</strong></span> <span class='ocrx_word' id='word_1_402' title='bbox 2661 2843 2713 2896; x_wconf 91' lang='lat' dir='ltr'><strong>in</strong></span> <span class='ocrx_word' id='word_1_403' title='bbox 2748 2839 3036 2909; x_wconf 83' lang='lat' dir='ltr'><strong>Tlioringia</strong></span> <span class='ocrx_word' id='word_1_404' title='bbox 3067 2847 3267 2902; x_wconf 90' lang='lat' dir='ltr'><strong>essent,</strong></span> <span class='ocrx_word' id='word_1_405' title='bbox 3293 2835 3660 2891; x_wconf 85' lang='lat' dir='ltr'><strong>Theudericus</strong></span> <span class='ocrx_word' id='word_1_406' title='bbox 3689 2831 3917 2888; x_wconf 85' lang='lat' dir='ltr'><strong>Clotha-</strong></span> 
     </span>
    </p>
   </div>
   <div class='ocr_carea' id='block_1_60' title="bbox 2321 2925 3914 2996">
    <p class='ocr_par' dir='ltr' id='par_1_60' title="bbox 2321 2925 3914 2996">
     <span class='ocr_line' id='line_1_60' title="bbox 2321 2925 3914 2996; baseline -0.006 -7"><span class='ocrx_word' id='word_1_407' title='bbox 2321 2934 2562 2989; x_wconf 87' lang='lat' dir='ltr'><strong>charium</strong></span> <span class='ocrx_word' id='word_1_408' title='bbox 2585 2932 2804 2989; x_wconf 78' lang='lat' dir='ltr'><strong>fratrem</strong></span> <span class='ocrx_word' id='word_1_409' title='bbox 2838 2947 2992 2986; x_wconf 90' lang='lat' dir='ltr'><strong>suum</strong></span> <span class='ocrx_word' id='word_1_410' title='bbox 3017 2930 3264 2985; x_wconf 90' lang='lat' dir='ltr'><strong>occidere</strong></span> <span class='ocrx_word' id='word_1_411' title='bbox 3291 2929 3476 2983; x_wconf 85' lang='lat' dir='ltr'><strong>voluit.</strong></span> <span class='ocrx_word' id='word_1_412' title='bbox 3509 2926 3574 2981; x_wconf 89' lang='lat' dir='ltr'><strong>Et</strong></span> <span class='ocrx_word' id='word_1_413' title='bbox 3601 2925 3914 2996; x_wconf 69' lang='lat' dir='ltr'><strong>pratparatis</strong></span> 
     </span>
    </p>
   </div>
   <div class='ocr_carea' id='block_1_61' title="bbox 2322 3018 3913 3089">
    <p class='ocr_par' dir='ltr' id='par_1_61' title="bbox 2322 3018 3913 3089">
     <span class='ocr_line' id='line_1_61' title="bbox 2322 3018 3913 3089; baseline -0.006 -7"><span class='ocrx_word' id='word_1_414' title='bbox 2322 3027 2532 3083; x_wconf 87' lang='lat' dir='ltr'><strong>occulte</strong></span> <span class='ocrx_word' id='word_1_415' title='bbox 2561 3040 2682 3080; x_wconf 92' lang='lat' dir='ltr'><strong>cum</strong></span> <span class='ocrx_word' id='word_1_416' title='bbox 2731 3027 2894 3080; x_wconf 90' lang='lat' dir='ltr'><strong>armis</strong></span> <span class='ocrx_word' id='word_1_417' title='bbox 2947 3025 3098 3088; x_wconf 89' lang='lat' dir='ltr'><strong>viris,</strong></span> <span class='ocrx_word' id='word_1_418' title='bbox 3144 3038 3267 3078; x_wconf 90' lang='lat' dir='ltr'><strong>eum</strong></span> <span class='ocrx_word' id='word_1_419' title='bbox 3317 3022 3382 3077; x_wconf 87' lang='lat' dir='ltr'><strong>ad</strong></span> <span class='ocrx_word' id='word_1_420' title='bbox 3426 3037 3484 3076; x_wconf 89' lang='lat' dir='ltr'><strong>se</strong></span> <span class='ocrx_word' id='word_1_421' title='bbox 3535 3028 3727 3087; x_wconf 88' lang='lat' dir='ltr'><strong>vocat,</strong></span> <span class='ocrx_word' id='word_1_422' title='bbox 3758 3018 3913 3089; x_wconf 87' lang='lat' dir='ltr'><strong>quasi</strong></span> 
     </span>
    </p>
   </div>
   <div class='ocr_carea' id='block_1_62' title="bbox 2323 3112 3907 3187">
    <p class='ocr_par' dir='ltr' id='par_1_62' title="bbox 2323 3112 3907 3187">
     <span class='ocr_line' id='line_1_62' title="bbox 2323 3112 3907 3187; baseline -0.005 -12"><span class='ocrx_word' id='word_1_423' title='bbox 2323 3121 2579 3177; x_wconf 87' lang='lat' dir='ltr'><strong>secretius</strong></span> <span class='ocrx_word' id='word_1_424' title='bbox 2605 3135 2726 3175; x_wconf 90' lang='lat' dir='ltr'><strong>cum</strong></span> <span class='ocrx_word' id='word_1_425' title='bbox 2757 3135 2823 3174; x_wconf 87' lang='lat' dir='ltr'><strong>eo</strong></span> <span class='ocrx_word' id='word_1_426' title='bbox 2849 3118 3047 3187; x_wconf 86' lang='lat' dir='ltr'><strong>aliquid</strong></span> <span class='ocrx_word' id='word_1_427' title='bbox 3082 3127 3404 3174; x_wconf 88' lang='lat' dir='ltr'><strong>traetatrrrus</strong></span> <span class='ocrx_word' id='word_1_428' title='bbox 3427 3157 3443 3178; x_wconf 93' lang='lat'><strong>,</strong></span> <span class='ocrx_word' id='word_1_429' title='bbox 3474 3128 3821 3185; x_wconf 65' lang='lat' dir='ltr'><strong>expansoque</strong></span> <span class='ocrx_word' id='word_1_430' title='bbox 3848 3112 3907 3167; x_wconf 88' lang='lat' dir='ltr'><strong>in</strong></span> 
     </span>
    </p>
   </div>
   <div class='ocr_carea' id='block_1_63' title="bbox 2327 3203 3908 3280">
    <p class='ocr_par' dir='ltr' id='par_1_63' title="bbox 2327 3203 3908 3280">
     <span class='ocr_line' id='line_1_63' title="bbox 2327 3203 3908 3280; baseline -0.005 -15"><span class='ocrx_word' id='word_1_431' title='bbox 2327 3221 2476 3280; x_wconf 88' lang='lat' dir='ltr'><strong>parte</strong></span> <span class='ocrx_word' id='word_1_432' title='bbox 2502 3214 2692 3266; x_wconf 90' lang='lat' dir='ltr'><strong>domus</strong></span> <span class='ocrx_word' id='word_1_433' title='bbox 2723 3211 2866 3264; x_wconf 89' lang='lat' dir='ltr'><strong>illius</strong></span> <span class='ocrx_word' id='word_1_434' title='bbox 2909 3209 3170 3271; x_wconf 88' lang='lat' dir='ltr'><strong>tentorio,</strong></span> <span class='ocrx_word' id='word_1_435' title='bbox 3203 3208 3270 3262; x_wconf 91' lang='lat' dir='ltr'><strong>de</strong></span> <span class='ocrx_word' id='word_1_436' title='bbox 3315 3223 3420 3260; x_wconf 90' lang='lat' dir='ltr'><strong>uno</strong></span> <span class='ocrx_word' id='word_1_437' title='bbox 3463 3205 3659 3274; x_wconf 86' lang='lat' dir='ltr'><strong>pariete</strong></span> <span class='ocrx_word' id='word_1_438' title='bbox 3689 3203 3739 3257; x_wconf 92' lang='lat' dir='ltr'><strong>in</strong></span> <span class='ocrx_word' id='word_1_439' title='bbox 3769 3203 3908 3257; x_wconf 85' lang='lat' dir='ltr'><strong>alte-</strong></span> 
     </span>
    </p>
   </div>
   <div class='ocr_carea' id='block_1_64' title="bbox 634 3296 3907 3383">
    <p class='ocr_par' dir='ltr' id='par_1_64' title="bbox 634 3296 3907 3383">
     <span class='ocr_line' id='line_1_64' title="bbox 634 3296 3907 3383; baseline -0.012 1"><span class='ocrx_word' id='word_1_440' title='bbox 634 3321 762 3375; x_wconf 67' lang='lat' dir='ltr'><strong>tiam</strong></span> <span class='ocrx_word' id='word_1_441' title='bbox 808 3318 1182 3380; x_wconf 68' lang='grc' dir='ltr'><strong>ὓῦειυὶειύηῐ,</strong></span> <span class='ocrx_word' id='word_1_442' title='bbox 1234 3323 1432 3383; x_wconf 63' lang='lat' dir='ltr'><strong>Pueros</strong></span> <span class='ocrx_word' id='word_1_443' title='bbox 1479 3322 1572 3378; x_wconf 73' lang='lat' dir='ltr'><strong>f‘el&#39;</strong></span> <span class='ocrx_word' id='word_1_444' title='bbox 1625 3319 1846 3362; x_wconf 63' lang='lat' dir='ltr'><strong>nervum</strong></span> <span class='ocrx_word' id='word_1_445' title='bbox 1901 3301 2124 3358; x_wconf 68' lang='lat' dir='ltr'><strong>femoris</strong></span> <span class='ocrx_word' id='word_1_446' title='bbox 2151 3301 2214 3353; x_wconf 71' lang='lat' dir='ltr'><strong>ad</strong></span> <span class='ocrx_word' id='word_1_447' title='bbox 2245 3298 2293 3360; x_wconf 83' lang='lat' dir='ltr'><strong><em>C</em></strong></span> <span class='ocrx_word' id='word_1_448' title='bbox 2324 3320 2464 3369; x_wconf 88' lang='lat' dir='ltr'><strong>rum,</strong></span> <span class='ocrx_word' id='word_1_449' title='bbox 2497 3313 2733 3358; x_wconf 81' lang='lat' dir='ltr'><strong>armatos</strong></span> <span class='ocrx_word' id='word_1_450' title='bbox 2762 3312 2884 3372; x_wconf 90' lang='lat' dir='ltr'><strong>post</strong></span> <span class='ocrx_word' id='word_1_451' title='bbox 2923 3313 3044 3356; x_wconf 86' lang='lat' dir='ltr'><strong>eum</strong></span> <span class='ocrx_word' id='word_1_452' title='bbox 3077 3311 3222 3354; x_wconf 90' lang='lat' dir='ltr'><strong>stare</strong></span> <span class='ocrx_word' id='word_1_453' title='bbox 3248 3299 3420 3368; x_wconf 85' lang='lat' dir='ltr'><strong>jubet.</strong></span> <span class='ocrx_word' id='word_1_454' title='bbox 3462 3296 3702 3364; x_wconf 89' lang='lat' dir='ltr'><strong>Cumque</strong></span> <span class='ocrx_word' id='word_1_455' title='bbox 3729 3305 3907 3349; x_wconf 77' lang='lat' dir='ltr'><strong>tento—</strong></span> 
     </span>
    </p>
   </div>
   <div class='ocr_carea' id='block_1_65' title="bbox 634 3396 2216 3480">
    <p class='ocr_par' dir='ltr' id='par_1_65' title="bbox 634 3396 2216 3480">
     <span class='ocr_line' id='line_1_65' title="bbox 634 3396 2216 3480; baseline -0.014 -13"><span class='ocrx_word' id='word_1_456' title='bbox 634 3412 858 3467; x_wconf 82' lang='lat' dir='ltr'><strong>a‘rbores</strong></span> <span class='ocrx_word' id='word_1_457' title='bbox 885 3407 1274 3480; x_wconf 90' lang='lat' dir='ltr'><strong>appendentes,</strong></span> <span class='ocrx_word' id='word_1_458' title='bbox 1308 3402 1516 3473; x_wconf 89' lang='lat' dir='ltr'><strong>puellas</strong></span> <span class='ocrx_word' id='word_1_459' title='bbox 1547 3398 1776 3468; x_wconf 86' lang='lat' dir='ltr'><strong>amplius</strong></span> <span class='ocrx_word' id='word_1_460' title='bbox 1807 3396 2067 3451; x_wconf 86' lang='lat' dir='ltr'><strong>ducentas</strong></span> <span class='ocrx_word' id='word_1_461' title='bbox 2095 3409 2216 3448; x_wconf 78' lang='lat' dir='ltr'><strong>cru-</strong></span> 
     </span>
    </p>
   </div>
   <div class='ocr_carea' id='block_1_66' title="bbox 635 3485 2220 3558">
    <p class='ocr_par' dir='ltr' id='par_1_66' title="bbox 635 3485 2220 3558">
     <span class='ocr_line' id='line_1_66' title="bbox 635 3485 2220 3558; baseline -0.014 0"><span class='ocrx_word' id='word_1_462' title='bbox 635 3501 742 3558; x_wconf 89' lang='lat' dir='ltr'><strong>deli</strong></span> <span class='ocrx_word' id='word_1_463' title='bbox 772 3515 902 3556; x_wconf 90' lang='lat' dir='ltr'><strong>nece</strong></span> <span class='ocrx_word' id='word_1_464' title='bbox 933 3496 1318 3553; x_wconf 86' lang='lat' dir='ltr'><strong>interfecerunt</strong></span> <span class='ocrx_word' id='word_1_465' title='bbox 1344 3511 1357 3547; x_wconf 93' lang='lat'><strong>:</strong></span> <span class='ocrx_word' id='word_1_466' title='bbox 1390 3492 1464 3545; x_wconf 90' lang='lat' dir='ltr'><strong>ita</strong></span> <span class='ocrx_word' id='word_1_467' title='bbox 1493 3500 1550 3545; x_wconf 91' lang='lat' dir='ltr'><strong>ut</strong></span> <span class='ocrx_word' id='word_1_468' title='bbox 1594 3488 1768 3558; x_wconf 86' lang='lat' dir='ltr'><strong>ligatis</strong></span> <span class='ocrx_word' id='word_1_469' title='bbox 1797 3485 2031 3541; x_wconf 89' lang='lat' dir='ltr'><strong>brachiis</strong></span> <span class='ocrx_word' id='word_1_470' title='bbox 2059 3498 2220 3552; x_wconf 87' lang='lat' dir='ltr'><strong>super</strong></span> 
     </span>
    </p>
   </div>
   <div class='ocr_carea' id='block_1_67' title="bbox 635 3577 2220 3664">
    <p class='ocr_par' dir='ltr' id='par_1_67' title="bbox 635 3577 2220 3664">
     <span class='ocr_line' id='line_1_67' title="bbox 635 3577 2220 3664; baseline -0.01 -18"><span class='ocrx_word' id='word_1_471' title='bbox 635 3609 892 3664; x_wconf 78' lang='lat' dir='ltr'><strong>equorum</strong></span> <span class='ocrx_word' id='word_1_472' title='bbox 919 3588 1214 3646; x_wconf 88' lang='lat' dir='ltr'><strong>cervicibus</strong></span> <span class='ocrx_word' id='word_1_473' title='bbox 1237 3624 1255 3653; x_wconf 93' lang='lat'><strong>,</strong></span> <span class='ocrx_word' id='word_1_474' title='bbox 1294 3585 1503 3656; x_wconf 88' lang='lat' dir='ltr'><strong>ipsique</strong></span> <span class='ocrx_word' id='word_1_475' title='bbox 1529 3582 1793 3638; x_wconf 88' lang='lat' dir='ltr'><strong>acerrimo</strong></span> <span class='ocrx_word' id='word_1_476' title='bbox 1825 3580 1953 3634; x_wconf 86' lang='lat' dir='ltr'><strong>moti</strong></span> <span class='ocrx_word' id='word_1_477' title='bbox 2002 3577 2220 3633; x_wconf 86' lang='lat' dir='ltr'><strong>stiinu&#39;o</strong></span> 
     </span>
    </p>
   </div>
   <div class='ocr_carea' id='block_1_68' title="bbox 635 3667 2220 3755">
    <p class='ocr_par' dir='ltr' id='par_1_68' title="bbox 635 3667 2220 3755">
     <span class='ocr_line' id='line_1_68' title="bbox 635 3667 2220 3755; baseline -0.014 -14"><span class='ocrx_word' id='word_1_478' title='bbox 635 3701 730 3755; x_wconf 89' lang='lat' dir='ltr'><strong>per</strong></span> <span class='ocrx_word' id='word_1_479' title='bbox 759 3684 968 3738; x_wconf 86' lang='lat' dir='ltr'><strong>diversa</strong></span> <span class='ocrx_word' id='word_1_480' title='bbox 1020 3688 1303 3750; x_wconf 89' lang='lat' dir='ltr'><strong>petentes,</strong></span> <span class='ocrx_word' id='word_1_481' title='bbox 1365 3675 1604 3730; x_wconf 87' lang='lat' dir='ltr'><strong>diversas</strong></span> <span class='ocrx_word' id='word_1_482' title='bbox 1656 3673 1709 3726; x_wconf 94' lang='lat' dir='ltr'><strong>in</strong></span> <span class='ocrx_word' id='word_1_483' title='bbox 1765 3681 1945 3740; x_wconf 86' lang='lat' dir='ltr'><strong>partes</strong></span> <span class='ocrx_word' id='word_1_484' title='bbox 1995 3667 2220 3723; x_wconf 80' lang='lat' dir='ltr'><strong>feminas</strong></span> 
     </span>
    </p>
   </div>
   <div class='ocr_carea' id='block_1_69' title="bbox 636 3759 2220 3835">
    <p class='ocr_par' dir='ltr' id='par_1_69' title="bbox 636 3759 2220 3835">
     <span class='ocr_line' id='line_1_69' title="bbox 636 3759 2220 3835; baseline -0.009 -4"><span class='ocrx_word' id='word_1_485' title='bbox 636 3776 957 3831; x_wconf 88' lang='lat' dir='ltr'><strong>diviserunt.</strong></span> <span class='ocrx_word' id='word_1_486' title='bbox 1001 3770 1134 3826; x_wconf 83' lang='lat' dir='ltr'><strong>Aliis</strong></span> <span class='ocrx_word' id='word_1_487' title='bbox 1164 3783 1292 3824; x_wconf 90' lang='lat' dir='ltr'><strong>vero</strong></span> <span class='ocrx_word' id='word_1_488' title='bbox 1330 3775 1491 3835; x_wconf 90' lang='lat' dir='ltr'><strong>super</strong></span> <span class='ocrx_word' id='word_1_489' title='bbox 1516 3765 1718 3820; x_wconf 86' lang='lat' dir='ltr'><strong>orbitas</strong></span> <span class='ocrx_word' id='word_1_490' title='bbox 1745 3759 1769 3799; x_wconf 74' lang='grc' dir='ltr'><em>ά</em></span> <span class='ocrx_word' id='word_1_491' title='bbox 1805 3763 2006 3817; x_wconf 86' lang='lat' dir='ltr'><strong>viarum</strong></span> <span class='ocrx_word' id='word_1_492' title='bbox 2037 3771 2220 3817; x_wconf 80' lang='lat' dir='ltr'><strong>exten-</strong></span> 
     </span>
    </p>
   </div>
   <div class='ocr_carea' id='block_1_70' title="bbox 639 3856 2220 3933">
    <p class='ocr_par' dir='ltr' id='par_1_70' title="bbox 639 3856 2220 3933">
     <span class='ocr_line' id='line_1_70' title="bbox 639 3856 2220 3933; baseline -0.007 -14"><span class='ocrx_word' id='word_1_493' title='bbox 639 3867 736 3933; x_wconf 82' lang='lat' dir='ltr'><strong>sis,</strong></span> <span class='ocrx_word' id='word_1_494' title='bbox 769 3863 1095 3931; x_wconf 90' lang='lat' dir='ltr'><strong>sudibusque</strong></span> <span class='ocrx_word' id='word_1_495' title='bbox 1119 3862 1170 3916; x_wconf 93' lang='lat' dir='ltr'><strong>in</strong></span> <span class='ocrx_word' id='word_1_496' title='bbox 1205 3870 1402 3915; x_wconf 89' lang='lat' dir='ltr'><strong>terram</strong></span> <span class='ocrx_word' id='word_1_497' title='bbox 1425 3856 1685 3922; x_wconf 83' lang='lat' dir='ltr'><strong>conﬁxis,</strong></span> <span class='ocrx_word' id='word_1_498' title='bbox 1713 3856 1948 3924; x_wconf 86' lang='lat' dir='ltr'><strong>plaustra</strong></span> <span class='ocrx_word' id='word_1_499' title='bbox 1989 3856 2220 3924; x_wconf 87' lang='lat' dir='ltr'><strong>desuper</strong></span> 
     </span>
    </p>
   </div>
   <div class='ocr_carea' id='block_1_71' title="bbox 636 3945 2220 4016">
    <p class='ocr_par' dir='ltr' id='par_1_71' title="bbox 636 3945 2220 4016">
     <span class='ocr_line' id='line_1_71' title="bbox 636 3945 2220 4016; baseline -0.007 -7"><span class='ocrx_word' id='word_1_500' title='bbox 636 3965 855 4011; x_wconf 89' lang='lat' dir='ltr'><strong>onerata</strong></span> <span class='ocrx_word' id='word_1_501' title='bbox 885 3954 1111 4007; x_wconf 89' lang='lat' dir='ltr'><strong>transire</strong></span> <span class='ocrx_word' id='word_1_502' title='bbox 1133 3951 1409 4016; x_wconf 86' lang='lat' dir='ltr'><strong>fecerunt,</strong></span> <span class='ocrx_word' id='word_1_503' title='bbox 1443 3945 1839 4015; x_wconf 85' lang='lat' dir='ltr'><strong>confractisque</strong></span> <span class='ocrx_word' id='word_1_504' title='bbox 1867 3946 2100 4012; x_wconf 85' lang='lat' dir='ltr'><strong>ossibus,</strong></span> <span class='ocrx_word' id='word_1_505' title='bbox 2130 3959 2220 4001; x_wconf 85' lang='lat' dir='ltr'><strong>ca-</strong></span> 
     </span>
    </p>
   </div>
   <div class='ocr_carea' id='block_1_72' title="bbox 640 4036 2219 4112">
    <p class='ocr_par' dir='ltr' id='par_1_72' title="bbox 640 4036 2219 4112">
     <span class='ocr_line' id='line_1_72' title="bbox 640 4036 2219 4112; baseline -0.004 -14"><span class='ocrx_word' id='word_1_506' title='bbox 640 4047 795 4100; x_wconf 90' lang='lat' dir='ltr'><strong>nibus</strong></span> <span class='ocrx_word' id='word_1_507' title='bbox 821 4044 1115 4112; x_wconf 85' lang='lat' dir='ltr'><strong>avibusque</strong></span> <span class='ocrx_word' id='word_1_508' title='bbox 1148 4055 1240 4095; x_wconf 91' lang='lat' dir='ltr'><strong>eas</strong></span> <span class='ocrx_word' id='word_1_509' title='bbox 1273 4042 1326 4094; x_wconf 91' lang='lat' dir='ltr'><strong>in</strong></span> <span class='ocrx_word' id='word_1_510' title='bbox 1376 4039 1575 4095; x_wconf 88' lang='lat' dir='ltr'><strong>clbaria</strong></span> <span class='ocrx_word' id='word_1_511' title='bbox 1617 4038 1900 4092; x_wconf 90' lang='lat' dir='ltr'><strong>dederunt.</strong></span> <span class='ocrx_word' id='word_1_512' title='bbox 1951 4036 2103 4091; x_wconf 85' lang='lat' dir='ltr'><strong>Nunc</strong></span> <span class='ocrx_word' id='word_1_513' title='bbox 2128 4052 2219 4091; x_wconf 65' lang='lat' dir='ltr'><strong>auo</strong></span> 
     </span>
    </p>
   </div>
   <div class='ocr_carea' id='block_1_73' title="bbox 638 4130 2216 4202">
    <p class='ocr_par' dir='ltr' id='par_1_73' title="bbox 638 4130 2216 4202">
     <span class='ocr_line' id='line_1_73' title="bbox 638 4130 2216 4202; baseline -0.005 -12"><span class='ocrx_word' id='word_1_514' title='bbox 638 4147 744 4191; x_wconf 83' lang='lat' dir='ltr'><strong>tein</strong></span> <span class='ocrx_word' id='word_1_515' title='bbox 779 4134 1214 4190; x_wconf 71' lang='lat' dir='ltr'><strong>llcrmcnel‘ridus</strong></span> <span class='ocrx_word' id='word_1_516' title='bbox 1241 4131 1383 4202; x_wconf 89' lang='lat' dir='ltr'><strong>quod</strong></span> <span class='ocrx_word' id='word_1_517' title='bbox 1417 4130 1545 4186; x_wconf 91' lang='lat' dir='ltr'><strong>mihi</strong></span> <span class='ocrx_word' id='word_1_518' title='bbox 1583 4130 1848 4200; x_wconf 88' lang='lat' dir='ltr'><strong>pollicitus</strong></span> <span class='ocrx_word' id='word_1_519' title='bbox 1876 4139 1960 4184; x_wconf 88' lang='lat' dir='ltr'><strong>est</strong></span> <span class='ocrx_word' id='word_1_520' title='bbox 2005 4130 2216 4197; x_wconf 88' lang='lat' dir='ltr'><strong>fefellit,</strong></span> 
     </span>
    </p>
   </div>
   <div class='ocr_carea' id='block_1_74' title="bbox 636 4221 2217 4293">
    <p class='ocr_par' dir='ltr' id='par_1_74' title="bbox 636 4221 2217 4293">
     <span class='ocr_line' id='line_1_74' title="bbox 636 4221 2217 4293; baseline -0.002 -13"><span class='ocrx_word' id='word_1_521' title='bbox 636 4239 691 4283; x_wconf 82' lang='lat' dir='ltr'><strong>et</strong></span> <span class='ocrx_word' id='word_1_522' title='bbox 718 4229 937 4281; x_wconf 89' lang='lat' dir='ltr'><strong>omnino</strong></span> <span class='ocrx_word' id='word_1_523' title='bbox 969 4225 1084 4281; x_wconf 79' lang='lat' dir='ltr'><strong>ha-c</strong></span> <span class='ocrx_word' id='word_1_524' title='bbox 1134 4224 1432 4293; x_wconf 81' lang='lat' dir='ltr'><strong>adimplere</strong></span> <span class='ocrx_word' id='word_1_525' title='bbox 1462 4223 1782 4277; x_wconf 87' lang='lat' dir='ltr'><strong>dissimulat.</strong></span> <span class='ocrx_word' id='word_1_526' title='bbox 1824 4221 1966 4278; x_wconf 85' lang='lat' dir='ltr'><strong>Ecce</strong></span> <span class='ocrx_word' id='word_1_527' title='bbox 1993 4223 2217 4279; x_wconf 84' lang='lat' dir='ltr'><strong>verbum</strong></span> 
     </span>
    </p>
   </div>
   <div class='ocr_carea' id='block_1_75' title="bbox 631 4312 2217 4384">
    <p class='ocr_par' dir='ltr' id='par_1_75' title="bbox 631 4312 2217 4384">
     <span class='ocr_line' id='line_1_75' title="bbox 631 4312 2217 4384; baseline -0.003 -10"><span class='ocrx_word' id='word_1_528' title='bbox 631 4317 890 4376; x_wconf 89' lang='lat' dir='ltr'><strong>directum</strong></span> <span class='ocrx_word' id='word_1_529' title='bbox 918 4318 1177 4371; x_wconf 90' lang='lat' dir='ltr'><strong>habemus</strong></span> <span class='ocrx_word' id='word_1_530' title='bbox 1194 4327 1246 4368; x_wconf 75' lang='grc' dir='ltr'><strong>σε</strong></span> <span class='ocrx_word' id='word_1_531' title='bbox 1269 4329 1455 4370; x_wconf 89' lang='lat' dir='ltr'><strong>eamus</strong></span> <span class='ocrx_word' id='word_1_532' title='bbox 1481 4329 1599 4369; x_wconf 91' lang='lat' dir='ltr'><strong>cum</strong></span> <span class='ocrx_word' id='word_1_533' title='bbox 1630 4313 1724 4369; x_wconf 90' lang='lat' dir='ltr'><strong>Dei</strong></span> <span class='ocrx_word' id='word_1_534' title='bbox 1747 4312 2011 4384; x_wconf 87' lang='lat' dir='ltr'><strong>adjutorio</strong></span> <span class='ocrx_word' id='word_1_535' title='bbox 2032 4326 2217 4370; x_wconf 83' lang='lat' dir='ltr'><strong>contra</strong></span> 
     </span>
    </p>
   </div>
   <div class='ocr_carea' id='block_1_76' title="bbox 632 4408 2216 4480">
    <p class='ocr_par' dir='ltr' id='par_1_76' title="bbox 632 4408 2216 4480">
     <span class='ocr_line' id='line_1_76' title="bbox 632 4408 2216 4480; baseline -0.004 -12"><span class='ocrx_word' id='word_1_536' title='bbox 632 4427 746 4468; x_wconf 84' lang='lat' dir='ltr'><strong>eos.</strong></span> <span class='ocrx_word' id='word_1_537' title='bbox 787 4412 938 4480; x_wconf 86' lang='lat' dir='ltr'><strong>Quod</strong></span> <span class='ocrx_word' id='word_1_538' title='bbox 985 4411 1060 4465; x_wconf 90' lang='lat' dir='ltr'><strong>illi</strong></span> <span class='ocrx_word' id='word_1_539' title='bbox 1109 4411 1416 4474; x_wconf 88' lang='lat' dir='ltr'><strong>audientes,</strong></span> <span class='ocrx_word' id='word_1_540' title='bbox 1460 4418 1516 4464; x_wconf 89' lang='lat' dir='ltr'><strong>et</strong></span> <span class='ocrx_word' id='word_1_541' title='bbox 1569 4409 1636 4465; x_wconf 91' lang='lat' dir='ltr'><strong>de</strong></span> <span class='ocrx_word' id='word_1_542' title='bbox 1666 4419 1813 4465; x_wconf 89' lang='lat' dir='ltr'><strong>tanto</strong></span> <span class='ocrx_word' id='word_1_543' title='bbox 1842 4408 2045 4464; x_wconf 88' lang='lat' dir='ltr'><strong>scelere</strong></span> <span class='ocrx_word' id='word_1_544' title='bbox 2076 4408 2216 4462; x_wconf 86' lang='lat' dir='ltr'><strong>indi-</strong></span> 
     </span>
    </p>
   </div>
   <div class='ocr_carea' id='block_1_77' title="bbox 633 4500 2220 4572">
    <p class='ocr_par' dir='ltr' id='par_1_77' title="bbox 633 4500 2220 4572">
     <span class='ocr_line' id='line_1_77' title="bbox 633 4500 2220 4572; baseline 0 -17"><span class='ocrx_word' id='word_1_545' title='bbox 633 4516 860 4572; x_wconf 88' lang='lat' dir='ltr'><strong>gnantes</strong></span> <span class='ocrx_word' id='word_1_546' title='bbox 886 4543 902 4567; x_wconf 86' lang='lat'><strong>,</strong></span> <span class='ocrx_word' id='word_1_547' title='bbox 943 4518 1049 4556; x_wconf 89' lang='lat' dir='ltr'><strong>uno</strong></span> <span class='ocrx_word' id='word_1_548' title='bbox 1085 4501 1268 4554; x_wconf 88' lang='lat' dir='ltr'><strong>animo</strong></span> <span class='ocrx_word' id='word_1_549' title='bbox 1314 4500 1610 4570; x_wconf 90' lang='lat' dir='ltr'><strong>eademque</strong></span> <span class='ocrx_word' id='word_1_550' title='bbox 1657 4502 1941 4562; x_wconf 87' lang='lat' dir='ltr'><strong>sententia,</strong></span> <span class='ocrx_word' id='word_1_551' title='bbox 1989 4501 2220 4555; x_wconf 78' lang='lat' dir='ltr'><strong>Thoriu-</strong></span> 
     </span>
    </p>
   </div>
   <div class='ocr_carea' id='block_1_78' title="bbox 629 4590 2218 4666">
    <p class='ocr_par' dir='ltr' id='par_1_78' title="bbox 629 4590 2218 4666">
     <span class='ocr_line' id='line_1_78' title="bbox 629 4590 2218 4666; baseline -0.001 -18"><span class='ocrx_word' id='word_1_552' title='bbox 629 4597 770 4665; x_wconf 88' lang='lat' dir='ltr'><strong>giarn</strong></span> <span class='ocrx_word' id='word_1_553' title='bbox 823 4594 1149 4666; x_wconf 88' lang='lat' dir='ltr'><strong>petiverunt.</strong></span> <span class='ocrx_word' id='word_1_554' title='bbox 1208 4591 1570 4648; x_wconf 88' lang='lat' dir='ltr'><strong>Theudericus</strong></span> <span class='ocrx_word' id='word_1_555' title='bbox 1627 4601 1801 4646; x_wconf 91' lang='lat' dir='ltr'><strong>autem</strong></span> <span class='ocrx_word' id='word_1_556' title='bbox 1861 4590 2218 4646; x_wconf 80' lang='lat' dir='ltr'><strong>Chlotltacha-</strong></span> 
     </span>
    </p>
   </div>
   <div class='ocr_carea' id='block_1_79' title="bbox 2324 3393 3911 3461">
    <p class='ocr_par' dir='ltr' id='par_1_79' title="bbox 2324 3393 3911 3461">
     <span class='ocr_line' id='line_1_79' title="bbox 2324 3393 3911 3461; baseline -0.007 -8"><span class='ocrx_word' id='word_1_557' title='bbox 2324 3398 2460 3453; x_wconf 90' lang='lat' dir='ltr'><strong>rium</strong></span> <span class='ocrx_word' id='word_1_558' title='bbox 2511 3395 2638 3451; x_wconf 91' lang='lat' dir='ltr'><strong>illud</strong></span> <span class='ocrx_word' id='word_1_559' title='bbox 2686 3405 2832 3450; x_wconf 87' lang='lat' dir='ltr'><strong>esset</strong></span> <span class='ocrx_word' id='word_1_560' title='bbox 2876 3394 3125 3457; x_wconf 87' lang='lat' dir='ltr'><strong>brevius,</strong></span> <span class='ocrx_word' id='word_1_561' title='bbox 3179 3393 3341 3461; x_wconf 84' lang='lat' dir='ltr'><strong>pedes</strong></span> <span class='ocrx_word' id='word_1_562' title='bbox 3389 3401 3712 3446; x_wconf 87' lang='lat' dir='ltr'><strong>armatorum</strong></span> <span class='ocrx_word' id='word_1_563' title='bbox 3741 3401 3911 3457; x_wconf 71' lang='lat' dir='ltr'><strong>appa-</strong></span> 
     </span>
    </p>
   </div>
   <div class='ocr_carea' id='block_1_80' title="bbox 2324 3485 3913 3556">
    <p class='ocr_par' dir='ltr' id='par_1_80' title="bbox 2324 3485 3913 3556">
     <span class='ocr_line' id='line_1_80' title="bbox 2324 3485 3913 3556; baseline -0.004 -9"><span class='ocrx_word' id='word_1_564' title='bbox 2324 3507 2481 3547; x_wconf 89' lang='lat' dir='ltr'><strong>ruere</strong></span> <span class='ocrx_word' id='word_1_565' title='bbox 2511 3491 2729 3545; x_wconf 86' lang='lat' dir='ltr'><strong>detecti.</strong></span> <span class='ocrx_word' id='word_1_566' title='bbox 2771 3488 2921 3556; x_wconf 83' lang='lat' dir='ltr'><strong>Quod</strong></span> <span class='ocrx_word' id='word_1_567' title='bbox 2957 3503 3288 3556; x_wconf 75' lang='lat' dir='ltr'><strong>cognoscens</strong></span> <span class='ocrx_word' id='word_1_568' title='bbox 3319 3485 3913 3548; x_wconf 82' lang='lat' dir='ltr'><strong>Chlo:hacharius,cutn</strong></span> 
     </span>
    </p>
   </div>
   <div class='ocr_carea' id='block_1_81' title="bbox 2322 3576 3910 3649">
    <p class='ocr_par' dir='ltr' id='par_1_81' title="bbox 2322 3576 3910 3649">
     <span class='ocr_line' id='line_1_81' title="bbox 2322 3576 3910 3649; baseline -0.006 -11"><span class='ocrx_word' id='word_1_569' title='bbox 2322 3583 2431 3638; x_wconf 85' lang='lat' dir='ltr'><strong>Suis</strong></span> <span class='ocrx_word' id='word_1_570' title='bbox 2460 3588 2696 3635; x_wconf 89' lang='lat' dir='ltr'><strong>armatus</strong></span> <span class='ocrx_word' id='word_1_571' title='bbox 2721 3582 2992 3649; x_wconf 88' lang='lat' dir='ltr'><strong>ingressus</strong></span> <span class='ocrx_word' id='word_1_572' title='bbox 3015 3587 3100 3634; x_wconf 61' lang='lat' dir='ltr'><strong>est</strong></span> <span class='ocrx_word' id='word_1_573' title='bbox 3121 3579 3358 3632; x_wconf 89' lang='lat' dir='ltr'><strong>domum.</strong></span> <span class='ocrx_word' id='word_1_574' title='bbox 3390 3576 3751 3631; x_wconf 81' lang='lat' dir='ltr'><strong>Theudericus</strong></span> <span class='ocrx_word' id='word_1_575' title='bbox 3777 3590 3910 3629; x_wconf 87' lang='lat' dir='ltr'><strong>vero</strong></span> 
     </span>
    </p>
   </div>
   <div class='ocr_carea' id='block_1_82' title="bbox 2323 3664 3910 3742">
    <p class='ocr_par' dir='ltr' id='par_1_82' title="bbox 2323 3664 3910 3742">
     <span class='ocr_line' id='line_1_82' title="bbox 2323 3664 3910 3742; baseline -0.005 -15"><span class='ocrx_word' id='word_1_576' title='bbox 2323 3673 2626 3742; x_wconf 80' lang='lat' dir='ltr'><strong>intelligens</strong></span> <span class='ocrx_word' id='word_1_577' title='bbox 2675 3671 2816 3725; x_wconf 89' lang='lat' dir='ltr'><strong>hunc</strong></span> <span class='ocrx_word' id='word_1_578' title='bbox 2844 3669 2958 3724; x_wconf 64' lang='lat' dir='ltr'><strong>hate</strong></span> <span class='ocrx_word' id='word_1_579' title='bbox 2996 3669 3312 3740; x_wconf 79' lang='lat' dir='ltr'><strong>cognovisse</strong></span> <span class='ocrx_word' id='word_1_580' title='bbox 3336 3708 3350 3730; x_wconf 92' lang='lat'><strong>,</strong></span> <span class='ocrx_word' id='word_1_581' title='bbox 3396 3667 3624 3721; x_wconf 85' lang='lat' dir='ltr'><strong>fabulam</strong></span> <span class='ocrx_word' id='word_1_582' title='bbox 3655 3664 3820 3734; x_wconf 81' lang='lat' dir='ltr'><strong>lingit.</strong></span> <span class='ocrx_word' id='word_1_583' title='bbox 3854 3674 3910 3719; x_wconf 90' lang='lat' dir='ltr'><strong>et</strong></span> 
     </span>
    </p>
   </div>
   <div class='ocr_carea' id='block_1_83' title="bbox 2322 3755 3912 3830">
    <p class='ocr_par' dir='ltr' id='par_1_83' title="bbox 2322 3755 3912 3830">
     <span class='ocr_line' id='line_1_83' title="bbox 2322 3755 3912 3830; baseline -0.005 -13"><span class='ocrx_word' id='word_1_584' title='bbox 2322 3761 2424 3817; x_wconf 87' lang='lat' dir='ltr'><strong>alia</strong></span> <span class='ocrx_word' id='word_1_585' title='bbox 2455 3777 2519 3816; x_wconf 81' lang='lat' dir='ltr'><strong>ex</strong></span> <span class='ocrx_word' id='word_1_586' title='bbox 2551 3762 2669 3816; x_wconf 89' lang='lat' dir='ltr'><strong>aliis</strong></span> <span class='ocrx_word' id='word_1_587' title='bbox 2697 3759 2955 3830; x_wconf 89' lang='lat' dir='ltr'><strong>loquitur.</strong></span> <span class='ocrx_word' id='word_1_588' title='bbox 3002 3759 3239 3828; x_wconf 88' lang='lat' dir='ltr'><strong>Denique</strong></span> <span class='ocrx_word' id='word_1_589' title='bbox 3278 3759 3524 3813; x_wconf 83' lang='lat' dir='ltr'><strong>nesciens</strong></span> <span class='ocrx_word' id='word_1_590' title='bbox 3555 3757 3780 3827; x_wconf 83' lang='lat' dir='ltr'><strong>qualiter</strong></span> <span class='ocrx_word' id='word_1_591' title='bbox 3806 3755 3912 3810; x_wconf 84' lang='lat' dir='ltr'><strong>do-</strong></span> 
     </span>
    </p>
   </div>
   <div class='ocr_carea' id='block_1_84' title="bbox 2325 3851 3911 3919">
    <p class='ocr_par' dir='ltr' id='par_1_84' title="bbox 2325 3851 3911 3919">
     <span class='ocr_line' id='line_1_84' title="bbox 2325 3851 3911 3919; baseline -0.004 -11"><span class='ocrx_word' id='word_1_592' title='bbox 2325 3855 2430 3909; x_wconf 90' lang='lat' dir='ltr'><strong>lum</strong></span> <span class='ocrx_word' id='word_1_593' title='bbox 2462 3869 2615 3908; x_wconf 91' lang='lat' dir='ltr'><strong>suum</strong></span> <span class='ocrx_word' id='word_1_594' title='bbox 2648 3852 2928 3918; x_wconf 88' lang='lat' dir='ltr'><strong>deliniret,</strong></span> <span class='ocrx_word' id='word_1_595' title='bbox 2986 3851 3191 3905; x_wconf 80' lang='lat' dir='ltr'><strong>discum</strong></span> <span class='ocrx_word' id='word_1_596' title='bbox 3237 3852 3284 3905; x_wconf 90' lang='lat' dir='ltr'><strong>ei</strong></span> <span class='ocrx_word' id='word_1_597' title='bbox 3318 3865 3566 3919; x_wconf 86' lang='lat' dir='ltr'><strong>magnum</strong></span> <span class='ocrx_word' id='word_1_598' title='bbox 3597 3858 3911 3919; x_wconf 86' lang='lat' dir='ltr'><strong>argenteum</strong></span> 
     </span>
    </p>
   </div>
   <div class='ocr_carea' id='block_1_85' title="bbox 2324 3929 3941 4019">
    <p class='ocr_par' dir='ltr' id='par_1_85' title="bbox 2324 3929 3941 4019">
     <span class='ocr_line' id='line_1_85' title="bbox 2324 3929 3941 4019; baseline -0.002 -20"><span class='ocrx_word' id='word_1_599' title='bbox 2324 3964 2420 4018; x_wconf 88' lang='lat' dir='ltr'><strong>pro</strong></span> <span class='ocrx_word' id='word_1_600' title='bbox 2447 3949 2617 4019; x_wconf 85' lang='lat' dir='ltr'><strong>gratia</strong></span> <span class='ocrx_word' id='word_1_601' title='bbox 2641 3946 2808 4002; x_wconf 90' lang='lat' dir='ltr'><strong>dedit.</strong></span> <span class='ocrx_word' id='word_1_602' title='bbox 2851 3929 3260 3999; x_wconf 81' lang='lat' dir='ltr'><strong>Clothacharius</strong></span> <span class='ocrx_word' id='word_1_603' title='bbox 3306 3958 3434 3997; x_wconf 90' lang='lat' dir='ltr'><strong>vero</strong></span> <span class='ocrx_word' id='word_1_604' title='bbox 3487 3941 3806 4006; x_wconf 82' lang='lat' dir='ltr'><strong>valedicens,</strong></span> <span class='ocrx_word' id='word_1_605' title='bbox 3855 3949 3941 4004; x_wconf 87' lang='lat' dir='ltr'><strong>et_</strong></span> 
     </span>
    </p>
   </div>
   <div class='ocr_carea' id='block_1_86' title="bbox 2325 4033 3912 4111">
    <p class='ocr_par' dir='ltr' id='par_1_86' title="bbox 2325 4033 3912 4111">
     <span class='ocr_line' id='line_1_86' title="bbox 2325 4033 3912 4111; baseline -0.005 -15"><span class='ocrx_word' id='word_1_606' title='bbox 2325 4056 2421 4111; x_wconf 91' lang='lat' dir='ltr'><strong>pro</strong></span> <span class='ocrx_word' id='word_1_607' title='bbox 2470 4054 2694 4094; x_wconf 85' lang='lat' dir='ltr'><strong>munere</strong></span> <span class='ocrx_word' id='word_1_608' title='bbox 2737 4037 2935 4107; x_wconf 84' lang='lat' dir='ltr'><strong>gratias</strong></span> <span class='ocrx_word' id='word_1_609' title='bbox 2981 4051 3146 4107; x_wconf 84' lang='lat' dir='ltr'><strong>agens</strong></span> <span class='ocrx_word' id='word_1_610' title='bbox 3171 4077 3185 4099; x_wconf 94' lang='lat'><strong>,</strong></span> <span class='ocrx_word' id='word_1_611' title='bbox 3227 4033 3294 4089; x_wconf 90' lang='lat' dir='ltr'><strong>ad</strong></span> <span class='ocrx_word' id='word_1_612' title='bbox 3336 4044 3587 4089; x_wconf 90' lang='lat' dir='ltr'><strong>metatum</strong></span> <span class='ocrx_word' id='word_1_613' title='bbox 3635 4047 3912 4101; x_wconf 81' lang='lat' dir='ltr'><strong>regressus</strong></span> 
     </span>
    </p>
   </div>
   <div class='ocr_carea' id='block_1_87' title="bbox 2323 4123 3912 4197">
    <p class='ocr_par' dir='ltr' id='par_1_87' title="bbox 2323 4123 3912 4197">
     <span class='ocr_line' id='line_1_87' title="bbox 2323 4123 3912 4197; baseline -0.009 -10"><span class='ocrx_word' id='word_1_614' title='bbox 2323 4142 2425 4188; x_wconf 88' lang='lat' dir='ltr'><strong>est.</strong></span> <span class='ocrx_word' id='word_1_615' title='bbox 2466 4129 2833 4186; x_wconf 89' lang='lat' dir='ltr'><strong>Theudericus</strong></span> <span class='ocrx_word' id='word_1_616' title='bbox 2875 4143 3002 4184; x_wconf 88' lang='lat' dir='ltr'><strong>vero</strong></span> <span class='ocrx_word' id='word_1_617' title='bbox 3053 4126 3297 4197; x_wconf 90' lang='lat' dir='ltr'><strong>queritur</strong></span> <span class='ocrx_word' id='word_1_618' title='bbox 3343 4126 3408 4179; x_wconf 90' lang='lat' dir='ltr'><strong>ad</strong></span> <span class='ocrx_word' id='word_1_619' title='bbox 3459 4139 3618 4190; x_wconf 90' lang='lat' dir='ltr'><strong>suos,</strong></span> <span class='ocrx_word' id='word_1_620' title='bbox 3649 4123 3786 4176; x_wconf 89' lang='lat' dir='ltr'><strong>nulla</strong></span> <span class='ocrx_word' id='word_1_621' title='bbox 3813 4136 3912 4176; x_wconf 66' lang='lat' dir='ltr'><strong>ev-</strong></span> 
     </span>
    </p>
   </div>
   <div class='ocr_carea' id='block_1_88' title="bbox 2321 4214 3908 4288">
    <p class='ocr_par' dir='ltr' id='par_1_88' title="bbox 2321 4214 3908 4288">
     <span class='ocr_line' id='line_1_88' title="bbox 2321 4214 3908 4288; baseline -0.006 -9"><span class='ocrx_word' id='word_1_622' title='bbox 2321 4223 2484 4279; x_wconf 86' lang='lat' dir='ltr'><strong>stanti</strong></span> <span class='ocrx_word' id='word_1_623' title='bbox 2511 4237 2671 4277; x_wconf 90' lang='lat' dir='ltr'><strong>causa</strong></span> <span class='ocrx_word' id='word_1_624' title='bbox 2709 4237 2862 4275; x_wconf 87' lang='lat' dir='ltr'><strong>suurn</strong></span> <span class='ocrx_word' id='word_1_625' title='bbox 2895 4219 3194 4288; x_wconf 88' lang='lat' dir='ltr'><strong>perdidisse</strong></span> <span class='ocrx_word' id='word_1_626' title='bbox 3239 4219 3514 4271; x_wconf 86' lang='lat' dir='ltr'><strong>catinum:</strong></span> <span class='ocrx_word' id='word_1_627' title='bbox 3545 4226 3598 4269; x_wconf 87' lang='lat' dir='ltr'><strong>et</strong></span> <span class='ocrx_word' id='word_1_628' title='bbox 3639 4214 3706 4267; x_wconf 91' lang='lat' dir='ltr'><strong>ad</strong></span> <span class='ocrx_word' id='word_1_629' title='bbox 3735 4214 3908 4270; x_wconf 81' lang='lat' dir='ltr'><strong>tilium</strong></span> 
     </span>
    </p>
   </div>
   <div class='ocr_carea' id='block_1_89' title="bbox 2321 4303 3906 4375">
    <p class='ocr_par' dir='ltr' id='par_1_89' title="bbox 2321 4303 3906 4375">
     <span class='ocr_line' id='line_1_89' title="bbox 2321 4303 3906 4375; baseline -0.009 -5"><span class='ocrx_word' id='word_1_630' title='bbox 2321 4329 2474 4370; x_wconf 91' lang='lat' dir='ltr'><strong>suum</strong></span> <span class='ocrx_word' id='word_1_631' title='bbox 2501 4311 2932 4368; x_wconf 88' lang='lat' dir='ltr'><strong>Theudebertum</strong></span> <span class='ocrx_word' id='word_1_632' title='bbox 2963 4310 3076 4363; x_wconf 90' lang='lat' dir='ltr'><strong>ait:</strong></span> <span class='ocrx_word' id='word_1_633' title='bbox 3113 4307 3256 4362; x_wconf 83' lang='lat' dir='ltr'><strong>Vade</strong></span> <span class='ocrx_word' id='word_1_634' title='bbox 3285 4309 3353 4361; x_wconf 83' lang='lat' dir='ltr'><strong>ad</strong></span> <span class='ocrx_word' id='word_1_635' title='bbox 3393 4315 3637 4375; x_wconf 88' lang='lat' dir='ltr'><strong>patruum</strong></span> <span class='ocrx_word' id='word_1_636' title='bbox 3676 4303 3690 4340; x_wconf 73' lang='grc' dir='ltr'><strong>ί</strong></span> <span class='ocrx_word' id='word_1_637' title='bbox 3728 4312 3906 4366; x_wconf 71' lang='lat' dir='ltr'><strong>tuum,</strong></span> 
     </span>
    </p>
   </div>
   <div class='ocr_carea' id='block_1_90' title="bbox 2321 4396 3900 4476">
    <p class='ocr_par' dir='ltr' id='par_1_90' title="bbox 2321 4396 3900 4476">
     <span class='ocr_line' id='line_1_90' title="bbox 2321 4396 3900 4476; baseline -0.008 -13"><span class='ocrx_word' id='word_1_638' title='bbox 2321 4417 2374 4463; x_wconf 91' lang='lat' dir='ltr'><strong>ct</strong></span> <span class='ocrx_word' id='word_1_639' title='bbox 2421 4423 2547 4476; x_wconf 79' lang='lat' dir='ltr'><strong>roga</strong></span> <span class='ocrx_word' id='word_1_640' title='bbox 2596 4415 2651 4460; x_wconf 93' lang='lat' dir='ltr'><strong>ut</strong></span> <span class='ocrx_word' id='word_1_641' title='bbox 2696 4416 2886 4457; x_wconf 91' lang='lat' dir='ltr'><strong>munus</strong></span> <span class='ocrx_word' id='word_1_642' title='bbox 2927 4399 3068 4471; x_wconf 90' lang='lat' dir='ltr'><strong>quod</strong></span> <span class='ocrx_word' id='word_1_643' title='bbox 3109 4401 3156 4455; x_wconf 90' lang='lat' dir='ltr'><strong>ci</strong></span> <span class='ocrx_word' id='word_1_644' title='bbox 3185 4399 3327 4462; x_wconf 90' lang='lat' dir='ltr'><strong>dcdi,</strong></span> <span class='ocrx_word' id='word_1_645' title='bbox 3361 4399 3454 4452; x_wconf 89' lang='lat' dir='ltr'><strong>tibi</strong></span> <span class='ocrx_word' id='word_1_646' title='bbox 3494 4412 3587 4451; x_wconf 89' lang='lat' dir='ltr'><strong>sua</strong></span> <span class='ocrx_word' id='word_1_647' title='bbox 3621 4396 3900 4450; x_wconf 87' lang='lat' dir='ltr'><strong>voluntate</strong></span> 
     </span>
    </p>
   </div>
   <div class='ocr_carea' id='block_1_91' title="bbox 2321 4488 3906 4562">
    <p class='ocr_par' dir='ltr' id='par_1_91' title="bbox 2321 4488 3906 4562">
     <span class='ocr_line' id='line_1_91' title="bbox 2321 4488 3906 4562; baseline -0.01 -8"><span class='ocrx_word' id='word_1_648' title='bbox 2321 4498 2603 4555; x_wconf 89' lang='lat' dir='ltr'><strong>concedat.</strong></span> <span class='ocrx_word' id='word_1_649' title='bbox 2647 4495 2746 4562; x_wconf 88' lang='lat' dir='ltr'><strong>Qui</strong></span> <span class='ocrx_word' id='word_1_650' title='bbox 2774 4494 2981 4561; x_wconf 88' lang='lat' dir='ltr'><strong>abiens,</strong></span> <span class='ocrx_word' id='word_1_651' title='bbox 3005 4494 3142 4562; x_wconf 93' lang='lat' dir='ltr'><strong>quod</strong></span> <span class='ocrx_word' id='word_1_652' title='bbox 3175 4491 3327 4562; x_wconf 86' lang='lat' dir='ltr'><strong>petiit</strong></span> <span class='ocrx_word' id='word_1_653' title='bbox 3356 4489 3676 4559; x_wconf 82' lang='lat' dir='ltr'><strong>impetravit.</strong></span> <span class='ocrx_word' id='word_1_654' title='bbox 3720 4488 3775 4542; x_wconf 89' lang='lat' dir='ltr'><strong>In</strong></span> <span class='ocrx_word' id='word_1_655' title='bbox 3816 4493 3906 4539; x_wconf 87' lang='lat' dir='ltr'><strong>ta-</strong></span> 
     </span>
    </p>
   </div>
   <div class='ocr_carea' id='block_1_92' title="bbox 2323 4579 3901 4646">
    <p class='ocr_par' dir='ltr' id='par_1_92' title="bbox 2323 4579 3901 4646">
     <span class='ocr_line' id='line_1_92' title="bbox 2323 4579 3901 4646; baseline -0.006 0"><span class='ocrx_word' id='word_1_656' title='bbox 2323 4591 2460 4646; x_wconf 90' lang='lat' dir='ltr'><strong>libus</strong></span> <span class='ocrx_word' id='word_1_657' title='bbox 2487 4589 2626 4644; x_wconf 90' lang='lat' dir='ltr'><strong>enitn</strong></span> <span class='ocrx_word' id='word_1_658' title='bbox 2656 4585 2792 4641; x_wconf 90' lang='lat' dir='ltr'><strong>dolis</strong></span> <span class='ocrx_word' id='word_1_659' title='bbox 2833 4584 3200 4640; x_wconf 87' lang='lat' dir='ltr'><strong>Theudericus</strong></span> <span class='ocrx_word' id='word_1_660' title='bbox 3249 4583 3473 4637; x_wconf 90' lang='lat' dir='ltr'><strong>multum</strong></span> <span class='ocrx_word' id='word_1_661' title='bbox 3514 4579 3735 4636; x_wconf 71' lang='lat' dir='ltr'><strong>callidus</strong></span> <span class='ocrx_word' id='word_1_662' title='bbox 3757 4587 3901 4636; x_wconf 85' lang='lat' dir='ltr'><strong>erat.</strong></span> 
     </span>
    </p>
   </div>
   <div class='ocr_carea' id='block_1_93' title="bbox 630 4730 3700 4847">
    <p class='ocr_par' dir='ltr' id='par_1_93' title="bbox 630 4730 3700 4847">
     <span class='ocr_line' id='line_1_93' title="bbox 630 4730 3700 4847; baseline -0.006 -15"><span class='ocrx_word' id='word_1_663' title='bbox 630 4781 728 4847; x_wconf 89' lang='lat' dir='ltr'><strong>Qui</strong></span> <span class='ocrx_word' id='word_1_664' title='bbox 761 4778 906 4834; x_wconf 90' lang='lat' dir='ltr'><strong>locus</strong></span> <span class='ocrx_word' id='word_1_665' title='bbox 936 4776 1001 4829; x_wconf 87' lang='lat' dir='ltr'><strong>ad</strong></span> <span class='ocrx_word' id='word_1_666' title='bbox 1052 4773 1367 4830; x_wconf 79' lang='lat' dir='ltr'><strong>Rhodanum</strong></span> <span class='ocrx_word' id='word_1_667' title='bbox 1411 4773 1546 4828; x_wconf 88' lang='lat' dir='ltr'><strong>situs</strong></span> <span class='ocrx_word' id='word_1_668' title='bbox 1591 4779 1674 4828; x_wconf 88' lang='lat' dir='ltr'><strong>est</strong></span> <span class='ocrx_word' id='word_1_669' title='bbox 1714 4771 1852 4829; x_wconf 88' lang='lat' dir='ltr'><strong>inter</strong></span> <span class='ocrx_word' id='word_1_670' title='bbox 1880 4771 2138 4828; x_wconf 81' lang='lat' dir='ltr'><strong>Viennam</strong></span> <span class='ocrx_word' id='word_1_671' title='bbox 2162 4782 2214 4829; x_wconf 89' lang='lat' dir='ltr'><strong>et</strong></span> <span class='ocrx_word' id='word_1_672' title='bbox 2246 4775 2296 4836; x_wconf 85' lang='grc' dir='ltr'><strong>ι)</strong></span> <span class='ocrx_word' id='word_1_673' title='bbox 2322 4730 2854 4847; x_wconf 26' lang='lat' dir='ltr'><strong>d&#39;eiitreprend‘reiine</strong></span> <span class='ocrx_word' id='word_1_674' title='bbox 2881 4763 3050 4847; x_wconf 61' lang='lat' dir='ltr'><strong>chose.</strong></span> <span class='ocrx_word' id='word_1_675' title='bbox 3081 4760 3210 4814; x_wconf 76' lang='lat' dir='ltr'><strong>Vide</strong></span> <span class='ocrx_word' id='word_1_676' title='bbox 3236 4760 3330 4814; x_wconf 91' lang='lat' dir='ltr'><strong>lib.</strong></span> <span class='ocrx_word' id='word_1_677' title='bbox 3359 4773 3428 4826; x_wconf 82' lang='lat' dir='ltr'><strong>tv,</strong></span> <span class='ocrx_word' id='word_1_678' title='bbox 3461 4772 3577 4828; x_wconf 87' lang='lat' dir='ltr'><strong>cap.</strong></span> <span class='ocrx_word' id='word_1_679' title='bbox 3616 4758 3700 4813; x_wconf 64' lang='grc'><strong>14.</strong></span> 
     </span>
    </p>
   </div>
   <div class='ocr_carea' id='block_1_94' title="bbox 631 4849 1072 4905">
    <p class='ocr_par' dir='ltr' id='par_1_94' title="bbox 631 4849 1072 4905">
     <span class='ocr_line' id='line_1_94' title="bbox 631 4849 1072 4905; baseline -0.007 0"><span class='ocrx_word' id='word_1_680' title='bbox 631 4851 862 4905; x_wconf 74' lang='lat' dir='ltr'><strong>lielicam</strong></span> <span class='ocrx_word' id='word_1_681' title='bbox 895 4849 1072 4902; x_wconf 87' lang='lat' dir='ltr'><strong>urbes.</strong></span> 
     </span>
    </p>
   </div>
   <div class='ocr_carea' id='block_1_95' title="bbox 704 4912 2204 4984">
    <p class='ocr_par' dir='ltr' id='par_1_95' title="bbox 704 4912 2204 4984">
     <span class='ocr_line' id='line_1_95' title="bbox 704 4912 2204 4984; baseline -0.003 -10"><span class='ocrx_word' id='word_1_682' title='bbox 704 4931 730 4958; x_wconf 78' lang='grc' dir='ltr'><strong>ι</strong></span> <span class='ocrx_word' id='word_1_683' title='bbox 766 4921 870 4974; x_wconf 77' lang='lat' dir='ltr'><strong>Alii</strong></span> <span class='ocrx_word' id='word_1_684' title='bbox 917 4918 1283 4972; x_wconf 76' lang='lat' dir='ltr'><strong>Theotbaldus.</strong></span> <span class='ocrx_word' id='word_1_685' title='bbox 1317 4915 1537 4970; x_wconf 84' lang='lat' dir='ltr'><strong>Fallitur</strong></span> <span class='ocrx_word' id='word_1_686' title='bbox 1568 4914 1745 4984; x_wconf 90' lang='lat' dir='ltr'><strong>itaque</strong></span> <span class='ocrx_word' id='word_1_687' title='bbox 1773 4912 2028 4984; x_wconf 83' lang='lat' dir='ltr'><strong>Agathias</strong></span> <span class='ocrx_word' id='word_1_688' title='bbox 2055 4955 2072 4979; x_wconf 92' lang='lat'><strong>,</strong></span> <span class='ocrx_word' id='word_1_689' title='bbox 2114 4915 2204 4982; x_wconf 92' lang='lat' dir='ltr'><strong>qui</strong></span> 
     </span>
    </p>
   </div>
   <div class='ocr_carea' id='block_1_96' title="bbox 638 4985 2206 5055">
    <p class='ocr_par' dir='ltr' id='par_1_96' title="bbox 638 4985 2206 5055">
     <span class='ocr_line' id='line_1_96' title="bbox 638 4985 2206 5055; baseline -0.004 -10"><span class='ocrx_word' id='word_1_690' title='bbox 638 4992 733 5047; x_wconf 89' lang='lat' dir='ltr'><strong>lib.</strong></span> <span class='ocrx_word' id='word_1_691' title='bbox 762 5007 774 5044; x_wconf 91' lang='grc' dir='ltr'><strong>ι</strong></span> <span class='ocrx_word' id='word_1_692' title='bbox 799 4990 1207 5044; x_wconf 83' lang='lat' dir='ltr'><strong>Chlodomerem</strong></span> <span class='ocrx_word' id='word_1_693' title='bbox 1231 4989 1433 5051; x_wconf 87' lang='lat' dir='ltr'><strong>absque</strong></span> <span class='ocrx_word' id='word_1_694' title='bbox 1462 4986 1644 5039; x_wconf 90' lang='lat' dir='ltr'><strong>liberis</strong></span> <span class='ocrx_word' id='word_1_695' title='bbox 1676 4985 1921 5055; x_wconf 84' lang='lat' dir='ltr'><strong>periisse,</strong></span> <span class='ocrx_word' id='word_1_696' title='bbox 1953 4997 2005 5038; x_wconf 90' lang='lat' dir='ltr'><strong>et</strong></span> <span class='ocrx_word' id='word_1_697' title='bbox 2031 4985 2206 5038; x_wconf 83' lang='lat' dir='ltr'><strong>Fratr-</strong></span> 
     </span>
    </p>
   </div>
   <div class='ocr_carea' id='block_1_97' title="bbox 630 5056 2208 5126">
    <p class='ocr_par' dir='ltr' id='par_1_97' title="bbox 630 5056 2208 5126">
     <span class='ocr_line' id='line_1_97' title="bbox 630 5056 2208 5126; baseline -0.004 -11"><span class='ocrx_word' id='word_1_698' title='bbox 630 5077 721 5115; x_wconf 83' lang='lat' dir='ltr'><strong>cos</strong></span> <span class='ocrx_word' id='word_1_699' title='bbox 769 5064 884 5126; x_wconf 88' lang='lat' dir='ltr'><strong>ipso</strong></span> <span class='ocrx_word' id='word_1_700' title='bbox 931 5059 1110 5113; x_wconf 91' lang='lat' dir='ltr'><strong>occiso</strong></span> <span class='ocrx_word' id='word_1_701' title='bbox 1144 5099 1158 5122; x_wconf 90' lang='lat'><strong>,</strong></span> <span class='ocrx_word' id='word_1_702' title='bbox 1211 5060 1389 5111; x_wconf 91' lang='lat' dir='ltr'><strong>animo</strong></span> <span class='ocrx_word' id='word_1_703' title='bbox 1438 5056 1647 5124; x_wconf 89' lang='lat' dir='ltr'><strong>abjecto</strong></span> <span class='ocrx_word' id='word_1_704' title='bbox 1676 5069 1704 5108; x_wconf 83' lang='lat' dir='ltr'><strong>a</strong></span> <span class='ocrx_word' id='word_1_705' title='bbox 1739 5057 2208 5125; x_wconf 76' lang='lat' dir='ltr'><strong>Burgundirmilins</strong></span> 
     </span>
    </p>
   </div>
   <div class='ocr_carea' id='block_1_98' title="bbox 635 5125 2206 5201">
    <p class='ocr_par' dir='ltr' id='par_1_98' title="bbox 635 5125 2206 5201">
     <span class='ocr_line' id='line_1_98' title="bbox 635 5125 2206 5201; baseline -0.003 -17"><span class='ocrx_word' id='word_1_706' title='bbox 635 5125 806 5201; x_wconf 69' lang='lat' dir='ltr'><strong>legem</strong></span> <span class='ocrx_word' id='word_1_707' title='bbox 839 5131 1111 5197; x_wconf 84' lang='lat' dir='ltr'><strong>accepisse</strong></span> <span class='ocrx_word' id='word_1_708' title='bbox 1156 5129 1360 5201; x_wconf 71' lang='lat' dir='ltr'><strong>scribit.</strong></span> <span class='ocrx_word' id='word_1_709' title='bbox 1408 5125 2206 5201; x_wconf 14' lang='lat' dir='ltr'><strong>Obiit7Chlodomeris}ustino</strong></span> 
     </span>
    </p>
   </div>
   <div class='ocr_carea' id='block_1_99' title="bbox 634 5197 2206 5269">
    <p class='ocr_par' dir='ltr' id='par_1_99' title="bbox 634 5197 2206 5269">
     <span class='ocr_line' id='line_1_99' title="bbox 634 5197 2206 5269; baseline -0.003 -13"><span class='ocrx_word' id='word_1_710' title='bbox 634 5219 667 5256; x_wconf 89' lang='grc' dir='ltr'><strong>ιι</strong></span> <span class='ocrx_word' id='word_1_711' title='bbox 691 5197 754 5256; x_wconf 64' lang='lat' dir='ltr'><strong>ct</strong></span> <span class='ocrx_word' id='word_1_712' title='bbox 783 5202 1029 5269; x_wconf 85' lang='lat' dir='ltr'><strong>Opilione</strong></span> <span class='ocrx_word' id='word_1_713' title='bbox 1058 5215 1194 5254; x_wconf 91' lang='lat' dir='ltr'><strong>coss.</strong></span> <span class='ocrx_word' id='word_1_714' title='bbox 1213 5240 1228 5265; x_wconf 88' lang='lat'><strong>,</strong></span> <span class='ocrx_word' id='word_1_715' title='bbox 1263 5199 1315 5253; x_wconf 87' lang='lat' dir='ltr'><strong>id</strong></span> <span class='ocrx_word' id='word_1_716' title='bbox 1341 5208 1422 5254; x_wconf 90' lang='lat' dir='ltr'><strong>est</strong></span> <span class='ocrx_word' id='word_1_717' title='bbox 1451 5213 1540 5251; x_wconf 88' lang='lat' dir='ltr'><strong>an.</strong></span> <span class='ocrx_word' id='word_1_718' title='bbox 1568 5197 1674 5252; x_wconf 70' lang='grc'><strong>524</strong></span> <span class='ocrx_word' id='word_1_719' title='bbox 1698 5238 1712 5264; x_wconf 90' lang='grc'><em>,</em></span> <span class='ocrx_word' id='word_1_720' title='bbox 1747 5214 1812 5253; x_wconf 78' lang='lat' dir='ltr'><strong>ex</strong></span> <span class='ocrx_word' id='word_1_721' title='bbox 1856 5197 2007 5251; x_wconf 81' lang='lat' dir='ltr'><strong>Marii</strong></span> <span class='ocrx_word' id='word_1_722' title='bbox 2037 5197 2206 5252; x_wconf 84' lang='lat' dir='ltr'><strong>Chi-o-</strong></span> 
     </span>
    </p>
   </div>
   <div class='ocr_carea' id='block_1_100' title="bbox 636 5289 782 5327">
    <p class='ocr_par' dir='ltr' id='par_1_100' title="bbox 636 5289 782 5327">
     <span class='ocr_line' id='line_1_100' title="bbox 636 5289 782 5327; baseline -0.034 0"><span class='ocrx_word' id='word_1_723' title='bbox 636 5289 782 5327; x_wconf 71' lang='grc' dir='ltr'><strong>Ιιιριι.</strong></span> 
     </span>
    </p>
   </div>
   <div class='ocr_carea' id='block_1_101' title="bbox 703 5336 2010 5410">
    <p class='ocr_par' dir='ltr' id='par_1_101' title="bbox 703 5336 2010 5410">
     <span class='ocr_line' id='line_1_101' title="bbox 703 5336 2010 5410; baseline -0.007 -13"><span class='ocrx_word' id='word_1_724' title='bbox 703 5342 729 5380; x_wconf 73' lang='grc' dir='ltr'><strong>ι’</strong></span> <span class='ocrx_word' id='word_1_725' title='bbox 757 5341 892 5396; x_wconf 84' lang='lat' dir='ltr'><strong>Cod.</strong></span> <span class='ocrx_word' id='word_1_726' title='bbox 924 5340 1136 5410; x_wconf 79' lang='lat' dir='ltr'><strong>Regm.,</strong></span> <span class='ocrx_word' id='word_1_727' title='bbox 1166 5356 1411 5394; x_wconf 87' lang='lat' dir='ltr'><strong>meorum.</strong></span> <span class='ocrx_word' id='word_1_728' title='bbox 1447 5339 1582 5393; x_wconf 74' lang='lat' dir='ltr'><strong>Vide</strong></span> <span class='ocrx_word' id='word_1_729' title='bbox 1613 5353 1770 5408; x_wconf 89' lang='lat' dir='ltr'><strong>supra</strong></span> <span class='ocrx_word' id='word_1_730' title='bbox 1801 5353 1920 5407; x_wconf 83' lang='lat' dir='ltr'><strong>cap.</strong></span> <span class='ocrx_word' id='word_1_731' title='bbox 1954 5336 2010 5389; x_wconf 75' lang='grc'>4.</span> 
     </span>
    </p>
   </div>
   <div class='ocr_carea' id='block_1_102' title="bbox 705 5412 1640 5480">
    <p class='ocr_par' dir='ltr' id='par_1_102' title="bbox 705 5412 1640 5480">
     <span class='ocr_line' id='line_1_102' title="bbox 705 5412 1640 5480; baseline -0.005 -15"><span class='ocrx_word' id='word_1_732' title='bbox 705 5426 728 5452; x_wconf 74' lang='grc' dir='ltr'><strong>ε</strong></span> <span class='ocrx_word' id='word_1_733' title='bbox 771 5416 910 5466; x_wconf 89' lang='lat' dir='ltr'><strong>Idem</strong></span> <span class='ocrx_word' id='word_1_734' title='bbox 945 5415 1064 5465; x_wconf 86' lang='lat' dir='ltr'><strong>eod.</strong></span> <span class='ocrx_word' id='word_1_735' title='bbox 1103 5413 1316 5480; x_wconf 70' lang='lat' dir='ltr'><strong>Regim,</strong></span> <span class='ocrx_word' id='word_1_736' title='bbox 1347 5412 1640 5464; x_wconf 84' lang='lat' dir='ltr'><strong>noluerunt.</strong></span> 
     </span>
    </p>
   </div>
   <div class='ocr_carea' id='block_1_103' title="bbox 706 5478 2205 5547">
    <p class='ocr_par' dir='ltr' id='par_1_103' title="bbox 706 5478 2205 5547">
     <span class='ocr_line' id='line_1_103' title="bbox 706 5478 2205 5547; baseline -0.005 -9"><span class='ocrx_word' id='word_1_737' title='bbox 706 5483 730 5519; x_wconf 72' lang='lat' dir='ltr'><strong>d</strong></span> <span class='ocrx_word' id='word_1_738' title='bbox 763 5485 976 5538; x_wconf 85' lang='lat' dir='ltr'><strong>Orbitas</strong></span> <span class='ocrx_word' id='word_1_739' title='bbox 1007 5478 1200 5536; x_wconf 74' lang='lat' dir='ltr'><strong>vetera</strong></span> <span class='ocrx_word' id='word_1_740' title='bbox 1231 5479 1484 5545; x_wconf 78' lang='lat' dir='ltr'><strong>glossaria</strong></span> <span class='ocrx_word' id='word_1_741' title='bbox 1528 5482 1783 5547; x_wconf 86' lang='lat' dir='ltr'><strong>ipsasmet</strong></span> <span class='ocrx_word' id='word_1_742' title='bbox 1815 5479 1926 5531; x_wconf 83' lang='lat' dir='ltr'><strong>vias</strong></span> <span class='ocrx_word' id='word_1_743' title='bbox 1970 5478 2205 5546; x_wconf 67' lang='lat' dir='ltr'><strong>publicis</strong></span> 
     </span>
    </p>
   </div>
   <div class='ocr_carea' id='block_1_104' title="bbox 635 5550 2203 5624">
    <p class='ocr_par' dir='ltr' id='par_1_104' title="bbox 635 5550 2203 5624">
     <span class='ocr_line' id='line_1_104' title="bbox 635 5550 2203 5624; baseline -0.003 -18"><span class='ocrx_word' id='word_1_744' title='bbox 635 5555 929 5624; x_wconf 81' lang='lat' dir='ltr'><strong>appellant.</strong></span> <span class='ocrx_word' id='word_1_745' title='bbox 954 5555 1372 5624; x_wconf 75' lang='lat' dir='ltr'><strong>Orbitaquippe</strong></span> <span class='ocrx_word' id='word_1_746' title='bbox 1411 5563 1493 5624; x_wconf 51' lang='lat' dir='ltr'><strong>est</strong></span> <span class='ocrx_word' id='word_1_747' title='bbox 1546 5550 1723 5604; x_wconf 87' lang='lat' dir='ltr'><strong>sulcus</strong></span> <span class='ocrx_word' id='word_1_748' title='bbox 1755 5565 1924 5624; x_wconf 56' lang='lat' dir='ltr'><strong>quem</strong></span> <span class='ocrx_word' id='word_1_749' title='bbox 1955 5564 2203 5624; x_wconf 75' lang='lat' dir='ltr'><strong>curruum</strong></span> 
     </span>
    </p>
   </div>
   <div class='ocr_carea' id='block_1_105' title="bbox 638 5618 2208 5680">
    <p class='ocr_par' dir='ltr' id='par_1_105' title="bbox 638 5618 2208 5680">
     <span class='ocr_line' id='line_1_105' title="bbox 638 5618 2208 5680; baseline -0.002 -3"><span class='ocrx_word' id='word_1_750' title='bbox 638 5618 771 5678; x_wconf 76' lang='lat' dir='ltr'><strong>rotae</strong></span> <span class='ocrx_word' id='word_1_751' title='bbox 816 5639 910 5680; x_wconf 86' lang='lat' dir='ltr'><strong>seu</strong></span> <span class='ocrx_word' id='word_1_752' title='bbox 941 5625 1101 5679; x_wconf 89' lang='lat' dir='ltr'><strong>orbes</strong></span> <span class='ocrx_word' id='word_1_753' title='bbox 1151 5618 1206 5677; x_wconf 80' lang='lat' dir='ltr'><strong>in</strong></span> <span class='ocrx_word' id='word_1_754' title='bbox 1247 5618 1348 5676; x_wconf 82' lang='lat' dir='ltr'><strong>vus</strong></span> <span class='ocrx_word' id='word_1_755' title='bbox 1391 5619 1694 5675; x_wconf 80' lang='lat' dir='ltr'><strong>etl&#39;ormant.</strong></span> <span class='ocrx_word' id='word_1_756' title='bbox 1742 5619 1949 5675; x_wconf 86' lang='lat' dir='ltr'><strong>Gallice</strong></span> <span class='ocrx_word' id='word_1_757' title='bbox 1982 5618 2208 5674; x_wconf 88' lang='lat' dir='ltr'><strong>diciruus</strong></span> 
     </span>
    </p>
   </div>
   <div class='ocr_carea' id='block_1_106' title="bbox 636 5695 1009 5749">
    <p class='ocr_par' dir='ltr' id='par_1_106' title="bbox 636 5695 1009 5749">
     <span class='ocr_line' id='line_1_106' title="bbox 636 5695 1009 5749; baseline 0.005 -2"><span class='ocrx_word' id='word_1_758' title='bbox 636 5697 725 5749; x_wconf 73' lang='lat' dir='ltr'><strong>des</strong></span> <span class='ocrx_word' id='word_1_759' title='bbox 757 5695 1009 5749; x_wconf 71' lang='lat' dir='ltr'><strong>orniéres.</strong></span> 
     </span>
    </p>
   </div>
   <div class='ocr_carea' id='block_1_107' title="bbox 712 5761 2210 5834">
    <p class='ocr_par' dir='ltr' id='par_1_107' title="bbox 712 5761 2210 5834">
     <span class='ocr_line' id='line_1_107' title="bbox 712 5761 2210 5834; baseline -0.004 -14"><span class='ocrx_word' id='word_1_760' title='bbox 712 5775 737 5803; x_wconf 81' lang='grc' dir='ltr'><strong><em>ο</em></strong></span> <span class='ocrx_word' id='word_1_761' title='bbox 771 5766 867 5820; x_wconf 85' lang='lat' dir='ltr'><strong>Hic</strong></span> <span class='ocrx_word' id='word_1_762' title='bbox 894 5766 1146 5834; x_wconf 73' lang='lat' dir='ltr'><strong>loquendi</strong></span> <span class='ocrx_word' id='word_1_763' title='bbox 1176 5763 1367 5819; x_wconf 82' lang='lat' dir='ltr'><strong>modus</strong></span> <span class='ocrx_word' id='word_1_764' title='bbox 1389 5763 1583 5831; x_wconf 85' lang='lat' dir='ltr'><strong>passim</strong></span> <span class='ocrx_word' id='word_1_765' title='bbox 1609 5763 1746 5832; x_wconf 89' lang='lat' dir='ltr'><strong>apud</strong></span> <span class='ocrx_word' id='word_1_766' title='bbox 1775 5761 2098 5834; x_wconf 62' lang='lat' dir='ltr'><strong>Gregorium</strong></span> <span class='ocrx_word' id='word_1_767' title='bbox 2120 5775 2210 5814; x_wconf 86' lang='lat' dir='ltr'><strong>uc-</strong></span> 
     </span>
    </p>
   </div>
   <div class='ocr_carea' id='block_1_108' title="bbox 639 5832 2209 5905">
    <p class='ocr_par' dir='ltr' id='par_1_108' title="bbox 639 5832 2209 5905">
     <span class='ocr_line' id='line_1_108' title="bbox 639 5832 2209 5905; baseline -0.007 -16"><span class='ocrx_word' id='word_1_768' title='bbox 639 5837 807 5889; x_wconf 85' lang='lat' dir='ltr'><strong>cnrrit</strong></span> <span class='ocrx_word' id='word_1_769' title='bbox 836 5837 904 5890; x_wconf 88' lang='lat' dir='ltr'><strong>ad</strong></span> <span class='ocrx_word' id='word_1_770' title='bbox 941 5832 1353 5905; x_wconf 81' lang='lat' dir='ltr'><strong>exprimendum</strong></span> <span class='ocrx_word' id='word_1_771' title='bbox 1393 5835 1589 5902; x_wconf 90' lang='lat' dir='ltr'><strong>aliquid</strong></span> <span class='ocrx_word' id='word_1_772' title='bbox 1613 5835 1733 5903; x_wconf 86' lang='lat' dir='ltr'><strong>jure</strong></span> <span class='ocrx_word' id='word_1_773' title='bbox 1772 5844 1971 5887; x_wconf 88' lang='lat' dir='ltr'><strong>etcum</strong></span> <span class='ocrx_word' id='word_1_774' title='bbox 2005 5832 2209 5905; x_wconf 73' lang='lat' dir='ltr'><strong>ratione</strong></span> 
     </span>
    </p>
   </div>
   <div class='ocr_carea' id='block_1_109' title="bbox 644 5902 2211 5978">
    <p class='ocr_par' dir='ltr' id='par_1_109' title="bbox 644 5902 2211 5978">
     <span class='ocr_line' id='line_1_109' title="bbox 644 5902 2211 5978; baseline 0 -18"><span class='ocrx_word' id='word_1_775' title='bbox 644 5909 851 5978; x_wconf 79' lang='lat' dir='ltr'><strong>suscipi</strong></span> <span class='ocrx_word' id='word_1_776' title='bbox 886 5902 1063 5976; x_wconf 51' lang='lat' dir='ltr'><strong>porse.</strong></span> <span class='ocrx_word' id='word_1_777' title='bbox 1098 5908 1370 5975; x_wconf 75' lang='lat' dir='ltr'><strong>llorlicque</strong></span> <span class='ocrx_word' id='word_1_778' title='bbox 1398 5906 1602 5964; x_wconf 86' lang='lat' dir='ltr'><strong>Gallice</strong></span> <span class='ocrx_word' id='word_1_779' title='bbox 1618 5902 1874 5969; x_wconf 76' lang='lat' dir='ltr'><strong>dicimus,</strong></span> <span class='ocrx_word' id='word_1_780' title='bbox 1906 5904 2047 5958; x_wconf 78' lang='lat' dir='ltr'><strong>at&#39;oit&#39;</strong></span> <span class='ocrx_word' id='word_1_781' title='bbox 2077 5902 2211 5960; x_wconf 76' lang='lat' dir='ltr'><strong>droit</strong></span> 
     </span>
    </p>
   </div>
   <div class='ocr_carea' id='block_1_110' title="bbox 2399 4835 3210 4901">
    <p class='ocr_par' dir='ltr' id='par_1_110' title="bbox 2399 4835 3210 4901">
     <span class='ocr_line' id='line_1_110' title="bbox 2399 4835 3210 4901; baseline -0.009 -8"><span class='ocrx_word' id='word_1_782' title='bbox 2399 4841 2414 4878; x_wconf 73' lang='grc' dir='ltr'>ί</span> <span class='ocrx_word' id='word_1_783' title='bbox 2460 4839 2672 4892; x_wconf 82' lang='lat' dir='ltr'><strong>Addunt</strong></span> <span class='ocrx_word' id='word_1_784' title='bbox 2700 4836 2851 4900; x_wconf 79' lang='lat' dir='ltr'><strong>editi,</strong></span> <span class='ocrx_word' id='word_1_785' title='bbox 2887 4849 2992 4901; x_wconf 78' lang='lat' dir='ltr'><strong>pra:</strong></span> <span class='ocrx_word' id='word_1_786' title='bbox 3015 4835 3210 4886; x_wconf 78' lang='lat' dir='ltr'><strong>(iurare.</strong></span> 
     </span>
    </p>
   </div>
   <div class='ocr_carea' id='block_1_111' title="bbox 2386 4899 3909 4971">
    <p class='ocr_par' dir='ltr' id='par_1_111' title="bbox 2386 4899 3909 4971">
     <span class='ocr_line' id='line_1_111' title="bbox 2386 4899 3909 4971; baseline -0.006 -7"><span class='ocrx_word' id='word_1_787' title='bbox 2386 4920 2411 4956; x_wconf 73' lang='grc' dir='ltr'><strong>Β</strong></span> <span class='ocrx_word' id='word_1_788' title='bbox 2452 4909 2584 4964; x_wconf 88' lang='lat' dir='ltr'><strong>Cod.</strong></span> <span class='ocrx_word' id='word_1_789' title='bbox 2616 4907 2806 4971; x_wconf 89' lang='lat' dir='ltr'><strong>Colb.,</strong></span> <span class='ocrx_word' id='word_1_790' title='bbox 2839 4899 3199 4958; x_wconf 77' lang='lat' dir='ltr'><strong>Unstrondem.</strong></span> <span class='ocrx_word' id='word_1_791' title='bbox 3254 4901 3467 4954; x_wconf 87' lang='lat' dir='ltr'><strong>Fluvius</strong></span> <span class='ocrx_word' id='word_1_792' title='bbox 3510 4911 3592 4955; x_wconf 90' lang='lat' dir='ltr'><strong>est</strong></span> <span class='ocrx_word' id='word_1_793' title='bbox 3637 4899 3909 4955; x_wconf 84' lang='lat' dir='ltr'><strong>Eichsfel-</strong></span> 
     </span>
    </p>
   </div>
   <div class='ocr_carea' id='block_1_112' title="bbox 2312 4972 3908 5047">
    <p class='ocr_par' dir='ltr' id='par_1_112' title="bbox 2312 4972 3908 5047">
     <span class='ocr_line' id='line_1_112' title="bbox 2312 4972 3908 5047; baseline -0.006 -12"><span class='ocrx_word' id='word_1_794' title='bbox 2312 4981 2450 5046; x_wconf 75' lang='lat' dir='ltr'><strong>dire,</strong></span> <span class='ocrx_word' id='word_1_795' title='bbox 2483 4979 2638 5047; x_wconf 88' lang='lat' dir='ltr'><strong>vulgo</strong></span> <span class='ocrx_word' id='word_1_796' title='bbox 2689 4980 2755 5030; x_wconf 88' lang='lat' dir='ltr'><strong>ab</strong></span> <span class='ocrx_word' id='word_1_797' title='bbox 2802 4975 3016 5047; x_wconf 29' lang='lat' dir='ltr'><strong>incolis‘</strong></span> <span class='ocrx_word' id='word_1_798' title='bbox 3041 4973 3289 5028; x_wconf 78' lang='lat' dir='ltr'><strong>Umlrudl</strong></span> <span class='ocrx_word' id='word_1_799' title='bbox 3330 4972 3504 5027; x_wconf 80' lang='lat' dir='ltr'><strong>dictus</strong></span> <span class='ocrx_word' id='word_1_800' title='bbox 3531 5013 3543 5034; x_wconf 86' lang='lat'><strong>,</strong></span> <span class='ocrx_word' id='word_1_801' title='bbox 3575 4979 3629 5025; x_wconf 92' lang='lat' dir='ltr'><strong>ut</strong></span> <span class='ocrx_word' id='word_1_802' title='bbox 3653 4973 3908 5030; x_wconf 84' lang='lat' dir='ltr'><strong>observat</strong></span> 
     </span>
    </p>
   </div>
   <div class='ocr_carea' id='block_1_113' title="bbox 2314 5043 3357 5108">
    <p class='ocr_par' dir='ltr' id='par_1_113' title="bbox 2314 5043 3357 5108">
     <span class='ocr_line' id='line_1_113' title="bbox 2314 5043 3357 5108; baseline -0.011 -1"><span class='ocrx_word' id='word_1_803' title='bbox 2314 5043 2602 5108; x_wconf 64' lang='lat' dir='ltr'><strong>Brovvcrus</strong></span> <span class='ocrx_word' id='word_1_804' title='bbox 2630 5050 2681 5101; x_wconf 90' lang='lat' dir='ltr'><strong>in</strong></span> <span class='ocrx_word' id='word_1_805' title='bbox 2712 5048 2849 5101; x_wconf 82' lang='lat' dir='ltr'><strong>netis</strong></span> <span class='ocrx_word' id='word_1_806' title='bbox 2880 5045 2945 5098; x_wconf 91' lang='lat' dir='ltr'><strong>ad</strong></span> <span class='ocrx_word' id='word_1_807' title='bbox 2981 5043 3357 5097; x_wconf 87' lang='lat' dir='ltr'><strong>Fortunaturn.</strong></span> 
     </span>
    </p>
   </div>
   <div class='ocr_carea' id='block_1_114' title="bbox 2389 5112 3909 5182">
    <p class='ocr_par' dir='ltr' id='par_1_114' title="bbox 2389 5112 3909 5182">
     <span class='ocr_line' id='line_1_114' title="bbox 2389 5112 3909 5182; baseline -0.005 -7"><span class='ocrx_word' id='word_1_808' title='bbox 2389 5121 2414 5158; x_wconf 72' lang='grc' dir='ltr'><strong>ιι</strong></span> <span class='ocrx_word' id='word_1_809' title='bbox 2460 5125 2505 5175; x_wconf 86' lang='lat' dir='ltr'><strong>Is</strong></span> <span class='ocrx_word' id='word_1_810' title='bbox 2534 5129 2654 5175; x_wconf 87' lang='lat' dir='ltr'><strong>erat</strong></span> <span class='ocrx_word' id='word_1_811' title='bbox 2681 5122 2840 5171; x_wconf 83' lang='lat' dir='ltr'><strong>frater</strong></span> <span class='ocrx_word' id='word_1_812' title='bbox 2874 5114 3268 5168; x_wconf 71' lang='lat' dir='ltr'><strong>“t&#39;l&#39;tllcufl‘cdi.</strong></span> <span class='ocrx_word' id='word_1_813' title='bbox 3322 5112 3452 5166; x_wconf 86' lang='lat' dir='ltr'><strong>Vide</strong></span> <span class='ocrx_word' id='word_1_814' title='bbox 3497 5127 3655 5182; x_wconf 89' lang='lat' dir='ltr'><strong>supra</strong></span> <span class='ocrx_word' id='word_1_815' title='bbox 3693 5127 3813 5181; x_wconf 87' lang='lat' dir='ltr'><strong>cap.</strong></span> <span class='ocrx_word' id='word_1_816' title='bbox 3849 5112 3909 5168; x_wconf 71' lang='grc'><strong>4.</strong></span> 
     </span>
    </p>
   </div>
   <div class='ocr_carea' id='block_1_115' title="bbox 2315 5183 3910 5254">
    <p class='ocr_par' dir='ltr' id='par_1_115' title="bbox 2315 5183 3910 5254">
     <span class='ocr_line' id='line_1_115' title="bbox 2315 5183 3910 5254; baseline -0.005 -6"><span class='ocrx_word' id='word_1_817' title='bbox 2315 5193 2594 5248; x_wconf 80' lang='lat' dir='ltr'><strong>Excidium</strong></span> <span class='ocrx_word' id='word_1_818' title='bbox 2626 5203 2753 5241; x_wconf 72' lang='grc' dir='ltr'><strong>νυνο</strong></span> <span class='ocrx_word' id='word_1_819' title='bbox 2798 5185 3104 5254; x_wconf 79' lang='lat' dir='ltr'><strong>Tlruringiae</strong></span> <span class='ocrx_word' id='word_1_820' title='bbox 3153 5183 3448 5248; x_wconf 87' lang='lat' dir='ltr'><strong>describit,</strong></span> <span class='ocrx_word' id='word_1_821' title='bbox 3476 5193 3530 5236; x_wconf 80' lang='lat' dir='ltr'><strong>et</strong></span> <span class='ocrx_word' id='word_1_822' title='bbox 3557 5184 3910 5252; x_wconf 73' lang='lat' dir='ltr'><strong>ltadegundis</strong></span> 
     </span>
    </p>
   </div>
   <div class='ocr_carea' id='block_1_116' title="bbox 2312 5255 3902 5327">
    <p class='ocr_par' dir='ltr' id='par_1_116' title="bbox 2312 5255 3902 5327">
     <span class='ocr_line' id='line_1_116' title="bbox 2312 5255 3902 5327; baseline -0.007 -9"><span class='ocrx_word' id='word_1_823' title='bbox 2312 5266 2530 5318; x_wconf 88' lang='lat' dir='ltr'><strong>nomine</strong></span> <span class='ocrx_word' id='word_1_824' title='bbox 2560 5261 2800 5327; x_wconf 87' lang='lat' dir='ltr'><strong>deplorat</strong></span> <span class='ocrx_word' id='word_1_825' title='bbox 2851 5258 3176 5327; x_wconf 86' lang='lat' dir='ltr'><strong>Fortunatus</strong></span> <span class='ocrx_word' id='word_1_826' title='bbox 3226 5257 3275 5309; x_wconf 90' lang='lat' dir='ltr'><strong>in</strong></span> <span class='ocrx_word' id='word_1_827' title='bbox 3323 5255 3691 5323; x_wconf 70' lang='lat' dir='ltr'><strong>Supplementi</strong></span> <span class='ocrx_word' id='word_1_828' title='bbox 3723 5268 3902 5327; x_wconf 74' lang='lat' dir='ltr'><strong>carm.</strong></span> 
     </span>
    </p>
   </div>
   <div class='ocr_carea' id='block_1_117' title="bbox 2310 5323 3906 5396">
    <p class='ocr_par' dir='ltr' id='par_1_117' title="bbox 2310 5323 3906 5396">
     <span class='ocr_line' id='line_1_117' title="bbox 2310 5323 3906 5396; baseline -0.005 -9"><span class='ocrx_word' id='word_1_829' title='bbox 2310 5351 2348 5396; x_wconf 84' lang='grc' dir='ltr'><strong>ι,</strong></span> <span class='ocrx_word' id='word_1_830' title='bbox 2383 5336 2467 5385; x_wconf 83' lang='lat' dir='ltr'><strong>tibi</strong></span> <span class='ocrx_word' id='word_1_831' title='bbox 2492 5323 2655 5385; x_wconf 82' lang='lat' dir='ltr'><strong>etiam</strong></span> <span class='ocrx_word' id='word_1_832' title='bbox 2679 5331 2744 5383; x_wconf 89' lang='lat' dir='ltr'><strong>de</strong></span> <span class='ocrx_word' id='word_1_833' title='bbox 2771 5327 3010 5395; x_wconf 53' lang='lat' dir='ltr'><strong>ejusdem</strong></span> <span class='ocrx_word' id='word_1_834' title='bbox 3045 5325 3207 5380; x_wconf 71' lang='lat' dir='ltr'><strong>fratre</strong></span> <span class='ocrx_word' id='word_1_835' title='bbox 3245 5329 3442 5396; x_wconf 80' lang='lat' dir='ltr'><strong>injuste</strong></span> <span class='ocrx_word' id='word_1_836' title='bbox 3496 5329 3728 5396; x_wconf 33' lang='grc' dir='ltr'><strong>οεοίειικ</strong></span> <span class='ocrx_word' id='word_1_837' title='bbox 3752 5323 3906 5379; x_wconf 87' lang='lat' dir='ltr'><strong>Idem</strong></span> 
     </span>
    </p>
   </div>
   <div class='ocr_carea' id='block_1_118' title="bbox 2313 5395 3909 5466">
    <p class='ocr_par' dir='ltr' id='par_1_118' title="bbox 2313 5395 3909 5466">
     <span class='ocr_line' id='line_1_118' title="bbox 2313 5395 3909 5466; baseline -0.007 -7"><span class='ocrx_word' id='word_1_838' title='bbox 2313 5395 2634 5459; x_wconf 85' lang='lat' dir='ltr'><strong>Fortunatus</strong></span> <span class='ocrx_word' id='word_1_839' title='bbox 2678 5401 2868 5454; x_wconf 89' lang='lat' dir='ltr'><strong>librum</strong></span> <span class='ocrx_word' id='word_1_840' title='bbox 2900 5401 3126 5466; x_wconf 82' lang='lat' dir='ltr'><strong>primum</strong></span> <span class='ocrx_word' id='word_1_841' title='bbox 3171 5396 3292 5450; x_wconf 66' lang='lat' dir='ltr'><strong>vita:</strong></span> <span class='ocrx_word' id='word_1_842' title='bbox 3330 5395 3386 5452; x_wconf 91' lang='lat' dir='ltr'><strong>S.</strong></span> <span class='ocrx_word' id='word_1_843' title='bbox 3426 5395 3788 5466; x_wconf 78' lang='lat' dir='ltr'><strong>Radegundis,</strong></span> <span class='ocrx_word' id='word_1_844' title='bbox 3821 5397 3909 5449; x_wconf 83' lang='lat' dir='ltr'><strong>ai-</strong></span> 
     </span>
    </p>
   </div>
   <div class='ocr_carea' id='block_1_119' title="bbox 2314 5465 3872 5535">
    <p class='ocr_par' dir='ltr' id='par_1_119' title="bbox 2314 5465 3872 5535">
     <span class='ocr_line' id='line_1_119' title="bbox 2314 5465 3872 5535; baseline -0.005 -6"><span class='ocrx_word' id='word_1_845' title='bbox 2314 5486 2484 5529; x_wconf 86' lang='lat' dir='ltr'><strong>ternm</strong></span> <span class='ocrx_word' id='word_1_846' title='bbox 2531 5488 2659 5525; x_wconf 89' lang='lat' dir='ltr'><strong>vero</strong></span> <span class='ocrx_word' id='word_1_847' title='bbox 2709 5465 3030 5524; x_wconf 83' lang='lat' dir='ltr'><strong>Baurlonivia</strong></span> <span class='ocrx_word' id='word_1_848' title='bbox 3064 5467 3311 5521; x_wconf 87' lang='lat' dir='ltr'><strong>rnonialis</strong></span> <span class='ocrx_word' id='word_1_849' title='bbox 3337 5465 3631 5534; x_wconf 75' lang='lat' dir='ltr'><strong>scripsere,</strong></span> <span class='ocrx_word' id='word_1_850' title='bbox 3680 5465 3769 5535; x_wconf 91' lang='lat' dir='ltr'><strong>qui</strong></span> <span class='ocrx_word' id='word_1_851' title='bbox 3802 5468 3872 5521; x_wconf 90' lang='lat' dir='ltr'><strong>ha</strong></span> 
     </span>
    </p>
   </div>
   <div class='ocr_carea' id='block_1_120' title="bbox 2313 5537 3910 5606">
    <p class='ocr_par' dir='ltr' id='par_1_120' title="bbox 2313 5537 3910 5606">
     <span class='ocr_line' id='line_1_120' title="bbox 2313 5537 3910 5606; baseline -0.007 -4"><span class='ocrx_word' id='word_1_852' title='bbox 2313 5547 2506 5601; x_wconf 85' lang='lat' dir='ltr'><strong>bentur</strong></span> <span class='ocrx_word' id='word_1_853' title='bbox 2547 5543 2597 5596; x_wconf 93' lang='lat' dir='ltr'><strong>in</strong></span> <span class='ocrx_word' id='word_1_854' title='bbox 2631 5543 2775 5596; x_wconf 80' lang='lat' dir='ltr'><strong>Actis</strong></span> <span class='ocrx_word' id='word_1_855' title='bbox 2832 5539 2928 5594; x_wconf 67' lang='lat' dir='ltr'><strong>SS.</strong></span> <span class='ocrx_word' id='word_1_856' title='bbox 2973 5537 3100 5592; x_wconf 88' lang='lat' dir='ltr'><strong>0rd.</strong></span> <span class='ocrx_word' id='word_1_857' title='bbox 3148 5538 3205 5591; x_wconf 91' lang='lat' dir='ltr'><strong>S.</strong></span> <span class='ocrx_word' id='word_1_858' title='bbox 3244 5539 3510 5592; x_wconf 84' lang='lat' dir='ltr'><strong>Benedicti</strong></span> <span class='ocrx_word' id='word_1_859' title='bbox 3541 5538 3675 5592; x_wconf 62' lang='lat' dir='ltr'><strong>Srcc.</strong></span> <span class='ocrx_word' id='word_1_860' title='bbox 3710 5552 3747 5599; x_wconf 83' lang='grc' dir='ltr'><strong>ι,</strong></span> <span class='ocrx_word' id='word_1_861' title='bbox 3782 5551 3910 5606; x_wconf 86' lang='lat' dir='ltr'><strong>pag.</strong></span> 
     </span>
    </p>
   </div>
   <div class='ocr_carea' id='block_1_121' title="bbox 2314 5608 3912 5676">
    <p class='ocr_par' dir='ltr' id='par_1_121' title="bbox 2314 5608 3912 5676">
     <span class='ocr_line' id='line_1_121' title="bbox 2314 5608 3912 5676; baseline -0.003 -8"><span class='ocrx_word' id='word_1_862' title='bbox 2314 5617 2436 5669; x_wconf 66' lang='lat' dir='ltr'><strong>5ft).</strong></span> <span class='ocrx_word' id='word_1_863' title='bbox 2470 5613 2846 5667; x_wconf 84' lang='lat' dir='ltr'><strong>lllonasteriurn</strong></span> <span class='ocrx_word' id='word_1_864' title='bbox 2881 5623 3008 5664; x_wconf 89' lang='lat' dir='ltr'><strong>vero</strong></span> <span class='ocrx_word' id='word_1_865' title='bbox 3031 5611 3097 5661; x_wconf 91' lang='lat' dir='ltr'><strong>ab</strong></span> <span class='ocrx_word' id='word_1_866' title='bbox 3126 5608 3239 5676; x_wconf 89' lang='lat' dir='ltr'><strong>ipsa</strong></span> <span class='ocrx_word' id='word_1_867' title='bbox 3269 5608 3540 5663; x_wconf 70' lang='lat' dir='ltr'><strong>conditum</strong></span> <span class='ocrx_word' id='word_1_868' title='bbox 3567 5609 3726 5662; x_wconf 85' lang='lat' dir='ltr'><strong>etiam</strong></span> <span class='ocrx_word' id='word_1_869' title='bbox 3760 5621 3912 5663; x_wconf 81' lang='lat' dir='ltr'><strong>nunc</strong></span> 
     </span>
    </p>
   </div>
   <div class='ocr_carea' id='block_1_122' title="bbox 2313 5677 3909 5748">
    <p class='ocr_par' dir='ltr' id='par_1_122' title="bbox 2313 5677 3909 5748">
     <span class='ocr_line' id='line_1_122' title="bbox 2313 5677 3909 5748; baseline -0.004 -9"><span class='ocrx_word' id='word_1_870' title='bbox 2313 5690 2414 5740; x_wconf 83' lang='lat' dir='ltr'><strong>sub</strong></span> <span class='ocrx_word' id='word_1_871' title='bbox 2460 5684 2518 5738; x_wconf 91' lang='lat' dir='ltr'><strong>S.</strong></span> <span class='ocrx_word' id='word_1_872' title='bbox 2565 5682 2751 5737; x_wconf 87' lang='lat' dir='ltr'><strong>Crucis</strong></span> <span class='ocrx_word' id='word_1_873' title='bbox 2801 5682 2954 5737; x_wconf 88' lang='lat' dir='ltr'><strong>titulo</strong></span> <span class='ocrx_word' id='word_1_874' title='bbox 2986 5680 3190 5734; x_wconf 89' lang='lat' dir='ltr'><strong>illustre</strong></span> <span class='ocrx_word' id='word_1_875' title='bbox 3219 5687 3550 5748; x_wconf 82' lang='lat' dir='ltr'><strong>perseverat,</strong></span> <span class='ocrx_word' id='word_1_876' title='bbox 3585 5677 3770 5734; x_wconf 84' lang='lat' dir='ltr'><strong>Ordini</strong></span> <span class='ocrx_word' id='word_1_877' title='bbox 3801 5678 3909 5733; x_wconf 78' lang='lat' dir='ltr'><strong>Be-</strong></span> 
     </span>
    </p>
   </div>
   <div class='ocr_carea' id='block_1_123' title="bbox 2315 5748 3910 5821">
    <p class='ocr_par' dir='ltr' id='par_1_123' title="bbox 2315 5748 3910 5821">
     <span class='ocr_line' id='line_1_123' title="bbox 2315 5748 3910 5821; baseline -0.004 -9"><span class='ocrx_word' id='word_1_878' title='bbox 2315 5756 2587 5812; x_wconf 89' lang='lat' dir='ltr'><strong>nedictino</strong></span> <span class='ocrx_word' id='word_1_879' title='bbox 2615 5753 2906 5809; x_wconf 85' lang='lat' dir='ltr'><strong>addictum.</strong></span> <span class='ocrx_word' id='word_1_880' title='bbox 2950 5751 3026 5810; x_wconf 85' lang='lat' dir='ltr'><strong>De</strong></span> <span class='ocrx_word' id='word_1_881' title='bbox 3049 5752 3132 5808; x_wconf 80' lang='lat' dir='ltr'><strong>bis</strong></span> <span class='ocrx_word' id='word_1_882' title='bbox 3153 5749 3289 5808; x_wconf 75' lang='lat' dir='ltr'><strong>infra</strong></span> <span class='ocrx_word' id='word_1_883' title='bbox 3318 5766 3426 5808; x_wconf 81' lang='lat' dir='ltr'><strong>non</strong></span> <span class='ocrx_word' id='word_1_884' title='bbox 3449 5753 3644 5818; x_wconf 85' lang='lat' dir='ltr'><strong>semel,</strong></span> <span class='ocrx_word' id='word_1_885' title='bbox 3673 5748 3910 5821; x_wconf 47' lang='lat' dir='ltr'><strong>potissh</strong></span> 
     </span>
    </p>
   </div>
   <div class='ocr_carea' id='block_1_124' title="bbox 2317 5826 2696 5884">
    <p class='ocr_par' dir='ltr' id='par_1_124' title="bbox 2317 5826 2696 5884">
     <span class='ocr_line' id='line_1_124' title="bbox 2317 5826 2696 5884; baseline -0.021 0"><span class='ocrx_word' id='word_1_886' title='bbox 2317 5842 2460 5884; x_wconf 87' lang='lat' dir='ltr'><strong>nnrm</strong></span> <span class='ocrx_word' id='word_1_887' title='bbox 2493 5826 2583 5879; x_wconf 88' lang='lat' dir='ltr'><strong>lib.</strong></span> <span class='ocrx_word' id='word_1_888' title='bbox 2618 5839 2696 5877; x_wconf 72' lang='grc' dir='ltr'><strong>ις.</strong></span> 
     </span>
    </p>
   </div>
   <div class='ocr_carea' id='block_1_125' title="bbox 2395 5895 2860 5966">
    <p class='ocr_par' dir='ltr' id='par_1_125' title="bbox 2395 5895 2860 5966">
     <span class='ocr_line' id='line_1_125' title="bbox 2395 5895 2860 5966; baseline -0.013 -9"><span class='ocrx_word' id='word_1_889' title='bbox 2395 5898 2408 5936; x_wconf 74' lang='grc' dir='ltr'><strong>ί</strong></span> <span class='ocrx_word' id='word_1_890' title='bbox 2457 5895 2616 5966; x_wconf 74' lang='lat' dir='ltr'><strong>Editi,</strong></span> <span class='ocrx_word' id='word_1_891' title='bbox 2646 5905 2860 5959; x_wconf 69' lang='lat' dir='ltr'><strong>patrem.</strong></span> 
     </span>
    </p>
   </div>
   <div class='ocr_carea' id='block_1_126' title="bbox 3043 5967 3152 6003">
    <p class='ocr_par' dir='ltr' id='par_1_126' title="bbox 3043 5967 3152 6003">
     <span class='ocr_line' id='line_1_126' title="bbox 3043 5967 3152 6003; baseline -0.009 0"><span class='ocrx_word' id='word_1_892' title='bbox 3043 5967 3126 6003; x_wconf 48' lang='grc' dir='ltr'><strong>,1-ίῇ</strong></span> <span class='ocrx_word' id='word_1_893' title='bbox 3143 5995 3152 6002; x_wconf 63' lang='lat'><strong>,-</strong></span> 
     </span>
    </p>
   </div>
  </div>
