3994 6332
342 444 451 504 249

1276 451 1593 511 IIIS'I‘ORIA
1633 454 2077 515 FRANCOBUM.
2119 456 2319 515 LIBER
2358 460 2672 519 TERTIUS.

3494 467 3603 525 250

338 620 341 623 ,
414 562 548 619 VIII.
592 563 737 621 Idem
789 572 917 623 vero
954 572 1227 637 regressus
1257 570 1323 626 ad
1350 573 1599 641 pr0pria,
1629 573 1920 629 Itermene-
1949 578 1995 636 Α
2025 574 2289 632 the<anris
2326 592 2566 633 sororem
2610 582 2935 649 assumptam
2982 582 3163 638 secum
3193 582 3458 642 adducere
3501 600 3602 642 et!“

324 653 539 711 fridnm
588 657 655 711 ad
698 657 905 713 sedata
955 660 1059 714 fide
1099 675 1346 716 securum
1398 665 1580 717 venire
1645 665 1918 733 praecepit,

320 760 503 811 quem
532 754 591 801 et
628 748 939 804 honorificis
977 749 1168 805 ditavit
1212 754 1542 810 muneribus.
1594 756 1813 810 Factum
1841 767 1922 811 est

338 850 527 895 autem,
549 839 675 894 dum
706 841 933 907 quadam
964 843 1051 897 die
1083 860 1176 912 per
1208 861 1416 900 murum
1448 848 1674 902 civitatis
1701 849 1920 904 Tulbia-

322 931 524 985 censis
568 931 1064 999 confabularentnr,
1120 952 1148 990 a
1200 938 1383 991 nescio
1424 955 1528 1008 quo
1575 941 1831 1008 impulsus
1855 942 1921 996 de

344 1023 629 1079 altitudine
677 1027 811 1081 muri
853 1028 918 1079 ad
965 1038 1162 1081 terram
1208 1031 1444 1093 corruit,
1472 1030 1649 1100 ibique
1675 1032 1919 1100 spiritum

351 1111 637 1168 exhalavit.
682 1115 785 1169 Sed
827 1118 948 1185 quis
996 1134 1117 1172 eum
1171 1121 1363 1175 exinde
1411 1121 1684 1191 deiecerit,
1715 1125 1921 1192 ignora-

346 1221 503 1259 mus:
538 1207 688 1260 multi
721 1218 895 1262 tamen
923 1219 1171 1264 asserunt
1205 1212 1357 1282 113
1390 1213 1705 1270 Theudorici
1742 1216 1793 1269 in
1824 1218 1921 1272 hoc

342 1295 524 1349 dolum
552 1298 984 1354 manifestissime
1016 1304 1246 1367 patuisse
1275 1312 1327 1357 ⁸.

417 1388 504 1443 IX.
545 1389 678 1443 Cum
708 1401 885 1445 autem
932 1392 1108 1448 adhuc
1137 1393 1501 1449 Theudericus
1532 1395 1584 1451 in
1630 1397 1920 1467 Thoringia

341 1491 503 1545 esset,
545 1484 804 1538 Arvernis
849 1486 1029 1539 sonuit
1060 1501 1178 1541 eum
1226 1489 1559 1543 interfectum
1592 1489 1773 1545 fuisse.
1817 1495 1921 1546 Ar-

342 1572 527 1624 cadius
556 1588 799 1643 quoque,
830 1591 963 1630 unus
991 1592 1055 1631 ex
1086 1580 1425 1633 senatoribus
1468 1581 1743 1648 Arvernis,
1775 1584 1922 1637 Chil-

340 1662 621 1714 debertum
671 1664 885 1730 invitat,
920 1672 976 1717 ut
1018 1665 1289 1733 regionem
1332 1668 1477 1723 illam
1518 1669 1737 1725 deberet
1783 1674 1923 1727 acci-

341 1769 489 1821 pere.
527 1753 618 1808 llle
646 1770 855 1825 quoque
884 1772 981 1811 nec
1012 1768 1246 1825 moratus
1285 1761 1539 1815 Arvernis
1582 1762 1749 1816 vadit.
1779 1763 1924 1818 'I‘an-

342 1855 503 1914 taquc
531 1846 580 1899 in
616 1847 699 1900 illa
730 1848 816 1902 die
843 1849 1111 1919 condensa
1145 1849 1242 1904 fuit
1273 1853 1486 1918 nebula,
1518 1862 1574 1906 ut
1597 1855 1727 1909 nihil
1763 1870 1923 1925 super

2025 665 2200 733 picbat
2228 684 2240 718 :
2271 682 2389 736 qua:
2428 671 2610 724 nescio
2640 684 2745 739 quo
2774 684 2900 725 casu
2941 670 2991 723 in
3020 672 3102 725 via
3128 684 3337 728 mortua
3382 682 3498 740 est,
3538 686 3611 733 et"

2025 764 2205 823 postea
2240 759 2468 813 Parisios
2498 761 2675 825 allata,
2701 760 2848 829 juxta
2883 772 3083 830 patrem
3114 776 3267 816 suum
3291 763 3599 821 Cliludoveo

2023 850 2181 905 chum
2211 850 2429 919 sepulta
2478 860 2579 905 est.
2626 851 3000 908 Childebertns
3028 869 3155 908 vero
3198 854 3338 909 inter
3366 856 3611 926 reliquos.

2027 937 2301 992 thesauros
2335 940 2627 997 ministeria
2662 940 3006 1001 ecclesiarum
3039 944 3420 1013 pretiosissima
3449 947 3605 1001 detu-

2023 1026 2105 1080 lit.
2148 1027 2277 1081 Nam
2308 1031 2581 1100 sexaginta
2627 1032 2854 1096 calices,
2886 1034 3189 1102 quindecim
3232 1047 3481 1105 patenas,
3522 1039 3600 1092 vi-

2022 1119 2155 1187 ginti
2206 1120 2611 1190 Evangeliorum
2644 1137 2832 1191 capsas
2867 1124 3092 1191 detulit,
3140 1128 3319 1183 omnia
3359 1143 3431 1183 ex
3466 1145 3601 1184 auro

2024 1222 2177 1274 puro,
2202 1224 2266 1262 ae
2289 1211 2513 1278 gemmis
2542 1214 2788 1280 pretiosis
2809 1225 2993 1269 ornata
3024 1234 3036 1269 :
3061 1218 3157 1273 sed
3179 1234 3282 1273 non
3307 1228 3390 1274 est
3415 1234 3602 1288 passus

2024 1314 2085 1352 ca
2128 1301 2411 1370 confringi.
2445 1301 2644 1359 Cuncta
2677 1306 2821 1361 enim
2853 1309 3091 1364 ecclesiis
3132 1318 3186 1364 et
3215 1311 3449 1366 basilicis
3477 1320 3603 1367 san-

2024 1400 2230 1446 ctorum
2271 1394 2621 1462 dispensavit,
2653 1413 2716 1452 ac
2750 1400 2963 1453 tradidit
3000 1402 3052 1454 in
3094 1403 3440 1458 mini~terium
3479 1404 3524 1462 δ.

2100 1479 2189 1535 XI.
2228 1482 2470 1537 Posuhmc
2498 1485 2947 1544 Cblothacbarius
2976 1500 3031 1545 et
3073 1490 3442 1549 Childebet‘tds
3473 1495 3607 1550 Bur-

2024 1574 2246 1641 gundias
2276 1584 2458 1647 petere
2506 1577 2792 1632 destinant.
2837 1581 3275 1651 Convocatusqne
3314 1584 3607 1641 Theuderi-

2023 1678 2118 1717 cus
2141 1703 2156 1728 ,
2189 1664 2241 1718 in
2274 1665 2463 1719 solatio
2498 1663 2512 1702 ί
2558 1683 2743 1721 eorum
2778 1670 2854 1723 ire
2896 1670 3086 1727 noluit.
3119 1672 3157 1725 F
3162 1673 3307 1727 rauci
3339 1688 3465 1729 vero
3512 1677 3604 1744 qui

2024 1756 2090 1808 ad
2120 1771 2241 1809 eum
2286 1758 2640 1826 aspiciebant,
2669 1760 2919 1815 dixerunt
2945 1780 2959 1813 :
2991 1762 3048 1817 Si
3074 1778 3194 1818 cum
3224 1764 3472 1819 frathbus
3500 1767 3605 1820 tuis

2027 1845 2077 1901 in
2125 1848 2480 1918 Burgundiam
2532 1851 2608 1905 ire
2654 1852 3005 1920 despexeris,
3041 1864 3091 1909 te
3129 1855 3504 1925 relinquimus,
3551 1868 3605 1913 et

320 1936 547 1993 duabus
570 1936 742 2005 jugeri
776 1939 1008 2005 partibus
1046 1938 1278 1994 discerni
1312 1952 1512 2010 posset.
1565 1943 1751 1999 Dicere
1777 1946 1917 2001 enim
1952 1962 1998 2021 Β
2028 1940 2145 1993 illos
2175 1943 2339 1997 satius
2366 1945 2513 2010 sequi
2560 1957 2936 2012 praeoptamus.
2978 1947 3049 2000 At
3092 1949 3179 2002 ille
3228 1948 3469 2004 infideles
3501 1950 3603 2003 sibi

341 2041 455 2084 erat
499 2034 687 2085 solitus
726 2047 820 2086 rex
851 2052 862 2085 :
898 2033 1094 2099 Velim,
1123 2034 1311 2104 inquit,
1340 2039 1631 2092 Arvernam
1660 2038 1688 2077 δ
1732 2039 1922 2095 Lema-

318 2162 319 2165 η
343 2136 491 2185 nem,
524 2136 640 2189 qum
671 2131 831 2175 tanta:
849 2120 1193 2191 jucunditatis
1222 2126 1389 2194 gratia
1420 2128 1681 2197 refulgere
1710 2130 1918 2197 dicﬂur,

312 2214 511 2287 oculis
550 2228 792 2268 cernere.
838 2214 945 2269 Sed
994 2231 1097 2269 non
1140 2216 1189 2270 ei
1237 2232 1265 2270 a
1311 2219 1420 2272 Deo
1465 2234 1779 2275 concessum
1817 2231 1921 2276 est.

342 2308 583 2371 Cumque
616 2320 782 2375 porta:
808 2308 1038 2362 civitatis
1063 2309 1324 2364 obseratce
1350 2320 1551 2375 es~ent,
1583 2321 1637 2366 et
1660 2313 1802 2368 unde
1842 2314 1923 2367 in-

340 2403 651 2473 grederetur
683 2404 920 2471 pervium
950 2404 1192 2473 patulum
1224 2420 1326 2458 non
1360 2405 1602 2470 haberet,
1634 2408 1797 2461 incisa
1826 2408 1923 2461 Ar-

313 2496 527 2555 ~cadius
573 2509 693 2549 sera
744 2495 899 2549 unius
939 2505 1140 2563 porttc,
1194 2512 1316 2551 eum
1355 2497 1557 2551 civitati
1608 2498 1919 2555 intromisit.

345 2589 479 2641 Dum
512 2588 625 2642 haec
653 2599 939 2658 agerentur
959 2631 975 2654 ,
1023 2591 1295 2644 nuntiatur
1322 2590 1712 2646 Theadericuni
1745 2593 1920 2646 vivum

342 2681 413 2734 de
437 2680 721 2747 Thoringia
763 2681 926 2735 fuisse
972 2695 1293 2748 regressum.

419 2772 483 2826 Χ.
526 2772 676 2839 Quod
717 2772 1021 2828 certissime
1045 2772 1412 2826 Cbildebcrtns
1441 2787 1771 2843 cognoscens
1795 2811 1811 2838 ,
1856 2773 1924 2828 ab

342 2866 599 2921 Arvernis
633 2865 789 2920 rediit
812 2906 825 2927 .
862 2865 916 2918 in
962 2865 1266 2935 Hispaniam
1300 2877 1321 2904 ε
1348 2882 1475 2920 vero
1526 2878 1741 2935 propter
1775 2882 1925 2919 soro-

344 2970 457 3009 rem
490 2971 639 3007 suam
670 2955 1101 3010 Chrotecliildem
1129 2952 1156 2992 δ
1192 2957 1390 3025 dirigit.
1421 2957 1548 3011 llaec
1577 2972 1704 3011 vero
1731 2958 1924 3011 multas

344 3045 566 3097 insid‘as
594 3046 660 3098 ab
694 3045 988 3098 Anialarico
1031 3047 1145 3099 viro
1186 3060 1282 3100 suo
1315 3058 1529 3115 prepter
1561 3047 1715 3101 fidem
1743 3047 1928 3101 catho-

346 3138 501 3192 licum
536 3138 848 3205 patiebatur.
878 3138 1007 3192 Nam
1037 3138 1351 3208 plerumque
1380 3140 1700 3209 procedente
1721 3140 1812 3193 illa
1858 3140 1924 3194 ad

347 3240 585 3284 sanctam
616 3230 922 3303 ecclesiam,
951 3240 1184 3283 stercora
1216 3238 1272 3284 et
1314 3230 1557 3284 diversos
1605 3231 1800 3284 fetores
1829 3247 1923 3285 su-
2014 3282 2017 3289 .

2027 2033 2340 2087 existimans
2366 2052 2377 2087 :
2404 2035 2481 2089 Ad
2510 2038 2801 2101 Arvernos,
2828 2041 2922 2103 ait,
2954 2054 3038 2093 me
3080 2042 3383 2109 sequimini.
3412 2048 3465 2097 et
3503 2057 3603 2110 ego

2027 2138 2122 2176 vos
2147 2124 2397 2178 inducam
2430 2126 2479 2178 in
2511 2130 2755 2193 patriam,
2790 2128 2873 2181 ubi
2903 2140 3087 2182 aurum
3117 2140 3170 2184 et
3197 2141 3474 2200 argentum
3515 2149 3604 2187 ace

2026 2214 2255 2283 cipiatis,
2290 2227 2543 2285 quantum
2577 2229 2749 2271 vestra
2780 2228 2954 2286 potest
2980 2221 3285 2276 desiderare
3319 2224 3601 2293 cupiditas,

2018 2306 2091 2375 de
2116 2322 2217 2376 qua
2249 2324 2463 2377 pecora,
2489 2310 2555 2363 de
2579 2326 2681 2379 qua
2714 2310 2972 2378 mancipia
2992 2349 3006 2376 ,
3058 2314 3124 2366 de
3152 2329 3251 2382 qua
3284 2316 3604 2369 vestimenta

2020 2400 2079 2455 in
2131 2403 2509 2456 abundantiam
2550 2405 2876 2460 assinnatis:
2910 2416 3111 2461 tantum
3161 2408 3258 2462 bos
3303 2423 3370 2464 ne
3415 2424 3606 2479 sequa-

2026 2492 2175 2545 mini.
2211 2492 2303 2546 Ilis
2325 2494 2779 2563 promissionibas
2806 2497 2855 2549 hi
2890 2497 3071 2559 illecti,
3100 2512 3251 2552 suam
3277 2499 3605 2555 voluntatem

2024 2583 2203 2637 facere
2236 2587 2569 2651 promittunt.
2611 2588 2701 2641 Ille
2744 2603 2871 2641 vero
2920 2589 3043 2649 illuc
3069 2591 3297 2644 transire
3338 2592 3605 2659 disponit,

2028 2675 2339 2740 promittens
2388 2678 2577 2728 itenm
2621 2688 2779 2746 atque
2827 2679 3019 2731 iterum
3064 2680 3323 2734 exercitui
3358 2691 3605 2736 cunctam

2030 2766 2259 2834 regions
2303 2767 2534 2834 prgedam
2583 2783 2701 2821 curn
2756 2768 3054 2823 hominibus
3105 2772 3155 2824 in
3201 2786 3327 2826 suas
3365 2772 3605 2839 regiones

2028 2862 2305 2915 transferri
2356 2864 2681 2929 permittere.
2714 2863 3160 2919 Chlothacharius
3203 2882 3329 2921 vero
3374 2875 3426 2920 et
3454 2868 3606 2921 Chil-

2026 2950 2278 3004 debertus
2307 2953 2357 3005 in
2390 2953 2746 3015 Burgundiam
2774 2955 3033 3023 dirigunt.
3062 2956 3606 3024 Augustodunnmqne

2017 3041 2367 3117 _ohsidentes,
2411 3054 2655 3096 cunctam
2700 3043 2877 3113 fugato
2919 3043 3220 3099 Godomaro
3251 3046 3606 3117 Burgundiam

2028 3146 2156 3187 OCCII
2167 3143 2417 3194 paverunt
2460 3132 2475 3183 i

2103 3222 2217 3276 XII.
2256 3221 2616 3277 Theudericns
2658 3237 2785 3277 vero
2811 3238 2930 3277 cum
2968 3226 3123 3295 115
3148 3226 3383 3282 exercitu
3415 3229 3608 3282 Arver-

348 3336 445 3388 ρετ
465 3334 579 3374 eam
606 3318 790 3387 prujici
814 3319 1127 3387 imperabat.
1154 3319 1232 3372 Ad
1255 3328 1551 3374 extremum
1575 3330 1750 3373 autem
1782 3329 1925 3373 tanta
1952 3331 1999 3393 ε
2035 3313 2116 3366 nis
2148 3313 2386 3376 veniens,
2416 3322 2581 3366 totam
2611 3314 2880 3382 regionem
2906 3314 3146 3369 derastat
3174 3330 3237 3371 ac
3258 3317 3498 3382 proterit.
3526 3317 3609 3372 In-

343 3424 466 3465 eam
513 3410 823 3465 crudi-litate
867 3410 1060 3464 dicitur
1108 3410 1417 3475 caecidisse,
1465 3418 1524 3465 ut
1562 3410 1812 3465 infectum
1855 3412 1922 3465 de

314 3490 319 3495 “
349 3501 567 3572 proprio
596 3502 853 3571 sanguine
878 3501 1146 3555 sudarium
1172 3501 1316 3556 fratri
1342 3507 1724 3557 transmitteret
1749 3520 1761 3555 :
1786 3502 1925 3557 unde

346 3594 442 3647 it'e
478 3595 706 3647 maxime
748 3603 1081 3658 commotus,
1125 3593 1406 3660 Hispanias
1440 3594 1683 3662 appetiit.
1714 3597 1925 3650 Amala-

347 3686 491 3738 ricus
521 3700 646 3737 vero
676 3684 789 3739 htec
828 3684 1072 3748 audiens,
1105 3699 1267 3740 naves
1308 3686 1371 3738 ad
1405 3686 1707 3754 fugiendum
1753 3698 1927 3757 parat.

350 3777 523 3830 I’urro
550 3777 857 3831 imminente
886 3776 1249 3843 Cliildeberto,
1283 3792 1401 3833 cum
1435 3778 1765 3847 Amalaricus
1791 3787 1814 3817 ⁸
1838 3794 1931 3833 na-

348 3884 469 3921 vem
517 3866 735 3921 deberet
774 3866 1094 3932 ascendere,
1125 3868 1173 3921 ei
1209 3869 1261 3921 in
1304 3877 1532 3922 mentem
1586 3870 1727 3923 venit
1756 3869 1932 3923 multi-

349 3960 590 4012 tudinem
638 3973 696 4011 se
736 3959 1093 4028 pretiosorum
1147 3958 1379 4028 lapidum
1428 3959 1479 4013 in
1528 3975 1625 4014 suo
1683 3960 1931 4016 thesauro

350 4048 650 4118 reliquisse.
680 4046 918 4115 Cumque
943 4048 1007 4103 ad
1033 4049 1247 4105 eosdem
1294 4050 1553 4119 petendos
1582 4050 1633 4105 in
1661 4052 1932 4106 civitatem

350 4139 745 4208 regrederetur,
778 4139 844 4193 ab
869 4141 1104 4194 exercitu
1130 4156 1159 4193 a
1188 4151 1341 4210 pnrtu
1378 4140 1395 4178 ί
1430 4151 1680 4197 exclusus
1710 4152 1814 4197 est.
1845 4143 1936 4196 Vi-

352 4232 489 4287 dens
536 4242 709 4287 autem
759 4246 817 4286 se
864 4248 967 4287 non
1017 4249 1171 4302 posse
1227 4228 1491 4301 evadere,
1536 4235 1600 4288 ad
1654 4235 1934 4289 ecclesiam

352 4323 777 4378 Christ‘anornm
804 4334 827 4370 ts
857 4324 1014 4395 114.
1054 4324 1342 4395 confugere
1389 4327 1569 4395 coepit.
1614 4326 1720 4383 Sed
1761 4327 1935 4396 prius-

355 4430 514 4484 quam
557 4414 734 4469 limina
765 4424 947 4469 sancta
989 4417 1356 4485 contingeret,
1386 4432 1522 4470 unus
1552 4419 1742 4471 emissa
1778 4434 1936 4473 manu

356 4506 543 4559 lancea
591 4504 713 4560 eum
753 4506 963 4559 mortali
1010 4506 1113 4559 ictu
1143 4506 1418 4571 sanciavit,
1465 4508 1645 4575 ibique
1674 4507 1937 4562 decedens

310 4620 313 4625 ·
355 4596 592 4653 reddidit
636 4597 901 4667 spiritum.
950 4595 1097 4652 Tunc
1146 4598 1521 4653 Childchertus
1562 4613 1683 4653 cum
1733 4601 1938 4669 magnis

441 4723 466 4751 ι
504 4711 683 4767 Refert
725 4711 1014 4777 Procopius
1045 4713 1137 4766 lib.
1185 4727 1201 4766 I
1245 4712 1379 4766 Hist.
1413 4711 1673 4765 Gotthicze
1705 4711 1936 4767 Francos
1966 4712 2018 4770 D

359 4786 542 4838 occiso
573 4782 975 4836 Hermenefridu
1005 4783 1349 4850 Thuringiam
1390 4782 1490 4835 sibi
1515 4782 1827 4851 subiecisse.

436 4854 461 4890 δ
500 4854 591 4908 Sic
640 4854 760 4908 Bec.
819 4853 947 4906 Bell.
991 4868 1119 4906 vero
1148 4861 1202 4905 et
1240 4853 1404 4918 Bad.,
1448 4850 1685 4916 unicam;
1716 4850 1931 4918 cazteri,

314 4908 325 4916 ’
360 4940 607 4991 unquam.
643 4922 896 4990 Loquitur
923 4923 1211 4992 Gregorius
1238 4923 1303 4976 de
1341 4908 1404 4976 ea
1433 4908 1707 4975 Arvernis;
1748 4908 1930 4989 parte,
2018 4982 2021 4985 _

360 5011 482 5060 qua:
509 4995 673 5048 etiam
700 5007 838 5045 nunc
867 5003 1082 5047 vocatur
1121 4992 1443 5061 laLimagne
1471 4993 1814 5061 d'Auvergne,
1838 4992 1936 5047 ubi

362 5065 745 5127 tllarnsmons,
787 5062 1078 5130 provincia:
1123 5071 1300 5130 caput.
1356 5063 1429 5115 De
1467 5062 1741 5116 Arvernia:
1778 5063 1936 5116 uber-

367 5145 474 5187 tate
518 5144 571 5185 et
598 5134 930 5200 iucunditate
968 5134 1129 5186 multa
1163 5134 1376 5201 collegit
1411 5147 1474 5185 ex
1508 5131 1666 5185 variis
1700 5131 1935 5185 auctori-

366 5206 465 5258 bus
494 5204 699 5257 Savaro
729 5203 781 5256 in
811 5206 947 5256 notis
977 5202 1042 5256 ad
1075 5206 1350 5272 epistolam
1377 5203 1440 5256 2t
1475 5202 1569 5256 lib.
1604 5218 1652 5254 iv
1686 5201 1888 5257 Sidonii
1918 5216 1933 5256 :

364 5273 599 5352 (incursi
629 5274 771 5352 lubet
803 5275 1107 5352 consule.__
1172 5343 1203 5352 __
1302 5344 1314 5352 _
1452 5342 1462 5352 _
1587 5342 1600 5352 _
1649 5350 1656 5352 _
1791 5341 1803 5352 ,

316 5401 323 5409 ,
384 5340 396 5343 “
443 5355 464 5382 ε
511 5344 777 5411 Hispania:
816 5343 1028 5397 nomine
1059 5342 1144 5397 hic
1171 5342 1553 5404 Septimaniam
1587 5340 1804 5407 intelligi
1845 5356 1938 5395 vo-

369 5419 515 5477 lunt,
572 5413 1033 5482 Atnalaricnmqne
1083 5429 1188 5467 non
1230 5414 1571 5482 Barcinonm,
1618 5421 1708 5464 aut
1735 5411 1936 5482 'l‘oleti,

373 5495 425 5538 ut
449 5484 713 5544 aliquibus
739 5485 925 5549 ploret,
949 5480 1044 5537 sed
1073 5484 1315 5537 Narbone
1344 5481 1505 5536 fuisse
1534 5482 1785 5535 occisum.
1810 5480 1939 5546 Quae

319 5604 325 5608 .
368 5557 512 5610 enim
540 5553 876 5623 Wisigotthis
908 5554 1184 5623 parebant,
1212 5554 1373 5609 etiun
1404 5553 1538 5606 intra
1571 5564 1778 5623 veteres
1817 5552 1936 5605 Gal-

370 5627 562 5680 liarum
611 5621 772 5699 lines.
817 5621 942 5699 tunc
989 5625 1243 5693 temporis
1284 5623 1549 5699 Hispania:
1588 5621 1803 5699 nomine
1840 5623 1943 5677 l're-

369 5705 602 5765 quenter
637 5697 1084 5765 designabantur,
1120 5707 1176 5748 ut
1211 5698 1479 5765 sexcentis
1519 5694 1778 5765 exemplis
1826 5708 1948 5759 pru-

369 5710 602 5765 quenter
637 5710 748 5749 oesi
792 5710 1084 5756 nanantur,
1120 5710 1176 5748 ut
1211 5710 1479 5749 sexcentis
1519 5710 1778 5758 esempus
1826 5710 1836 5759 ι

320 5814 323 5823 ι
370 5766 488 5834 bari
521 5774 719 5834 posset.
753 5710 888 5831 Eege
921 5763 1185 5834 Valesiani
1216 5765 1307 5818 lib.
1328 5778 1397 5816 vu
1428 5762 1617 5834 Rerum
1648 5760 1836 5834 Frauc.

444 5833 472 5872 ⁸
495 5832 617 5891 Alii
649 5833 960 5889 Cltrotildem
987 5845 1077 5889 aut
1103 5833 1461 5904 Crotigeldem.
1497 5833 1620 5889 Bcc.
1650 5840 1706 5889 et
1733 5832 1943 5904 κείω,

356 5902 773 5963 ἘΜοιςΙιὶΙιΙυηι.
813 5904 872 5961 γ.
906 5916 1014 5959 not.
1050 5904 1100 5959 in
1130 5902 1345 5970 capitis
1372 5904 1465 5960 lib.
1498 5919 1556 5959 ιι.

2032 3411 2175 3457 terea
2202 3402 2458 3457 Arcadius
2486 3402 2705 3457 sceleris
2755 3400 2894 3457 illius
2936 3413 3158 3470 auctor,
3212 3405 3361 3472 cujus
3401 3406 3606 3473 ignavia

2029 3493 2176 3562 regio
2205 3497 2475 3546 devastata
2503 3500 2603 3556 est,
2640 3492 2902 3547 Bituricus
2934 3494 3117 3548 urbem
3148 3495 3313 3563 petiit.
3347 3496 3473 3549 Erat
3506 3511 3605 3548 au-

2031 3594 2136 3639 tem
2163 3593 2285 3638 tunc
2313 3582 2564 3653 temporis
2604 3582 2728 3637 urbs
2768 3581 2853 3635 illa
2887 3582 2937 3637 in
2968 3599 3135 3654 regno
3164 3582 3482 3638 Childeberti
3516 3599 3604 3638 re-

2032 3678 2130 3747 gis.
2166 3674 2432 3730 Placidina
2464 3689 2587 3727 vero
2617 3683 2784 3729 mater
2827 3672 2974 3744 ejus,
3011 3682 3066 3729 et
3110 3667 3347 3727 Alchima
3391 3672 3415 3710 ι
3455 3689 3610 3729 soror

2032 3767 2197 3838 patris
2247 3768 2391 3836 ejus,
2439 3766 2868 3835 comprehensae,
2919 3767 3055 3835 apud
3084 3766 3383 3821 Cadurcum
3425 3767 3609 3821 urbem

2033 3860 2192 3914 rebus
2229 3858 2421 3912 ablatis
2467 3858 2654 3912 exsilio
2703 3856 3073 3911 condemnata:
3123 3866 3265 3911 sunt.
3302 3858 3415 3911 [lex
3455 3857 3613 3925 igitur

2014 3944 2403 4004 Theudoricus
2449 3948 2513 4001 ad
2547 3949 2732 4003 urbem
2783 3949 3076 4003 Arvernam
3119 3963 3289 4019 usque
3317 3950 3607 4014 accedens,

2036 4037 2087 4092 in
2119 4040 2218 4093 vici
2276 4038 2419 4093 illius
2456 4039 2762 4093 suburbano
2799 4038 2815 4077 Ι
2850 4049 3019 4094 castra
3062 4041 3197 4095 ﬁxit.
3249 4041 3439 4095 Beatus
3487 4056 3615 4094 vero

2035 4128 2351 4194 Quintianus
2383 4128 2463 4182 his
2492 4128 2680 4182 diebus
2717 4134 2831 4183 erat
2861 4131 3160 4197 episcopus.
3208 4127 3407 4184 Interea
3455 4145 3616 4183 excr-

2016 4222 2173 4276 ‘citus
2221 4230 2465 4275 cunctam
2512 4220 2761 4272 circumit
2811 4221 3058 4272 miseram
3105 4220 3376 4289 regionem
3426 4220 3611 4285 illam,

2037 4322 2226 4370 cuncta
2256 4312 2438 4377 delet,
2484 4312 2729 4366 universa
2761 4312 3009 4366 debellat.
3049 4312 3123 4367 De
3151 4311 3342 4380 quibus
3374 4312 3614 4365 nonnulli

2038 4410 2104 4464 ad
2153 4407 2426 4463 basilicam
2472 4406 2641 4461 sancti
2673 4404 2864 4460 Iuliani
2897 4407 3245 4475 perveniunt,
3277 4394 3622 4473 confringant

2039 4503 2173 4555 Ostia
2193 4542 2209 4567 ,
2257 4514 2405 4554 seras
2434 4507 2711 4553 removent
2735 4538 2750 4563 ,
2791 4513 2981 4566 resque
3013 4513 3298 4567 pauperum
3322 4537 3336 4562 ,
3366 4511 3483 4566 qua:
3512 4496 3615 4549 ibi-

2043 4590 2165 4644 dem
2212 4587 2417 4643 Iuerant
2442 4599 2756 4658 aggregatae,
2788 4588 3074 4657 diripiunt,
3117 4597 3171 4642 et
3213 4588 3378 4643 multa
3418 4590 3473 4641 in
3515 4576 3620 4642 hoc

2114 4712 2138 4742 ο
2178 4702 2335 4757 Corb.
2366 4712 2417 4757 et
2448 4702 2670 4766 Bellov.,
2709 4702 2959 4770 Alaricus,
2988 4712 3041 4756 et
3070 4702 3121 4755 in
3153 4702 3504 4770 capitulorum
3533 4702 3616 4757 in-

2041 4774 2159 4828 dice
2187 4813 2203 4838 ,
2245 4774 2488 4841 quamvis
2535 4773 2669 4826 alias
2714 4786 2926 4841 semper
2967 4788 3085 4825 eum
3133 4773 3480 4825 Amataricum
3524 4787 3619 4843 ap-

2041 4844 2257 4914 pellent.

2116 4910 2135 4950 ί
2177 4910 2330 4966 Coll).
2374 4927 2491 4966 cum
2524 4911 2767 4965 omnibus
2799 4910 2909 4963 fere
2938 4909 3090 4963 editis
3118 4927 3148 4963 α
3178 4920 3347 4979 porta.

2109 4993 2136 5030 κ
2176 4983 2307 5037 Nota
2352 4982 2643 5036 catholicus
2683 4980 2938 5049 appellari
2975 4980 3310 5035 Christianos
3353 4979 3423 5034 ad
3464 4980 3617 5035 Aria-

2041 5066 2229 5107 norum
2262 5054 2567 5106 discrimen.

2112 5121 2137 5159 ιι
2175 5122 2265 5176 Sic
2300 5121 2514 5187 Casin.;
2555 5121 2642 5175 alii
2674 5130 2779 5175 non
2810 5116 3007 5175 habent
3042 5122 3093 5174 in
3124 5118 3478 5189 ministerium,
3511 5120 3618 5176 sic-

2041 5200 2099 5247 ut
2130 5209 2225 5246 nec
2259 5191 2406 5246 editi.

2121 5263 2136 5300 ί
2184 5263 2393 5328 Begm.,
2423 5260 2677 5315 solatium.
2699 5258 2857 5320 Editi,
2882 5259 3156 5316 auxilium.

2118 5332 2131 5383 i
2179 5327 2470 5387 Justiniauo
2522 5346 2569 5384 tv
2598 5339 2666 5400 et,
2690 5329 2914 5384 Paulino
2954 5348 3119 5400 6088.,
3166 5330 3209 5385 si
3240 5331 3406 5385 Mario
3443 5327 3618 5385 credi-

2047 5418 2189 5465 mus,
2224 5403 2277 5456 id
2318 5411 2399 5455 est
2428 5415 2568 5454 anno
2605 5399 2728 5456 554.

2120 5474 2140 5512 λι
2179 5473 2294 5528 .Iam
2321 5472 2386 5527 de
2430 5472 2511 5525 his
2538 5487 2653 5537 cap.
2682 5471 2716 5524 2
2745 5471 2901 5540 hujus
2932 5472 3086 5525 libri.
3133 5469 3228 5523 llic
3270 5471 3320 5524 in
3353 5468 3479 5537 Reg.
3520 5483 3618 5535 pro

2051 5545 2321 5605 Archima,
2364 5542 2552 5610 legitur
2583 5542 2899 5600 Arcliidima.
2938 5544 3199 5610 Caeterum
3233 5552 3334 5590 non
3373 5541 3620 5610 videntur

2053 5618 2190 5682 apud
2245 5607 2542 5690 Cadurcum
2594 5612 3029 5690 comprehensas,
3056 5618 3136 5690 _ut
3181 5608 3405 5688 innuunt
3442 5607 3615 5690 editi:

2049 5680 2141 5741 sed
2174 5687 2224 5739 in
2248 5685 2503 5739 Arvernis
2532 5684 2935 5750 comprehensa:
2960 5682 3270 5750 Cadurcum
3289 5680 3340 5731 in
3376 5680 3620 5734 easilium

2051 5759 2227 5811 missa:
2272 5757 2500 5808 fuerunt.
2532 5747 2792 5806 Arcadius
2818 5767 2931 5804 erat
2970 5751 3145 5804 sancti-
3181 5747 3384 5803 Sidonii
3414 5763 3615 5816 nepos,

2050 5828 2167 5898 ejus
2188 5823 2511 5898 scilicet‘tilii
2541 5823 2863 5898 Apollinaris
2890 5820 3050 5877 ﬁlius.
3078 5818 3208 5876 Vide
3233 5832 3394 5892 supra
3413 5834 3533 5891 cap.
3567 5822 3618 5875 ll.

2126 5895 2142 5935 ι
2189 5895 2313 5952 lliss.
2347 5893 2565 5961 aliquot,
2603 5891 2912 5949 suburbana.
