4102 6356
461 449 557 504 ἲδι

1462 438 1524 495 S.
1565 436 1893 498 GREGORII
1938 430 2245 489 EPISCOPI
2286 427 2714 487 TURONENSIS

3634 424 3755 479 ’252

463 564 581 622 loco
620 567 927 633 perpetrant
974 559 1137 617 mila.
1171 558 1550 616 Verumtamen
1593 566 1842 613 auctores
1868 554 2045 611 scele-
2075 554 2126 614 Α
2151 558 2538 621 prosterneret,
2567 561 2836 619 nunquam
2869 553 2926 601 ut
2952 559 3013 601 se
3039 542 3092 601 ei
3113 542 3371 598 subderet
3399 541 3740 633 movebatur,

462 672 579 711 rum
624 670 652 707 a
683 653 873 723 spiritu
924 652 1202 707 immundo
1229 652 1498 722 correpti,
1548 650 1755 706 infestis
1797 648 2051 704 dentibus

464 747 694 817 propriis
722 760 783 800 se
828 745 1099 799 morsibus
1130 745 1397 807 lacerant,
1447 743 1745 798 clamantes
1775 751 1934 811 atque
1971 739 2053 793 di-

462 850 647 893 centes
676 857 689 893 :
719 840 828 894 Cur
877 853 994 903 nos,
1040 847 1244 909 martyr
1272 848 1456 893 sancte
1481 881 1495 905 ,
1529 838 1607 891 sic
1634 836 1879 892 crucias?
1916 834 2056 891 sicut

463 932 515 986 in
549 930 690 986 libro
731 930 997 984 Virtutum
1041 930 1159 998 ejus
1197 928 1619 995 conscripsimus
1649 936 1701 983 κ.

538 1022 676 1077 XIII.
716 1022 1095 1077 Lovolautrum
1128 1020 1154 1061 δ
1191 1030 1368 1076 autem
1398 1028 1635 1076 castrum
1682 1019 1863 1075 hostes
1891 1033 2061 1089 expu-

464 1124 662 1184 gnaut,
729 1114 1120 1183 Proculumqne
1180 1114 1593 1186 presbyterum,
1657 1113 1748 1181 qui
1786 1113 2057 1182 quondam

465 1215 655 1263 sancto
695 1206 984 1274 Quintiano
1012 1207 1258 1277 injuriain
1293 1207 1567 1275 intulerat,
1599 1206 1665 1260 ad
1697 1206 1943 1260 altarium
1971 1220 2063 1260 ec-

467 1298 649 1354 clesia:
697 1297 1075 1353 miserabiliter
1104 1296 1453 1352 interficiunt.
1503 1296 1568 1350 Et
1609 1296 1772 1351 credo
1818 1296 1889 1350 ob
1918 1296 2061 1351 illius

470 1404 713 1453 causam.
744 1388 886 1461 quod
918 1388 1077 1442 luerit
1106 1388 1276 1457 ipsum
1305 1395 1540 1442 castrum
1569 1387 1621 1440 in
1659 1386 1905 1440 manibus
1950 1395 2059 1440 tra-

471 1485 639 1539 ditum
670 1484 974 1553 iniquorum
1002 1500 1016 1534 :
1042 1481 1184 1550 quod
1216 1495 1381 1550 usque
1409 1478 1462 1533 in
1494 1479 1580 1533 illa
1612 1480 1700 1533 die
1724 1478 2062 1533 defensatum

471 1582 574 1627 est.
609 1572 741 1628 Nam
772 1587 895 1626 cum
946 1571 1073 1625 illud
1107 1571 1291 1625 hostes
1318 1583 1624 1638 expugnare
1671 1583 1775 1622 non
1807 1576 2061 1637 pissent,

471 1672 525 1717 et
548 1662 613 1716 ad
656 1665 870 1731 pr0pria
903 1661 1011 1730 iam
1042 1660 1214 1715 redire
1243 1661 1610 1725 disponerent,
1642 1659 1921 1714 audientes
1951 1658 2067 1713 hzec

472 1754 706 1816 obsessi,
734 1753 843 1823 jam
879 1753 983 1807 Ireti
1015 1762 1174 1821 atque
1202 1751 1377 1807 securi
1406 1751 1780 1819 decipiuntur,
1827 1751 1969 1805 sicut
1992 1749 2070 1806 ait

474 1845 762 1914 Apostolus
788 1862 803 1899 :
832 1844 960 1898 Cum
991 1844 1212 1897 dixerint
1240 1860 1345 1914 pax
1367 1853 1413 1897 et
1436 1843 1703 1908 securitas,
1733 1852 1856 1896 tunc
1884 1857 2068 1911 repen-

2154 640 2230 697 ita
2262 650 2323 696 ut
2350 649 2403 696 et
2433 639 2660 710 quadam
2683 639 2801 694 vice
2828 636 2981 691 uxori
3007 649 3126 705 qua:
3158 644 3376 688 sanctus
3404 631 3625 700 fecerat,
3657 649 3757 703 pro

2157 734 2383 790 ridiculo
2415 733 2696 788 indicaret.
2739 730 2869 798 Qua:
2913 728 3152 785 melioris
3179 725 3551 795 intelligentiae
3590 726 3757 781 modo

2157 837 2447 889 commota,
2498 824 2574 880 ait
2604 843 2617 877 :
2648 823 2705 880 Si
2747 824 2820 877 ita
2850 837 2910 877 es
2956 820 3115 875 hodie
3148 819 3561 888 pessumdatus,
3612 834 3755 873 nun-

2161 934 2319 988 quam
2350 916 2598 987 erigeris.
2643 916 2737 971 Die
2765 923 2947 969 autem
2980 915 3137 968 tertia
3178 911 3528 967 advenientes
3579 912 3755 965 nuntii

2159 1011 2227 1065 de
2277 1011 2563 1081 praesentia
2612 1010 2786 1078 regis,
2835 1008 3073 1063 vinctum
3101 1021 3223 1062 cum
3264 1020 3432 1061 uxore
3471 1022 3534 1060 ac
3572 1005 3757 1060 liberis

2161 1104 2360 1174 pariter
2397 1104 2756 1159 abduxerunt.
2800 1101 2899 1168 Qui
2948 1100 3134 1156 abiens
3184 1114 3454 1170 nunquam
3500 1100 3757 1154 Arvernis

2161 1211 2442 1267 regressus
2470 1205 2572 1252 est.

2240 1288 2395 1359 117
2424 1286 2565 1341 XIV.
2596 1284 2939 1341 Mundericus
2986 1285 3169 1354 igitur,
3222 1284 3310 1353 qui
3360 1298 3421 1339 se
3471 1295 3747 1353 parentem

2169 1380 2375 1448 regium
2399 1377 2422 1414 ¹¹
2451 1378 2748 1442 asserebat,
2778 1377 2954 1432 elatus
2984 1377 3255 1445 superbia,
3306 1376 3381 1430 ait
3414 1376 3589 1443 :Quid
3622 1378 3752 1430 mihi

2164 1480 2221 1526 et
2243 1471 2585 1525 Theoderico
2611 1471 2758 1538 regi?
2784 1469 2877 1527 Sic
2904 1470 3049 1526 enim
3074 1470 3203 1524 mihi
3226 1469 3419 1525 solium
3462 1468 3614 1540 regni
3660 1471 3755 1527 de-

2169 1564 2346 1630 betur,
2376 1574 2435 1618 ut
2464 1564 2562 1619 illi.
2599 1564 2876 1634 Egrediar,
2905 1572 2961 1619 et
3001 1563 3246 1635 colligam
3277 1564 3529 1634 populum
3558 1580 3737 1619 meum

2167 1667 2331 1723 atque
2354 1656 2563 1725 exigam
2605 1663 2999 1710 sacramentum
3026 1654 3094 1709 ab
3121 1654 3223 1719 eis,
3269 1664 3327 1709 ut
3357 1654 3495 1710 sciat
3514 1654 3755 1710 Theode-

2172 1750 2316 1804 ricus
2338 1752 2465 1819 quia
2499 1766 2589 1805 rex
2614 1764 2729 1805 sum
2761 1765 2883 1820 ego,
2915 1752 3055 1807 sicut
3080 1761 3132 1807 et
3161 1751 3270 1807 ille.
3306 1752 3363 1806 Et
3389 1766 3634 1821 egrcssus
3654 1768 3741 1808 co:

2177 1842 2252 1910 pit
2282 1841 2545 1898 seducere
2575 1841 2854 1912 populum.
2907 1842 3135 1897 dicens:
3168 1841 3424 1913 Princeps
3472 1858 3572 1914 ego
3622 1858 3741 1899 sum

476 1939 611 1991 tinus
644 1938 959 2008 superveniet
1004 1937 1241 1991 interitus
1268 1935 1321 2007 (1
1349 1936 1527 1991 Thess.
1570 1951 1607 2002 t,
1637 1936 1692 2000 5.
1725 1934 1802 2006 5).
1836 1935 2073 2006 Denique
2108 1934 2149 1992 Β
2174 1931 2462 2002 sequimini
2494 1949 2600 1998 me,
2633 1943 2687 1989 et
2716 1935 2820 1988 erit
2843 1933 2992 1988 vobis
3024 1934 3179 1989 bene.
3205 1933 3545 2005 Sequebatur
3586 1947 3764 1993 autem

481 2043 577 2096 per
619 2029 785 2098 ipsius
817 2027 1027 2081 Proculi
1069 2028 1369 2098 presbyteri
1411 2042 1625 2080 servum
1659 2037 1683 2065 ε
1708 2067 1723 2088 .
1762 2028 1871 2092 jam
1899 2029 2071 2083 securi

482 2120 664 2189 populi
710 2119 995 2174 traduntur
1035 2119 1086 2172 in
1119 2133 1305 2171 manus
1338 2118 1590 2172 hostium.
1624 2118 1867 2187 Cumque
1916 2119 2075 2190 116

481 2222 686 2268 vastato
731 2210 957 2267 castello
982 2210 1308 2265 ducerentur
1337 2209 1534 2279 captivi
1558 2251 1571 2274 ,
1600 2209 1849 2265 immanis
1900 2213 2073 2278 pluvia

480 2321 603 2372 quae
655 2321 751 2373 per
788 2304 1005 2375 triginta
1046 2303 1162 2357 dies
1220 2303 1390 2359 fuerat
1436 2305 1731 2374 abnegata,
1774 2303 2072 2359 descendit.

481 2397 631 2451 'l‘nnc
652 2396 862 2451 obsessi
892 2394 1289 2450 Meruliacensis
1315 2392 1341 2431 ἀ
1366 2396 1550 2459 castri,
1585 2410 1651 2449 ne
1678 2396 1870 2464 captivi
1902 2396 2074 2450 abdu-

481 2501 775 2557 cerentur,
826 2490 1197 2559 redempione
1245 2489 1365 2544 data
1421 2490 1714 2545 lilte'antur
1753 2506 1769 2543 :
1809 2490 1901 2544 sed
1957 2490 2073 2544 haec

484 2583 693 2654 ignavia
722 2597 908 2637 eorum
940 2581 1151 2646 eﬂecit,
1186 2592 1420 2637 castrum
1465 2582 1608 2637 enim
1642 2582 1853 2651 propria
1886 2592 2076 2636 natura

483 2677 749 2731 munitum
794 2684 932 2729 erat.
964 2675 1092 2729 Nam
1123 2684 1473 2729 centenorunt
1508 2684 1598 2729 aut
1624 2690 1690 2730 eo
1719 2675 1948 2743 amplius
1978 2690 2075 2745 pe-

483 2768 607 2820 dum
638 2768 705 2821 ab
732 2768 914 2822 exciso
940 2767 1168 2821 vallatur
1197 2766 1404 2835 lapide,
1432 2783 1539 2822 non
1574 2783 1846 2822 murorum
1877 2777 1901 2806 ε
1930 2777 2075 2823 stru-

482 2858 698 2923 ctione;
740 2857 794 2912 iu
841 2857 1019 2912 medio
1062 2866 1242 2911 autem
1270 2858 1456 2927 ingens
1495 2867 1745 2929 stagnum
1791 2874 1976 2928 aquae,
2009 2858 2074 2912 Ii-

484 2962 651 3019 quure
679 2948 1081 3019 gratissimum;
1113 2950 1182 3005 ab
1208 2950 1307 3005 alia
1340 2966 1470 3006 vero
1514 2962 1663 3020 parte
1698 2951 1871 3007 fontes
1920 2951 2079 3006 uber-

484 3042 638 3109 rimi,
688 3043 760 3095 ita
787 3049 844 3097 ut
874 3056 968 3111 per
999 3053 1208 3111 portam
1246 3041 1264 3082 τ
1296 3044 1443 3098 rivus
1488 3043 1691 3098 dimuat
1719 3058 1872 3114 aqua!
1919 3044 2076 3099 vivae.

483 3134 589 3190 Sed
620 3135 671 3188 in
702 3142 807 3187 tam
846 3134 1030 3203 grandi
1060 3135 1233 3204 Spatio
1259 3134 1486 3191 munitio
1519 3138 1616 3190 ista
1647 3135 1994 3201 distenditur,
2022 3145 2080 3190 ut

484 3236 764 3281 tumentes
794 3225 928 3280 infra
961 3242 1232 3282 murorum
1266 3236 1414 3296 septa
1447 3237 1642 3283 terram
1672 3228 1941 3297 excolam,
1968 3227 2079 3280 fru-

2175 2038 2297 2079 eum
2326 2026 2522 2079 rustica
2553 2024 2861 2092 multitudo,
2908 2034 2967 2079 ut
3005 2026 3322 2096 plerumque
3365 2026 3516 2095 fragil
3543 2027 3633 2080 tati
3665 2026 3767 2080 hu~

2174 2130 2351 2170 manas
2396 2117 2670 2183 convenit,
2724 2117 2916 2171 dantes
2967 2128 3360 2172 sacramentum
3394 2118 3681 2178 tidelitatis,
3713 2128 3771 2175 et

2179 2206 2505 2262 honorantes
2553 2222 2673 2262 eum
2727 2222 2787 2263 ut
2838 2223 3039 2277 regem.
3070 2208 3220 2276 Quod
3252 2224 3372 2263 cum
3404 2208 3772 2265 Theudericus

2176 2300 2555 2367 comperisset,
2591 2299 2901 2353 mandatum
2930 2300 3094 2355 mittit
3123 2300 3187 2354 ad
3235 2315 3387 2365 eum,
3420 2301 3641 2355 dicens:
3668 2302 3772 2355 Ac-

2177 2391 2311 2445 cede
2333 2390 2397 2444 ad
2431 2406 2538 2456 me,
2564 2391 2685 2445 etsi
2720 2391 2813 2445 tibi
2866 2391 3046 2461 aliqua
3092 2391 3161 2447 de
3214 2392 3580 2448 dominatione
3619 2393 3771 2461 regni

2174 2484 2347 2537 nostri
2371 2486 2542 2553 portio
2561 2484 2808 2548 debetur,
2838 2485 3044 2554 accipe.
3074 2484 3268 2541 Dolose
3289 2486 3429 2540 enim
3455 2486 3567 2540 lucc
3588 2486 3773 2541 Theu-

2177 2577 2393 2633 dericus
2424 2578 2658 2645 dicebat,
2685 2579 2890 2633 scilicet
2920 2590 2977 2633 ut
2997 2594 3119 2633 cum
3148 2579 3213 2633 ad
3244 2594 3367 2635 eum
3396 2579 3652 2645 venisset,
3689 2580 3773 2633 in-

2180 2673 2535 2727 terficeretur.
2570 2670 2659 2725 Ille
2691 2686 2818 2725 vero
2847 2670 3040 2736 noluit,
3069 2670 3252 2725 dicens
3284 2688 3298 2722 :
3334 2670 3433 2735 lte,
3467 2669 3773 2726 renuntiate

2180 2767 2293 2837 regi
2324 2779 2524 2834 vestro,
2554 2768 2676 2838 quia
2724 2783 2817 2822 rex
2864 2781 2982 2821 sum
3030 2769 3168 2822 sicut
3214 2777 3268 2823 et
3311 2768 3420 2822 ille.
3471 2768 3625 2823 Tunc
3672 2784 3773 2824 rex

2180 2858 2507 2912 commoveri
2534 2858 2697 2929 jussit
2722 2857 3052 2925 exercitum,
3091 2874 3196 2929 quo
3218 2874 3506 2930 oppressus
3536 2861 3585 2914 vi
3618 2861 3776 2929 puni-

2181 2958 2353 3003 retur.
2403 2948 2555 3016 Quod
2607 2948 2696 3003 iIIe
2742 2964 3094 3019 cognoscens,
3146 2960 3201 3006 et
3249 2967 3309 3006 se
3338 2968 3442 3006 non
3474 2954 3776 3021 prmvalens

2182 3036 2485 3106 defensare,
2532 3039 2817 3095 Victoriaci
2872 3040 3034 3097 castri
3073 3039 3089 3079 ¹
3127 3058 3307 3100 muros
3346 3054 3626 3111 expetens,
3651 3060 3774 3099 cum

2183 3132 2348 3187 rebus
2389 3124 2640 3187 omnibus
2688 3131 2741 3187 in
2791 3148 2857 3188 eo
2886 3148 2944 3189 se
2970 3134 3171 3190 studuit
3192 3137 3545 3201 cunnnuuire,
3580 3137 3661 3191 bis
3688 3153 3777 3193 se-

2184 3238 2304 3278 cum
2352 3239 2489 3295 quos
2540 3225 2833 3279 seduxerat
2881 3228 3200 3297 aggregatis.
3281 3226 3443 3297 Igitur
3505 3237 3779 3285 commuto

486 3333 684 3391 sesque
710 3320 760 3375 in
788 3319 1110 3375 abundantia
1141 3321 1407 3392 colligant.
1452 3320 1620 3390 llujns
1652 3321 1962 3376 munitionis
1993 3330 2073 3375 tu-
2104 3318 2151 3381 C
2183 3317 2421 3371 exercitu
2450 3328 2686 3371 castrum
2711 3318 2896 3381 vallat,
2928 3333 2991 3372 ac
3023 3335 3116 3389 per
3162 3327 3367 3389 septem
3399 3321 3515 3375 d‘es
3542 3322 3772 3377 obsedit.

486 3414 684 3469 tamine
724 3414 873 3485 elati,
902 3415 991 3486 qui
1020 3416 1225 3471 obsessi
1254 3428 1431 3483 erant,
1468 3418 1671 3487 egressi
1716 3418 1859 3472 foras
1888 3428 1944 3472 ut
1986 3434 2077 3472 ar-

487 3512 639 3577 repta
685 3511 860 3581 aliqua
902 3513 1115 3581 przeda,
1169 3512 1361 3568 iterum
1409 3529 1470 3569 se
1514 3513 1650 3570 infra
1690 3516 1894 3570 castelli
1928 3528 2077 3586 septa

490 3603 852 3659 reconderem
875 3646 891 3670 ,
939 3605 1007 3658 ab
1037 3604 1281 3661 hostibus
1310 3608 1686 3674 comprehensi
1734 3620 1877 3664 sunt.
1915 3611 2082 3667 Erant

489 3700 669 3748 autem
700 3695 1080 3765 quinquaginta
1110 3704 1135 3745 8
1166 3697 1287 3753 viri.
1319 3698 1471 3754 Tunc
1499 3710 1623 3755 ante
1652 3716 1745 3755 ora
1777 3713 2077 3771 parentum,

490 3781 686 3837 vinctis
712 3793 830 3853 post
860 3794 1067 3856 tergum
1111 3786 1356 3843 manibus
1383 3788 1581 3855 oblati,
1627 3790 1943 3848 imminente
1968 3793 2079 3864 jam

490 3876 687 3945 gladio,
721 3878 1104 3947 acquieverunt
1129 3880 1355 3943 obsessi,
1390 3895 1457 3936 ne
1488 3882 1937 3950 interficerentur,
1971 3886 2083 3940 sin-

492 3968 644 4037 gulos
685 3970 902 4025 triantes
926 3967 955 4008 δ
984 3971 1112 4027 dare
1150 3973 1203 4027 in
1234 3973 1658 4043 redemptionem
1690 3990 1863 4030 suam.
1904 3976 2081 4033 Theu~

492 4061 706 4116 dericus
756 4070 936 4117 autem
987 4063 1055 4119 ab
1092 4065 1335 4120 Arverno
1383 4065 1701 4134 discedens,
1753 4067 2080 4139 Sigivaldum

494 4166 770 4225 parentem
793 4172 974 4228 suum,
997 4157 1049 4213 in
1074 4174 1136 4214 ea
1155 4160 1304 4228 quasi
1330 4174 1431 4230 pro
1457 4160 1695 4215 custodia
1720 4161 2008 4231 dereliquit
2038 4160 2081 4217 ί.

488 4247 621 4303 Erat
646 4258 823 4305 autem
855 4250 925 4305 ibi
956 4260 1080 4306 tunc
1108 4253 1361 4322 temporis
1386 4252 1599 4322 quidam
1633 4253 1853 4325 Litigius
1879 4271 1943 4311 ex
1971 4271 2081 4309 mo-

493 4341 756 4397 nitoribus
785 4342 830 4406 i,
871 4344 959 4415 qui
989 4360 1208 4417 magnas
1233 4356 1420 4401 sancto
1441 4346 1727 4413 Quintiano
1758 4349 1978 4417 parabat
2003 4352 2085 4404 in-

493 4434 693 4502 sidias;
733 4447 788 4491 et
833 4452 955 4491 cum
1002 4454 1060 4494 se
1111 4453 1328 4493 sanctus
1376 4440 1661 4510 episcopus
1696 4441 1919 4509 pedibus
1965 4444 2082 4512 ejus

567 4558 594 4584 ι
633 4548 1287 4627 ϐηρη-εςίιίοειβόηιίιμ
1316 4569 1389 4627 tt,
1436 4555 1504 4609 de
1542 4555 1747 4618 Mirac..
1788 4557 1876 4627 qui
1907 4569 1990 4613 est
2018 4561 2084 4615 de

498 4630 684 4696 sancto
714 4620 962 4696 Juliano,
1002 4623 1069 4696 de
1098 4624 1248 4691 cujus
1278 4625 1494 4679 basilica
1525 4630 1662 4696 apud
1693 4620 1957 4684 Briv'atetn
1991 4646 2081 4685 ur-

497 4688 619 4744 bem
655 4691 886 4758 lottuitur
916 4694 1000 4748 hic
1030 4688 1336 4765 Gregorius.

567 4768 596 4809 δ
635 4769 771 4843 Qud.
806 4773 968 4843 Reg.,
1022 4775 1434 4841 Novolautrum,
1480 4779 1632 4843 cujus
1674 4780 1807 4833 situs
1847 4781 2081 4839 incertus

496 4850 602 4918 est.
636 4841 875 4899 Valesius
891 4841 969 4918 'in
986 4846 1179 4901 Notitia
1211 4859 1359 4918 putat
1393 4863 1512 4904 esse
1536 4841 1707 4904 locum
1740 4851 1937 4906 dictum
1977 4853 2083 4907 Vo-

499 4912 658 4977 lorre,
712 4930 881 4989 prope
910 4912 1229 4988 Tigcrnum,
1265 4918 1482 4983 'Iltt'ern,
1514 4922 1765 4989 oppidum
1806 4924 1945 4989 apud
1981 4926 2082 4978 Ar-

500 4997 712 5063 vernus.
739 4985 1085 5063 (ξριιῖθιλὲιιιη
1120 4990 1219 5044 hoc
1249 4993 1421 5063 capite
1448 4985 1607 5045 vitam
1636 4994 1693 5049 S.
1726 4985 1997 5061 Quintiani
2028 4996 2082 5051 in

500 5053 636 5108 libro
668 5056 734 5110 de
765 5056 895 5113 Vilis
920 5057 1157 5125 Patrum,
1198 5053 1329 5129 cap:
1360 5060 1414 5117 ιι.

573 5144 595 5172 ε
635 5134 767 5190 Cod.
800 5140 985 5201 Curi»,
1014 5150 1281 5209 stuprum;
1313 5141 1440 5194 Bell.
1474 5141 1747 5209 mendose,
1792 5153 2012 5198 struunt.

569 5214 595 5251 ά
639 5216 788 5296 llunc
819 5218 990 5296 locum
1034 5220 1172 5296 idem
1205 5221 1444 5296 \falesius
1491 5232 1645 5294 putat
1671 5220 1793 5280 eSse
1825 5223 2087 5296 Oliergue,

484 5297 736 5353 castrum
769 5289 905 5343 haud
948 5294 1129 5361 procul
1160 5309 1191 5346 a
1217 5293 1469 5363 Tigerno.

572 5367 914 5445 Aliis‘tamen
943 5373 1289 5445 probabilius
1337 5375 1551 5429 videtur
1578 5372 1666 5429 hic
1704 5373 1969 5445 designari
2006 5374 2087 5427 lo-

500 5454 622 5512 cum
669 5438 872 5512 Citastel
932 5438 1147 5498 Met-(iac
1192 5445 1414 5512 dicmm,
1463 5446 1553 5512 qui
1606 5438 1849 5499 duobus-
1871 5446 2092 5499 circiter

503 5510 772 5584 tnilliaiiis
798 5526 829 5584 a_
861 5512 1132 5570 Mauriaco
1178 5510 1407 5584 oppido,
1429 5510 1501 5568 ob
1558 5517 1827 5569 abbatiam
1882 5517 2089 5569 ordinis

505 5581 832 5636 Benedictini
850 5585 1139 5652 celebrem,
1156 5581 1379 5640 dissitus
1399 5595 1501 5640 est.
1520 5586 1705 5640 Exstat
1728 5587 1780 5639 in
1802 5586 1956 5641 collis
1977 5586 2091 5641 edi-

502 5651 697 5728 tissimi
726 5654 942 5728 declivi,
975 5658 1119 5712 unde
1145 5657 1440 5712 descensus
1485 5666 1570 5713 est
1597 5673 1692 5727 per
1720 5665 1867 5728 prata
1894 5659 1945 5713 in
1977 5673 2094 5728 pro-

500 5719 723 5777 fundam
752 5719 965 5780 vallem.

488 5850 491 5853 Α
577 5812 603 5842 ο
617 5802 709 5858 Sic
729 5820 860 5861 mss.
886 5807 1229 5874 vetustiores;
1255 5808 1345 5862 alii
1361 5824 1482 5863 cum
1499 5809 1656 5878 edit.,
1674 5809 1782 5863 sine
1802 5823 2088 5862 murorum.

580 5880 601 5921 ί
619 5884 808 5966 god»,
838 5902 929 5966 per
948 5890 1283 5966 munitionem
1312 5892 1668 5966 totcmriuus;
1697 5898 1752 5944 at
1775 5890 2089 5966 vocabulum

507 5958 839 6014 munitionem
857 5958 957 6016 alia
979 5975 1162 6030 manu,
1180 5963 1274 6021 sed
1294 5962 1685 6034 antiquissima,
1704 5963 1961 6033 scriptum
1984 5971 2089 6022 cst.

2184 3411 2523 3466 Mundericus
2576 3421 2752 3467 autem
2802 3412 3133 3482 repugnabat
3185 3428 3307 3468 cum
3356 3414 3496 3481 suis,
3544 3413 3777 3470 dicens:

2182 3503 2399 3560 S'emus
2426 3503 2614 3570 fortes,
2656 3514 2711 3560 et
2741 3520 2909 3575 usque
2950 3505 3016 3559 ad
3063 3517 3287 3561 mortem
3314 3507 3511 3578 pariter
3548 3507 3778 3564 dimice-

2185 3616 2324 3662 mus.
2355 3609 2406 3653 et
2432 3614 2536 3653 non
2577 3597 2866 3653 subdamur
2897 3598 3148 3654 inimicis.
3178 3601 3415 3670 Cumque
3455 3601 3722 3655 escrcitus
3744 3616 3779 3657 a

2184 3691 2411 3745 circuitu
2457 3691 2508 3745 in
2563 3700 2749 3745 contra
2794 3689 2969 3761 jacula
3004 3692 3415 3759 transmitteret,
3450 3708 3547 3748 nec
3572 3692 3777 3762 aliquid

2186 3782 2518 3852 praevaleret,
2576 3781 2959 3837 nuntiaverunt
3009 3783 3124 3838 haec
3174 3784 3306 3855 regi.
3368 3786 3437 3839 At
3485 3785 3575 3840 ille
3633 3784 3781 3840 misit

2184 3876 2469 3943 quemdam
2500 3874 2567 3927 de
2590 3873 2721 3940 suis,
2752 3874 3068 3942 Aregisilum
3092 3885 3129 3912 ω
3157 3876 3393 3941 nomine,
3421 3876 3661 3944 dixitque
3682 3876 3732 3932 ei
3761 3895 3779 3934 :

2186 3965 2368 4029 Vides,
2407 3965 2598 4034 inquit,
2630 3966 2769 4036 quod
2798 3954 3083 4037 praevaleat
3123 3967 3207 4022 bic
3250 3968 3484 4038 perﬁdus
3514 3968 3564 4023 in
3589 3980 3784 4023 contu-

2187 4059 2355 4111 maria
2385 4073 2500 4113 sua.
2532 4058 2694 4121 Vade,
2724 4067 2780 4114 et
2800 4059 2963 4115 redde
2993 4061 3041 4115 ei
3067 4072 3489 4128 sat-ramentum,
3527 4070 3583 4116 ut
3622 4078 3783 4117 secu-

2188 4166 2278 4205 rus
2300 4151 2625 4221 egrediatur.
2669 4150 2803 4206 Cum
2834 4164 3012 4207 autem
3054 4168 3304 4223 egressus
3329 4153 3508 4215 fuerit.
3539 4153 3785 4208 interﬁce

2187 4256 2332 4305 cum,
2383 4251 2438 4296 et
2483 4243 2603 4297 dele
2651 4244 2961 4297 memoriam
3011 4246 3127 4311 egus
3178 4259 3207 4298 a
3254 4261 3417 4315 regno
3442 4255 3645 4299 nostro.
3679 4245 3783 4310 Qui

2163 4332 2392 4397 abiens,
2423 4332 2718 4403 fecitjuxta
2746 4336 2889 4405 quod
2933 4336 2980 4390 ei
3031 4347 3351 4406 prmccptum
3386 4338 3575 4390 fuerat.
3611 4335 3787 4390 Dede-

2187 4435 2269 4480 rat
2324 4433 2501 4481 tamen
2543 4427 2691 4498 prius
2737 4429 2947 4499 signum
2995 4430 3190 4500 populo
3212 4473 3225 4499 ,
3260 4428 3443 4483 dicens
3472 4446 3487 4483 :
3517 4428 3652 4482 Cum
3681 4443 3786 4498 ego

2260 4553 2285 4591 Β
2329 4544 2466 4597 Edit.
2514 4544 2549 4599 2
2575 4585 2591 4610 ,
2639 4545 2935 4616 quingenti;
2968 4561 3152 4601 omnes
3195 4557 3370 4600 tamen
3418 4560 3549 4599 mss.
3588 4545 3788 4601 habent

2186 4616 2576 4687 quinquaginta,
2609 4629 2803 4683 printer
2832 4618 2988 4671 Corb.
3021 4617 3109 4685 qui
3150 4618 3333 4675 habet.
3362 4617 3737 4687 quinquaginti.

2259 4682 2290 4724 ιι
2326 4682 2466 4738 Editi
2498 4687 2583 4740 hic
2605 4682 2658 4739 et
2691 4689 2886 4751 passim
2913 4682 3137 4743 inferius
3168 4682 3386 4742 trientes
3410 4682 3623 4754 semper
3646 4688 3788 4739 scri-

2192 4756 2504 4811 bunt.Uude
2518 4757 2657 4826 apud
2675 4758 2989 4823 Gregorium
3006 4760 3239 4812 trientem
3256 4773 3467 4825 semper
3484 4758 3667 4810 haberi
3685 4758 3789 4811 ob-

2191 4830 2421 4899 servavit
2442 4828 2757 4883 Franeiscus
2785 4830 3087 4884 I’ithteusin
3106 4832 3385 4886 tit.sxxvn
3415 4830 3548 4899 legis
3561 4828 3785 4886 Salicr.

2271 4897 2287 4936 ί
2330 4898 2528 4952 Conl'er
2556 4915 2674 4953 cum
2705 4915 2824 4965 cap.
2857 4899 2922 4951 14
2947 4900 3013 4953 de
3045 4901 3225 4955 Mirac.
3259 4900 3319 4956 S.
3348 4897 3566 4955 Juliiini.

2269 4979 2283 5019 t
2317 4969 2356 5025 S
2376 4985 2407 5024 c
2433 4972 2591 5023 (ξονι).
2614 4980 2668 5023 et
2717 4971 2915 5025 Bellov.
2938 4988 2952 5036 ;
2979 4971 3063 5023 alii
3088 4972 3387 5024 minoribus.
3416 4972 3577 5024 Erant
3600 4979 3784 5024 autem

2192 5044 2432 5093 monitor
2464 5056 2521 5105 s,
2570 5050 2628 5094 ut
2675 5042 2926 5095 observat
2967 5042 3206 5096 Vale-sius
3254 5044 3304 5095 in
3349 5042 3668 5096 Prmt‘atione
3713 5042 3786 5093 ad

2196 5120 2324 5166 tom.
2361 5111 2399 5165 ll
2433 5114 2645 5182 flerunt
2669 5110 2943 5175 Francic.,
2994 5112 3081 5182 qui
3113 5113 3250 5180 regis
3299 5114 3514 5182 nomine
3558 5112 3786 5167 Francis

2191 5182 2588 5249 expeditionem
2617 5180 3031 5249 denuntiabant,
3077 5198 3279 5251 oo~qne
3306 5183 3375 5236 ad
3397 5180 3601 5237 bellum
3631 5198 3787 5235 com-

2195 5252 2482 5324 pellebaut.
2529 5253 2788 5306 Dicuntur
2817 5254 2866 5306 in
2914 5255 3117 5324 legibus
3158 5253 3599 5324 Wisigotthoruin
3643 5268 3789 5305 cont-

2193 5322 2454 5391 pulsores;
2491 5339 2717 5393 quorum
2746 5322 2986 5378 officium
3011 5335 3276 5379 nostrates
3305 5322 3437 5379 voce
3461 5324 3787 5379 Germanica

2191 5406 2570 5462 expresserunt
2596 5395 2932 5462 quandoque,
2962 5396 3013 5448 in
3042 5396 3233 5448 hostem
3262 5397 3477 5450 battnire

2265 5464 2291 5535 If
2323 5466 2413 5519 Sic
2434 5480 2600 5529 ms»;
2634 5475 2689 5519 at
2718 5466 2847 5519 editi
2875 5466 3072 5521 habent
3093 5483 3291 5535 regum.

2270 5534 2288 5574 ι
2326 5535 2479 5590 Ilune
2510 5537 2683 5590 locum
2722 5536 2790 5592 de
2816 5538 3115 5592 Victoriaco
3143 5534 3282 5602 apud
3320 5540 3589 5592 Arvernos
3615 5535 3788 5591 intel-

2198 5606 2331 5661 lexit
2360 5607 2640 5661 Aimuinus
2668 5609 2718 5661 in
2748 5608 2839 5661 lib.
2874 5623 2940 5671 tt;
2975 5618 3029 5661 at
3060 5609 3182 5662 licet
3212 5625 3396 5678 verum
3425 5611 3492 5662 ~it
3522 5609 3574 5661 in
3604 5623 3665 5663 ea
3695 5622 3792 5661 re-

2196 5692 2355 5746 gione
2400 5678 2538 5731 haud
2580 5680 2763 5747 procul
2816 5697 2844 5732 a
2889 5679 3102 5735 Brivate
3144 5679 3503 5734 Victoria-cuni
3546 5692 3789 5733 castrum

2198 5749 2502 5813 exstitisse,
2526 5749 2844 5818 Gregorium
2878 5760 3053 5804 tanten
3083 5752 3152 5806 de
3185 5751 3485 5805 Victoriaco
3519 5751 3572 5803 in
3609 5752 3791 5802 tiatu-

2200 5821 2374 5887 pania,
2411 5818 2570 5889 vulgo
2608 5820 2769 5885 Virri,
2804 5821 2855 5873 ih
2881 5820 3108 5875 ilimcesi
3133 5820 3548 5888 Catalauncnsi,
3583 5821 3669 5877 ltit:
3694 5821 3782 5877 Io?

2199 5891 2285 5960 qui
2310 5906 2428 5945 cum
2460 5887 2668 5945 Valesio
2689 5893 3074 5949 existimamus.

2273 5970 2310 5999 ω
2341 5959 2517 6031 Coll»,
2547 5962 2877 6032 Arcltiet'lttm,
2903 5972 2956 6019 et
2986 5965 3065 6020 sie
3085 5978 3317 6033 semper.
