3994 6332
293 415 391 471 955

1204 363 1524 469 ιιιετὸιιιλ
1567 403 2010 465 ῖιιικεοιιυιι.
2053 406 2250 463 uena
2288 399 2601 469 TERTIUS.
3431 413 3536 472 ρει

287 532 394 586 [nec
413 539 468 584 et
498 526 614 583 hac
644 524 853 581 locutus
877 525 1041 590 fuero,
1069 525 1244 579 statim
1287 525 1547 579 irruentes
1577 521 1858 576 interncite
1887 522 1935 578 Α
1964 519 2164 591 lnitque
2219 539 2440 594 puerum
2494 528 2631 581 clam
2674 525 3010 590 abstrahere,
3059 524 3152 581 sed
3211 539 3313 580 non
3343 535 3534 595 potuit.

285 636 420 674 eum.
467 618 744 686 Ingressus
808 626 988 670 autent
1043 614 1334 684 Aregisilns
1389 615 1464 667 ait
1512 612 1860 667 Munderico:

287 714 566 780 Quousque
593 711 677 763 hic
706 708 912 762 resides
938 716 1186 775 tanquam
1210 721 1345 758 unus
1367 721 1430 759 ex
1456 704 1867 774 insipientibus?

289 800 528 870 Nunquid
555 798 754 867 poteris
790 799 948 867 118
967 797 1056 848 ditt
1084 795 1192 863 regi
1218 795 1499 848 resistere?
1531 795 1666 848 Ecce
1687 793 1864 848 ablato

293 893 382 946 tibi
403 893 541 954 cibo,
574 904 692 942 cum
727 896 778 941 te
802 887 970 941 t'atnes
1001 886 1357 954 oppresserit,
1390 884 1526 937 ultro
1551 884 1862 951 egredieris,

294 996 344 1039 et
368 983 592 1038 traderis
643 983 694 1034 in
749 994 939 1034 manus
971 978 1327 1041 inimicorum,
1358 986 1409 1031 et
1443 977 1686 1031 morieris
1710 978 1862 1042 quasi

291 1093 425 1131 unus
447 1092 510 1130 ex
542 1074 784 1129 canibus.
837 1072 974 1126 Audi
1031 1071 1206 1139 potius
1249 1070 1525 1124 consilium
1571 1084 1778 1132 meum,
1811 1076 1865 1121 et

290 1170 456 1224 subde
478 1177 530 1222 te
558 1169 692 1237 regi,
724 1176 780 1220 ut
808 1166 987 1220 vivere
1014 1166 1206 1232 poesis,
1255 1171 1306 1215 tu
1351 1171 1404 1216 et
1451 1162 1542 1215 lilii
1573 1163 1667 1216 tui.
1714 1162 1864 1216 Tunc

291 1264 380 1318 ille
401 1262 486 1316 his
526 1261 761 1315 mollitus
789 1257 1150 1321 sermonibus,
1184 1256 1258 1310 ait
1282 1265 1306 1309 :‘
1320 1253 1373 1308 Si
1404 1254 1649 1323 ‘egred’or
1669 1296 1684 1318 ,
1718 1269 1866 1307 com-

293 1355 584 1424 prehensus
617 1368 645 1407 a
676 1366 801 1419 rege
849 1349 1143 1404 interﬁcior
1202 1357 1254 1402 et
1309 1362 1428 1416 ego,
1461 1356 1514 1400 et
1543 1346 1632 1398 ﬁlii
1663 1347 1787 1410 mei,
1810 1354 1866 1400 et

293 1461 476 1500 omnes
505 1444 659 1497 amici
687 1443 774 1511 qui
806 1455 1012 1494 mecum
1037 1449 1160 1492 sunt
1185 1435 1509 1506 congregati.
1535 1435 1629 1490 Cui
1677 1437 1869 1506 Aregi-

293 1539 422 1593 silos
449 1537 522 1590 ait
553 1555 568 1588 :
599 1535 713 1589 Noli
747 1535 956 1597 timere,
1005 1533 1097 1586 sed
1135 1532 1179 1585 si
1228 1533 1307 1585 vis
1337 1531 1538 1599 egredi,
1569 1530 1751 1598 accipe
1776 1544 1865 1584 sa-

294 1637 621 1681 cramentum
650 1625 718 1679 de
741 1625 839 1678 hac
858 1624 1034 1691 culpa,
1058 1632 1112 1676 et
1138 1631 1218 1675 sta
1254 1636 1469 1676 securus
1509 1634 1688 1673 coram
1722 1633 1863 1687 rege.

295 1720 612 1784 Netimcas,
651 1717 745 1772 sed
784 1718 891 1771 eris
936 1732 1054 1770 eum
1104 1729 1188 1781 eo,
1244 1715 1382 1768 sicut
1423 1712 1568 1782 prius
1592 1711 1752 1765 fuisti.
1794 1709 1866 1764 ad

297 1813 412 1866 inec
467 1810 802 1865 Mundericus
853 1807 1169 1876 respondit:
1217 1805 1428 1861 Utinam
1485 1819 1709 1860 securus
1761 1804 1864 1860 sim

297 1905 434 1973 quod
483 1918 587 1958 non
642 1902 951 1957 iuteriiciar.
995 1900 1143 1954 Tunc
1165 1899 1458 1967 Aregisi'us
1491 1900 1676 1970 positis
1707 1916 1866 1968 super
1899 1881 1944 1942 Β

297 1996 539 2048 altarium
568 2003 810 2048 sanctum
836 2003 862 2028 ιι
895 1991 1159 2061 manibus,
1208 1991 1404 2061 juravit
1447 1993 1494 2047 ei
1549 2003 1604 2045 ut
1651 2005 1870 2045 securus

296 2088 654 2155 egrederetur.
701 2085 830 2137 Dato
872 2084 1032 2153 igitur
1080 2095 1446 2146 sacramento,
1505 2081 1873 2153 egrediebatur

299 2178 636 2234 Mundericus
663 2177 731 2232 de
760 2188 910 2246 porta
942 2178 1166 2241 castelli,
1210 2188 1395 2232 tenens
1446 2189 1657 2228 manum
1689 2171 1873 2240 Aregi-

297 2273 401 2325 sili.
463 2272 689 2339 Populus
738 2279 912 2323 autem
953 2270 1224 2338 spectabat
1253 2267 1280 2306 b
1327 2282 1356 2320 a
1399 2266 1556 2332 longe
1606 2265 1871 2333 aspiciens

298 2379 437 2416 eum.
477 2363 625 2416 Tunc
664 2377 760 2429 pro
802 2361 951 2428 signo
980 2361 1054 2412 ait
1102 2358 1393 2428 Aregisilus
1425 2373 1440 2416 :
1467 2359 1599 2430 Quid
1631 2358 1872 2426 aspicitis

300 2467 401 2509 tam
430 2457 653 2517 intente,
682 2471 714 2508 ο
741 2454 951 2522 populi?
1001 2452 1243 2520 Nunquid
1293 2467 1396 2506 non
1428 2452 1632 2505 vidistis
1663 2450 1809 2518 prius
1840 2459 1863 2487 ε

296 2548 699 2604 Μυιιιιθτίριιηιτ
729 2547 795 2600 Ει
823 2546 998 2599 statim
1030 2545 1178 2600 irruit
1202 2544 1427 2612 populus
1455 2543 1507 2597 itt
1529 2557 1670 2597 emn.
1700 2540 1872 2595 Atille

297 2641 624 2708 intelligens,
658 2641 730 2692 ait
763 2656 776 2691 :
804 2636 1214 2696 Evidentiss'me
1243 2651 1537 2705 cognosco,
1563 2634 1700 2703 quod
1735 2634 1875 2689 fece-

300 2733 373 2786 ris
395 2747 490 2800 per
518 2732 620 2784 boe
638 2732 853 2785 verbum
883 2732 1090 2799 signum
1117 2730 1322 2798 populis
1348 2730 1411 2782 ad
1445 2746 1530 2783 tne
1552 2729 1873 2782 interﬁcien-

299 2827 448 2878 dum.
486 2825 862 2878 Verumtamen
893 2822 1009 2876 dico
1039 2823 1149 2889 tibi,
1181 2821 1302 2892 quia
1354 2821 1595 2892 perjuriis
1644 2837 1728 2876 me
1781 2820 1873 2876 de-

297 2916 510 2984 cepisti,
572 2927 624 2969 te
678 2915 852 2968 vivum
907 2914 1041 2968 ultra
1099 2914 1272 2968 nullus
1310 2915 1552 2982 aspiciet,
1586 2921 1638 2967 ct
1681 2913 1870 2967 emi5sa

300 3009 482 3061 lancea
517 3006 568 3059 in
597 3009 840 3074 scapu'as
870 3006 1005 3074 ejus,
1030 3005 1256 3073 perfodit
1303 3020 1447 3070 eum,
1494 3004 1791 3074 ceciditque
1822 3015 1873 3060 et

297 3107 547 3154 mortuus
610 3108 714 3152 est.
778 3099 1170 3167 Evaginatoque
1225 3098 1479 3166 deinceps
1536 3098 1872 3152 Mundericus

301 3191 475 3261 gladio
498 3205 617 3244 cum
641 3191 782 3254 suis,
810 3205 1050 3259 magnam
1082 3200 1310 3257 stragem
1342 3190 1407 3245 de
1438 3190 1630 3259 populo
1675 3190 1763 3243 illo
1794 3194 1870 3243 te-

298 3285 393 3348 cit,
424 3294 472 3337 et
498 3298 771 3353 usquequo
793 3282 1032 3350 spiritum
1058 3282 1344 3344 exhalavit,
1368 3283 1667 3337 interficere
1690 3299 1872 3351 quem-
1898 3249 1946 3312 θ

297 3389 514 3444 cunque
565 3375 776 3444 assequi
833 3376 1112 3444 potuisset,
1162 3389 1267 3428 non
1307 3374 1525 3429 desti'it.
1567 3375 1681 3440 Quo
1713 3375 1876 3429 inter-

301 3470 461 3532 fecto,
495 3486 578 3523 res
601 3470 714 3536 ejus
743 3469 868 3522 lisco
893 3469 1097 3522 collata:
1122 3478 1262 3522 sunt.

374 3561 492 3616 XV.
555 3560 916 3616 Theuderieus
966 3575 1095 3616 vero
1159 3571 1212 3616 et
1266 3558 1639 3617 Childebertus
1709 3561 1878 3616 {tedas

297 3655 562 3716 inierunt,
585 3663 638 3708 et
663 3654 784 3707 dato
815 3653 910 3707 sibi
943 3662 1302 3718 sacramento,
1363 3663 1416 3707 ut
1463 3662 1649 3707 neuter
1695 3665 1874 3706 contra

299 3749 532 3801 alterum
565 3758 882 3812 moveretur,
912 3749 1124 3802 obsides
1155 3750 1221 3800 ab
1258 3746 1482 3801 invicem
1534 3757 1875 3815 acceperunt,

296 3853 410 3907 quo
465 3836 672 3891 facilius
728 3837 1063 3890 ﬁrmarentur
1099 3852 1215 3905 qua:
1269 3838 1475 3888 fuerant
1521 3837 1679 3890 dicta.
1732 3836 1876 3890 Muli

302 3938 430 3982 tunc
461 3927 550 3981 lilii
583 3935 887 3982 senatorum
935 3925 987 3980 in
1035 3925 1132 3979 hac
1176 3922 1502 3980 obsidioned
1551 3925 1658 3981 dati
1715 3935 1874 3980 sunt:

301 4023 398 4076 sed
431 4031 552 4074 orto
581 4020 771 4074 iterum
801 4019 939 4073 inter
969 4033 1119 4088 rcges
1160 4017 1432 4084 seandalo,
1481 4018 1546 4072 ad
1604 4018 1877 4073 servitium

300 4111 575 4182 publicum
605 4118 726 4164 sunt
750 4111 962 4165 addicti.
998 4111 1062 4163 Et
1091 4111 1388 4180 quicunque
1439 4125 1530 4165 eos
1586 4111 1650 4164 ad
1702 4121 1882 4167 custo-

301 4205 561 4258 diendum
611 4204 843 4271 accepit,
877 4217 1058 4256 servos
1099 4202 1197 4257 sibi
1247 4218 1310 4257 ex
1342 4202 1423 4256 his
1454 4203 1598 4256 fecit.
1627 4202 1773 4257 Multi
1805 4212 1882 4257 ta-

299 4310 428 4350 men
454 4310 519 4349 ex
546 4294 621 4348 eis
652 4309 747 4363 per
794 4295 964 4363 rugam
1004 4294 1194 4363 elapsi,
1247 4294 1298 4348 itt
1351 4295 1570 4362 patriam
1616 4295 1770 4365 119
1799 4310 1880 4348 re-

301 4388 544 4452 dierunt,
574 4385 816 4441 nonnulli
849 4388 900 4439 in
942 4386 1162 4440 servitio
1183 4394 1306 4439 sunt
1329 4387 1521 4440 retenti
1550 4404 1564 4441 :
1590 4386 1726 4440 inter
1747 4402 1880 4456 quos

298 4481 516 4536 Attalus
546 4495 713 4549 nepos
741 4479 880 4534 beati
907 4477 1151 4548 Gregorii
1183 4478 1452 4548 Lingonici
1509 4479 1769 4548 episcopi,
1815 4478 1880 4532 ad

299 4573 576 4642 publicum
607 4573 880 4627 servitium
913 4573 1242 4642 mancipatus
1271 4581 1373 4637 est,
1404 4581 1688 4643 custosque
1714 4587 1877 4640 equo-

1965 613 2114 670 Tunc
2167 615 2346 672 locans
2396 633 2578 673 secum
2631 618 2899 672 hominem
2931 618 3234 686 quemdam,
3259 617 3335 671 ait
3360 635 3374 648 ο
3403 616 3542 672 Veni

1965 721 2194 773 mecum,
2227 717 2282 763 et
2311 710 2571 764 venumda
2602 723 2686 763 me
2713 711 2764 763 in
2791 711 2952 763 domo
2992 709 3200 762 barbari
3239 708 3413 773 illius,
3443 709 3541 761 sit-

1963 812 2066 866 que
2097 800 2187 853 tibi
2220 800 2430 877 lucrum
2457 802 2685 870 pretium
2715 815 2891 855 meum
2930 817 2944 852 :
2979 811 3179 853 tantum
3231 799 3537 856 liberiorem

1964 889 2167 944 aditum
2215 891 2437 946 habeam
2487 893 2713 948 faciendi
2757 892 2808 948 id
2841 893 2980 961 quod
3037 891 3272 947 decrevi.
3306 895 3539 960 Accepto

1965 994 2093 1033 vero
2143 992 2509 1048 sacramento,
2566 984 2726 1036 homo
2774 983 2864 1036 ille
2915 983 3062 1043 abiit.
3115 994 3168 1037 et
3229 983 3442 1038 vendito
3470 997 3536 1037 eo

1963 1069 2244 1125 duodecim
2277 1073 2455 1127 aureis
2482 1073 2750 1129 discessit.
2791 1073 3104 1128 Sciscitatus
3129 1085 3304 1129 autem
3330 1085 3531 1143 emptor

1963 1171 1993 1212 a
2042 1161 2157 1214 rudi
2207 1161 2408 1216 famulo
2475 1162 2600 1230 quid
2649 1165 2828 1231 Operis
2890 1164 3072 1230 sciret,
3129 1166 3447 1233 respondit:
3482 1167 3538 1219 In

1964 1250 2211 1305 omnibus
2241 1267 2360 1320 quae
2401 1252 2712 1307 manducat'i
2757 1253 2954 1308 debent
2987 1253 3005 1292 ί
3046 1256 3330 1310 inmensis
3377 1256 3546 1310 domi-

1964 1352 2153 1393 norum
2178 1382 2192 1406 ,
2229 1341 2384 1394 valde
2409 1342 2573 1396 scitus
2610 1357 2728 1396 sum
2759 1345 2968 1412 operari
2996 1359 3010 1396 :
3047 1358 3147 1397 nec
3180 1354 3361 1398 metuo
3391 1346 3535 1414 quod

1965 1433 2186 1502 reperiri
2213 1435 2584 1502 possitsimilis
2606 1435 2709 1489 mei
2729 1435 2778 1488 in
2800 1436 2897 1489 hac
2917 1436 3158 1490 scientia.
3181 1436 3373 1492 Verum
3398 1436 3542 1491 enim

1965 1527 2086 1581 dico
2110 1527 2226 1593 tibi,
2259 1528 2380 1595 quia
2410 1529 2570 1581 etiam
2601 1529 2644 1588 si
2679 1531 2786 1603 tegi
2816 1529 3032 1604 epulum
3062 1530 3250 1602 cupias
3283 1546 3543 1602 [mapma-

1968 1634 2044 1683 re,
2076 1622 2272 1680 fercula
2295 1623 2488 1696 regalia
2518 1642 2840 1696 componere
2871 1643 3106 1697 possum,
3142 1644 3238 1681 nec
3262 1628 3542 1697 quisquam

1969 1728 2056 1773 me
2085 1721 2295 1773 melius.
2332 1721 2393 1772 Et
2421 1719 2511 1773 ille
2539 1736 2551 1771 :
2585 1719 2719 1772 Ecce
2747 1720 2887 1772 enim
2929 1717 3048 1773 dies
3087 1719 3215 1773 solis
3258 1718 3442 1781 adest,
3469 1718 3547 1771 sic

1973 1812 2114 1865 enim
2144 1810 2417 1865 barbaries
2457 1811 2689 1865 vocitare
2733 1810 2874 1864 diem
2920 1811 3245 1865 dominicum
3287 1820 3544 1865 consueta

1973 1912 2073 1971 est,
2107 1905 2157 1959 in
2193 1905 2294 1959 hac
2323 1905 2410 1960 die
2447 1905 2604 1960 vicini
2634 1913 2793 1972 atque
2824 1915 3070 1974 parentes
3100 1905 3205 1958 mei
3239 1904 3544 1958 invitabun-

1974 2006 2060 2051 tttr
2087 1998 2137 2050 in
2167 1997 2326 2051 domo
2348 2011 2486 2050 mea.
2511 1996 2656 2065 Rogo
2677 2005 2732 2049 ut
2753 1996 2917 2050 facias
2947 1996 3076 2049 tuihi
3101 1996 3379 2065 prandium
3406 1997 3544 2064 quod

1973 2091 2320 2153 admirentur,
2355 2098 2408 2144 et
2437 2089 2650 2151 dicant,
2684 2089 2807 2157 quia
2857 2091 2910 2144 itt
2960 2089 3124 2143 domo
3173 2091 3330 2159 regis-
3357 2090 3547 2142 melius

1974 2197 2082 2236 non
2131 2181 2460 2248 aspeximus.
2511 2181 2579 2234 Et
2626 2179 2758 2234 ille:
2793 2181 3020 2246 lubeat,
3065 2181 3269 2250 inquit,
3301 2181 3549 2236 dominus

1975 2287 2126 2327 meus
2155 2271 2470 2342 congregari
2502 2273 2764 2342 pullorum
2797 2274 3204 2341 gallinaceorum
3241 2273 3542 2327 multitudi-

1977 2381 2119 2431 nem,
2151 2374 2206 2419 et
2234 2365 2423 2419 faciam
2456 2381 2572 2434 qua:
2603 2366 2864 2434 pratcipis.
2901 2365 3217 2433 Prteparatis
3260 2381 3386 2434 ergo
3429 2382 3548 2434 qua:

1975 2457 2185 2513 dixerat
2215 2473 2368 2525 puer,
2396 2458 2572 2511 illuxit
2600 2457 2864 2511 dominica
2895 2456 3029 2523 dies,
3074 2456 3303 2527 fecitque
3332 2458 3551 2526 epulum

1976 2567 2245 2619 magnum,
2259 2551 2572 2618 deliciisque
2587 2551 2860 2608 refertum.
2881 2550 3223 2619 Epulantihus
3239 2559 3416 2604 autem
3432 2565 3549 2603 om-

1977 2643 2150 2707 nibus,
2171 2653 2222 2697 et
2240 2643 2574 2696 laudantibus
2602 2641 2899 2711 prandium,
2921 2652 3166 2709 parentes
3189 2642 3327 2695 illius
3358 2642 3550 2696 disces.

1975 2745 2182 2790 serunt.
2221 2735 2474 2789 Dominus
2499 2736 2638 2788 enim
2674 2734 2818 2788 dedit
2848 2734 3074 2804 gratiam
3110 2749 3273 2803 puero
3304 2735 3424 2789 huic
3445 2777 3458 2798 ,
3492 2746 3548 2789 et

1976 2825 2180 2892 accepit
2210 2833 2520 2892 potestatem
2549 2839 2710 2892 super
2757 2825 2932 2877 omnia
2974 2839 3092 2893 qua:
3122 2824 3346 2878 habeth
3374 2823 3550 2877 domi~

1976 2929 2075 2970 ttus
2123 2929 2250 2969 suus
2296 2915 2346 2969 in
2397 2922 2663 2983 promptu.
2707 2914 3072 2984 Diligebatque
3111 2930 3233 2968 eum
3277 2915 3468 2980 valde,
3497 2923 3550 2970 et

1977 3008 2222 3063 Omnibus
2259 3009 2412 3077 120
2441 3007 2529 3077 qui
2569 3023 2688 3063 cum
2737 3022 2800 3062 eo
2846 3017 3001 3063 erant
3046 3009 3161 3076 ipse
3209 3008 3552 3077 dispensabat

1977 3100 2170 3154 cibaria
2202 3109 2254 3153 et
2285 3101 2574 3168 pulmenta.
2596 3100 2721 3154 Post
2750 3103 2872 3154 anni
2897 3115 3024 3154 vero
3048 3100 3396 3166 curriculum,
3426 3116 3547 3155 cum

1975 3189 2082 3260 j-un
2114 3205 2332 3243 securus
2361 3198 2505 3244 esset
2529 3189 2777 3243 dominus
2804 3188 2944 3244 illius
2981 3188 3046 3244 de
3076 3203 3166 3255 eo,
3192 3189 3321 3243 abiit
3346 3190 3397 3244 in
3429 3206 3550 3259 pra-

1982 3292 2112 3345 tum,
2143 3281 2283 3351 quod
2310 3291 2425 3338 erat
2451 3282 2629 3336 domui
2664 3281 2996 3350 proximum,
3030 3297 3150 3336 cum
3182 3282 3359 3337 Attalo
3382 3296 3550 3352 puero

1980 3375 2202 3426 custode
2247 3387 2540 3442 equorum:
2571 3383 2623 3427 et
2669 3373 2940 3428 decubans
2983 3374 3034 3428 itt
3087 3383 3227 3428 terra
3275 3386 3394 3427 cunt
3427 3388 3492 3428 eo
3519 3388 3551 3429 a

1982 3467 2155 3538 longe,
2181 3470 2382 3523 aversis
2408 3469 2600 3535 dorsis,
2631 3479 2686 3523 ut
2717 3484 2820 3522 non
2852 3455 3265 3537 cognosceretur
3292 3468 3433 3538 quod
3467 3468 3548 3523 lo-
3607 3455 3614 3470 ’

1980 3572 2267 3630 querentur
2296 3561 2452 3614 simul
2481 3599 2496 3625 ,
2528 3560 2656 3616 dicit
2684 3574 2848 3629 puero
2873 3576 2888 3613 :
2917 3559 3149 3627 Tempus
3183 3567 3265 3613 est
3287 3556 3431 3612 enim
3451 3599 3466 3623 ,
3497 3569 3553 3613 ut

1977 3651 2087 3722 jam
2118 3653 2353 3722 cogitare
2375 3651 2440 3706 de
2469 3652 2633 3720 patria
2664 3650 2973 3706 debeamus.
3003 3649 3228 3718 Ideoque
3261 3665 3452 3703 tnoneo
3477 3659 3548 3713 te,

1982 3755 2040 3799 ut
2071 3745 2170 3798 hac
2196 3755 2352 3799 nocte
2384 3759 2502 3797 cum
2532 3759 2698 3813 equos
2727 3744 2791 3796 ad
2833 3743 3191 3798 claudendum
3236 3743 3554 3808 adduxeris,

1981 3852 2174 3907 sopore
2206 3853 2310 3890 non
2342 3837 2660 3906 deprimaris
2687 3880 2702 3905 ,
2733 3835 2826 3890 sed
2860 3851 2980 3889 cum
3015 3835 3242 3902 pritnu.n
3269 3845 3321 3889 te
3363 3836 3556 3888 vocita«

1985 3945 2115 3984 vero
2147 3929 2310 3996 adsis,
2340 3940 2392 3985 et
2420 3929 2772 3983 ambulemus.
2805 3927 3100 3983 Vocaverat
3122 3930 3262 3981 enim
3292 3926 3556 3980 Barbarus

1984 4025 2070 4077 ille
2100 4023 2296 4078 multos
2328 4033 2602 4091 parentum
2633 4037 2853 4077 suorum
2886 4021 2951 4076 ad
2983 4023 3232 4090 epu'uin,
3269 4024 3402 4074 inter
3425 4032 3556 4088 quos

1983 4125 2094 4170 erat
2118 4125 2166 4170 et
2196 4129 2360 4183 gener
2387 4117 2535 4180 ejus,
2571 4115 2656 4182 qui
2680 4123 2960 4181 acceperat
2991 4113 3152 4166 titiam
3187 4113 3349 4165 illius.
3385 4111 3556 4166 Media

1982 4217 2156 4260 autem
2188 4213 2344 4259 nocte
2371 4220 2398 4257 a
2429 4206 2674 4259 convivio
2702 4202 3072 4271 surgentibus,
3102 4212 3155 4257 et
3177 4202 3345 4269 quieti
3377 4201 3518 4254 datis
3538 4241 3553 4265 ,

1983 4307 2299 4367 prosecutus
2327 4306 2411 4352 est
2437 4296 2545 4350 Leo
2577 4310 2835 4364 generum
2860 4295 3062 4348 domini
3115 4296 3196 4347 sui
3245 4307 3364 4347 cmn
3398 4301 3556 4358 potu,

1982 4389 2364 4459 porrigensque
2394 4388 2441 4440 ei
2473 4386 2653 4441 bibere
2673 4426 2689 4452 ,
2715 4384 2767 4438 in
2800 4393 3052 4438 metitum
3083 4384 3217 4453 ejus.
3252 4383 3340 4436 Ait
3379 4382 3557 4450 itaque

1982 4480 2047 4534 ad
2075 4495 2194 4534 eum
2230 4479 2389 4534 homo
2415 4495 2429 4532 :
2464 4479 2556 4532 Dic
2585 4486 2662 4540 tu,
2691 4491 2724 4530 ο
2752 4476 2986 4530 creditur
3009 4475 3180 4530 soceri
3215 4473 3352 4539 mei,
3388 4473 3433 4527 si
3466 4488 3559 4524 va.

1983 4572 2114 4637 leas,
2142 4571 2355 4641 quando
2377 4570 2699 4625 voluntatem
2725 4567 3020 4631 adhibebis,
3039 4576 3093 4621 ut
3113 4565 3401 4634 assumptis
3413 4566 3561 4633 equi-

298 4636 420 4720 rum
453 4665 772 4720 destinatus.
820 4665 947 4718 Erat
999 4636 1138 4721 enim
1186 4667 1318 4720 infra
1361 4636 1638 4720 rTreverici
1672 4636 1880 4720 termini
1910 4636 1963 4698 η
1991 4666 2127 4718 tibus
2150 4636 2254 4735 [ΑΙ.
2280 4660 2452 4732 equis]
2481 4660 2597 4730 ejus
2625 4676 2717 4716 eas
2740 4661 2791 4714 in
2819 4661 3041 4729 patriam
3066 4658 3246 4712 tuam?
3280 4657 3388 4710 Hoc
3410 4655 3560 4726 quasi

301 4757 635 4812 territorium
666 4758 872 4811 cuidam
897 4758 1122 4812 barbaro
1154 4765 1178 4793 θ
1211 4758 1468 4813 serviens.
1499 4758 1733 4826 Denique
1761 4759 1882 4811 bea-

301 4858 393 4903 tus
418 4847 609 4917 (ἔνθεον
626 4849 706 4902 ius
725 4847 791 4901 ad
818 4849 1189 4915 inquirendum
1207 4863 1328 4902 eum
1361 4849 1503 4903 misit
1527 4862 1738 4917 pueros.
1765 4849 1882 4914 Quo

300 4941 545 5008 invento,
579 4941 888 4996 obtulerunt
916 4942 1116 4996 homini
1145 4957 1384 5010 munera,
1435 4943 1527 4996 sed
1571 4944 1771 5010 respuit
1797 4958 1881 5010 ea,

301 5034 492 5090 dicens
519 5050 532 5088 :
567 5035 662 5089 llic
689 5036 755 5089 de
786 5035 874 5089 tali
903 5037 1246 5105 generatfone
1272 5037 1455 5091 decem
1478 5037 1588 5089 auri
1619 5035 1766 5089 libris
1799 5051 1884 5090 re-

303 5126 434 5180 dimi
465 5126 647 5180 dehet.
673 5125 876 5192 Quibus
923 5127 1288 5192 redeuntibus,
1333 5126 1440 5181 Leo
1464 5126 1676 5197 quidam
1704 5126 1768 5179 de
1796 5141 1887 5177 co-

295 5218 468 5284 quina
499 5216 705 5270 domini
753 5215 857 5280 sui,
893 5217 967 5270 ait
1001 5234 1013 5269 :
1048 5216 1260 5272 Utinam
1317 5231 1402 5270 me
1444 5217 1800 5285 permitteres,
1833 5224 1886 5269 et

309 5307 532 5359 torsitan
574 5322 674 5376 ego
717 5317 955 5376 poteram
1005 5324 1125 5362 eum
1176 5307 1430 5362 reducere
1460 5323 1523 5362 ex
1556 5306 1882 5373 captivitate.

303 5399 503 5456 Gaviso
529 5410 706 5455 autem
738 5401 974 5466 domino,
1008 5402 1246 5456 directus
1277 5399 1422 5454 venit
1450 5400 1515 5454 ad
1543 5400 1714 5453 locum
1747 5414 1762 5453 :
1791 5413 1884 5452 vo-

389 5543 414 5603 !
442 5533 658 5603 Aliquot
681 5550 808 5588 mss.
841 5544 887 5590 et
915 5535 1065 5600 editi,
1097 5537 1266 5589 altare
1293 5546 1544 5589 sanciunt.

388 5602 414 5642 ι
439 5602 636 5658 Chesn.
661 5621 780 5658 cum
807 5607 950 5669 Bec.,
983 5610 1318 5675 exspectabat.

385 5684 406 5711 ε
446 5675 603 5746 fietu,
638 5679 710 5726 Au
741 5679 972 5746 nunquid
999 5674 1098 5730 non
1131 5678 1326 5731 uidistis
1351 5685 1521 5730 antea.
1561 5674 1659 5731 Ed.
1681 5675 1884 5746 aliquot

298 5744 612 5817 cuntgliec"
637 5747 715 5799 An
743 5744 972 5816 nunquid
993 5747 1188 5800 vidistis
1221 5747 1386 5817 prius.

381 5813 406 5850 ά
445 5815 497 5866 Id
529 5825 633 5878 est,
658 5813 870 5872 obsides
905 5817 1015 5870 dati
1043 5826 1186 5871 sunt.

386 5895 409 5924 ο
439 5883 496 5943 Id
521 5894 601 5941 est
632 5885 859 5942 France.
891 5887 1350 5955 Quemadmodum
1387 5889 1527 5949 enim
1567 5897 1775 5946 veteres
1803 5889 1885 5940 iu-

1984 4757 2107 4827 joco
2136 4755 2408 4810 delecians
2435 4753 2590 4808 dixit.
2622 4751 2880 4808 Similiter
2909 4759 2964 4806 et
3003 4750 3095 4805 ille
3128 4749 3440 4818 joculariter
3474 4763 3554 4801 ve-

1991 4851 2200 4904 ritatem
2228 4845 2558 4914 respondens
2582 4885 2596 4910 ,
2629 4845 2703 4897 ait
2735 4860 2748 4896 :
2780 4843 2888 4896 llac
2919 4850 3076 4896 nocte
3107 4839 3366 4901 delibero,
3391 4839 3435 4891 si
3472 4838 3562 4894 Dei

1993 4939 2237 4992 voluntas
2266 4937 2444 4992 fuerit.
2481 4936 2544 4990 Et
2575 4935 2701 4990 ille:
2737 4933 2951 4989 Utinam
2977 4974 2992 4999 ,
3026 4931 3231 5002 inquit,
3259 4930 3561 4986 custodiant

1995 5047 2078 5086 me
2110 5029 2288 5084 famuli
2322 5030 2424 5084 mei
2451 5070 2466 5096 ,
2502 5045 2568 5084 ne
2599 5026 2794 5096 aliquid
2824 5025 2890 5081 de
2922 5025 3080 5095 rebus
3119 5024 3250 5078 meis
3296 5037 3562 5079 assumas.

1991 5123 2056 5176 Et
2085 5123 2316 5176 ridentes
2365 5122 2743 5175 discesserunt.
2790 5116 3183 5170 Dormientibus
3214 5126 3389 5171 autem
3430 5129 3564 5170 cun-

1987 5214 2084 5267 etis
2109 5252 2125 5275 ,
2151 5212 2358 5265 vocavit
2385 5210 2491 5262 Leo
2533 5210 2766 5262 Attalum
2801 5225 2816 5261 :
2848 5207 3134 5276 stratisque
3172 5206 3444 5276 equitibus
3483 5204 3565 5258 iu-

1990 5313 2219 5373 terrogat
2249 5311 2272 5348 8
2299 5302 2344 5356 si
2388 5301 2606 5355 haberet
2655 5299 2909 5370 gladium.
2959 5299 3255 5367 Respondit
3287 5315 3300 5353 :
3334 5297 3449 5350 Non
3479 5303 3562 5349 est

1991 5398 2139 5456 mihi.
2165 5396 2262 5451 nisi
2295 5405 2496 5450 tantum
2526 5394 2705 5448 lancea
2747 5393 2990 5462 parvula.
3036 5392 3102 5446 At
3147 5392 3236 5446 ille
3278 5389 3558 5457 ingressus

1987 5533 2120 5587 ουιεε
2146 5531 2457 5584 dicebantur
2476 5527 2724 5592 Romani,
2748 5528 2817 5579 ita
2847 5525 3056 5591 exteri,
3084 5534 3140 5578 ut
3165 5524 3269 5588 jam
3295 5520 3552 5592 observa-

1989 5605 2181 5668 vimus,
2210 5601 2424 5654 Birbari
2457 5589 2808 5654 dicebantur:
2839 5596 2979 5666 quod
3008 5589 3205 5664 passim
3243 5590 3382 5659 apud
3412 5589 3555 5646 Gre-

1989 5675 2194 5746 gorium
2228 5685 2385 5725 occur
2394 5670 2462 5723 rit

2066 5767 2083 5807 ί
2121 5766 2259 5822 Editi
2291 5780 2409 5819 cum
2443 5763 2592 5828 Bec.,
2615 5760 2789 5817 mandi
2813 5759 3014 5839 debent.

2061 5869 2085 5910 ε
2120 5857 2284 5927 Edit.,
2318 5855 2542 5911 Attahtm
2565 5869 2625 5909 ex
2654 5859 2816 5907 atrata
2845 5864 2957 5906 suo.
2987 5846 3300 5914 Interroqat.
3333 5856 3444 5910 etc.
