  <div class='ocr_page' id='page_1' title='image "/cluster/home/n/w/nwhite01/storage/ocr_20150623/71/hvd.32044054758743/135.png"; bbox 0 0 3994 6332; ppageno 0'>
   <div class='ocr_carea' id='block_1_1' title="bbox 457 417 563 471">
    <p class='ocr_par' dir='ltr' id='par_1_1' title="bbox 457 417 563 471">
     <span class='ocr_line' id='line_1_1' title="bbox 457 417 563 471; baseline 0 0"><span class='ocrx_word' id='word_1_1' title='bbox 457 417 563 471; x_wconf 69' lang='lat'><strong>255</strong></span> 
     </span>
    </p>
   </div>
   <div class='ocr_carea' id='block_1_2' title="bbox 1411 397 2799 485">
    <p class='ocr_par' dir='ltr' id='par_1_2' title="bbox 1411 397 2799 485">
     <span class='ocr_line' id='line_1_2' title="bbox 1411 397 2799 485; baseline -0.009 -20"><span class='ocrx_word' id='word_1_2' title='bbox 1411 406 1517 485; x_wconf 39' lang='grc' dir='ltr'><strong>με.</strong></span> <span class='ocrx_word' id='word_1_3' title='bbox 1555 402 1879 461; x_wconf 75' lang='lat' dir='ltr'><strong>cueeonn</strong></span> <span class='ocrx_word' id='word_1_4' title='bbox 1925 397 2228 454; x_wconf 80' lang='lat' dir='ltr'><strong>ertscort</strong></span> <span class='ocrx_word' id='word_1_5' title='bbox 2265 399 2693 457; x_wconf 68' lang='lat' dir='ltr'><strong>TL‘RONENSIS</strong></span> <span class='ocrx_word' id='word_1_6' title='bbox 2746 428 2747 431; x_wconf 69' lang='lat'>~</span> <span class='ocrx_word' id='word_1_7' title='bbox 2792 424 2799 477; x_wconf 67' lang='grc' dir='ltr'>ς</span> 
     </span>
    </p>
   </div>
   <div class='ocr_carea' id='block_1_3' title="bbox 3614 404 3720 461">
    <p class='ocr_par' dir='ltr' id='par_1_3' title="bbox 3614 404 3720 461">
     <span class='ocr_line' id='line_1_3' title="bbox 3614 404 3720 461; baseline -0.038 0"><span class='ocrx_word' id='word_1_8' title='bbox 3614 404 3720 461; x_wconf 73' lang='lat'><strong>9.56</strong></span> 
     </span>
    </p>
   </div>
   <div class='ocr_carea' id='block_1_4' title="bbox 458 510 3723 592">
    <p class='ocr_par' dir='ltr' id='par_1_4' title="bbox 458 510 3723 592">
     <span class='ocr_line' id='line_1_4' title="bbox 458 510 3723 592; baseline -0.005 -6"><span class='ocrx_word' id='word_1_9' title='bbox 458 531 793 586; x_wconf 81' lang='lat' dir='ltr'><strong>mansionem</strong></span> <span class='ocrx_word' id='word_1_10' title='bbox 819 523 1017 579; x_wconf 89' lang='lat' dir='ltr'><strong>domini</strong></span> <span class='ocrx_word' id='word_1_11' title='bbox 1051 522 1131 578; x_wconf 86' lang='lat' dir='ltr'><strong>sui</strong></span> <span class='ocrx_word' id='word_1_12' title='bbox 1162 520 1513 592; x_wconf 70' lang='lat' dir='ltr'><strong>apprehendit</strong></span> <span class='ocrx_word' id='word_1_13' title='bbox 1556 528 1764 574; x_wconf 87' lang='lat' dir='ltr'><strong>scutum</strong></span> <span class='ocrx_word' id='word_1_14' title='bbox 1805 517 1921 586; x_wconf 68' lang='lat' dir='ltr'><strong>ejus</strong></span> <span class='ocrx_word' id='word_1_15' title='bbox 1952 532 2014 571; x_wconf 80' lang='lat' dir='ltr'><strong>ac</strong></span> <span class='ocrx_word' id='word_1_16' title='bbox 2044 514 2099 572; x_wconf 84' lang='grc' dir='ltr'><strong>Α</strong></span> <span class='ocrx_word' id='word_1_17' title='bbox 2122 510 2402 565; x_wconf 76' lang='lat' dir='ltr'><strong>Matutinus</strong></span> <span class='ocrx_word' id='word_1_18' title='bbox 2435 521 2633 567; x_wconf 81' lang='lat' dir='ltr'><strong>motuin</strong></span> <span class='ocrx_word' id='word_1_19' title='bbox 2664 519 2775 579; x_wconf 80' lang='lat' dir='ltr'><strong>est,</strong></span> <span class='ocrx_word' id='word_1_20' title='bbox 2802 523 2920 570; x_wconf 88' lang='lat' dir='ltr'><strong>erat</strong></span> <span class='ocrx_word' id='word_1_21' title='bbox 2948 514 3095 570; x_wconf 85' lang='lat' dir='ltr'><strong>enim</strong></span> <span class='ocrx_word' id='word_1_22' title='bbox 3137 513 3259 570; x_wconf 86' lang='lat' dir='ltr'><strong>dies</strong></span> <span class='ocrx_word' id='word_1_23' title='bbox 3280 515 3576 581; x_wconf 81' lang='lat' dir='ltr'><strong>dominica,</strong></span> <span class='ocrx_word' id='word_1_24' title='bbox 3601 518 3723 587; x_wconf 61' lang='lat' dir='ltr'><strong>pulo</strong></span> 
     </span>
    </p>
   </div>
   <div class='ocr_carea' id='block_1_5' title="bbox 458 607 2032 684">
    <p class='ocr_par' dir='ltr' id='par_1_5' title="bbox 458 607 2032 684">
     <span class='ocr_line' id='line_1_5' title="bbox 458 607 2032 684; baseline -0.008 -8"><span class='ocrx_word' id='word_1_25' title='bbox 458 622 735 675; x_wconf 84' lang='lat' dir='ltr'><strong>frameam.</strong></span> <span class='ocrx_word' id='word_1_26' title='bbox 770 616 887 684; x_wconf 93' lang='lat' dir='ltr'><strong>Qno</strong></span> <span class='ocrx_word' id='word_1_27' title='bbox 926 616 1286 683; x_wconf 88' lang='lat' dir='ltr'><strong>interrogante</strong></span> <span class='ocrx_word' id='word_1_28' title='bbox 1318 611 1435 682; x_wconf 83' lang='lat' dir='ltr'><strong>quis</strong></span> <span class='ocrx_word' id='word_1_29' title='bbox 1462 619 1635 675; x_wconf 88' lang='lat' dir='ltr'><strong>esset,</strong></span> <span class='ocrx_word' id='word_1_30' title='bbox 1664 618 1755 662; x_wconf 84' lang='lat' dir='ltr'><strong>aut</strong></span> <span class='ocrx_word' id='word_1_31' title='bbox 1776 608 1903 679; x_wconf 89' lang='lat' dir='ltr'><strong>quid</strong></span> <span class='ocrx_word' id='word_1_32' title='bbox 1931 607 2032 663; x_wconf 97' lang='lat' dir='ltr'><strong>sibi</strong></span> 
     </span>
    </p>
   </div>
   <div class='ocr_carea' id='block_1_6' title="bbox 458 704 2043 778">
    <p class='ocr_par' dir='ltr' id='par_1_6' title="bbox 458 704 2043 778">
     <span class='ocr_line' id='line_1_6' title="bbox 458 704 2043 778; baseline -0.011 -10"><span class='ocrx_word' id='word_1_33' title='bbox 458 713 606 778; x_wconf 77' lang='lat' dir='ltr'><strong>velit,</strong></span> <span class='ocrx_word' id='word_1_34' title='bbox 630 710 918 778; x_wconf 83' lang='lat' dir='ltr'><strong>respondit</strong></span> <span class='ocrx_word' id='word_1_35' title='bbox 949 725 964 761; x_wconf 87' lang='lat'><strong>:</strong></span> <span class='ocrx_word' id='word_1_36' title='bbox 999 707 1111 775; x_wconf 82' lang='lat' dir='ltr'><strong>Ego</strong></span> <span class='ocrx_word' id='word_1_37' title='bbox 1140 722 1259 762; x_wconf 90' lang='lat' dir='ltr'><strong>sum</strong></span> <span class='ocrx_word' id='word_1_38' title='bbox 1290 704 1397 758; x_wconf 63' lang='lat' dir='ltr'><strong>Leo</strong></span> <span class='ocrx_word' id='word_1_39' title='bbox 1426 717 1611 757; x_wconf 86' lang='lat' dir='ltr'><strong>servus</strong></span> <span class='ocrx_word' id='word_1_40' title='bbox 1652 708 1774 756; x_wconf 83' lang='lat' dir='ltr'><strong>tuus</strong></span> <span class='ocrx_word' id='word_1_41' title='bbox 1797 741 1814 766; x_wconf 93' lang='lat'><strong>,</strong></span> <span class='ocrx_word' id='word_1_42' title='bbox 1845 707 1900 755; x_wconf 90' lang='lat' dir='ltr'><strong>et</strong></span> <span class='ocrx_word' id='word_1_43' title='bbox 1946 715 2043 754; x_wconf 74' lang='grc' dir='ltr'><strong>ευ-.</strong></span> 
     </span>
    </p>
   </div>
   <div class='ocr_carea' id='block_1_7' title="bbox 456 792 2039 866">
    <p class='ocr_par' dir='ltr' id='par_1_7' title="bbox 456 792 2039 866">
     <span class='ocr_line' id='line_1_7' title="bbox 456 792 2039 866; baseline -0.008 -8"><span class='ocrx_word' id='word_1_44' title='bbox 456 805 590 858; x_wconf 82' lang='lat' dir='ltr'><strong>scito</strong></span> <span class='ocrx_word' id='word_1_45' title='bbox 613 801 849 857; x_wconf 85' lang='lat' dir='ltr'><strong>Attalum</strong></span> <span class='ocrx_word' id='word_1_46' title='bbox 892 806 951 853; x_wconf 90' lang='lat' dir='ltr'><strong>ut</strong></span> <span class='ocrx_word' id='word_1_47' title='bbox 980 806 1162 866; x_wconf 89' lang='lat' dir='ltr'><strong>surgat</strong></span> <span class='ocrx_word' id='word_1_48' title='bbox 1191 796 1431 849; x_wconf 80' lang='lat' dir='ltr'><strong>velocius</strong></span> <span class='ocrx_word' id='word_1_49' title='bbox 1453 833 1471 858; x_wconf 89' lang='lat'><strong>,</strong></span> <span class='ocrx_word' id='word_1_50' title='bbox 1510 801 1564 847; x_wconf 91' lang='lat' dir='ltr'><strong>et</strong></span> <span class='ocrx_word' id='word_1_51' title='bbox 1596 792 1824 846; x_wconf 85' lang='lat' dir='ltr'><strong>deducat</strong></span> <span class='ocrx_word' id='word_1_52' title='bbox 1866 803 2039 858; x_wconf 88' lang='lat' dir='ltr'><strong>equos</strong></span> 
     </span>
    </p>
   </div>
   <div class='ocr_carea' id='block_1_8' title="bbox 456 880 2043 965">
    <p class='ocr_par' dir='ltr' id='par_1_8' title="bbox 456 880 2043 965">
     <span class='ocr_line' id='line_1_8' title="bbox 456 880 2043 965; baseline -0.009 -16"><span class='ocrx_word' id='word_1_53' title='bbox 456 896 524 949; x_wconf 89' lang='lat' dir='ltr'><strong>ad</strong></span> <span class='ocrx_word' id='word_1_54' title='bbox 557 904 809 963; x_wconf 78' lang='lat' dir='ltr'><strong>pastum:</strong></span> <span class='ocrx_word' id='word_1_55' title='bbox 840 890 1106 946; x_wconf 80' lang='lat' dir='ltr'><strong>detinetur</strong></span> <span class='ocrx_word' id='word_1_56' title='bbox 1135 889 1274 965; x_wconf 90' lang='lat' dir='ltr'><strong>enim</strong></span> <span class='ocrx_word' id='word_1_57' title='bbox 1303 900 1498 955; x_wconf 89' lang='lat' dir='ltr'><strong>sopore</strong></span> <span class='ocrx_word' id='word_1_58' title='bbox 1522 883 1674 949; x_wconf 86' lang='lat' dir='ltr'><strong>quasi</strong></span> <span class='ocrx_word' id='word_1_59' title='bbox 1704 882 1910 937; x_wconf 87' lang='lat' dir='ltr'><strong>ebrius.</strong></span> <span class='ocrx_word' id='word_1_60' title='bbox 1934 880 2043 948; x_wconf 86' lang='lat' dir='ltr'><strong>Qui</strong></span> 
     </span>
    </p>
   </div>
   <div class='ocr_carea' id='block_1_9' title="bbox 457 974 2044 1053">
    <p class='ocr_par' dir='ltr' id='par_1_9' title="bbox 457 974 2044 1053">
     <span class='ocr_line' id='line_1_9' title="bbox 457 974 2044 1053; baseline -0.008 -12"><span class='ocrx_word' id='word_1_61' title='bbox 457 987 576 1041; x_wconf 87' lang='lat' dir='ltr'><strong>ait:</strong></span> <span class='ocrx_word' id='word_1_62' title='bbox 609 986 715 1039; x_wconf 86' lang='lat' dir='ltr'><strong>Fac</strong></span> <span class='ocrx_word' id='word_1_63' title='bbox 745 994 800 1038; x_wconf 89' lang='lat' dir='ltr'><strong>ut</strong></span> <span class='ocrx_word' id='word_1_64' title='bbox 842 982 990 1053; x_wconf 85' lang='lat' dir='ltr'><strong>libet.</strong></span> <span class='ocrx_word' id='word_1_65' title='bbox 1037 982 1102 1036; x_wconf 86' lang='lat' dir='ltr'><strong>Et</strong></span> <span class='ocrx_word' id='word_1_66' title='bbox 1143 980 1256 1034; x_wconf 74' lang='lat' dir='ltr'><strong>Inec</strong></span> <span class='ocrx_word' id='word_1_67' title='bbox 1305 979 1492 1033; x_wconf 89' lang='lat' dir='ltr'><strong>dicens</strong></span> <span class='ocrx_word' id='word_1_68' title='bbox 1539 976 1889 1032; x_wconf 82' lang='lat' dir='ltr'><strong>obdormivit.</strong></span> <span class='ocrx_word' id='word_1_69' title='bbox 1946 974 2044 1029; x_wconf 86' lang='lat' dir='ltr'><strong>Ille</strong></span> 
     </span>
    </p>
   </div>
   <div class='ocr_carea' id='block_1_10' title="bbox 460 1056 2043 1145">
    <p class='ocr_par' dir='ltr' id='par_1_10' title="bbox 460 1056 2043 1145">
     <span class='ocr_line' id='line_1_10' title="bbox 460 1056 2043 1145; baseline -0.008 -16"><span class='ocrx_word' id='word_1_70' title='bbox 460 1092 590 1132; x_wconf 88' lang='lat' dir='ltr'><strong>vero</strong></span> <span class='ocrx_word' id='word_1_71' title='bbox 620 1088 867 1145; x_wconf 86' lang='lat' dir='ltr'><strong>egressus</strong></span> <span class='ocrx_word' id='word_1_72' title='bbox 899 1056 1062 1137; x_wconf 83' lang='lat' dir='ltr'><strong>foras,</strong></span> <span class='ocrx_word' id='word_1_73' title='bbox 1090 1070 1313 1140; x_wconf 80' lang='lat' dir='ltr'><strong>munivit</strong></span> <span class='ocrx_word' id='word_1_74' title='bbox 1344 1084 1569 1139; x_wconf 90' lang='lat' dir='ltr'><strong>puerum</strong></span> <span class='ocrx_word' id='word_1_75' title='bbox 1590 1066 1780 1126; x_wconf 77' lang='lat' dir='ltr'><strong>armis.</strong></span> <span class='ocrx_word' id='word_1_76' title='bbox 1804 1065 2043 1120; x_wconf 80' lang='lat' dir='ltr'><strong>invenit—</strong></span> 
     </span>
    </p>
   </div>
   <div class='ocr_carea' id='block_1_11' title="bbox 462 1156 2045 1239">
    <p class='ocr_par' dir='ltr' id='par_1_11' title="bbox 462 1156 2045 1239">
     <span class='ocr_line' id='line_1_11' title="bbox 462 1156 2045 1239; baseline -0.006 -19"><span class='ocrx_word' id='word_1_77' title='bbox 462 1183 571 1239; x_wconf 86' lang='lat' dir='ltr'><strong>que</strong></span> <span class='ocrx_word' id='word_1_78' title='bbox 595 1168 782 1236; x_wconf 83' lang='lat' dir='ltr'><strong>januas</strong></span> <span class='ocrx_word' id='word_1_79' title='bbox 823 1165 945 1219; x_wconf 85' lang='lat' dir='ltr'><strong>atrii</strong></span> <span class='ocrx_word' id='word_1_80' title='bbox 987 1161 1242 1218; x_wconf 77' lang='lat' dir='ltr'><strong>divinitus</strong></span> <span class='ocrx_word' id='word_1_81' title='bbox 1274 1170 1571 1225; x_wconf 76' lang='lat' dir='ltr'><strong>reseratas,</strong></span> <span class='ocrx_word' id='word_1_82' title='bbox 1610 1174 1758 1231; x_wconf 82' lang='lat' dir='ltr'><strong>quas</strong></span> <span class='ocrx_word' id='word_1_83' title='bbox 1800 1157 1853 1212; x_wconf 92' lang='lat' dir='ltr'><strong>iu</strong></span> <span class='ocrx_word' id='word_1_84' title='bbox 1887 1156 2045 1211; x_wconf 83' lang='lat' dir='ltr'><strong>initio</strong></span> 
     </span>
    </p>
   </div>
   <div class='ocr_carea' id='block_1_12' title="bbox 462 1249 2049 1323">
    <p class='ocr_par' dir='ltr' id='par_1_12' title="bbox 462 1249 2049 1323">
     <span class='ocr_line' id='line_1_12' title="bbox 462 1249 2049 1323; baseline -0.006 -8"><span class='ocrx_word' id='word_1_85' title='bbox 462 1260 636 1315; x_wconf 87' lang='lat' dir='ltr'><strong>noctis</strong></span> <span class='ocrx_word' id='word_1_86' title='bbox 666 1274 787 1313; x_wconf 90' lang='lat' dir='ltr'><strong>cum</strong></span> <span class='ocrx_word' id='word_1_87' title='bbox 808 1254 991 1311; x_wconf 83' lang='lat' dir='ltr'><strong>cuneis</strong></span> <span class='ocrx_word' id='word_1_88' title='bbox 1012 1253 1211 1311; x_wconf 88' lang='lat' dir='ltr'><strong>malleo</strong></span> <span class='ocrx_word' id='word_1_89' title='bbox 1242 1252 1511 1323; x_wconf 84' lang='lat' dir='ltr'><strong>percussis</strong></span> <span class='ocrx_word' id='word_1_90' title='bbox 1542 1249 1897 1305; x_wconf 84' lang='lat' dir='ltr'><strong>obscraverat</strong></span> <span class='ocrx_word' id='word_1_91' title='bbox 1941 1261 2049 1317; x_wconf 68' lang='lat' dir='ltr'><strong>pro,</strong></span> 
     </span>
    </p>
   </div>
   <div class='ocr_carea' id='block_1_13' title="bbox 460 1343 2045 1417">
    <p class='ocr_par' dir='ltr' id='par_1_13' title="bbox 460 1343 2045 1417">
     <span class='ocr_line' id='line_1_13' title="bbox 460 1343 2045 1417; baseline -0.007 -10"><span class='ocrx_word' id='word_1_92' title='bbox 460 1350 703 1407; x_wconf 87' lang='lat' dir='ltr'><strong>custodia</strong></span> <span class='ocrx_word' id='word_1_93' title='bbox 732 1348 1081 1411; x_wconf 79' lang='lat' dir='ltr'><strong>caballorum.</strong></span> <span class='ocrx_word' id='word_1_94' title='bbox 1113 1347 1176 1399; x_wconf 82' lang='lat' dir='ltr'><strong>Et</strong></span> <span class='ocrx_word' id='word_1_95' title='bbox 1199 1344 1398 1417; x_wconf 76' lang='lat' dir='ltr'><strong>gratias</strong></span> <span class='ocrx_word' id='word_1_96' title='bbox 1419 1358 1581 1413; x_wconf 81' lang='lat' dir='ltr'><strong>agens</strong></span> <span class='ocrx_word' id='word_1_97' title='bbox 1609 1343 1859 1409; x_wconf 89' lang='lat' dir='ltr'><strong>Domino,</strong></span> <span class='ocrx_word' id='word_1_98' title='bbox 1888 1357 2045 1397; x_wconf 82' lang='lat' dir='ltr'><strong>sum-</strong></span> 
     </span>
    </p>
   </div>
   <div class='ocr_carea' id='block_1_14' title="bbox 467 1433 2047 1513">
    <p class='ocr_par' dir='ltr' id='par_1_14' title="bbox 467 1433 2047 1513">
     <span class='ocr_line' id='line_1_14' title="bbox 467 1433 2047 1513; baseline -0.006 -17"><span class='ocrx_word' id='word_1_99' title='bbox 467 1444 574 1513; x_wconf 89' lang='lat' dir='ltr'><strong>ptis</strong></span> <span class='ocrx_word' id='word_1_100' title='bbox 603 1441 823 1509; x_wconf 82' lang='lat' dir='ltr'><strong>reliquis</strong></span> <span class='ocrx_word' id='word_1_101' title='bbox 847 1439 1116 1509; x_wconf 84' lang='lat' dir='ltr'><strong>equitibus</strong></span> <span class='ocrx_word' id='word_1_102' title='bbox 1144 1433 1340 1507; x_wconf 53' lang='lat' dir='ltr'><strong>Ecquis]</strong></span> <span class='ocrx_word' id='word_1_103' title='bbox 1377 1450 1561 1490; x_wconf 82' lang='lat' dir='ltr'><strong>secum</strong></span> <span class='ocrx_word' id='word_1_104' title='bbox 1582 1475 1598 1500; x_wconf 94' lang='lat'><strong>,</strong></span> <span class='ocrx_word' id='word_1_105' title='bbox 1639 1435 2047 1501; x_wconf 66' lang='lat' dir='ltr'><strong>discesserunt,I</strong></span> 
     </span>
    </p>
   </div>
   <div class='ocr_carea' id='block_1_15' title="bbox 462 1527 2044 1595">
    <p class='ocr_par' dir='ltr' id='par_1_15' title="bbox 462 1527 2044 1595">
     <span class='ocr_line' id='line_1_15' title="bbox 462 1527 2044 1595; baseline -0.003 -10"><span class='ocrx_word' id='word_1_106' title='bbox 462 1548 627 1595; x_wconf 80' lang='lat' dir='ltr'><strong>unum</strong></span> <span class='ocrx_word' id='word_1_107' title='bbox 653 1533 814 1586; x_wconf 89' lang='lat' dir='ltr'><strong>etiam</strong></span> <span class='ocrx_word' id='word_1_108' title='bbox 854 1530 1131 1583; x_wconf 82' lang='lat' dir='ltr'><strong>volucrum</strong></span> <span class='ocrx_word' id='word_1_109' title='bbox 1164 1537 1188 1563; x_wconf 73' lang='grc' dir='ltr'><strong>ει</strong></span> <span class='ocrx_word' id='word_1_110' title='bbox 1219 1543 1339 1582; x_wconf 90' lang='lat' dir='ltr'><strong>cum</strong></span> <span class='ocrx_word' id='word_1_111' title='bbox 1388 1527 1723 1581; x_wconf 78' lang='lat' dir='ltr'><strong>vestimentis</strong></span> <span class='ocrx_word' id='word_1_112' title='bbox 1763 1527 2044 1581; x_wconf 80' lang='lat' dir='ltr'><strong>tollentes.</strong></span> 
     </span>
    </p>
   </div>
   <div class='ocr_carea' id='block_1_16' title="bbox 466 1616 2046 1691">
    <p class='ocr_par' dir='ltr' id='par_1_16' title="bbox 466 1616 2046 1691">
     <span class='ocr_line' id='line_1_16' title="bbox 466 1616 2046 1691; baseline -0.003 -17"><span class='ocrx_word' id='word_1_113' title='bbox 466 1623 757 1677; x_wconf 70' lang='lat' dir='ltr'><strong>Venientes</strong></span> <span class='ocrx_word' id='word_1_114' title='bbox 779 1629 952 1674; x_wconf 88' lang='lat' dir='ltr'><strong>autem</strong></span> <span class='ocrx_word' id='word_1_115' title='bbox 979 1622 1043 1673; x_wconf 91' lang='lat' dir='ltr'><strong>ad</strong></span> <span class='ocrx_word' id='word_1_116' title='bbox 1077 1616 1348 1673; x_wconf 77' lang='lat' dir='ltr'><strong>Mosellam</strong></span> <span class='ocrx_word' id='word_1_117' title='bbox 1374 1616 1399 1655; x_wconf 75' lang='grc' dir='ltr'><strong>ι)</strong></span> <span class='ocrx_word' id='word_1_118' title='bbox 1432 1618 1653 1672; x_wconf 88' lang='lat' dir='ltr'><strong>ﬂuvium</strong></span> <span class='ocrx_word' id='word_1_119' title='bbox 1680 1658 1695 1683; x_wconf 91' lang='lat'><strong>,</strong></span> <span class='ocrx_word' id='word_1_120' title='bbox 1725 1621 1878 1691; x_wconf 72' lang='lat'><strong>121</strong></span> <span class='ocrx_word' id='word_1_121' title='bbox 1921 1632 2046 1672; x_wconf 89' lang='lat' dir='ltr'><strong>cum</strong></span> 
     </span>
    </p>
   </div>
   <div class='ocr_carea' id='block_1_17' title="bbox 465 1709 2045 1787">
    <p class='ocr_par' dir='ltr' id='par_1_17' title="bbox 465 1709 2045 1787">
     <span class='ocr_line' id='line_1_17' title="bbox 465 1709 2045 1787; baseline -0.003 -20"><span class='ocrx_word' id='word_1_122' title='bbox 465 1714 750 1767; x_wconf 86' lang='lat' dir='ltr'><strong>transirent</strong></span> <span class='ocrx_word' id='word_1_123' title='bbox 778 1711 925 1765; x_wconf 92' lang='lat' dir='ltr'><strong>illum</strong></span> <span class='ocrx_word' id='word_1_124' title='bbox 945 1751 958 1776; x_wconf 91' lang='lat'><strong>,</strong></span> <span class='ocrx_word' id='word_1_125' title='bbox 982 1720 1036 1764; x_wconf 86' lang='lat' dir='ltr'><strong>et</strong></span> <span class='ocrx_word' id='word_1_126' title='bbox 1063 1710 1434 1764; x_wconf 89' lang='lat' dir='ltr'><strong>detinerentur</strong></span> <span class='ocrx_word' id='word_1_127' title='bbox 1470 1724 1500 1787; x_wconf 88' lang='lat' dir='ltr'><strong>a</strong></span> <span class='ocrx_word' id='word_1_128' title='bbox 1531 1709 1889 1779; x_wconf 78' lang='lat' dir='ltr'><strong>quibusdam,</strong></span> <span class='ocrx_word' id='word_1_129' title='bbox 1921 1709 2045 1764; x_wconf 86' lang='lat' dir='ltr'><strong>reli-</strong></span> 
     </span>
    </p>
   </div>
   <div class='ocr_carea' id='block_1_18' title="bbox 460 1800 2041 1877">
    <p class='ocr_par' dir='ltr' id='par_1_18' title="bbox 460 1800 2041 1877">
     <span class='ocr_line' id='line_1_18' title="bbox 460 1800 2041 1877; baseline -0.001 -21"><span class='ocrx_word' id='word_1_130' title='bbox 460 1804 562 1877; x_wconf 77' lang='lat' dir='ltr'><strong>etis</strong></span> <span class='ocrx_word' id='word_1_131' title='bbox 585 1802 853 1872; x_wconf 91' lang='lat' dir='ltr'><strong>equitibus</strong></span> <span class='ocrx_word' id='word_1_132' title='bbox 884 1800 1079 1873; x_wconf 85' lang='lat' dir='ltr'><strong>[equis]</strong></span> <span class='ocrx_word' id='word_1_133' title='bbox 1111 1810 1165 1855; x_wconf 89' lang='lat' dir='ltr'><strong>et</strong></span> <span class='ocrx_word' id='word_1_134' title='bbox 1190 1800 1551 1867; x_wconf 85' lang='lat' dir='ltr'><strong>vestimentis,</strong></span> <span class='ocrx_word' id='word_1_135' title='bbox 1574 1808 1853 1855; x_wconf 88' lang='lat' dir='ltr'><strong>enatantes</strong></span> <span class='ocrx_word' id='word_1_136' title='bbox 1874 1814 2041 1869; x_wconf 87' lang='lat' dir='ltr'><strong>super</strong></span> 
     </span>
    </p>
   </div>
   <div class='ocr_carea' id='block_1_19' title="bbox 2136 603 3714 679">
    <p class='ocr_par' dir='ltr' id='par_1_19' title="bbox 2136 603 3714 679">
     <span class='ocr_line' id='line_1_19' title="bbox 2136 603 3714 679; baseline 0.008 -27"><span class='ocrx_word' id='word_1_137' title='bbox 2136 610 2420 678; x_wconf 76' lang='lat' dir='ltr'><strong>santesque</strong></span> <span class='ocrx_word' id='word_1_138' title='bbox 2455 603 2683 673; x_wconf 82' lang='lat' dir='ltr'><strong>jauuatn</strong></span> <span class='ocrx_word' id='word_1_139' title='bbox 2709 606 3047 677; x_wconf 87' lang='lat' dir='ltr'><strong>presbyteri,</strong></span> <span class='ocrx_word' id='word_1_140' title='bbox 3082 607 3309 676; x_wconf 79' lang='lat' dir='ltr'><strong>ingressi</strong></span> <span class='ocrx_word' id='word_1_141' title='bbox 3338 619 3482 663; x_wconf 85' lang='lat' dir='ltr'><strong>sunt.</strong></span> <span class='ocrx_word' id='word_1_142' title='bbox 3528 609 3714 679; x_wconf 84' lang='lat' dir='ltr'><strong>Expo-</strong></span> 
     </span>
    </p>
   </div>
   <div class='ocr_carea' id='block_1_20' title="bbox 2138 693 3723 772">
    <p class='ocr_par' dir='ltr' id='par_1_20' title="bbox 2138 693 3723 772">
     <span class='ocr_line' id='line_1_20' title="bbox 2138 693 3723 772; baseline 0.006 -29"><span class='ocrx_word' id='word_1_143' title='bbox 2138 693 2344 772; x_wconf 77' lang='lat' dir='ltr'><strong>suitque</strong></span> <span class='ocrx_word' id='word_1_144' title='bbox 2373 709 2501 762; x_wconf 88' lang='lat' dir='ltr'><strong>puer</strong></span> <span class='ocrx_word' id='word_1_145' title='bbox 2528 695 2599 750; x_wconf 88' lang='lat' dir='ltr'><strong>de</strong></span> <span class='ocrx_word' id='word_1_146' title='bbox 2624 695 2844 750; x_wconf 61' lang='lat' dir='ltr'><strong>domino</strong></span> <span class='ocrx_word' id='word_1_147' title='bbox 2864 711 2984 751; x_wconf 93' lang='lat' dir='ltr'><strong>suo.</strong></span> <span class='ocrx_word' id='word_1_148' title='bbox 3012 696 3110 751; x_wconf 90' lang='lat' dir='ltr'><strong>Cui</strong></span> <span class='ocrx_word' id='word_1_149' title='bbox 3133 698 3209 751; x_wconf 85' lang='lat' dir='ltr'><strong>ait</strong></span> <span class='ocrx_word' id='word_1_150' title='bbox 3237 699 3547 767; x_wconf 82' lang='lat' dir='ltr'><strong>presbyter:</strong></span> <span class='ocrx_word' id='word_1_151' title='bbox 3578 699 3723 754; x_wconf 75' lang='lat' dir='ltr'><strong>Vera</strong></span> 
     </span>
    </p>
   </div>
   <div class='ocr_carea' id='block_1_21' title="bbox 2136 779 3723 848">
    <p class='ocr_par' dir='ltr' id='par_1_21' title="bbox 2136 779 3723 848">
     <span class='ocr_line' id='line_1_21' title="bbox 2136 779 3723 848; baseline 0.003 -5"><span class='ocrx_word' id='word_1_152' title='bbox 2136 793 2221 843; x_wconf 82' lang='lat' dir='ltr'><strong>est</strong></span> <span class='ocrx_word' id='word_1_153' title='bbox 2246 786 2387 840; x_wconf 91' lang='lat' dir='ltr'><strong>enim</strong></span> <span class='ocrx_word' id='word_1_154' title='bbox 2419 788 2551 841; x_wconf 84' lang='lat' dir='ltr'><strong>visio</strong></span> <span class='ocrx_word' id='word_1_155' title='bbox 2580 804 2736 844; x_wconf 81' lang='lat' dir='ltr'><strong>mea:</strong></span> <span class='ocrx_word' id='word_1_156' title='bbox 2770 804 2892 843; x_wconf 91' lang='lat' dir='ltr'><strong>nam</strong></span> <span class='ocrx_word' id='word_1_157' title='bbox 2912 779 3166 845; x_wconf 38' lang='lat' dir='ltr'><strong>&#39;videbatn</strong></span> <span class='ocrx_word' id='word_1_158' title='bbox 3199 792 3332 847; x_wconf 65' lang='lat' dir='ltr'><strong>duis</strong></span> <span class='ocrx_word' id='word_1_159' title='bbox 3362 792 3417 845; x_wconf 91' lang='lat' dir='ltr'><strong>in</strong></span> <span class='ocrx_word' id='word_1_160' title='bbox 3442 793 3540 845; x_wconf 87' lang='lat' dir='ltr'><strong>bac</strong></span> <span class='ocrx_word' id='word_1_161' title='bbox 3561 802 3723 848; x_wconf 85' lang='lat' dir='ltr'><strong>nocte</strong></span> 
     </span>
    </p>
   </div>
   <div class='ocr_carea' id='block_1_22' title="bbox 2139 876 3721 951">
    <p class='ocr_par' dir='ltr' id='par_1_22' title="bbox 2139 876 3721 951">
     <span class='ocr_line' id='line_1_22' title="bbox 2139 876 3721 951; baseline 0.006 -22"><span class='ocrx_word' id='word_1_162' title='bbox 2139 876 2414 951; x_wconf 74' lang='lat' dir='ltr'><strong>columbas</strong></span> <span class='ocrx_word' id='word_1_163' title='bbox 2455 880 2734 944; x_wconf 82' lang='lat' dir='ltr'><strong>advolare.</strong></span> <span class='ocrx_word' id='word_1_164' title='bbox 2770 890 2825 935; x_wconf 89' lang='lat' dir='ltr'><strong>et</strong></span> <span class='ocrx_word' id='word_1_165' title='bbox 2851 882 3149 937; x_wconf 87' lang='lat' dir='ltr'><strong>consedere</strong></span> <span class='ocrx_word' id='word_1_166' title='bbox 3186 882 3241 936; x_wconf 90' lang='lat' dir='ltr'><strong>in</strong></span> <span class='ocrx_word' id='word_1_167' title='bbox 3272 898 3432 937; x_wconf 86' lang='lat' dir='ltr'><strong>manu</strong></span> <span class='ocrx_word' id='word_1_168' title='bbox 3462 900 3577 940; x_wconf 86' lang='lat' dir='ltr'><strong>mea</strong></span> <span class='ocrx_word' id='word_1_169' title='bbox 3602 925 3617 949; x_wconf 89' lang='lat'><strong>,</strong></span> <span class='ocrx_word' id='word_1_170' title='bbox 3636 900 3721 951; x_wconf 78' lang='lat' dir='ltr'><strong>ex</strong></span> 
     </span>
    </p>
   </div>
   <div class='ocr_carea' id='block_1_23' title="bbox 2143 970 3723 1045">
    <p class='ocr_par' dir='ltr' id='par_1_23' title="bbox 2143 970 3723 1045">
     <span class='ocr_line' id='line_1_23' title="bbox 2143 970 3723 1045; baseline 0.004 -22"><span class='ocrx_word' id='word_1_171' title='bbox 2143 970 2337 1041; x_wconf 88' lang='lat' dir='ltr'><strong>quibus</strong></span> <span class='ocrx_word' id='word_1_172' title='bbox 2371 976 2528 1045; x_wconf 68' lang='lat'><strong>122</strong></span> <span class='ocrx_word' id='word_1_173' title='bbox 2560 990 2662 1033; x_wconf 83' lang='lat' dir='ltr'><strong>una</strong></span> <span class='ocrx_word' id='word_1_174' title='bbox 2692 974 2833 1041; x_wconf 88' lang='lat' dir='ltr'><strong>alba,</strong></span> <span class='ocrx_word' id='word_1_175' title='bbox 2865 975 2967 1029; x_wconf 90' lang='lat' dir='ltr'><strong>alia</strong></span> <span class='ocrx_word' id='word_1_176' title='bbox 2996 986 3172 1030; x_wconf 90' lang='lat' dir='ltr'><strong>autem</strong></span> <span class='ocrx_word' id='word_1_177' title='bbox 3205 977 3354 1045; x_wconf 81' lang='lat' dir='ltr'><strong>nigra</strong></span> <span class='ocrx_word' id='word_1_178' title='bbox 3384 985 3525 1031; x_wconf 90' lang='lat' dir='ltr'><strong>erat.</strong></span> <span class='ocrx_word' id='word_1_179' title='bbox 3555 977 3723 1031; x_wconf 50' lang='lat' dir='ltr'><strong>Dixe«</strong></span> 
     </span>
    </p>
   </div>
   <div class='ocr_carea' id='block_1_24' title="bbox 2141 1067 3724 1139">
    <p class='ocr_par' dir='ltr' id='par_1_24' title="bbox 2141 1067 3724 1139">
     <span class='ocr_line' id='line_1_24' title="bbox 2141 1067 3724 1139; baseline 0.004 -22"><span class='ocrx_word' id='word_1_180' title='bbox 2141 1074 2372 1134; x_wconf 86' lang='lat' dir='ltr'><strong>runtque</strong></span> <span class='ocrx_word' id='word_1_181' title='bbox 2413 1068 2566 1136; x_wconf 66' lang='lat' dir='ltr'><strong>pueri</strong></span> <span class='ocrx_word' id='word_1_182' title='bbox 2613 1070 2927 1139; x_wconf 80' lang='lat' dir='ltr'><strong>presbytero</strong></span> <span class='ocrx_word' id='word_1_183' title='bbox 2956 1084 2975 1123; x_wconf 83' lang='lat'><strong>:</strong></span> <span class='ocrx_word' id='word_1_184' title='bbox 3010 1067 3284 1138; x_wconf 82' lang='lat' dir='ltr'><strong>Indulgcat</strong></span> <span class='ocrx_word' id='word_1_185' title='bbox 3329 1069 3585 1123; x_wconf 83' lang='lat' dir='ltr'><strong>Dominus</strong></span> <span class='ocrx_word' id='word_1_186' title='bbox 3623 1084 3724 1138; x_wconf 88' lang='lat' dir='ltr'><strong>pro</strong></span> 
     </span>
    </p>
   </div>
   <div class='ocr_carea' id='block_1_25' title="bbox 2142 1154 3727 1230">
    <p class='ocr_par' dir='ltr' id='par_1_25' title="bbox 2142 1154 3727 1230">
     <span class='ocr_line' id='line_1_25' title="bbox 2142 1154 3727 1230; baseline 0.003 -22"><span class='ocrx_word' id='word_1_187' title='bbox 2142 1154 2230 1209; x_wconf 89' lang='lat' dir='ltr'><strong>die</strong></span> <span class='ocrx_word' id='word_1_188' title='bbox 2254 1170 2353 1229; x_wconf 83' lang='lat' dir='ltr'><strong>sua</strong></span> <span class='ocrx_word' id='word_1_189' title='bbox 2378 1168 2560 1212; x_wconf 84' lang='lat' dir='ltr'><strong>sancta</strong></span> <span class='ocrx_word' id='word_1_190' title='bbox 2591 1168 2639 1211; x_wconf 73' lang='grc' dir='ltr'><strong>ε.</strong></span> <span class='ocrx_word' id='word_1_191' title='bbox 2671 1158 2800 1212; x_wconf 74' lang='lat' dir='ltr'><strong>Nam</strong></span> <span class='ocrx_word' id='word_1_192' title='bbox 2826 1173 2923 1214; x_wconf 87' lang='lat' dir='ltr'><strong>nos</strong></span> <span class='ocrx_word' id='word_1_193' title='bbox 2946 1174 3219 1229; x_wconf 83' lang='lat' dir='ltr'><strong>rogamus,</strong></span> <span class='ocrx_word' id='word_1_194' title='bbox 3248 1170 3302 1214; x_wconf 90' lang='lat' dir='ltr'><strong>ut</strong></span> <span class='ocrx_word' id='word_1_195' title='bbox 3324 1160 3529 1230; x_wconf 84' lang='lat' dir='ltr'><strong>aliquid</strong></span> <span class='ocrx_word' id='word_1_196' title='bbox 3552 1160 3727 1229; x_wconf 76' lang='lat' dir='ltr'><strong>victus</strong></span> 
     </span>
    </p>
   </div>
   <div class='ocr_carea' id='block_1_26' title="bbox 2144 1248 3725 1323">
    <p class='ocr_par' dir='ltr' id='par_1_26' title="bbox 2144 1248 3725 1323">
     <span class='ocr_line' id='line_1_26' title="bbox 2144 1248 3725 1323; baseline 0.007 -25"><span class='ocrx_word' id='word_1_197' title='bbox 2144 1248 2423 1317; x_wconf 65' lang='lat' dir='ltr'><strong>praebeas:</strong></span> <span class='ocrx_word' id='word_1_198' title='bbox 2456 1259 2638 1318; x_wconf 84' lang='lat' dir='ltr'><strong>quarta</strong></span> <span class='ocrx_word' id='word_1_199' title='bbox 2666 1252 2810 1319; x_wconf 84' lang='lat' dir='ltr'><strong>enim</strong></span> <span class='ocrx_word' id='word_1_200' title='bbox 2840 1252 3103 1307; x_wconf 86' lang='lat' dir='ltr'><strong>illucescit</strong></span> <span class='ocrx_word' id='word_1_201' title='bbox 3130 1252 3267 1318; x_wconf 88' lang='lat' dir='ltr'><strong>dies,</strong></span> <span class='ocrx_word' id='word_1_202' title='bbox 3297 1254 3437 1323; x_wconf 84' lang='lat' dir='ltr'><strong>quod</strong></span> <span class='ocrx_word' id='word_1_203' title='bbox 3470 1254 3598 1307; x_wconf 88' lang='lat' dir='ltr'><strong>nibil</strong></span> <span class='ocrx_word' id='word_1_204' title='bbox 3627 1269 3725 1323; x_wconf 87' lang='lat' dir='ltr'><strong>pa-</strong></span> 
     </span>
    </p>
   </div>
   <div class='ocr_carea' id='block_1_27' title="bbox 2143 1340 3721 1417">
    <p class='ocr_par' dir='ltr' id='par_1_27' title="bbox 2143 1340 3721 1417">
     <span class='ocr_line' id='line_1_27' title="bbox 2143 1340 3721 1417; baseline 0.006 -23"><span class='ocrx_word' id='word_1_205' title='bbox 2143 1340 2227 1413; x_wconf 77' lang='lat' dir='ltr'><strong>nis</strong></span> <span class='ocrx_word' id='word_1_206' title='bbox 2243 1342 2607 1413; x_wconf 88' lang='lat' dir='ltr'><strong>pulmentique</strong></span> <span class='ocrx_word' id='word_1_207' title='bbox 2629 1345 2977 1415; x_wconf 85' lang='lat' dir='ltr'><strong>gustavimus.</strong></span> <span class='ocrx_word' id='word_1_208' title='bbox 2995 1346 3290 1402; x_wconf 86' lang='lat' dir='ltr'><strong>Oceultatis</strong></span> <span class='ocrx_word' id='word_1_209' title='bbox 3316 1358 3493 1402; x_wconf 85' lang='lat' dir='ltr'><strong>autem</strong></span> <span class='ocrx_word' id='word_1_210' title='bbox 3518 1349 3721 1417; x_wconf 83' lang='lat' dir='ltr'><strong>pueris.</strong></span> 
     </span>
    </p>
   </div>
   <div class='ocr_carea' id='block_1_28' title="bbox 2145 1436 3725 1508">
    <p class='ocr_par' dir='ltr' id='par_1_28' title="bbox 2145 1436 3725 1508">
     <span class='ocr_line' id='line_1_28' title="bbox 2145 1436 3725 1508; baseline 0.008 -23"><span class='ocrx_word' id='word_1_211' title='bbox 2145 1436 2372 1503; x_wconf 72' lang='lat' dir='ltr'><strong>prtebuit</strong></span> <span class='ocrx_word' id='word_1_212' title='bbox 2413 1438 2491 1491; x_wconf 87' lang='lat' dir='ltr'><strong>eis</strong></span> <span class='ocrx_word' id='word_1_213' title='bbox 2530 1438 2760 1493; x_wconf 91' lang='lat' dir='ltr'><strong>infusum</strong></span> <span class='ocrx_word' id='word_1_214' title='bbox 2806 1453 2927 1493; x_wconf 90' lang='lat' dir='ltr'><strong>cum</strong></span> <span class='ocrx_word' id='word_1_215' title='bbox 2965 1439 3088 1494; x_wconf 79' lang='lat' dir='ltr'><strong>vino</strong></span> <span class='ocrx_word' id='word_1_216' title='bbox 3118 1454 3340 1508; x_wconf 84' lang='lat' dir='ltr'><strong>panem,</strong></span> <span class='ocrx_word' id='word_1_217' title='bbox 3387 1449 3442 1497; x_wconf 90' lang='lat' dir='ltr'><strong>et</strong></span> <span class='ocrx_word' id='word_1_218' title='bbox 3482 1441 3614 1494; x_wconf 90' lang='lat' dir='ltr'><strong>abiit</strong></span> <span class='ocrx_word' id='word_1_219' title='bbox 3655 1439 3725 1497; x_wconf 81' lang='lat' dir='ltr'><strong>ad</strong></span> 
     </span>
    </p>
   </div>
   <div class='ocr_carea' id='block_1_29' title="bbox 2147 1522 3724 1602">
    <p class='ocr_par' dir='ltr' id='par_1_29' title="bbox 2147 1522 3724 1602">
     <span class='ocr_line' id='line_1_29' title="bbox 2147 1522 3724 1602; baseline 0.007 -26"><span class='ocrx_word' id='word_1_220' title='bbox 2147 1522 2453 1586; x_wconf 66' lang='lat' dir='ltr'><strong>blatutinas.</strong></span> <span class='ocrx_word' id='word_1_221' title='bbox 2469 1524 2803 1596; x_wconf 89' lang='lat' dir='ltr'><strong>Secutusque</strong></span> <span class='ocrx_word' id='word_1_222' title='bbox 2825 1538 2909 1582; x_wconf 86' lang='lat' dir='ltr'><strong>est</strong></span> <span class='ocrx_word' id='word_1_223' title='bbox 2933 1537 2990 1583; x_wconf 92' lang='lat' dir='ltr'><strong>et</strong></span> <span class='ocrx_word' id='word_1_224' title='bbox 3016 1529 3295 1595; x_wconf 89' lang='lat' dir='ltr'><strong>barbarus,</strong></span> <span class='ocrx_word' id='word_1_225' title='bbox 3327 1530 3517 1593; x_wconf 88' lang='lat' dir='ltr'><strong>iterum</strong></span> <span class='ocrx_word' id='word_1_226' title='bbox 3547 1531 3724 1602; x_wconf 89' lang='lat' dir='ltr'><strong>inqui-</strong></span> 
     </span>
    </p>
   </div>
   <div class='ocr_carea' id='block_1_30' title="bbox 2144 1617 3725 1690">
    <p class='ocr_par' dir='ltr' id='par_1_30' title="bbox 2144 1617 3725 1690">
     <span class='ocr_line' id='line_1_30' title="bbox 2144 1617 3725 1690; baseline 0.006 -22"><span class='ocrx_word' id='word_1_227' title='bbox 2144 1629 2271 1670; x_wconf 85' lang='lat' dir='ltr'><strong>rens</strong></span> <span class='ocrx_word' id='word_1_228' title='bbox 2303 1630 2535 1683; x_wconf 87' lang='lat' dir='ltr'><strong>pueros:</strong></span> <span class='ocrx_word' id='word_1_229' title='bbox 2566 1617 2659 1671; x_wconf 89' lang='lat' dir='ltr'><strong>sed</strong></span> <span class='ocrx_word' id='word_1_230' title='bbox 2693 1617 2884 1671; x_wconf 89' lang='lat' dir='ltr'><strong>illusus</strong></span> <span class='ocrx_word' id='word_1_231' title='bbox 2914 1632 2944 1671; x_wconf 91' lang='lat' dir='ltr'><strong>a</strong></span> <span class='ocrx_word' id='word_1_232' title='bbox 2973 1619 3288 1689; x_wconf 82' lang='lat' dir='ltr'><strong>presbytero</strong></span> <span class='ocrx_word' id='word_1_233' title='bbox 3317 1635 3590 1690; x_wconf 82' lang='lat' dir='ltr'><strong>regressus</strong></span> <span class='ocrx_word' id='word_1_234' title='bbox 3616 1630 3725 1678; x_wconf 89' lang='lat' dir='ltr'><strong>est.</strong></span> 
     </span>
    </p>
   </div>
   <div class='ocr_carea' id='block_1_31' title="bbox 2145 1696 3723 1777">
    <p class='ocr_par' dir='ltr' id='par_1_31' title="bbox 2145 1696 3723 1777">
     <span class='ocr_line' id='line_1_31' title="bbox 2145 1696 3723 1777; baseline 0.005 -18"><span class='ocrx_word' id='word_1_235' title='bbox 2145 1702 2429 1777; x_wconf 86' lang='lat' dir='ltr'><strong>Presbyter</strong></span> <span class='ocrx_word' id='word_1_236' title='bbox 2453 1710 2595 1761; x_wconf 85' lang='lat' dir='ltr'><strong>enim</strong></span> <span class='ocrx_word' id='word_1_237' title='bbox 2624 1708 2913 1763; x_wconf 86' lang='lat' dir='ltr'><strong>amicitiam</strong></span> <span class='ocrx_word' id='word_1_238' title='bbox 2941 1725 3061 1764; x_wconf 92' lang='lat' dir='ltr'><strong>cum</strong></span> <span class='ocrx_word' id='word_1_239' title='bbox 3094 1696 3253 1765; x_wconf 87' lang='lat' dir='ltr'><strong>beato</strong></span> <span class='ocrx_word' id='word_1_240' title='bbox 3280 1711 3544 1777; x_wconf 78' lang='lat' dir='ltr'><strong>Gregorio</strong></span> <span class='ocrx_word' id='word_1_241' title='bbox 3583 1713 3723 1767; x_wconf 84' lang='lat' dir='ltr'><strong>anti-</strong></span> 
     </span>
    </p>
   </div>
   <div class='ocr_carea' id='block_1_32' title="bbox 2144 1728 3721 1870">
    <p class='ocr_par' dir='ltr' id='par_1_32' title="bbox 2144 1728 3721 1870">
     <span class='ocr_line' id='line_1_32' title="bbox 2145 1728 3721 1777; baseline 0.005 -18"><span class='ocrx_word' id='word_1_242' title='bbox 2145 1728 2429 1777; x_wconf 74' lang='lat' dir='ltr'><strong>rresuyter</strong></span> <span class='ocrx_word' id='word_1_243' title='bbox 2453 1728 2595 1761; x_wconf 72' lang='lat' dir='ltr'><strong>enim</strong></span> <span class='ocrx_word' id='word_1_244' title='bbox 2624 1728 2913 1763; x_wconf 77' lang='lat' dir='ltr'><strong>amicitiam</strong></span> <span class='ocrx_word' id='word_1_245' title='bbox 2941 1728 3061 1764; x_wconf 90' lang='lat' dir='ltr'><strong>cum</strong></span> <span class='ocrx_word' id='word_1_246' title='bbox 3094 1728 3253 1765; x_wconf 83' lang='lat' dir='ltr'><strong>beato</strong></span> <span class='ocrx_word' id='word_1_247' title='bbox 3280 1728 3387 1765; x_wconf 74' lang='lat' dir='ltr'><strong>ure</strong></span> <span class='ocrx_word' id='word_1_248' title='bbox 3427 1728 3544 1766; x_wconf 83' lang='lat' dir='ltr'><strong>orto</strong></span> <span class='ocrx_word' id='word_1_249' title='bbox 3583 1728 3721 1767; x_wconf 86' lang='lat' dir='ltr'><strong>anu-</strong></span> 
     </span>
     <span class='ocr_line' id='line_1_33' title="bbox 2144 1728 3721 1870; baseline 0.004 -21"><span class='ocrx_word' id='word_1_250' title='bbox 2144 1810 2306 1864; x_wconf 88' lang='lat' dir='ltr'><strong>quam</strong></span> <span class='ocrx_word' id='word_1_251' title='bbox 2333 1796 2581 1853; x_wconf 84' lang='lat' dir='ltr'><strong>habebat.</strong></span> <span class='ocrx_word' id='word_1_252' title='bbox 2613 1798 2763 1855; x_wconf 85' lang='lat' dir='ltr'><strong>&#39;l‘unc</strong></span> <span class='ocrx_word' id='word_1_253' title='bbox 2793 1800 3077 1870; x_wconf 87' lang='lat' dir='ltr'><strong>resumptis</strong></span> <span class='ocrx_word' id='word_1_254' title='bbox 3103 1801 3251 1869; x_wconf 89' lang='lat' dir='ltr'><strong>pueri</strong></span> <span class='ocrx_word' id='word_1_255' title='bbox 3279 1728 3440 1869; x_wconf 53' lang='lat' dir='ltr'><strong>cpufo</strong></span> <span class='ocrx_word' id='word_1_256' title='bbox 3467 1800 3674 1856; x_wconf 85' lang='lat' dir='ltr'><strong>viribus</strong></span> <span class='ocrx_word' id='word_1_257' title='bbox 3702 1841 3721 1868; x_wconf 92' lang='lat'><strong>,</strong></span> 
     </span>
    </p>
   </div>
   <div class='ocr_carea' id='block_1_33' title="bbox 461 1871 3722 1964">
    <p class='ocr_par' dir='ltr' id='par_1_33' title="bbox 461 1871 3722 1964">
     <span class='ocr_line' id='line_1_34' title="bbox 461 1871 3722 1964; baseline -0 -16"><span class='ocrx_word' id='word_1_258' title='bbox 461 1871 649 1963; x_wconf 70' lang='lat' dir='ltr'><strong>parum</strong></span> <span class='ocrx_word' id='word_1_259' title='bbox 673 1895 827 1964; x_wconf 84' lang='lat' dir='ltr'><strong>positi</strong></span> <span class='ocrx_word' id='word_1_260' title='bbox 859 1871 1069 1948; x_wconf 73' lang='lat' dir='ltr'><strong>amnem</strong></span> <span class='ocrx_word' id='word_1_261' title='bbox 1091 1935 1106 1957; x_wconf 91' lang='lat'><strong>,</strong></span> <span class='ocrx_word' id='word_1_262' title='bbox 1140 1893 1192 1948; x_wconf 91' lang='lat' dir='ltr'><strong>in</strong></span> <span class='ocrx_word' id='word_1_263' title='bbox 1222 1894 1530 1949; x_wconf 87' lang='lat' dir='ltr'><strong>ulteriorem</strong></span> <span class='ocrx_word' id='word_1_264' title='bbox 1577 1896 1781 1964; x_wconf 84' lang='lat' dir='ltr'><strong>egressi</strong></span> <span class='ocrx_word' id='word_1_265' title='bbox 1812 1902 1938 1947; x_wconf 90' lang='lat' dir='ltr'><strong>sunt</strong></span> <span class='ocrx_word' id='word_1_266' title='bbox 1966 1894 2041 1948; x_wconf 89' lang='lat' dir='ltr'><strong>ri-</strong></span> <span class='ocrx_word' id='word_1_267' title='bbox 2149 1902 2242 1956; x_wconf 83' lang='lat' dir='ltr'><strong>per</strong></span> <span class='ocrx_word' id='word_1_268' title='bbox 2270 1887 2405 1942; x_wconf 84' lang='lat' dir='ltr'><strong>duos</strong></span> <span class='ocrx_word' id='word_1_269' title='bbox 2433 1889 2549 1943; x_wconf 77' lang='lat' dir='ltr'><strong>dies</strong></span> <span class='ocrx_word' id='word_1_270' title='bbox 2576 1889 2627 1943; x_wconf 81' lang='lat' dir='ltr'><strong>in</strong></span> <span class='ocrx_word' id='word_1_271' title='bbox 2657 1890 2818 1945; x_wconf 90' lang='lat' dir='ltr'><strong>domo</strong></span> <span class='ocrx_word' id='word_1_272' title='bbox 2842 1891 3138 1963; x_wconf 83' lang='lat' dir='ltr'><strong>presbyteri</strong></span> <span class='ocrx_word' id='word_1_273' title='bbox 3160 1893 3722 1958; x_wconf 83' lang='lat' dir='ltr'><strong>commorantes,abs-</strong></span> 
     </span>
    </p>
   </div>
   <div class='ocr_carea' id='block_1_34' title="bbox 460 1988 2040 2057">
    <p class='ocr_par' dir='ltr' id='par_1_34' title="bbox 460 1988 2040 2057">
     <span class='ocr_line' id='line_1_35' title="bbox 460 1988 2040 2057; baseline -0.003 -12"><span class='ocrx_word' id='word_1_274' title='bbox 460 2004 601 2045; x_wconf 74' lang='lat' dir='ltr'><strong>tiam.</strong></span> <span class='ocrx_word' id='word_1_275' title='bbox 638 1988 705 2041; x_wconf 85' lang='lat' dir='ltr'><strong>Et</strong></span> <span class='ocrx_word' id='word_1_276' title='bbox 735 1990 871 2042; x_wconf 91' lang='lat' dir='ltr'><strong>inter</strong></span> <span class='ocrx_word' id='word_1_277' title='bbox 901 1988 1127 2042; x_wconf 79' lang='lat' dir='ltr'><strong>obseura</strong></span> <span class='ocrx_word' id='word_1_278' title='bbox 1160 1988 1333 2042; x_wconf 91' lang='lat' dir='ltr'><strong>noctis</strong></span> <span class='ocrx_word' id='word_1_279' title='bbox 1364 1988 1595 2057; x_wconf 62' lang='lat' dir='ltr'><strong>ingreSsi</strong></span> <span class='ocrx_word' id='word_1_280' title='bbox 1625 1989 1838 2054; x_wconf 88' lang='lat' dir='ltr'><strong>silvam,</strong></span> <span class='ocrx_word' id='word_1_281' title='bbox 1871 1988 2040 2041; x_wconf 78' lang='lat' dir='ltr'><strong>latue-</strong></span> 
     </span>
    </p>
   </div>
   <div class='ocr_carea' id='block_1_35' title="bbox 459 2077 2044 2155">
    <p class='ocr_par' dir='ltr' id='par_1_35' title="bbox 459 2077 2044 2155">
     <span class='ocr_line' id='line_1_36' title="bbox 459 2077 2044 2155; baseline 0 -22"><span class='ocrx_word' id='word_1_282' title='bbox 459 2089 602 2135; x_wconf 90' lang='lat' dir='ltr'><strong>runt.</strong></span> <span class='ocrx_word' id='word_1_283' title='bbox 623 2079 802 2133; x_wconf 80' lang='lat' dir='ltr'><strong>Tertia</strong></span> <span class='ocrx_word' id='word_1_284' title='bbox 824 2077 968 2134; x_wconf 89' lang='lat' dir='ltr'><strong>enim</strong></span> <span class='ocrx_word' id='word_1_285' title='bbox 997 2095 1100 2132; x_wconf 87' lang='lat' dir='ltr'><strong>nox</strong></span> <span class='ocrx_word' id='word_1_286' title='bbox 1134 2079 1447 2145; x_wconf 84' lang='lat' dir='ltr'><strong>advenerat,</strong></span> <span class='ocrx_word' id='word_1_287' title='bbox 1476 2079 1619 2149; x_wconf 90' lang='lat' dir='ltr'><strong>quod</strong></span> <span class='ocrx_word' id='word_1_288' title='bbox 1641 2079 1845 2133; x_wconf 89' lang='lat' dir='ltr'><strong>nullum</strong></span> <span class='ocrx_word' id='word_1_289' title='bbox 1864 2079 2044 2155; x_wconf 80' lang='lat' dir='ltr'><strong>cibum</strong></span> 
     </span>
    </p>
   </div>
   <div class='ocr_carea' id='block_1_36' title="bbox 461 2170 2046 2247">
    <p class='ocr_par' dir='ltr' id='par_1_36' title="bbox 461 2170 2046 2247">
     <span class='ocr_line' id='line_1_37' title="bbox 461 2170 2046 2247; baseline 0.002 -22"><span class='ocrx_word' id='word_1_290' title='bbox 461 2181 735 2243; x_wconf 73' lang='lat' dir='ltr'><strong>gustantes</strong></span> <span class='ocrx_word' id='word_1_291' title='bbox 758 2173 860 2225; x_wconf 90' lang='lat' dir='ltr'><strong>iter</strong></span> <span class='ocrx_word' id='word_1_292' title='bbox 878 2172 1141 2225; x_wconf 88' lang='lat' dir='ltr'><strong>terebant.</strong></span> <span class='ocrx_word' id='word_1_293' title='bbox 1162 2170 1312 2225; x_wconf 88' lang='lat' dir='ltr'><strong>Tunc</strong></span> <span class='ocrx_word' id='word_1_294' title='bbox 1335 2181 1464 2225; x_wconf 91' lang='lat' dir='ltr'><strong>nutu</strong></span> <span class='ocrx_word' id='word_1_295' title='bbox 1491 2172 1580 2226; x_wconf 87' lang='lat' dir='ltr'><strong>Dei</strong></span> <span class='ocrx_word' id='word_1_296' title='bbox 1614 2181 1826 2241; x_wconf 89' lang='lat' dir='ltr'><strong>reperta</strong></span> <span class='ocrx_word' id='word_1_297' title='bbox 1851 2171 2046 2247; x_wconf 84' lang='lat' dir='ltr'><strong>arbore</strong></span> 
     </span>
    </p>
   </div>
   <div class='ocr_carea' id='block_1_37' title="bbox 465 2266 2046 2335">
    <p class='ocr_par' dir='ltr' id='par_1_37' title="bbox 465 2266 2046 2335">
     <span class='ocr_line' id='line_1_38' title="bbox 465 2266 2046 2335; baseline 0.005 -20"><span class='ocrx_word' id='word_1_298' title='bbox 465 2267 622 2333; x_wconf 79' lang='lat' dir='ltr'><strong>plena</strong></span> <span class='ocrx_word' id='word_1_299' title='bbox 652 2266 826 2334; x_wconf 89' lang='lat' dir='ltr'><strong>pomis</strong></span> <span class='ocrx_word' id='word_1_300' title='bbox 851 2306 867 2332; x_wconf 92' lang='lat'><strong>,</strong></span> <span class='ocrx_word' id='word_1_301' title='bbox 908 2280 1067 2335; x_wconf 89' lang='lat' dir='ltr'><strong>quam</strong></span> <span class='ocrx_word' id='word_1_302' title='bbox 1098 2266 1255 2334; x_wconf 84' lang='lat' dir='ltr'><strong>vulgo</strong></span> <span class='ocrx_word' id='word_1_303' title='bbox 1292 2282 1519 2335; x_wconf 75' lang='lat' dir='ltr'><strong>primum</strong></span> <span class='ocrx_word' id='word_1_304' title='bbox 1549 2276 1571 2304; x_wconf 72' lang='grc' dir='ltr'>ε</span> <span class='ocrx_word' id='word_1_305' title='bbox 1600 2279 1833 2331; x_wconf 88' lang='lat' dir='ltr'><strong>vocant,</strong></span> <span class='ocrx_word' id='word_1_306' title='bbox 1864 2282 2046 2323; x_wconf 86' lang='lat' dir='ltr'><strong>come-</strong></span> 
     </span>
    </p>
   </div>
   <div class='ocr_carea' id='block_1_38' title="bbox 461 2357 2049 2429">
    <p class='ocr_par' dir='ltr' id='par_1_38' title="bbox 461 2357 2049 2429">
     <span class='ocr_line' id='line_1_39' title="bbox 461 2357 2049 2429; baseline 0.002 -17"><span class='ocrx_word' id='word_1_307' title='bbox 461 2359 628 2422; x_wconf 90' lang='lat' dir='ltr'><strong>dunt;</strong></span> <span class='ocrx_word' id='word_1_308' title='bbox 662 2368 716 2412; x_wconf 92' lang='lat' dir='ltr'><strong>et</strong></span> <span class='ocrx_word' id='word_1_309' title='bbox 742 2373 1029 2427; x_wconf 87' lang='lat' dir='ltr'><strong>parumper</strong></span> <span class='ocrx_word' id='word_1_310' title='bbox 1057 2361 1340 2413; x_wconf 88' lang='lat' dir='ltr'><strong>sustentati</strong></span> <span class='ocrx_word' id='word_1_311' title='bbox 1375 2360 1597 2429; x_wconf 86' lang='lat' dir='ltr'><strong>ingressi</strong></span> <span class='ocrx_word' id='word_1_312' title='bbox 1626 2370 1751 2415; x_wconf 90' lang='lat' dir='ltr'><strong>sunt</strong></span> <span class='ocrx_word' id='word_1_313' title='bbox 1780 2359 1883 2415; x_wconf 88' lang='lat' dir='ltr'><strong>iter</strong></span> <span class='ocrx_word' id='word_1_314' title='bbox 1903 2357 2049 2415; x_wconf 89' lang='lat' dir='ltr'><strong>Cam-</strong></span> 
     </span>
    </p>
   </div>
   <div class='ocr_carea' id='block_1_39' title="bbox 465 2450 2045 2523">
    <p class='ocr_par' dir='ltr' id='par_1_39' title="bbox 465 2450 2045 2523">
     <span class='ocr_line' id='line_1_40' title="bbox 465 2450 2045 2523; baseline 0.006 -24"><span class='ocrx_word' id='word_1_315' title='bbox 465 2450 637 2519; x_wconf 79' lang='lat' dir='ltr'><strong>paniae</strong></span> <span class='ocrx_word' id='word_1_316' title='bbox 682 2467 695 2504; x_wconf 90' lang='lat'><strong>:</strong></span> <span class='ocrx_word' id='word_1_317' title='bbox 747 2452 944 2521; x_wconf 89' lang='lat' dir='ltr'><strong>quibus</strong></span> <span class='ocrx_word' id='word_1_318' title='bbox 1001 2451 1383 2521; x_wconf 80' lang='lat' dir='ltr'><strong>pergentibus,</strong></span> <span class='ocrx_word' id='word_1_319' title='bbox 1438 2454 1660 2507; x_wconf 88' lang='lat' dir='ltr'><strong>audiunt</strong></span> <span class='ocrx_word' id='word_1_320' title='bbox 1736 2454 2045 2523; x_wconf 89' lang='lat' dir='ltr'><strong>pedibulum</strong></span> 
     </span>
    </p>
   </div>
   <div class='ocr_carea' id='block_1_40' title="bbox 461 2524 2047 2614">
    <p class='ocr_par' dir='ltr' id='par_1_40' title="bbox 461 2524 2047 2614">
     <span class='ocr_line' id='line_1_41' title="bbox 461 2524 2047 2614; baseline 0.003 -18"><span class='ocrx_word' id='word_1_321' title='bbox 461 2524 703 2607; x_wconf 81' lang='lat' dir='ltr'><strong>emitum</strong></span> <span class='ocrx_word' id='word_1_322' title='bbox 749 2545 1118 2612; x_wconf 86' lang='lat' dir='ltr'><strong>currentium,</strong></span> <span class='ocrx_word' id='word_1_323' title='bbox 1163 2545 1529 2614; x_wconf 81' lang='lat' dir='ltr'><strong>dixeruntque</strong></span> <span class='ocrx_word' id='word_1_324' title='bbox 1566 2562 1584 2603; x_wconf 84' lang='lat'><strong>:</strong></span> <span class='ocrx_word' id='word_1_325' title='bbox 1635 2546 2047 2602; x_wconf 84' lang='lat' dir='ltr'><strong>Prosternamur</strong></span> 
     </span>
    </p>
   </div>
   <div class='ocr_carea' id='block_1_41' title="bbox 462 2636 2043 2703">
    <p class='ocr_par' dir='ltr' id='par_1_41' title="bbox 462 2636 2043 2703">
     <span class='ocr_line' id='line_1_42' title="bbox 462 2636 2043 2703; baseline 0.003 -16"><span class='ocrx_word' id='word_1_326' title='bbox 462 2644 655 2701; x_wconf 74' lang='lat' dir='ltr'><strong>terrm,</strong></span> <span class='ocrx_word' id='word_1_327' title='bbox 701 2648 767 2686; x_wconf 88' lang='lat' dir='ltr'><strong>ne</strong></span> <span class='ocrx_word' id='word_1_328' title='bbox 807 2649 1161 2703; x_wconf 85' lang='lat' dir='ltr'><strong>appareamus</strong></span> <span class='ocrx_word' id='word_1_329' title='bbox 1212 2636 1522 2690; x_wconf 85' lang='lat' dir='ltr'><strong>hominibus</strong></span> <span class='ocrx_word' id='word_1_330' title='bbox 1565 2636 1931 2693; x_wconf 84' lang='lat' dir='ltr'><strong>venientibus.</strong></span> <span class='ocrx_word' id='word_1_331' title='bbox 1977 2638 2043 2691; x_wconf 81' lang='lat' dir='ltr'><strong>Et</strong></span> 
     </span>
    </p>
   </div>
   <div class='ocr_carea' id='block_1_42' title="bbox 459 2725 2044 2801">
    <p class='ocr_par' dir='ltr' id='par_1_42' title="bbox 459 2725 2044 2801">
     <span class='ocr_line' id='line_1_43' title="bbox 459 2725 2044 2801; baseline 0.004 -23"><span class='ocrx_word' id='word_1_332' title='bbox 459 2740 587 2778; x_wconf 78' lang='lat' dir='ltr'><strong>ecce</strong></span> <span class='ocrx_word' id='word_1_333' title='bbox 616 2740 680 2778; x_wconf 83' lang='lat' dir='ltr'><strong>ex</strong></span> <span class='ocrx_word' id='word_1_334' title='bbox 713 2725 1004 2793; x_wconf 83' lang='lat' dir='ltr'><strong>improviso</strong></span> <span class='ocrx_word' id='word_1_335' title='bbox 1033 2726 1197 2793; x_wconf 90' lang='lat' dir='ltr'><strong>stirps</strong></span> <span class='ocrx_word' id='word_1_336' title='bbox 1242 2728 1357 2782; x_wconf 90' lang='lat' dir='ltr'><strong>rubi</strong></span> <span class='ocrx_word' id='word_1_337' title='bbox 1390 2743 1613 2796; x_wconf 84' lang='lat' dir='ltr'><strong>magnus</strong></span> <span class='ocrx_word' id='word_1_338' title='bbox 1659 2728 1873 2801; x_wconf 79' lang='lat' dir='ltr'><strong>adfuit,</strong></span> <span class='ocrx_word' id='word_1_339' title='bbox 1925 2737 2044 2799; x_wconf 86' lang='lat' dir='ltr'><strong>post</strong></span> 
     </span>
    </p>
   </div>
   <div class='ocr_carea' id='block_1_43' title="bbox 459 2816 2046 2890">
    <p class='ocr_par' dir='ltr' id='par_1_43' title="bbox 459 2816 2046 2890">
     <span class='ocr_line' id='line_1_44' title="bbox 459 2816 2046 2890; baseline 0.006 -24"><span class='ocrx_word' id='word_1_340' title='bbox 459 2831 625 2886; x_wconf 84' lang='lat' dir='ltr'><strong>quem</strong></span> <span class='ocrx_word' id='word_1_341' title='bbox 654 2825 990 2871; x_wconf 85' lang='lat' dir='ltr'><strong>transeuntes</strong></span> <span class='ocrx_word' id='word_1_342' title='bbox 1009 2856 1025 2882; x_wconf 91' lang='lat'><strong>,</strong></span> <span class='ocrx_word' id='word_1_343' title='bbox 1053 2816 1396 2887; x_wconf 74' lang='lat' dir='ltr'><strong>proiecerunt</strong></span> <span class='ocrx_word' id='word_1_344' title='bbox 1421 2833 1481 2874; x_wconf 89' lang='lat' dir='ltr'><strong>se</strong></span> <span class='ocrx_word' id='word_1_345' title='bbox 1510 2829 1669 2875; x_wconf 70' lang='lat' dir='ltr'><strong>terra:</strong></span> <span class='ocrx_word' id='word_1_346' title='bbox 1695 2835 1814 2875; x_wconf 89' lang='lat' dir='ltr'><strong>cum</strong></span> <span class='ocrx_word' id='word_1_347' title='bbox 1854 2821 2046 2890; x_wconf 80' lang='lat' dir='ltr'><strong>gladiis</strong></span> 
     </span>
    </p>
   </div>
   <div class='ocr_carea' id='block_1_44' title="bbox 462 2908 2045 2989">
    <p class='ocr_par' dir='ltr' id='par_1_44' title="bbox 462 2908 2045 2989">
     <span class='ocr_line' id='line_1_45' title="bbox 462 2908 2045 2989; baseline 0.008 -31"><span class='ocrx_word' id='word_1_348' title='bbox 462 2908 754 2989; x_wconf 80' lang='lat' dir='ltr'><strong>evaginatis</strong></span> <span class='ocrx_word' id='word_1_349' title='bbox 773 2949 790 2976; x_wconf 91' lang='lat'><strong>,</strong></span> <span class='ocrx_word' id='word_1_350' title='bbox 817 2909 1024 2964; x_wconf 88' lang='lat' dir='ltr'><strong>scilicet</strong></span> <span class='ocrx_word' id='word_1_351' title='bbox 1051 2919 1108 2965; x_wconf 90' lang='lat' dir='ltr'><strong>ut</strong></span> <span class='ocrx_word' id='word_1_352' title='bbox 1134 2911 1180 2965; x_wconf 91' lang='lat' dir='ltr'><strong>si</strong></span> <span class='ocrx_word' id='word_1_353' title='bbox 1210 2911 1640 2982; x_wconf 78' lang='lat' dir='ltr'><strong>adverterentur,</strong></span> <span class='ocrx_word' id='word_1_354' title='bbox 1670 2912 1957 2969; x_wconf 72' lang='lat' dir='ltr'><strong>confestim</strong></span> <span class='ocrx_word' id='word_1_355' title='bbox 1983 2930 2045 2971; x_wconf 89' lang='lat' dir='ltr'><strong>se</strong></span> 
     </span>
    </p>
   </div>
   <div class='ocr_carea' id='block_1_45' title="bbox 462 2998 2044 3068">
    <p class='ocr_par' dir='ltr' id='par_1_45' title="bbox 462 2998 2044 3068">
     <span class='ocr_line' id='line_1_46' title="bbox 462 2998 2044 3068; baseline 0.006 -19"><span class='ocrx_word' id='word_1_356' title='bbox 462 2998 613 3067; x_wconf 86' lang='lat' dir='ltr'><strong>quasi</strong></span> <span class='ocrx_word' id='word_1_357' title='bbox 658 2999 725 3053; x_wconf 91' lang='lat' dir='ltr'><strong>ab</strong></span> <span class='ocrx_word' id='word_1_358' title='bbox 772 3001 1032 3068; x_wconf 86' lang='lat' dir='ltr'><strong>improbis</strong></span> <span class='ocrx_word' id='word_1_359' title='bbox 1066 3000 1268 3058; x_wconf 79' lang='lat' dir='ltr'><strong>framea</strong></span> <span class='ocrx_word' id='word_1_360' title='bbox 1296 3001 1323 3039; x_wconf 73' lang='grc' dir='ltr'><strong>(ι</strong></span> <span class='ocrx_word' id='word_1_361' title='bbox 1353 3003 1740 3060; x_wconf 86' lang='lat' dir='ltr'><strong>defensarent:</strong></span> <span class='ocrx_word' id='word_1_362' title='bbox 1772 3014 2044 3060; x_wconf 85' lang='lat' dir='ltr'><strong>verumta-</strong></span> 
     </span>
    </p>
   </div>
   <div class='ocr_carea' id='block_1_46' title="bbox 460 3074 2044 3166">
    <p class='ocr_par' dir='ltr' id='par_1_46' title="bbox 460 3074 2044 3166">
     <span class='ocr_line' id='line_1_47' title="bbox 460 3074 2044 3166; baseline 0.005 -24"><span class='ocrx_word' id='word_1_363' title='bbox 460 3074 584 3142; x_wconf 85' lang='lat' dir='ltr'><strong>men</strong></span> <span class='ocrx_word' id='word_1_364' title='bbox 617 3104 736 3144; x_wconf 88' lang='lat' dir='ltr'><strong>cum</strong></span> <span class='ocrx_word' id='word_1_365' title='bbox 769 3091 1041 3146; x_wconf 80' lang='lat' dir='ltr'><strong>venissent</strong></span> <span class='ocrx_word' id='word_1_366' title='bbox 1069 3093 1123 3147; x_wconf 90' lang='lat' dir='ltr'><strong>in</strong></span> <span class='ocrx_word' id='word_1_367' title='bbox 1155 3092 1326 3148; x_wconf 90' lang='lat' dir='ltr'><strong>locum</strong></span> <span class='ocrx_word' id='word_1_368' title='bbox 1358 3094 1507 3148; x_wconf 89' lang='lat' dir='ltr'><strong>illum</strong></span> <span class='ocrx_word' id='word_1_369' title='bbox 1535 3110 1717 3149; x_wconf 91' lang='lat' dir='ltr'><strong>coram</strong></span> <span class='ocrx_word' id='word_1_370' title='bbox 1741 3096 1911 3163; x_wconf 84' lang='lat' dir='ltr'><strong>stirpe</strong></span> <span class='ocrx_word' id='word_1_371' title='bbox 1934 3097 2044 3166; x_wconf 91' lang='lat' dir='ltr'><strong>spi-</strong></span> 
     </span>
    </p>
   </div>
   <div class='ocr_carea' id='block_1_47' title="bbox 464 3181 2042 3256">
    <p class='ocr_par' dir='ltr' id='par_1_47' title="bbox 464 3181 2042 3256">
     <span class='ocr_line' id='line_1_48' title="bbox 464 3181 2042 3256; baseline 0.005 -23"><span class='ocrx_word' id='word_1_372' title='bbox 464 3195 567 3250; x_wconf 86' lang='lat' dir='ltr'><strong>neo</strong></span> <span class='ocrx_word' id='word_1_373' title='bbox 616 3181 960 3246; x_wconf 88' lang='lat' dir='ltr'><strong>restiterunt;</strong></span> <span class='ocrx_word' id='word_1_374' title='bbox 1010 3182 1249 3252; x_wconf 83' lang='lat' dir='ltr'><strong>dixitque</strong></span> <span class='ocrx_word' id='word_1_375' title='bbox 1288 3200 1454 3251; x_wconf 85' lang='lat' dir='ltr'><strong>unus,</strong></span> <span class='ocrx_word' id='word_1_376' title='bbox 1495 3185 1621 3240; x_wconf 92' lang='lat' dir='ltr'><strong>dum</strong></span> <span class='ocrx_word' id='word_1_377' title='bbox 1664 3188 1785 3256; x_wconf 90' lang='lat' dir='ltr'><strong>equi</strong></span> <span class='ocrx_word' id='word_1_378' title='bbox 1834 3187 2042 3241; x_wconf 83' lang='lat' dir='ltr'><strong>urinam</strong></span> 
     </span>
    </p>
   </div>
   <div class='ocr_carea' id='block_1_48' title="bbox 463 3246 2123 3351">
    <p class='ocr_par' dir='ltr' id='par_1_48' title="bbox 463 3246 2123 3351">
     <span class='ocr_line' id='line_1_49' title="bbox 463 3246 2123 3351; baseline 0.007 -26"><span class='ocrx_word' id='word_1_379' title='bbox 463 3246 823 3351; x_wconf 79' lang='lat' dir='ltr'><strong>projicereut:</strong></span> <span class='ocrx_word' id='word_1_380' title='bbox 858 3273 948 3330; x_wconf 74' lang='lat' dir='ltr'><strong>Va:</strong></span> <span class='ocrx_word' id='word_1_381' title='bbox 976 3275 1105 3330; x_wconf 86' lang='lat' dir='ltr'><strong>mihi</strong></span> <span class='ocrx_word' id='word_1_382' title='bbox 1128 3246 1296 3347; x_wconf 28' lang='lat' dir='ltr'><strong>{quia</strong></span> <span class='ocrx_word' id='word_1_383' title='bbox 1329 3246 1536 3349; x_wconf 75' lang='lat' dir='ltr'><strong>fugiunt</strong></span> <span class='ocrx_word' id='word_1_384' title='bbox 1577 3278 1629 3333; x_wconf 81' lang='lat' dir='ltr'><strong>lii</strong></span> <span class='ocrx_word' id='word_1_385' title='bbox 1658 3246 2040 3349; x_wconf 79' lang='lat' dir='ltr'><strong>detestabiles,</strong></span> <span class='ocrx_word' id='word_1_386' title='bbox 2068 3246 2123 3314; x_wconf 58' lang='grc' dir='ltr'><strong>δ</strong></span> 
     </span>
    </p>
   </div>
   <div class='ocr_carea' id='block_1_49' title="bbox 462 3365 2042 3436">
    <p class='ocr_par' dir='ltr' id='par_1_49' title="bbox 462 3365 2042 3436">
     <span class='ocr_line' id='line_1_50' title="bbox 462 3365 2042 3436; baseline 0.004 -18"><span class='ocrx_word' id='word_1_387' title='bbox 462 3380 561 3418; x_wconf 74' lang='grc' dir='ltr'><strong>ηιξο</strong></span> <span class='ocrx_word' id='word_1_388' title='bbox 590 3365 811 3433; x_wconf 85' lang='lat' dir='ltr'><strong>reperiri</strong></span> <span class='ocrx_word' id='word_1_389' title='bbox 839 3373 1096 3434; x_wconf 86' lang='lat' dir='ltr'><strong>possunt:</strong></span> <span class='ocrx_word' id='word_1_390' title='bbox 1121 3382 1308 3421; x_wconf 90' lang='lat' dir='ltr'><strong>verum</strong></span> <span class='ocrx_word' id='word_1_391' title='bbox 1335 3367 1453 3422; x_wconf 91' lang='lat' dir='ltr'><strong>dico</strong></span> <span class='ocrx_word' id='word_1_392' title='bbox 1478 3382 1570 3436; x_wconf 92' lang='lat' dir='ltr'><strong>per</strong></span> <span class='ocrx_word' id='word_1_393' title='bbox 1589 3369 1818 3424; x_wconf 88' lang='lat' dir='ltr'><strong>salutem</strong></span> <span class='ocrx_word' id='word_1_394' title='bbox 1842 3387 2042 3436; x_wconf 87' lang='lat' dir='ltr'><strong>meam,</strong></span> 
     </span>
    </p>
   </div>
   <div class='ocr_carea' id='block_1_50' title="bbox 462 3439 2046 3529">
    <p class='ocr_par' dir='ltr' id='par_1_50' title="bbox 462 3439 2046 3529">
     <span class='ocr_line' id='line_1_51' title="bbox 462 3439 2046 3529; baseline 0.007 -22"><span class='ocrx_word' id='word_1_395' title='bbox 462 3439 584 3524; x_wconf 82' lang='lat' dir='ltr'><strong>quia</strong></span> <span class='ocrx_word' id='word_1_396' title='bbox 613 3459 658 3513; x_wconf 89' lang='lat' dir='ltr'><strong>si</strong></span> <span class='ocrx_word' id='word_1_397' title='bbox 686 3458 1069 3524; x_wconf 88' lang='lat' dir='ltr'><strong>invenirentur,</strong></span> <span class='ocrx_word' id='word_1_398' title='bbox 1104 3475 1265 3512; x_wconf 91' lang='lat' dir='ltr'><strong>unum</strong></span> <span class='ocrx_word' id='word_1_399' title='bbox 1295 3459 1534 3529; x_wconf 89' lang='lat' dir='ltr'><strong>patibulo</strong></span> <span class='ocrx_word' id='word_1_400' title='bbox 1575 3462 1955 3528; x_wconf 80' lang='lat' dir='ltr'><strong>condemnari,</strong></span> <span class='ocrx_word' id='word_1_401' title='bbox 1992 3472 2046 3518; x_wconf 91' lang='lat' dir='ltr'><strong>ct</strong></span> 
     </span>
    </p>
   </div>
   <div class='ocr_carea' id='block_1_51' title="bbox 462 3548 2042 3622">
    <p class='ocr_par' dir='ltr' id='par_1_51' title="bbox 462 3548 2042 3622">
     <span class='ocr_line' id='line_1_52' title="bbox 462 3548 2042 3622; baseline 0.004 -21"><span class='ocrx_word' id='word_1_402' title='bbox 462 3550 625 3602; x_wconf 88' lang='lat' dir='ltr'><strong>aliutn</strong></span> <span class='ocrx_word' id='word_1_403' title='bbox 656 3548 954 3620; x_wconf 81' lang='lat' dir='ltr'><strong>gladiorum</strong></span> <span class='ocrx_word' id='word_1_404' title='bbox 1005 3549 1195 3603; x_wconf 88' lang='lat' dir='ltr'><strong>ietibus</strong></span> <span class='ocrx_word' id='word_1_405' title='bbox 1228 3551 1279 3604; x_wconf 91' lang='lat' dir='ltr'><strong>in</strong></span> <span class='ocrx_word' id='word_1_406' title='bbox 1306 3551 1472 3604; x_wconf 85' lang='lat' dir='ltr'><strong>frusta</strong></span> <span class='ocrx_word' id='word_1_407' title='bbox 1500 3550 1731 3621; x_wconf 82' lang='lat' dir='ltr'><strong>discerpi</strong></span> <span class='ocrx_word' id='word_1_408' title='bbox 1775 3551 2042 3622; x_wconf 86' lang='lat' dir='ltr'><strong>juberem.</strong></span> 
     </span>
    </p>
   </div>
   <div class='ocr_carea' id='block_1_52' title="bbox 466 3638 2039 3711">
    <p class='ocr_par' dir='ltr' id='par_1_52' title="bbox 466 3638 2039 3711">
     <span class='ocr_line' id='line_1_53' title="bbox 466 3638 2039 3711; baseline 0.004 -18"><span class='ocrx_word' id='word_1_409' title='bbox 466 3641 592 3693; x_wconf 74' lang='lat' dir='ltr'><strong>Erat</strong></span> <span class='ocrx_word' id='word_1_410' title='bbox 638 3640 783 3694; x_wconf 90' lang='lat' dir='ltr'><strong>enim</strong></span> <span class='ocrx_word' id='word_1_411' title='bbox 833 3638 1091 3694; x_wconf 83' lang='lat' dir='ltr'><strong>barbarus</strong></span> <span class='ocrx_word' id='word_1_412' title='bbox 1140 3639 1233 3696; x_wconf 92' lang='lat' dir='ltr'><strong>ille</strong></span> <span class='ocrx_word' id='word_1_413' title='bbox 1261 3641 1352 3710; x_wconf 92' lang='lat' dir='ltr'><strong>qui</strong></span> <span class='ocrx_word' id='word_1_414' title='bbox 1400 3640 1515 3697; x_wconf 66' lang='lat' dir='ltr'><strong>lucc</strong></span> <span class='ocrx_word' id='word_1_415' title='bbox 1548 3642 1756 3711; x_wconf 85' lang='lat' dir='ltr'><strong>aiebat,</strong></span> <span class='ocrx_word' id='word_1_416' title='bbox 1788 3644 2039 3700; x_wconf 83' lang='lat' dir='ltr'><strong>dominus</strong></span> 
     </span>
    </p>
   </div>
   <div class='ocr_carea' id='block_1_53' title="bbox 463 3730 2043 3804">
    <p class='ocr_par' dir='ltr' id='par_1_53' title="bbox 463 3730 2043 3804">
     <span class='ocr_line' id='line_1_54' title="bbox 463 3730 2043 3804; baseline 0.004 -19"><span class='ocrx_word' id='word_1_417' title='bbox 463 3747 672 3796; x_wconf 12' lang='lat' dir='ltr'><strong>esu-um,</strong></span> <span class='ocrx_word' id='word_1_418' title='bbox 696 3730 764 3786; x_wconf 91' lang='lat' dir='ltr'><strong>de</strong></span> <span class='ocrx_word' id='word_1_419' title='bbox 786 3730 1072 3787; x_wconf 78' lang='lat' dir='ltr'><strong>llltemensi</strong></span> <span class='ocrx_word' id='word_1_420' title='bbox 1097 3733 1228 3788; x_wconf 90' lang='lat' dir='ltr'><strong>urbe</strong></span> <span class='ocrx_word' id='word_1_421' title='bbox 1247 3735 1493 3799; x_wconf 90' lang='lat' dir='ltr'><strong>veniens,</strong></span> <span class='ocrx_word' id='word_1_422' title='bbox 1520 3743 1574 3788; x_wconf 90' lang='lat' dir='ltr'><strong>et</strong></span> <span class='ocrx_word' id='word_1_423' title='bbox 1603 3733 1700 3789; x_wconf 92' lang='lat' dir='ltr'><strong>hos</strong></span> <span class='ocrx_word' id='word_1_424' title='bbox 1732 3736 2043 3804; x_wconf 85' lang='lat' dir='ltr'><strong>inquirens:</strong></span> 
     </span>
    </p>
   </div>
   <div class='ocr_carea' id='block_1_54' title="bbox 462 3806 2042 3894">
    <p class='ocr_par' dir='ltr' id='par_1_54' title="bbox 462 3806 2042 3894">
     <span class='ocr_line' id='line_1_55' title="bbox 462 3806 2042 3894; baseline 0.003 -17"><span class='ocrx_word' id='word_1_425' title='bbox 462 3806 519 3889; x_wconf 73' lang='lat' dir='ltr'><strong>et</strong></span> <span class='ocrx_word' id='word_1_426' title='bbox 573 3825 859 3891; x_wconf 89' lang='lat' dir='ltr'><strong>reperisset</strong></span> <span class='ocrx_word' id='word_1_427' title='bbox 903 3823 1086 3894; x_wconf 88' lang='lat' dir='ltr'><strong>utique</strong></span> <span class='ocrx_word' id='word_1_428' title='bbox 1122 3825 1172 3878; x_wconf 93' lang='lat' dir='ltr'><strong>in</strong></span> <span class='ocrx_word' id='word_1_429' title='bbox 1206 3825 1324 3892; x_wconf 89' lang='lat' dir='ltr'><strong>via,</strong></span> <span class='ocrx_word' id='word_1_430' title='bbox 1359 3823 1400 3879; x_wconf 92' lang='lat' dir='ltr'><strong>si</strong></span> <span class='ocrx_word' id='word_1_431' title='bbox 1428 3840 1533 3879; x_wconf 86' lang='lat' dir='ltr'><strong>nox</strong></span> <span class='ocrx_word' id='word_1_432' title='bbox 1568 3825 1904 3881; x_wconf 89' lang='lat' dir='ltr'><strong>obstaculum</strong></span> <span class='ocrx_word' id='word_1_433' title='bbox 1935 3844 2042 3882; x_wconf 88' lang='lat' dir='ltr'><strong>non</strong></span> 
     </span>
    </p>
   </div>
   <div class='ocr_carea' id='block_1_55' title="bbox 466 3915 2044 3990">
    <p class='ocr_par' dir='ltr' id='par_1_55' title="bbox 466 3915 2044 3990">
     <span class='ocr_line' id='line_1_56' title="bbox 466 3915 2044 3990; baseline 0.005 -21"><span class='ocrx_word' id='word_1_434' title='bbox 466 3915 801 3986; x_wconf 81' lang='lat' dir='ltr'><strong>praebuisset.</strong></span> <span class='ocrx_word' id='word_1_435' title='bbox 820 3916 967 3970; x_wconf 83' lang='lat' dir='ltr'><strong>Tunc</strong></span> <span class='ocrx_word' id='word_1_436' title='bbox 990 3916 1148 3970; x_wconf 89' lang='lat' dir='ltr'><strong>motis</strong></span> <span class='ocrx_word' id='word_1_437' title='bbox 1165 3916 1432 3984; x_wconf 89' lang='lat' dir='ltr'><strong>equitibus</strong></span> <span class='ocrx_word' id='word_1_438' title='bbox 1451 3916 1647 3990; x_wconf 81' lang='lat' dir='ltr'><strong>[equis]</strong></span> <span class='ocrx_word' id='word_1_439' title='bbox 1659 3918 2044 3977; x_wconf 89' lang='lat' dir='ltr'><strong>discesserunt.</strong></span> 
     </span>
    </p>
   </div>
   <div class='ocr_carea' id='block_1_56' title="bbox 464 4009 2048 4083">
    <p class='ocr_par' dir='ltr' id='par_1_56' title="bbox 464 4009 2048 4083">
     <span class='ocr_line' id='line_1_57' title="bbox 464 4009 2048 4083; baseline 0.002 -19"><span class='ocrx_word' id='word_1_440' title='bbox 464 4009 528 4064; x_wconf 87' lang='lat' dir='ltr'><strong>Ili</strong></span> <span class='ocrx_word' id='word_1_441' title='bbox 555 4019 734 4063; x_wconf 90' lang='lat' dir='ltr'><strong>autem</strong></span> <span class='ocrx_word' id='word_1_442' title='bbox 764 4018 921 4063; x_wconf 90' lang='lat' dir='ltr'><strong>nocte</strong></span> <span class='ocrx_word' id='word_1_443' title='bbox 951 4009 1063 4078; x_wconf 90' lang='lat' dir='ltr'><strong>ipsa</strong></span> <span class='ocrx_word' id='word_1_444' title='bbox 1092 4010 1383 4079; x_wconf 85' lang='lat' dir='ltr'><strong>attigerunt</strong></span> <span class='ocrx_word' id='word_1_445' title='bbox 1424 4009 1490 4063; x_wconf 91' lang='lat' dir='ltr'><strong>ad</strong></span> <span class='ocrx_word' id='word_1_446' title='bbox 1522 4011 1707 4065; x_wconf 89' lang='lat' dir='ltr'><strong>urbem</strong></span> <span class='ocrx_word' id='word_1_447' title='bbox 1734 4050 1751 4079; x_wconf 88' lang='lat'><strong>,</strong></span> <span class='ocrx_word' id='word_1_448' title='bbox 1794 4013 2048 4083; x_wconf 78' lang='lat' dir='ltr'><strong>ingressi-</strong></span> 
     </span>
    </p>
   </div>
   <div class='ocr_carea' id='block_1_57' title="bbox 461 4082 2046 4172">
    <p class='ocr_par' dir='ltr' id='par_1_57' title="bbox 461 4082 2046 4172">
     <span class='ocr_line' id='line_1_58' title="bbox 461 4082 2046 4172; baseline 0.004 -19"><span class='ocrx_word' id='word_1_449' title='bbox 461 4082 565 4172; x_wconf 83' lang='lat' dir='ltr'><strong>que</strong></span> <span class='ocrx_word' id='word_1_450' title='bbox 595 4102 913 4157; x_wconf 86' lang='lat' dir='ltr'><strong>invenerunt</strong></span> <span class='ocrx_word' id='word_1_451' title='bbox 941 4101 1243 4166; x_wconf 78' lang='lat' dir='ltr'><strong>hominem,</strong></span> <span class='ocrx_word' id='word_1_452' title='bbox 1270 4118 1425 4172; x_wconf 90' lang='lat' dir='ltr'><strong>quem</strong></span> <span class='ocrx_word' id='word_1_453' title='bbox 1467 4105 1720 4158; x_wconf 86' lang='lat' dir='ltr'><strong>sciscitati</strong></span> <span class='ocrx_word' id='word_1_454' title='bbox 1766 4116 1893 4159; x_wconf 89' lang='lat' dir='ltr'><strong>sunt</strong></span> <span class='ocrx_word' id='word_1_455' title='bbox 1926 4104 2046 4160; x_wconf 90' lang='lat' dir='ltr'><strong>ubi-</strong></span> 
     </span>
    </p>
   </div>
   <div class='ocr_carea' id='block_1_58' title="bbox 464 4180 2046 4268">
    <p class='ocr_par' dir='ltr' id='par_1_58' title="bbox 464 4180 2046 4268">
     <span class='ocr_line' id='line_1_59' title="bbox 464 4180 2046 4268; baseline 0.004 -19"><span class='ocrx_word' id='word_1_456' title='bbox 464 4180 585 4249; x_wconf 85' lang='lat' dir='ltr'><strong>nam</strong></span> <span class='ocrx_word' id='word_1_457' title='bbox 629 4204 767 4250; x_wconf 88' lang='lat' dir='ltr'><strong>esset</strong></span> <span class='ocrx_word' id='word_1_458' title='bbox 815 4194 1006 4249; x_wconf 85' lang='lat' dir='ltr'><strong>dontus</strong></span> <span class='ocrx_word' id='word_1_459' title='bbox 1045 4194 1267 4250; x_wconf 86' lang='lat' dir='ltr'><strong>Paulelli</strong></span> <span class='ocrx_word' id='word_1_460' title='bbox 1321 4195 1644 4267; x_wconf 84' lang='lat' dir='ltr'><strong>presbyteri.</strong></span> <span class='ocrx_word' id='word_1_461' title='bbox 1676 4197 2046 4268; x_wconf 86' lang='lat' dir='ltr'><strong>lndicavitqne</strong></span> 
     </span>
    </p>
   </div>
   <div class='ocr_carea' id='block_1_59' title="bbox 459 4285 2044 4372">
    <p class='ocr_par' dir='ltr' id='par_1_59' title="bbox 459 4285 2044 4372">
     <span class='ocr_line' id='line_1_60' title="bbox 459 4285 2044 4372; baseline 0.006 -33"><span class='ocrx_word' id='word_1_462' title='bbox 459 4287 558 4372; x_wconf 77' lang='lat' dir='ltr'><strong>eis.</strong></span> <span class='ocrx_word' id='word_1_463' title='bbox 595 4286 694 4350; x_wconf 91' lang='lat' dir='ltr'><strong>Qui</strong></span> <span class='ocrx_word' id='word_1_464' title='bbox 744 4285 869 4341; x_wconf 89' lang='lat' dir='ltr'><strong>dum</strong></span> <span class='ocrx_word' id='word_1_465' title='bbox 920 4302 1013 4357; x_wconf 87' lang='lat' dir='ltr'><strong>per</strong></span> <span class='ocrx_word' id='word_1_466' title='bbox 1060 4288 1289 4358; x_wconf 81' lang='lat' dir='ltr'><strong>plateam</strong></span> <span class='ocrx_word' id='word_1_467' title='bbox 1334 4291 1701 4359; x_wconf 64' lang='lat' dir='ltr'><strong>prmterirent,</strong></span> <span class='ocrx_word' id='word_1_468' title='bbox 1734 4290 1949 4362; x_wconf 82' lang='lat' dir='ltr'><strong>signum</strong></span> <span class='ocrx_word' id='word_1_469' title='bbox 1977 4293 2044 4348; x_wconf 90' lang='lat' dir='ltr'><strong>ad</strong></span> 
     </span>
    </p>
   </div>
   <div class='ocr_carea' id='block_1_60' title="bbox 535 4444 2040 4517">
    <p class='ocr_par' dir='ltr' id='par_1_60' title="bbox 535 4444 2040 4517">
     <span class='ocr_line' id='line_1_61' title="bbox 535 4444 2040 4517; baseline 0.005 -19"><span class='ocrx_word' id='word_1_470' title='bbox 535 4453 560 4481; x_wconf 72' lang='grc'>⁸</span> <span class='ocrx_word' id='word_1_471' title='bbox 586 4444 718 4517; x_wconf 76' lang='lat' dir='ltr'><strong>Cod.</strong></span> <span class='ocrx_word' id='word_1_472' title='bbox 748 4445 975 4517; x_wconf 61' lang='lat' dir='ltr'><strong>Bellum,</strong></span> <span class='ocrx_word' id='word_1_473' title='bbox 997 4446 1276 4499; x_wconf 86' lang='lat' dir='ltr'><strong>voluclum.</strong></span> <span class='ocrx_word' id='word_1_474' title='bbox 1298 4444 1462 4504; x_wconf 84' lang='lat' dir='ltr'><strong>Corb.</strong></span> <span class='ocrx_word' id='word_1_475' title='bbox 1490 4462 1618 4503; x_wconf 88' lang='lat' dir='ltr'><strong>vero</strong></span> <span class='ocrx_word' id='word_1_476' title='bbox 1636 4489 1652 4517; x_wconf 92' lang='lat'><strong>,</strong></span> <span class='ocrx_word' id='word_1_477' title='bbox 1674 4448 1931 4504; x_wconf 86' lang='lat' dir='ltr'><strong>voluclum</strong></span> <span class='ocrx_word' id='word_1_478' title='bbox 1957 4468 2040 4506; x_wconf 85' lang='lat' dir='ltr'><strong>ve-</strong></span> 
     </span>
    </p>
   </div>
   <div class='ocr_carea' id='block_1_61' title="bbox 465 4514 974 4567">
    <p class='ocr_par' dir='ltr' id='par_1_61' title="bbox 465 4514 974 4567">
     <span class='ocr_line' id='line_1_62' title="bbox 465 4514 974 4567; baseline 0 0"><span class='ocrx_word' id='word_1_479' title='bbox 465 4515 689 4567; x_wconf 76' lang='lat' dir='ltr'><strong>stimenti</strong></span> <span class='ocrx_word' id='word_1_480' title='bbox 721 4514 974 4567; x_wconf 80' lang='lat' dir='ltr'><strong>tollentes.</strong></span> 
     </span>
    </p>
   </div>
   <div class='ocr_carea' id='block_1_62' title="bbox 474 4582 2040 4657">
    <p class='ocr_par' dir='ltr' id='par_1_62' title="bbox 474 4582 2040 4657">
     <span class='ocr_line' id='line_1_63' title="bbox 474 4582 2040 4657; baseline 0.008 -22"><span class='ocrx_word' id='word_1_481' title='bbox 474 4618 477 4621; x_wconf 89' lang='lat'><strong><em>-</em></strong></span> <span class='ocrx_word' id='word_1_482' title='bbox 537 4583 564 4623; x_wconf 70' lang='grc' dir='ltr'>δ</span> <span class='ocrx_word' id='word_1_483' title='bbox 597 4582 797 4657; x_wconf 66' lang='lat' dir='ltr'><strong>Mosam</strong></span> <span class='ocrx_word' id='word_1_484' title='bbox 845 4584 1127 4657; x_wconf 77' lang='lat' dir='ltr'><strong>legendum</strong></span> <span class='ocrx_word' id='word_1_485' title='bbox 1168 4600 1290 4640; x_wconf 82' lang='lat' dir='ltr'><strong>esse</strong></span> <span class='ocrx_word' id='word_1_486' title='bbox 1336 4588 1425 4641; x_wconf 87' lang='lat' dir='ltr'><strong>vix</strong></span> <span class='ocrx_word' id='word_1_487' title='bbox 1464 4588 1695 4643; x_wconf 81' lang='lat' dir='ltr'><strong>dubitari</strong></span> <span class='ocrx_word' id='word_1_488' title='bbox 1746 4598 1955 4657; x_wconf 84' lang='lat' dir='ltr'><strong>potest,</strong></span> <span class='ocrx_word' id='word_1_489' title='bbox 1984 4600 2040 4646; x_wconf 89' lang='lat' dir='ltr'><strong>ut</strong></span> 
     </span>
    </p>
   </div>
   <div class='ocr_carea' id='block_1_63' title="bbox 462 4654 2038 4718">
    <p class='ocr_par' dir='ltr' id='par_1_63' title="bbox 462 4654 2038 4718">
     <span class='ocr_line' id='line_1_64' title="bbox 462 4654 2038 4718; baseline 0.006 -10"><span class='ocrx_word' id='word_1_490' title='bbox 462 4664 645 4710; x_wconf 86' lang='lat' dir='ltr'><strong>monet</strong></span> <span class='ocrx_word' id='word_1_491' title='bbox 666 4654 907 4710; x_wconf 84' lang='lat' dir='ltr'><strong>Valesius</strong></span> <span class='ocrx_word' id='word_1_492' title='bbox 936 4656 986 4709; x_wconf 88' lang='lat' dir='ltr'><strong>in</strong></span> <span class='ocrx_word' id='word_1_493' title='bbox 1010 4655 1206 4712; x_wconf 85' lang='lat' dir='ltr'><strong>Notitia</strong></span> <span class='ocrx_word' id='word_1_494' title='bbox 1223 4657 1531 4712; x_wconf 84' lang='lat' dir='ltr'><strong>Galliarum.</strong></span> <span class='ocrx_word' id='word_1_495' title='bbox 1561 4660 1691 4713; x_wconf 80' lang='lat' dir='ltr'><strong>Nam</strong></span> <span class='ocrx_word' id='word_1_496' title='bbox 1717 4654 2038 4718; x_wconf 63' lang='lat' dir='ltr'><strong>libentorutn</strong></span> 
     </span>
    </p>
   </div>
   <div class='ocr_carea' id='block_1_64' title="bbox 462 4721 2039 4796">
    <p class='ocr_par' dir='ltr' id='par_1_64' title="bbox 462 4721 2039 4796">
     <span class='ocr_line' id='line_1_65' title="bbox 462 4721 2039 4796; baseline 0.005 -16"><span class='ocrx_word' id='word_1_497' title='bbox 462 4721 603 4780; x_wconf 81' lang='lat' dir='ltr'><strong>inter</strong></span> <span class='ocrx_word' id='word_1_498' title='bbox 626 4725 1032 4781; x_wconf 82' lang='lat' dir='ltr'><strong>etTrevirorum</strong></span> <span class='ocrx_word' id='word_1_499' title='bbox 1058 4730 1216 4783; x_wconf 89' lang='lat' dir='ltr'><strong>urbes</strong></span> <span class='ocrx_word' id='word_1_500' title='bbox 1236 4729 1375 4781; x_wconf 80' lang='lat' dir='ltr'><strong>Mosa</strong></span> <span class='ocrx_word' id='word_1_501' title='bbox 1399 4729 1676 4796; x_wconf 84' lang='lat' dir='ltr'><strong>interﬂuit,</strong></span> <span class='ocrx_word' id='word_1_502' title='bbox 1698 4746 1815 4796; x_wconf 64' lang='lat' dir='ltr'><strong>qua:</strong></span> <span class='ocrx_word' id='word_1_503' title='bbox 1844 4742 2039 4787; x_wconf 80' lang='lat' dir='ltr'><strong>utram-</strong></span> 
     </span>
    </p>
   </div>
   <div class='ocr_carea' id='block_1_65' title="bbox 461 4795 2037 4864">
    <p class='ocr_par' dir='ltr' id='par_1_65' title="bbox 461 4795 2037 4864">
     <span class='ocr_line' id='line_1_66' title="bbox 461 4795 2037 4864; baseline 0.007 -17"><span class='ocrx_word' id='word_1_504' title='bbox 461 4812 564 4862; x_wconf 88' lang='lat' dir='ltr'><strong>que</strong></span> <span class='ocrx_word' id='word_1_505' title='bbox 594 4795 863 4851; x_wconf 73' lang='lat' dir='ltr'><strong>dioecesim</strong></span> <span class='ocrx_word' id='word_1_506' title='bbox 893 4797 1255 4864; x_wconf 85' lang='lat' dir='ltr'><strong>disterminat,</strong></span> <span class='ocrx_word' id='word_1_507' title='bbox 1278 4807 1331 4852; x_wconf 90' lang='lat' dir='ltr'><strong>et</strong></span> <span class='ocrx_word' id='word_1_508' title='bbox 1353 4800 1664 4854; x_wconf 61' lang='lat' dir='ltr'><strong>transmissa</strong></span> <span class='ocrx_word' id='word_1_509' title='bbox 1686 4795 1830 4855; x_wconf 82' lang='lat' dir='ltr'><strong>Mosa</strong></span> <span class='ocrx_word' id='word_1_510' title='bbox 1859 4806 2037 4858; x_wconf 86' lang='lat' dir='ltr'><strong>statim</strong></span> 
     </span>
    </p>
   </div>
   <div class='ocr_carea' id='block_1_66' title="bbox 462 4864 2037 4939">
    <p class='ocr_par' dir='ltr' id='par_1_66' title="bbox 462 4864 2037 4939">
     <span class='ocr_line' id='line_1_67' title="bbox 462 4864 2037 4939; baseline 0.006 -19"><span class='ocrx_word' id='word_1_511' title='bbox 462 4864 752 4936; x_wconf 85' lang='lat' dir='ltr'><strong>Campania</strong></span> <span class='ocrx_word' id='word_1_512' title='bbox 780 4869 1052 4923; x_wconf 90' lang='lat' dir='ltr'><strong>occurrit:</strong></span> <span class='ocrx_word' id='word_1_513' title='bbox 1085 4883 1203 4939; x_wconf 67' lang='lat' dir='ltr'><strong>qua:</strong></span> <span class='ocrx_word' id='word_1_514' title='bbox 1245 4867 1426 4923; x_wconf 89' lang='lat' dir='ltr'><strong>omnia</strong></span> <span class='ocrx_word' id='word_1_515' title='bbox 1467 4871 1703 4925; x_wconf 66' lang='lat' dir='ltr'><strong>Mosellae</strong></span> <span class='ocrx_word' id='word_1_516' title='bbox 1731 4874 1899 4935; x_wconf 81' lang='lat' dir='ltr'><strong>aptari</strong></span> <span class='ocrx_word' id='word_1_517' title='bbox 1933 4890 2037 4930; x_wconf 90' lang='lat' dir='ltr'><strong>nott</strong></span> 
     </span>
    </p>
   </div>
   <div class='ocr_carea' id='block_1_67' title="bbox 463 4939 2038 5009">
    <p class='ocr_par' dir='ltr' id='par_1_67' title="bbox 463 4939 2038 5009">
     <span class='ocr_line' id='line_1_68' title="bbox 463 4939 2038 5009; baseline 0.006 -19"><span class='ocrx_word' id='word_1_518' title='bbox 463 4946 707 5009; x_wconf 74' lang='lat' dir='ltr'><strong>possunt.</strong></span> <span class='ocrx_word' id='word_1_519' title='bbox 743 4939 910 4993; x_wconf 89' lang='lat' dir='ltr'><strong>Immo</strong></span> <span class='ocrx_word' id='word_1_520' title='bbox 937 4954 1271 5009; x_wconf 85' lang='lat' dir='ltr'><strong>quocumque</strong></span> <span class='ocrx_word' id='word_1_521' title='bbox 1303 4941 1419 4995; x_wconf 78' lang='lat' dir='ltr'><strong>loco</strong></span> <span class='ocrx_word' id='word_1_522' title='bbox 1449 4941 1722 4997; x_wconf 81' lang='lat' dir='ltr'><strong>Mosellam</strong></span> <span class='ocrx_word' id='word_1_523' title='bbox 1755 4944 1830 4998; x_wconf 93' lang='lat' dir='ltr'><strong>illi</strong></span> <span class='ocrx_word' id='word_1_524' title='bbox 1862 4954 2038 4999; x_wconf 89' lang='lat' dir='ltr'><strong>trans-</strong></span> 
     </span>
    </p>
   </div>
   <div class='ocr_carea' id='block_1_68' title="bbox 464 5008 2036 5079">
    <p class='ocr_par' dir='ltr' id='par_1_68' title="bbox 464 5008 2036 5079">
     <span class='ocr_line' id='line_1_69' title="bbox 464 5008 2036 5079; baseline 0.006 -19"><span class='ocrx_word' id='word_1_525' title='bbox 464 5008 759 5073; x_wconf 71' lang='lat' dir='ltr'><strong>misissent,</strong></span> <span class='ocrx_word' id='word_1_526' title='bbox 799 5011 883 5065; x_wconf 86' lang='lat' dir='ltr'><strong>vix</strong></span> <span class='ocrx_word' id='word_1_527' title='bbox 906 5013 984 5065; x_wconf 90' lang='lat' dir='ltr'><strong>eis</strong></span> <span class='ocrx_word' id='word_1_528' title='bbox 1015 5012 1269 5078; x_wconf 82' lang='lat' dir='ltr'><strong>pos~ibile</strong></span> <span class='ocrx_word' id='word_1_529' title='bbox 1294 5009 1488 5067; x_wconf 83' lang='lat' dir='ltr'><strong>fuisset</strong></span> <span class='ocrx_word' id='word_1_530' title='bbox 1517 5013 1617 5068; x_wconf 87' lang='lat' dir='ltr'><strong>bac</strong></span> <span class='ocrx_word' id='word_1_531' title='bbox 1644 5016 1756 5079; x_wconf 83' lang='lat' dir='ltr'><strong>ipsa</strong></span> <span class='ocrx_word' id='word_1_532' title='bbox 1782 5014 1867 5068; x_wconf 88' lang='lat' dir='ltr'><strong>die</strong></span> <span class='ocrx_word' id='word_1_533' title='bbox 1892 5016 2036 5069; x_wconf 76' lang='lat' dir='ltr'><strong>ltbe-</strong></span> 
     </span>
    </p>
   </div>
   <div class='ocr_carea' id='block_1_69' title="bbox 463 5081 2037 5139">
    <p class='ocr_par' dir='ltr' id='par_1_69' title="bbox 463 5081 2037 5139">
     <span class='ocr_line' id='line_1_70' title="bbox 463 5081 2037 5139; baseline 0.004 -8"><span class='ocrx_word' id='word_1_534' title='bbox 463 5088 582 5131; x_wconf 85' lang='lat' dir='ltr'><strong>mos</strong></span> <span class='ocrx_word' id='word_1_535' title='bbox 613 5081 884 5136; x_wconf 81' lang='lat' dir='ltr'><strong>advenire.</strong></span> <span class='ocrx_word' id='word_1_536' title='bbox 918 5081 1056 5136; x_wconf 83' lang='lat' dir='ltr'><strong>Cum</strong></span> <span class='ocrx_word' id='word_1_537' title='bbox 1082 5094 1256 5136; x_wconf 89' lang='lat' dir='ltr'><strong>tamen</strong></span> <span class='ocrx_word' id='word_1_538' title='bbox 1285 5098 1415 5138; x_wconf 89' lang='lat' dir='ltr'><strong>mss.</strong></span> <span class='ocrx_word' id='word_1_539' title='bbox 1461 5097 1649 5138; x_wconf 89' lang='lat' dir='ltr'><strong>omnes</strong></span> <span class='ocrx_word' id='word_1_540' title='bbox 1691 5097 1745 5138; x_wconf 88' lang='lat' dir='ltr'><strong>et</strong></span> <span class='ocrx_word' id='word_1_541' title='bbox 1782 5085 1910 5139; x_wconf 88' lang='lat' dir='ltr'><strong>editi</strong></span> <span class='ocrx_word' id='word_1_542' title='bbox 1941 5087 2037 5139; x_wconf 81' lang='lat' dir='ltr'><strong>lia-</strong></span> 
     </span>
    </p>
   </div>
   <div class='ocr_carea' id='block_1_70' title="bbox 465 5150 2037 5221">
    <p class='ocr_par' dir='ltr' id='par_1_70' title="bbox 465 5150 2037 5221">
     <span class='ocr_line' id='line_1_71' title="bbox 465 5150 2037 5221; baseline 0.008 -24"><span class='ocrx_word' id='word_1_543' title='bbox 465 5150 630 5221; x_wconf 70' lang='lat' dir='ltr'><strong>beant</strong></span> <span class='ocrx_word' id='word_1_544' title='bbox 679 5150 985 5219; x_wconf 77' lang='lat' dir='ltr'><strong>Mosellam,</strong></span> <span class='ocrx_word' id='word_1_545' title='bbox 1039 5153 1280 5221; x_wconf 85' lang='lat' dir='ltr'><strong>Gregorii</strong></span> <span class='ocrx_word' id='word_1_546' title='bbox 1335 5163 1537 5209; x_wconf 83' lang='lat' dir='ltr'><strong>textum</strong></span> <span class='ocrx_word' id='word_1_547' title='bbox 1587 5156 1873 5209; x_wconf 87' lang='lat' dir='ltr'><strong>immutare</strong></span> <span class='ocrx_word' id='word_1_548' title='bbox 1933 5172 2037 5210; x_wconf 88' lang='lat' dir='ltr'><strong>nun</strong></span> 
     </span>
    </p>
   </div>
   <div class='ocr_carea' id='block_1_71' title="bbox 464 5220 2039 5282">
    <p class='ocr_par' dir='ltr' id='par_1_71' title="bbox 464 5220 2039 5282">
     <span class='ocr_line' id='line_1_72' title="bbox 464 5220 2039 5282; baseline 0.006 -10"><span class='ocrx_word' id='word_1_549' title='bbox 464 5220 632 5279; x_wconf 39' lang='lat' dir='ltr'><strong>licu’t.</strong></span> <span class='ocrx_word' id='word_1_550' title='bbox 650 5222 879 5275; x_wconf 81' lang='lat' dir='ltr'><strong>maxime</strong></span> <span class='ocrx_word' id='word_1_551' title='bbox 900 5239 1019 5278; x_wconf 91' lang='lat' dir='ltr'><strong>cum</strong></span> <span class='ocrx_word' id='word_1_552' title='bbox 1041 5220 1243 5279; x_wconf 79' lang='lat' dir='ltr'><strong>certum</strong></span> <span class='ocrx_word' id='word_1_553' title='bbox 1268 5224 1507 5280; x_wconf 88' lang='lat' dir='ltr'><strong>videatur</strong></span> <span class='ocrx_word' id='word_1_554' title='bbox 1534 5225 1651 5280; x_wconf 84' lang='lat' dir='ltr'><strong>illos</strong></span> <span class='ocrx_word' id='word_1_555' title='bbox 1673 5227 1810 5281; x_wconf 84' lang='lat' dir='ltr'><strong>viam</strong></span> <span class='ocrx_word' id='word_1_556' title='bbox 1837 5237 2039 5282; x_wconf 82' lang='lat' dir='ltr'><strong>rectam</strong></span> 
     </span>
    </p>
   </div>
   <div class='ocr_carea' id='block_1_72' title="bbox 465 5294 2039 5352">
    <p class='ocr_par' dir='ltr' id='par_1_72' title="bbox 465 5294 2039 5352">
     <span class='ocr_line' id='line_1_73' title="bbox 465 5294 2039 5352; baseline 0.003 -8"><span class='ocrx_word' id='word_1_557' title='bbox 465 5300 683 5344; x_wconf 81' lang='lat' dir='ltr'><strong>secutos</strong></span> <span class='ocrx_word' id='word_1_558' title='bbox 710 5306 814 5346; x_wconf 89' lang='lat' dir='ltr'><strong>non</strong></span> <span class='ocrx_word' id='word_1_559' title='bbox 843 5294 1029 5350; x_wconf 88' lang='lat' dir='ltr'><strong>fuisse.</strong></span> <span class='ocrx_word' id='word_1_560' title='bbox 1056 5296 1169 5350; x_wconf 87' lang='lat' dir='ltr'><strong>Non</strong></span> <span class='ocrx_word' id='word_1_561' title='bbox 1196 5296 1337 5349; x_wconf 81' lang='lat' dir='ltr'><strong>enim</strong></span> <span class='ocrx_word' id='word_1_562' title='bbox 1373 5304 1480 5350; x_wconf 90' lang='lat' dir='ltr'><strong>tres</strong></span> <span class='ocrx_word' id='word_1_563' title='bbox 1507 5307 1659 5352; x_wconf 88' lang='lat' dir='ltr'><strong>erant</strong></span> <span class='ocrx_word' id='word_1_564' title='bbox 1685 5297 1893 5352; x_wconf 90' lang='lat' dir='ltr'><strong>itineris</strong></span> <span class='ocrx_word' id='word_1_565' title='bbox 1921 5296 2039 5351; x_wconf 72' lang='lat' dir='ltr'><strong>dies</strong></span> 
     </span>
    </p>
   </div>
   <div class='ocr_carea' id='block_1_73' title="bbox 463 5362 2036 5436">
    <p class='ocr_par' dir='ltr' id='par_1_73' title="bbox 463 5362 2036 5436">
     <span class='ocr_line' id='line_1_74' title="bbox 463 5362 2036 5436; baseline 0.006 -23"><span class='ocrx_word' id='word_1_566' title='bbox 463 5376 492 5413; x_wconf 91' lang='lat' dir='ltr'><strong>a</strong></span> <span class='ocrx_word' id='word_1_567' title='bbox 526 5362 851 5436; x_wconf 45' lang='lat' dir='ltr'><strong>Treyirisad</strong></span> <span class='ocrx_word' id='word_1_568' title='bbox 883 5366 1109 5429; x_wconf 63' lang='lat' dir='ltr'><strong>Momm,</strong></span> <span class='ocrx_word' id='word_1_569' title='bbox 1137 5382 1257 5421; x_wconf 88' lang='lat' dir='ltr'><strong>cum</strong></span> <span class='ocrx_word' id='word_1_570' title='bbox 1290 5366 1374 5417; x_wconf 89' lang='lat' dir='ltr'><strong>hic</strong></span> <span class='ocrx_word' id='word_1_571' title='bbox 1409 5368 1597 5420; x_wconf 65' lang='lat' dir='ltr'><strong>ﬂuvius</strong></span> <span class='ocrx_word' id='word_1_572' title='bbox 1637 5384 1741 5423; x_wconf 92' lang='lat' dir='ltr'><strong>non</strong></span> <span class='ocrx_word' id='word_1_573' title='bbox 1774 5372 1941 5436; x_wconf 85' lang='lat' dir='ltr'><strong>magis</strong></span> <span class='ocrx_word' id='word_1_574' title='bbox 1972 5368 2036 5422; x_wconf 70' lang='lat' dir='ltr'><strong>ab</strong></span> 
     </span>
    </p>
   </div>
   <div class='ocr_carea' id='block_1_74' title="bbox 464 5430 2042 5506">
    <p class='ocr_par' dir='ltr' id='par_1_74' title="bbox 464 5430 2042 5506">
     <span class='ocr_line' id='line_1_75' title="bbox 464 5430 2042 5506; baseline 0.008 -24"><span class='ocrx_word' id='word_1_575' title='bbox 464 5433 595 5487; x_wconf 79' lang='lat' dir='ltr'><strong>urbe</strong></span> <span class='ocrx_word' id='word_1_576' title='bbox 620 5430 922 5506; x_wconf 73' lang='lat' dir='ltr'><strong>Trevireiisi</strong></span> <span class='ocrx_word' id='word_1_577' title='bbox 946 5450 1106 5506; x_wconf 85' lang='lat' dir='ltr'><strong>quam</strong></span> <span class='ocrx_word' id='word_1_578' title='bbox 1137 5451 1165 5490; x_wconf 89' lang='lat' dir='ltr'><strong>a</strong></span> <span class='ocrx_word' id='word_1_579' title='bbox 1198 5437 1487 5491; x_wconf 81' lang='lat' dir='ltr'><strong>Rbemensi</strong></span> <span class='ocrx_word' id='word_1_580' title='bbox 1515 5437 1696 5504; x_wconf 89' lang='lat' dir='ltr'><strong>distet,</strong></span> <span class='ocrx_word' id='word_1_581' title='bbox 1721 5430 1923 5494; x_wconf 56' lang='lat' dir='ltr'><strong>scilic&#39;et</strong></span> <span class='ocrx_word' id='word_1_582' title='bbox 1945 5439 2042 5494; x_wconf 54' lang='lat' dir='ltr'><strong>dea</strong></span> 
     </span>
    </p>
   </div>
   <div class='ocr_carea' id='block_1_75' title="bbox 462 5505 1281 5563">
    <p class='ocr_par' dir='ltr' id='par_1_75' title="bbox 462 5505 1281 5563">
     <span class='ocr_line' id='line_1_76' title="bbox 462 5505 1281 5563; baseline 0.009 -7"><span class='ocrx_word' id='word_1_583' title='bbox 462 5517 578 5557; x_wconf 85' lang='lat' dir='ltr'><strong>cem</strong></span> <span class='ocrx_word' id='word_1_584' title='bbox 610 5513 665 5559; x_wconf 89' lang='lat' dir='ltr'><strong>et</strong></span> <span class='ocrx_word' id='word_1_585' title='bbox 693 5514 815 5561; x_wconf 90' lang='lat' dir='ltr'><strong>octo</strong></span> <span class='ocrx_word' id='word_1_586' title='bbox 843 5505 1058 5562; x_wconf 86' lang='lat' dir='ltr'><strong>circiter</strong></span> <span class='ocrx_word' id='word_1_587' title='bbox 1090 5508 1281 5563; x_wconf 81' lang='lat' dir='ltr'><strong>leucis.</strong></span> 
     </span>
    </p>
   </div>
   <div class='ocr_carea' id='block_1_76' title="bbox 540 5573 1163 5646">
    <p class='ocr_par' dir='ltr' id='par_1_76' title="bbox 540 5573 1163 5646">
     <span class='ocr_line' id='line_1_77' title="bbox 540 5573 1163 5646; baseline 0.01 -19"><span class='ocrx_word' id='word_1_588' title='bbox 540 5582 564 5646; x_wconf 64' lang='grc' dir='ltr'>ε</span> <span class='ocrx_word' id='word_1_589' title='bbox 592 5573 726 5646; x_wconf 65' lang='lat' dir='ltr'><strong>Bell.</strong></span> <span class='ocrx_word' id='word_1_590' title='bbox 756 5587 810 5631; x_wconf 87' lang='lat' dir='ltr'><strong>et</strong></span> <span class='ocrx_word' id='word_1_591' title='bbox 838 5576 949 5636; x_wconf 88' lang='lat' dir='ltr'><strong>alii.</strong></span> <span class='ocrx_word' id='word_1_592' title='bbox 975 5594 1163 5646; x_wconf 86' lang='lat' dir='ltr'><strong>pruna.</strong></span> 
     </span>
    </p>
   </div>
   <div class='ocr_carea' id='block_1_77' title="bbox 482 5638 1618 5719">
    <p class='ocr_par' dir='ltr' id='par_1_77' title="bbox 482 5638 1618 5719">
     <span class='ocr_line' id='line_1_78' title="bbox 482 5638 1618 5719; baseline 0.004 -21"><span class='ocrx_word' id='word_1_593' title='bbox 482 5648 487 5653; x_wconf 89' lang='lat'>&#39;</span> <span class='ocrx_word' id='word_1_594' title='bbox 541 5638 743 5719; x_wconf 49' lang='lat' dir='ltr'><strong>3(garb.</strong></span> <span class='ocrx_word' id='word_1_595' title='bbox 772 5658 827 5703; x_wconf 89' lang='lat' dir='ltr'><strong>et</strong></span> <span class='ocrx_word' id='word_1_596' title='bbox 859 5638 993 5704; x_wconf 58' lang='lat' dir='ltr'><strong>Bell&#39;.</strong></span> <span class='ocrx_word' id='word_1_597' title='bbox 1025 5663 1129 5702; x_wconf 91' lang='lat' dir='ltr'><strong>non</strong></span> <span class='ocrx_word' id='word_1_598' title='bbox 1159 5642 1375 5712; x_wconf 85' lang='lat' dir='ltr'><strong>habent,</strong></span> <span class='ocrx_word' id='word_1_599' title='bbox 1403 5649 1618 5719; x_wconf 77' lang='lat' dir='ltr'><strong>framea.</strong></span> 
     </span>
    </p>
   </div>
   <div class='ocr_carea' id='block_1_78' title="bbox 537 5713 2043 5787">
    <p class='ocr_par' dir='ltr' id='par_1_78' title="bbox 537 5713 2043 5787">
     <span class='ocr_line' id='line_1_79' title="bbox 537 5713 2043 5787; baseline 0.006 -19"><span class='ocrx_word' id='word_1_600' title='bbox 537 5722 562 5748; x_wconf 81' lang='grc'><strong><em>⁸</em></strong></span> <span class='ocrx_word' id='word_1_601' title='bbox 586 5713 719 5787; x_wconf 80' lang='lat' dir='ltr'><strong>Quia</strong></span> <span class='ocrx_word' id='word_1_602' title='bbox 748 5720 954 5774; x_wconf 88' lang='lat' dir='ltr'><strong>scilicet</strong></span> <span class='ocrx_word' id='word_1_603' title='bbox 984 5720 1087 5773; x_wconf 89' lang='lat' dir='ltr'><strong>illis</strong></span> <span class='ocrx_word' id='word_1_604' title='bbox 1126 5713 1459 5787; x_wconf 78' lang='lat' dir='ltr'><strong>temporibus</strong></span> <span class='ocrx_word' id='word_1_605' title='bbox 1496 5737 1600 5773; x_wconf 91' lang='lat' dir='ltr'><strong>non</strong></span> <span class='ocrx_word' id='word_1_606' title='bbox 1631 5718 1821 5775; x_wconf 79' lang='lat' dir='ltr'><strong>licebat</strong></span> <span class='ocrx_word' id='word_1_607' title='bbox 1853 5720 2043 5777; x_wconf 83' lang='lat' dir='ltr'><strong>diebus</strong></span> 
     </span>
    </p>
   </div>
   <div class='ocr_carea' id='block_1_79' title="bbox 460 5780 2045 5909">
    <p class='ocr_par' dir='ltr' id='par_1_79' title="bbox 460 5780 2045 5909">
     <span class='ocr_line' id='line_1_80' title="bbox 460 5780 2045 5909; baseline 0.007 -70"><span class='ocrx_word' id='word_1_608' title='bbox 460 5780 746 5909; x_wconf 42' lang='lat' dir='ltr'><strong>gratgnicis</strong></span> <span class='ocrx_word' id='word_1_609' title='bbox 789 5798 912 5848; x_wconf 87' lang='lat' dir='ltr'><strong>ante</strong></span> <span class='ocrx_word' id='word_1_610' title='bbox 943 5789 1157 5847; x_wconf 79' lang='lat' dir='ltr'><strong>Missam</strong></span> <span class='ocrx_word' id='word_1_611' title='bbox 1196 5780 1484 5861; x_wconf 77' lang='lat' dir='ltr'><strong>quidquam</strong></span> <span class='ocrx_word' id='word_1_612' title='bbox 1513 5790 1617 5849; x_wconf 88' lang='lat' dir='ltr'><strong>cibi</strong></span> <span class='ocrx_word' id='word_1_613' title='bbox 1646 5800 1736 5848; x_wconf 88' lang='lat' dir='ltr'><strong>aut</strong></span> <span class='ocrx_word' id='word_1_614' title='bbox 1766 5802 1921 5863; x_wconf 82' lang='lat' dir='ltr'><strong>potus</strong></span> <span class='ocrx_word' id='word_1_615' title='bbox 1956 5805 2045 5849; x_wconf 91' lang='lat' dir='ltr'><strong>su-</strong></span> 
     </span>
    </p>
   </div>
   <div class='ocr_carea' id='block_1_80' title="bbox 2146 1984 3725 2056">
    <p class='ocr_par' dir='ltr' id='par_1_80' title="bbox 2146 1984 3725 2056">
     <span class='ocr_line' id='line_1_81' title="bbox 2146 1984 3725 2056; baseline 0.004 -21"><span class='ocrx_word' id='word_1_616' title='bbox 2146 1991 2453 2047; x_wconf 90' lang='lat' dir='ltr'><strong>ccsserunt;</strong></span> <span class='ocrx_word' id='word_1_617' title='bbox 2505 1991 2559 2037; x_wconf 91' lang='lat' dir='ltr'><strong>et</strong></span> <span class='ocrx_word' id='word_1_618' title='bbox 2586 1984 2663 2037; x_wconf 84' lang='lat' dir='ltr'><strong>sie</strong></span> <span class='ocrx_word' id='word_1_619' title='bbox 2693 1985 2954 2056; x_wconf 84' lang='lat' dir='ltr'><strong>usquead</strong></span> <span class='ocrx_word' id='word_1_620' title='bbox 2985 1993 3230 2039; x_wconf 87' lang='lat' dir='ltr'><strong>sanctum</strong></span> <span class='ocrx_word' id='word_1_621' title='bbox 3260 1985 3574 2056; x_wconf 84' lang='lat' dir='ltr'><strong>Gregorium</strong></span> <span class='ocrx_word' id='word_1_622' title='bbox 3599 2003 3725 2055; x_wconf 86' lang='lat' dir='ltr'><strong>per-</strong></span> 
     </span>
    </p>
   </div>
   <div class='ocr_carea' id='block_1_81' title="bbox 2147 2070 3725 2147">
    <p class='ocr_par' dir='ltr' id='par_1_81' title="bbox 2147 2070 3725 2147">
     <span class='ocr_line' id='line_1_82' title="bbox 2147 2070 3725 2147; baseline 0.006 -22"><span class='ocrx_word' id='word_1_623' title='bbox 2147 2070 2236 2125; x_wconf 86' lang='lat' dir='ltr'><strong>lati</strong></span> <span class='ocrx_word' id='word_1_624' title='bbox 2272 2081 2416 2127; x_wconf 90' lang='lat' dir='ltr'><strong>sunt.</strong></span> <span class='ocrx_word' id='word_1_625' title='bbox 2444 2072 2670 2128; x_wconf 82' lang='lat' dir='ltr'><strong>Gavisus</strong></span> <span class='ocrx_word' id='word_1_626' title='bbox 2699 2085 2878 2129; x_wconf 90' lang='lat' dir='ltr'><strong>autem</strong></span> <span class='ocrx_word' id='word_1_627' title='bbox 2909 2076 3144 2144; x_wconf 80' lang='lat' dir='ltr'><strong>pontifex</strong></span> <span class='ocrx_word' id='word_1_628' title='bbox 3176 2078 3305 2132; x_wconf 80' lang='lat' dir='ltr'><strong>visis</strong></span> <span class='ocrx_word' id='word_1_629' title='bbox 3332 2080 3513 2147; x_wconf 79' lang='lat' dir='ltr'><strong>pueris</strong></span> <span class='ocrx_word' id='word_1_630' title='bbox 3534 2120 3551 2144; x_wconf 95' lang='lat'><strong>,</strong></span> <span class='ocrx_word' id='word_1_631' title='bbox 3575 2079 3725 2135; x_wconf 82' lang='lat' dir='ltr'><strong>ﬂevit</strong></span> 
     </span>
    </p>
   </div>
   <div class='ocr_carea' id='block_1_82' title="bbox 2146 2165 3726 2237">
    <p class='ocr_par' dir='ltr' id='par_1_82' title="bbox 2146 2165 3726 2237">
     <span class='ocr_line' id='line_1_83' title="bbox 2146 2165 3726 2237; baseline 0.005 -18"><span class='ocrx_word' id='word_1_632' title='bbox 2146 2177 2307 2233; x_wconf 87' lang='lat' dir='ltr'><strong>super</strong></span> <span class='ocrx_word' id='word_1_633' title='bbox 2343 2166 2536 2220; x_wconf 91' lang='lat' dir='ltr'><strong>collum</strong></span> <span class='ocrx_word' id='word_1_634' title='bbox 2571 2166 2733 2221; x_wconf 81' lang='lat' dir='ltr'><strong>Attali</strong></span> <span class='ocrx_word' id='word_1_635' title='bbox 2762 2165 2780 2205; x_wconf 69' lang='grc' dir='ltr'><strong><em>ί</em></strong></span> <span class='ocrx_word' id='word_1_636' title='bbox 2814 2168 3022 2237; x_wconf 88' lang='lat' dir='ltr'><strong>nepotis</strong></span> <span class='ocrx_word' id='word_1_637' title='bbox 3065 2169 3168 2223; x_wconf 86' lang='lat' dir='ltr'><strong>sui.</strong></span> <span class='ocrx_word' id='word_1_638' title='bbox 3212 2169 3443 2225; x_wconf 77' lang='lat' dir='ltr'><strong>Leonem</strong></span> <span class='ocrx_word' id='word_1_639' title='bbox 3485 2180 3664 2225; x_wconf 88' lang='lat' dir='ltr'><strong>autem</strong></span> <span class='ocrx_word' id='word_1_640' title='bbox 3696 2186 3726 2227; x_wconf 87' lang='lat' dir='ltr'><strong>a</strong></span> 
     </span>
    </p>
   </div>
   <div class='ocr_carea' id='block_1_83' title="bbox 2140 2253 3729 2332">
    <p class='ocr_par' dir='ltr' id='par_1_83' title="bbox 2140 2253 3729 2332">
     <span class='ocr_line' id='line_1_84' title="bbox 2140 2253 3729 2332; baseline 0.009 -28"><span class='ocrx_word' id='word_1_641' title='bbox 2140 2253 2270 2325; x_wconf 81' lang='lat' dir='ltr'><strong>jugo</strong></span> <span class='ocrx_word' id='word_1_642' title='bbox 2298 2258 2577 2311; x_wconf 83' lang='lat' dir='ltr'><strong>servitutis</strong></span> <span class='ocrx_word' id='word_1_643' title='bbox 2604 2259 2887 2315; x_wconf 86' lang='lat' dir='ltr'><strong>absolvens</strong></span> <span class='ocrx_word' id='word_1_644' title='bbox 2912 2275 3033 2315; x_wconf 90' lang='lat' dir='ltr'><strong>eum</strong></span> <span class='ocrx_word' id='word_1_645' title='bbox 3058 2262 3205 2317; x_wconf 89' lang='lat' dir='ltr'><strong>omni</strong></span> <span class='ocrx_word' id='word_1_646' title='bbox 3230 2264 3580 2332; x_wconf 86' lang='lat' dir='ltr'><strong>generatione</strong></span> <span class='ocrx_word' id='word_1_647' title='bbox 3608 2280 3729 2332; x_wconf 87' lang='lat' dir='ltr'><strong>sua,</strong></span> 
     </span>
    </p>
   </div>
   <div class='ocr_carea' id='block_1_84' title="bbox 2146 2346 3729 2423">
    <p class='ocr_par' dir='ltr' id='par_1_84' title="bbox 2146 2346 3729 2423">
     <span class='ocr_line' id='line_1_85' title="bbox 2146 2346 3729 2423; baseline 0.011 -23"><span class='ocrx_word' id='word_1_648' title='bbox 2146 2346 2294 2401; x_wconf 89' lang='lat' dir='ltr'><strong>dedit</strong></span> <span class='ocrx_word' id='word_1_649' title='bbox 2322 2348 2370 2403; x_wconf 92' lang='lat' dir='ltr'><strong>ei</strong></span> <span class='ocrx_word' id='word_1_650' title='bbox 2403 2359 2594 2404; x_wconf 84' lang='lat' dir='ltr'><strong>terram</strong></span> <span class='ocrx_word' id='word_1_651' title='bbox 2625 2352 2913 2421; x_wconf 86' lang='lat' dir='ltr'><strong>prepriam,</strong></span> <span class='ocrx_word' id='word_1_652' title='bbox 2949 2352 3001 2406; x_wconf 90' lang='lat' dir='ltr'><strong>in</strong></span> <span class='ocrx_word' id='word_1_653' title='bbox 3032 2369 3132 2423; x_wconf 91' lang='lat' dir='ltr'><strong>qua</strong></span> <span class='ocrx_word' id='word_1_654' title='bbox 3160 2369 3283 2410; x_wconf 87' lang='lat' dir='ltr'><strong>cum</strong></span> <span class='ocrx_word' id='word_1_655' title='bbox 3317 2372 3484 2413; x_wconf 87' lang='lat' dir='ltr'><strong>uxore</strong></span> <span class='ocrx_word' id='word_1_656' title='bbox 3510 2374 3575 2414; x_wconf 85' lang='lat' dir='ltr'><strong>ac</strong></span> <span class='ocrx_word' id='word_1_657' title='bbox 3600 2360 3729 2417; x_wconf 81' lang='lat' dir='ltr'><strong>libe—</strong></span> 
     </span>
    </p>
   </div>
   <div class='ocr_carea' id='block_1_85' title="bbox 2147 2437 3359 2515">
    <p class='ocr_par' dir='ltr' id='par_1_85' title="bbox 2147 2437 3359 2515">
     <span class='ocr_line' id='line_1_86' title="bbox 2147 2437 3359 2515; baseline 0.007 -20"><span class='ocrx_word' id='word_1_658' title='bbox 2147 2441 2219 2495; x_wconf 86' lang='lat' dir='ltr'><strong>ris</strong></span> <span class='ocrx_word' id='word_1_659' title='bbox 2247 2442 2382 2496; x_wconf 88' lang='lat' dir='ltr'><strong>liber</strong></span> <span class='ocrx_word' id='word_1_660' title='bbox 2410 2437 2544 2497; x_wconf 75' lang='lat' dir='ltr'><strong>vixit</strong></span> <span class='ocrx_word' id='word_1_661' title='bbox 2570 2445 2821 2515; x_wconf 87' lang='lat' dir='ltr'><strong>omnibus</strong></span> <span class='ocrx_word' id='word_1_662' title='bbox 2849 2445 3041 2502; x_wconf 88' lang='lat' dir='ltr'><strong>diebus</strong></span> <span class='ocrx_word' id='word_1_663' title='bbox 3071 2446 3194 2502; x_wconf 67' lang='lat' dir='ltr'><strong>vita:</strong></span> <span class='ocrx_word' id='word_1_664' title='bbox 3226 2464 3359 2504; x_wconf 63' lang='lat' dir='ltr'><strong>suat.</strong></span> 
     </span>
    </p>
   </div>
   <div class='ocr_carea' id='block_1_86' title="bbox 2150 2532 3731 2605">
    <p class='ocr_par' dir='ltr' id='par_1_86' title="bbox 2150 2532 3731 2605">
     <span class='ocr_line' id='line_1_87' title="bbox 2150 2532 3731 2605; baseline 0.007 -20"><span class='ocrx_word' id='word_1_665' title='bbox 2150 2580 2155 2585; x_wconf 81' lang='lat'><strong>.</strong></span> <span class='ocrx_word' id='word_1_666' title='bbox 2218 2532 2355 2588; x_wconf 72' lang='lat' dir='ltr'><strong>XVI.</strong></span> <span class='ocrx_word' id='word_1_667' title='bbox 2397 2535 2733 2605; x_wconf 76' lang='lat' dir='ltr'><strong>Sigivalduss</strong></span> <span class='ocrx_word' id='word_1_668' title='bbox 2764 2547 2939 2593; x_wconf 85' lang='lat' dir='ltr'><strong>autem</strong></span> <span class='ocrx_word' id='word_1_669' title='bbox 2972 2554 3091 2593; x_wconf 91' lang='lat' dir='ltr'><strong>cum</strong></span> <span class='ocrx_word' id='word_1_670' title='bbox 3140 2540 3192 2594; x_wconf 92' lang='lat' dir='ltr'><strong>in</strong></span> <span class='ocrx_word' id='word_1_671' title='bbox 3240 2542 3484 2597; x_wconf 79' lang='lat' dir='ltr'><strong>Arverno</strong></span> <span class='ocrx_word' id='word_1_672' title='bbox 3523 2540 3731 2597; x_wconf 79' lang='lat' dir='ltr'><strong>habita-</strong></span> 
     </span>
    </p>
   </div>
   <div class='ocr_carea' id='block_1_87' title="bbox 2146 2627 3731 2699">
    <p class='ocr_par' dir='ltr' id='par_1_87' title="bbox 2146 2627 3731 2699">
     <span class='ocr_line' id='line_1_88' title="bbox 2146 2627 3731 2699; baseline 0.008 -20"><span class='ocrx_word' id='word_1_673' title='bbox 2146 2634 2249 2694; x_wconf 83' lang='lat' dir='ltr'><strong>ret,</strong></span> <span class='ocrx_word' id='word_1_674' title='bbox 2269 2627 2432 2680; x_wconf 82' lang='lat' dir='ltr'><strong>multa</strong></span> <span class='ocrx_word' id='word_1_675' title='bbox 2460 2628 2597 2682; x_wconf 89' lang='lat' dir='ltr'><strong>mala</strong></span> <span class='ocrx_word' id='word_1_676' title='bbox 2619 2628 2672 2683; x_wconf 91' lang='lat' dir='ltr'><strong>in</strong></span> <span class='ocrx_word' id='word_1_677' title='bbox 2693 2642 2754 2685; x_wconf 81' lang='lat' dir='ltr'><strong>ea</strong></span> <span class='ocrx_word' id='word_1_678' title='bbox 2784 2629 3029 2699; x_wconf 74' lang='lat' dir='ltr'><strong>faciebat.</strong></span> <span class='ocrx_word' id='word_1_679' title='bbox 3059 2631 3188 2686; x_wconf 87' lang='lat' dir='ltr'><strong>Nam</strong></span> <span class='ocrx_word' id='word_1_680' title='bbox 3218 2641 3270 2687; x_wconf 85' lang='lat' dir='ltr'><strong>et</strong></span> <span class='ocrx_word' id='word_1_681' title='bbox 3292 2648 3375 2688; x_wconf 80' lang='lat' dir='ltr'><strong>res</strong></span> <span class='ocrx_word' id='word_1_682' title='bbox 3397 2635 3731 2692; x_wconf 78' lang='lat' dir='ltr'><strong>diversorum</strong></span> 
     </span>
    </p>
   </div>
   <div class='ocr_carea' id='block_1_88' title="bbox 2149 2721 3731 2796">
    <p class='ocr_par' dir='ltr' id='par_1_88' title="bbox 2149 2721 3731 2796">
     <span class='ocr_line' id='line_1_89' title="bbox 2149 2721 3731 2796; baseline 0.006 -22"><span class='ocrx_word' id='word_1_683' title='bbox 2149 2721 2492 2787; x_wconf 76' lang='lat' dir='ltr'><strong>pervadebat,</strong></span> <span class='ocrx_word' id='word_1_684' title='bbox 2525 2731 2579 2778; x_wconf 92' lang='lat' dir='ltr'><strong>et</strong></span> <span class='ocrx_word' id='word_1_685' title='bbox 2619 2724 2758 2779; x_wconf 91' lang='lat' dir='ltr'><strong>servi</strong></span> <span class='ocrx_word' id='word_1_686' title='bbox 2802 2722 2919 2793; x_wconf 78' lang='lat' dir='ltr'><strong>ejus</strong></span> <span class='ocrx_word' id='word_1_687' title='bbox 2970 2740 3076 2779; x_wconf 89' lang='lat' dir='ltr'><strong>non</strong></span> <span class='ocrx_word' id='word_1_688' title='bbox 3105 2725 3436 2781; x_wconf 63' lang='lat' dir='ltr'><strong>desistebsnt</strong></span> <span class='ocrx_word' id='word_1_689' title='bbox 3462 2744 3491 2781; x_wconf 88' lang='lat' dir='ltr'><strong>a</strong></span> <span class='ocrx_word' id='word_1_690' title='bbox 3534 2728 3731 2796; x_wconf 89' lang='lat' dir='ltr'><strong>furtis,</strong></span> 
     </span>
    </p>
   </div>
   <div class='ocr_carea' id='block_1_89' title="bbox 2149 2809 3730 2886">
    <p class='ocr_par' dir='ltr' id='par_1_89' title="bbox 2149 2809 3730 2886">
     <span class='ocr_line' id='line_1_90' title="bbox 2149 2809 3730 2886; baseline 0.008 -25"><span class='ocrx_word' id='word_1_691' title='bbox 2149 2809 2469 2877; x_wconf 77' lang='lat' dir='ltr'><strong>homicidiis,</strong></span> <span class='ocrx_word' id='word_1_692' title='bbox 2499 2828 2562 2867; x_wconf 90' lang='lat' dir='ltr'><strong>ac</strong></span> <span class='ocrx_word' id='word_1_693' title='bbox 2595 2811 2974 2882; x_wconf 69' lang='lat' dir='ltr'><strong>super-ventish</strong></span> <span class='ocrx_word' id='word_1_694' title='bbox 3014 2814 3342 2886; x_wconf 81' lang='lat' dir='ltr'><strong>diversisque</strong></span> <span class='ocrx_word' id='word_1_695' title='bbox 3390 2818 3730 2874; x_wconf 76' lang='lat' dir='ltr'><strong>Sceleribus:</strong></span> 
     </span>
    </p>
   </div>
   <div class='ocr_carea' id='block_1_90' title="bbox 2149 2905 3733 2984">
    <p class='ocr_par' dir='ltr' id='par_1_90' title="bbox 2149 2905 3733 2984">
     <span class='ocr_line' id='line_1_91' title="bbox 2149 2905 3733 2984; baseline 0.007 -28"><span class='ocrx_word' id='word_1_696' title='bbox 2149 2918 2247 2957; x_wconf 91' lang='lat' dir='ltr'><strong>nec</strong></span> <span class='ocrx_word' id='word_1_697' title='bbox 2275 2905 2413 2958; x_wconf 89' lang='lat' dir='ltr'><strong>ullus</strong></span> <span class='ocrx_word' id='word_1_698' title='bbox 2441 2906 2635 2962; x_wconf 91' lang='lat' dir='ltr'><strong>mutire</strong></span> <span class='ocrx_word' id='word_1_699' title='bbox 2665 2922 2826 2984; x_wconf 78' lang='lat' dir='ltr'><strong>ausus</strong></span> <span class='ocrx_word' id='word_1_700' title='bbox 2857 2917 2971 2963; x_wconf 83' lang='lat' dir='ltr'><strong>erat</strong></span> <span class='ocrx_word' id='word_1_701' title='bbox 3000 2924 3182 2964; x_wconf 88' lang='lat' dir='ltr'><strong>coram</strong></span> <span class='ocrx_word' id='word_1_702' title='bbox 3217 2911 3315 2964; x_wconf 83' lang='lat' dir='ltr'><strong>e&#39;s.</strong></span> <span class='ocrx_word' id='word_1_703' title='bbox 3349 2910 3497 2965; x_wconf 84' lang='lat' dir='ltr'><strong>Unde</strong></span> <span class='ocrx_word' id='word_1_704' title='bbox 3535 2913 3733 2967; x_wconf 81' lang='lat' dir='ltr'><strong>factum</strong></span> 
     </span>
    </p>
   </div>
   <div class='ocr_carea' id='block_1_91' title="bbox 2148 2998 3733 3071">
    <p class='ocr_par' dir='ltr' id='par_1_91' title="bbox 2148 2998 3733 3071">
     <span class='ocr_line' id='line_1_92' title="bbox 2148 2998 3733 3071; baseline 0.005 -22"><span class='ocrx_word' id='word_1_705' title='bbox 2148 3006 2250 3061; x_wconf 87' lang='lat' dir='ltr'><strong>est,</strong></span> <span class='ocrx_word' id='word_1_706' title='bbox 2278 3007 2334 3050; x_wconf 93' lang='lat' dir='ltr'><strong>ut</strong></span> <span class='ocrx_word' id='word_1_707' title='bbox 2355 2998 2468 3065; x_wconf 87' lang='lat' dir='ltr'><strong>ipse</strong></span> <span class='ocrx_word' id='word_1_708' title='bbox 2495 2998 2672 3051; x_wconf 87' lang='lat' dir='ltr'><strong>villam</strong></span> <span class='ocrx_word' id='word_1_709' title='bbox 2705 2998 3123 3068; x_wconf 84' lang='lat' dir='ltr'><strong>Bulgiatensetn,</strong></span> <span class='ocrx_word' id='word_1_710' title='bbox 3153 3016 3310 3068; x_wconf 85' lang='lat' dir='ltr'><strong>quam</strong></span> <span class='ocrx_word' id='word_1_711' title='bbox 3341 3002 3612 3071; x_wconf 82' lang='lat' dir='ltr'><strong>quondam</strong></span> <span class='ocrx_word' id='word_1_712' title='bbox 3636 3003 3733 3057; x_wconf 87' lang='lat' dir='ltr'><strong>be-</strong></span> 
     </span>
    </p>
   </div>
   <div class='ocr_carea' id='block_1_92' title="bbox 2149 3086 3731 3159">
    <p class='ocr_par' dir='ltr' id='par_1_92' title="bbox 2149 3086 3731 3159">
     <span class='ocr_line' id='line_1_93' title="bbox 2149 3086 3731 3159; baseline 0.004 -18"><span class='ocrx_word' id='word_1_713' title='bbox 2149 3086 2392 3141; x_wconf 86' lang='lat' dir='ltr'><strong>nedictus</strong></span> <span class='ocrx_word' id='word_1_714' title='bbox 2423 3086 2703 3144; x_wconf 85' lang='lat' dir='ltr'><strong>Tetradins</strong></span> <span class='ocrx_word' id='word_1_715' title='bbox 2725 3089 3042 3159; x_wconf 84' lang='lat' dir='ltr'><strong>episeopusi</strong></span> <span class='ocrx_word' id='word_1_716' title='bbox 3080 3092 3313 3147; x_wconf 76' lang='lat' dir='ltr'><strong>basilica:</strong></span> <span class='ocrx_word' id='word_1_717' title='bbox 3337 3094 3503 3147; x_wconf 84' lang='lat' dir='ltr'><strong>sancti</strong></span> <span class='ocrx_word' id='word_1_718' title='bbox 3530 3094 3731 3148; x_wconf 69' lang='lat' dir='ltr'><strong>Iuliani</strong></span> 
     </span>
    </p>
   </div>
   <div class='ocr_carea' id='block_1_93' title="bbox 2151 3177 3732 3251">
    <p class='ocr_par' dir='ltr' id='par_1_93' title="bbox 2151 3177 3732 3251">
     <span class='ocr_line' id='line_1_94' title="bbox 2151 3177 3732 3251; baseline 0.004 -20"><span class='ocrx_word' id='word_1_719' title='bbox 2151 3177 2462 3249; x_wconf 89' lang='lat' dir='ltr'><strong>reliquerat,</strong></span> <span class='ocrx_word' id='word_1_720' title='bbox 2505 3181 2797 3234; x_wconf 63' lang='lat' dir='ltr'><strong>temerario</strong></span> <span class='ocrx_word' id='word_1_721' title='bbox 2815 3195 2946 3235; x_wconf 88' lang='lat' dir='ltr'><strong>ausu</strong></span> <span class='ocrx_word' id='word_1_722' title='bbox 2985 3182 3318 3251; x_wconf 85' lang='lat' dir='ltr'><strong>pervaderet.</strong></span> <span class='ocrx_word' id='word_1_723' title='bbox 3363 3183 3468 3238; x_wconf 89' lang='lat' dir='ltr'><strong>Sed</strong></span> <span class='ocrx_word' id='word_1_724' title='bbox 3499 3198 3617 3236; x_wconf 89' lang='lat' dir='ltr'><strong>cum</strong></span> <span class='ocrx_word' id='word_1_725' title='bbox 3651 3184 3732 3238; x_wconf 83' lang='lat' dir='ltr'><strong>in-</strong></span> 
     </span>
    </p>
   </div>
   <div class='ocr_carea' id='block_1_94' title="bbox 2151 3271 3733 3341">
    <p class='ocr_par' dir='ltr' id='par_1_94' title="bbox 2151 3271 3733 3341">
     <span class='ocr_line' id='line_1_95' title="bbox 2151 3271 3733 3341; baseline 0.004 -17"><span class='ocrx_word' id='word_1_726' title='bbox 2151 3285 2366 3341; x_wconf 88' lang='lat' dir='ltr'><strong>gressus</strong></span> <span class='ocrx_word' id='word_1_727' title='bbox 2388 3272 2439 3324; x_wconf 91' lang='lat' dir='ltr'><strong>in</strong></span> <span class='ocrx_word' id='word_1_728' title='bbox 2465 3271 2679 3325; x_wconf 90' lang='lat' dir='ltr'><strong>domum</strong></span> <span class='ocrx_word' id='word_1_729' title='bbox 2708 3272 2850 3327; x_wconf 88' lang='lat' dir='ltr'><strong>illam</strong></span> <span class='ocrx_word' id='word_1_730' title='bbox 2874 3272 3083 3338; x_wconf 85' lang='lat' dir='ltr'><strong>fuisset,</strong></span> <span class='ocrx_word' id='word_1_731' title='bbox 3101 3274 3279 3327; x_wconf 86' lang='lat' dir='ltr'><strong>statim</strong></span> <span class='ocrx_word' id='word_1_732' title='bbox 3302 3287 3487 3328; x_wconf 80' lang='lat' dir='ltr'><strong>amens</strong></span> <span class='ocrx_word' id='word_1_733' title='bbox 3510 3271 3596 3327; x_wconf 71' lang='lat' dir='ltr'><strong>eff.</strong></span> <span class='ocrx_word' id='word_1_734' title='bbox 3616 3284 3733 3330; x_wconf 70' lang='lat' dir='ltr'><strong>ctus</strong></span> 
     </span>
    </p>
   </div>
   <div class='ocr_carea' id='block_1_95' title="bbox 2151 3362 3735 3431">
    <p class='ocr_par' dir='ltr' id='par_1_95' title="bbox 2151 3362 3735 3431">
     <span class='ocr_line' id='line_1_96' title="bbox 2151 3362 3735 3431; baseline 0.001 -14"><span class='ocrx_word' id='word_1_735' title='bbox 2151 3362 2290 3417; x_wconf 89' lang='lat' dir='ltr'><strong>lecto</strong></span> <span class='ocrx_word' id='word_1_736' title='bbox 2305 3362 2575 3418; x_wconf 84' lang='lat' dir='ltr'><strong>decubuit.</strong></span> <span class='ocrx_word' id='word_1_737' title='bbox 2592 3363 2739 3418; x_wconf 87' lang='lat' dir='ltr'><strong>Tunc</strong></span> <span class='ocrx_word' id='word_1_738' title='bbox 2762 3363 2950 3417; x_wconf 87' lang='lat' dir='ltr'><strong>mulier</strong></span> <span class='ocrx_word' id='word_1_739' title='bbox 2971 3364 3241 3416; x_wconf 86' lang='lat' dir='ltr'><strong>admonita</strong></span> <span class='ocrx_word' id='word_1_740' title='bbox 3266 3378 3357 3431; x_wconf 89' lang='lat' dir='ltr'><strong>per</strong></span> <span class='ocrx_word' id='word_1_741' title='bbox 3374 3363 3735 3431; x_wconf 85' lang='lat' dir='ltr'><strong>sacerdotem,</strong></span> 
     </span>
    </p>
   </div>
   <div class='ocr_carea' id='block_1_96' title="bbox 2149 3440 3734 3529">
    <p class='ocr_par' dir='ltr' id='par_1_96' title="bbox 2149 3440 3734 3529">
     <span class='ocr_line' id='line_1_97' title="bbox 2149 3440 3734 3529; baseline 0.002 -19"><span class='ocrx_word' id='word_1_742' title='bbox 2149 3456 2410 3510; x_wconf 87' lang='lat' dir='ltr'><strong>elcvatum</strong></span> <span class='ocrx_word' id='word_1_743' title='bbox 2441 3457 2492 3510; x_wconf 92' lang='lat' dir='ltr'><strong>in</strong></span> <span class='ocrx_word' id='word_1_744' title='bbox 2526 3458 2857 3522; x_wconf 85' lang='lat' dir='ltr'><strong>basternam,</strong></span> <span class='ocrx_word' id='word_1_745' title='bbox 2880 3458 3016 3514; x_wconf 88' lang='lat' dir='ltr'><strong>utin</strong></span> <span class='ocrx_word' id='word_1_746' title='bbox 3047 3440 3205 3512; x_wconf 85' lang='lat' dir='ltr'><strong>aliam</strong></span> <span class='ocrx_word' id='word_1_747' title='bbox 3239 3459 3415 3513; x_wconf 67' lang='lat' dir='ltr'><strong>villam</strong></span> <span class='ocrx_word' id='word_1_748' title='bbox 3439 3460 3734 3529; x_wconf 87' lang='lat' dir='ltr'><strong>transtulit,</strong></span> 
     </span>
    </p>
   </div>
   <div class='ocr_carea' id='block_1_97' title="bbox 2149 3549 3735 3622">
    <p class='ocr_par' dir='ltr' id='par_1_97' title="bbox 2149 3549 3735 3622">
     <span class='ocr_line' id='line_1_98' title="bbox 2149 3549 3735 3622; baseline 0.003 -21"><span class='ocrx_word' id='word_1_749' title='bbox 2149 3562 2337 3603; x_wconf 89' lang='lat' dir='ltr'><strong>sanum</strong></span> <span class='ocrx_word' id='word_1_750' title='bbox 2379 3549 2600 3617; x_wconf 84' lang='lat' dir='ltr'><strong>recepit.</strong></span> <span class='ocrx_word' id='word_1_751' title='bbox 2636 3550 2703 3603; x_wconf 84' lang='lat' dir='ltr'><strong>Et</strong></span> <span class='ocrx_word' id='word_1_752' title='bbox 2728 3550 3020 3615; x_wconf 89' lang='lat' dir='ltr'><strong>accedens,</strong></span> <span class='ocrx_word' id='word_1_753' title='bbox 3050 3555 3300 3619; x_wconf 84' lang='lat' dir='ltr'><strong>exposuit</strong></span> <span class='ocrx_word' id='word_1_754' title='bbox 3322 3552 3369 3605; x_wconf 92' lang='lat' dir='ltr'><strong>ei</strong></span> <span class='ocrx_word' id='word_1_755' title='bbox 3411 3552 3586 3622; x_wconf 84' lang='lat' dir='ltr'><strong>omnia</strong></span> <span class='ocrx_word' id='word_1_756' title='bbox 3614 3567 3735 3621; x_wconf 65' lang='lat' dir='ltr'><strong>quae</strong></span> 
     </span>
    </p>
   </div>
   <div class='ocr_carea' id='block_1_98' title="bbox 2153 3642 3737 3714">
    <p class='ocr_par' dir='ltr' id='par_1_98' title="bbox 2153 3642 3737 3714">
     <span class='ocr_line' id='line_1_99' title="bbox 2153 3642 3737 3714; baseline 0.003 -19"><span class='ocrx_word' id='word_1_757' title='bbox 2153 3642 2458 3710; x_wconf 71' lang='lat' dir='ltr'><strong>jertulerat.</strong></span> <span class='ocrx_word' id='word_1_758' title='bbox 2487 3643 2641 3708; x_wconf 84' lang='lat' dir='ltr'><strong>Quod</strong></span> <span class='ocrx_word' id='word_1_759' title='bbox 2674 3642 2763 3697; x_wconf 89' lang='lat' dir='ltr'><strong>ille</strong></span> <span class='ocrx_word' id='word_1_760' title='bbox 2784 3643 3025 3709; x_wconf 86' lang='lat' dir='ltr'><strong>audiens,</strong></span> <span class='ocrx_word' id='word_1_761' title='bbox 3062 3654 3183 3697; x_wconf 88' lang='lat' dir='ltr'><strong>vota</strong></span> <span class='ocrx_word' id='word_1_762' title='bbox 3217 3645 3371 3698; x_wconf 88' lang='lat' dir='ltr'><strong>beato</strong></span> <span class='ocrx_word' id='word_1_763' title='bbox 3394 3644 3615 3714; x_wconf 31' lang='lat' dir='ltr'><strong>Marty‘i</strong></span> <span class='ocrx_word' id='word_1_764' title='bbox 3642 3659 3737 3699; x_wconf 80' lang='lat' dir='ltr'><strong>ro-</strong></span> 
     </span>
    </p>
   </div>
   <div class='ocr_carea' id='block_1_99' title="bbox 2150 3736 3737 3806">
    <p class='ocr_par' dir='ltr' id='par_1_99' title="bbox 2150 3736 3737 3806">
     <span class='ocr_line' id='line_1_100' title="bbox 2150 3736 3737 3806; baseline 0.006 -19"><span class='ocrx_word' id='word_1_765' title='bbox 2150 3750 2305 3802; x_wconf 86' lang='lat' dir='ltr'><strong>vens,</strong></span> <span class='ocrx_word' id='word_1_766' title='bbox 2328 3751 2387 3791; x_wconf 91' lang='lat' dir='ltr'><strong>ea</strong></span> <span class='ocrx_word' id='word_1_767' title='bbox 2409 3752 2526 3806; x_wconf 86' lang='lat' dir='ltr'><strong>quae</strong></span> <span class='ocrx_word' id='word_1_768' title='bbox 2543 3736 2792 3805; x_wconf 89' lang='lat' dir='ltr'><strong>simplum</strong></span> <span class='ocrx_word' id='word_1_769' title='bbox 2818 3736 3111 3791; x_wconf 89' lang='lat' dir='ltr'><strong>abstulerat</strong></span> <span class='ocrx_word' id='word_1_770' title='bbox 3128 3740 3141 3786; x_wconf 80' lang='lat' dir='ltr'><strong>t</strong></span> <span class='ocrx_word' id='word_1_771' title='bbox 3161 3780 3174 3803; x_wconf 90' lang='lat'><strong>,</strong></span> <span class='ocrx_word' id='word_1_772' title='bbox 3193 3736 3458 3806; x_wconf 84' lang='lat' dir='ltr'><strong>duplicata</strong></span> <span class='ocrx_word' id='word_1_773' title='bbox 3478 3740 3737 3796; x_wconf 81' lang='lat' dir='ltr'><strong>restituit.</strong></span> 
     </span>
    </p>
   </div>
   <div class='ocr_carea' id='block_1_100' title="bbox 2150 3827 3737 3901">
    <p class='ocr_par' dir='ltr' id='par_1_100' title="bbox 2150 3827 3737 3901">
     <span class='ocr_line' id='line_1_101' title="bbox 2150 3827 3737 3901; baseline 0.001 -18"><span class='ocrx_word' id='word_1_774' title='bbox 2150 3829 2487 3901; x_wconf 71' lang='lat' dir='ltr'><strong>Meminimus</strong></span> <span class='ocrx_word' id='word_1_775' title='bbox 2528 3836 2583 3883; x_wconf 90' lang='lat' dir='ltr'><strong>et</strong></span> <span class='ocrx_word' id='word_1_776' title='bbox 2634 3828 2793 3898; x_wconf 85' lang='lat' dir='ltr'><strong>hujus</strong></span> <span class='ocrx_word' id='word_1_777' title='bbox 2828 3828 3041 3883; x_wconf 85' lang='lat' dir='ltr'><strong>virtutis</strong></span> <span class='ocrx_word' id='word_1_778' title='bbox 3082 3827 3135 3882; x_wconf 90' lang='lat' dir='ltr'><strong>in</strong></span> <span class='ocrx_word' id='word_1_779' title='bbox 3176 3828 3312 3883; x_wconf 91' lang='lat' dir='ltr'><strong>libro</strong></span> <span class='ocrx_word' id='word_1_780' title='bbox 3359 3829 3737 3885; x_wconf 77' lang='lat' dir='ltr'><strong>Miraculorum</strong></span> 
     </span>
    </p>
   </div>
   <div class='ocr_carea' id='block_1_101' title="bbox 2148 3920 2857 3993">
    <p class='ocr_par' dir='ltr' id='par_1_101' title="bbox 2148 3920 2857 3993">
     <span class='ocr_line' id='line_1_102' title="bbox 2148 3920 2857 3993; baseline -0.003 -16"><span class='ocrx_word' id='word_1_781' title='bbox 2148 3921 2318 3977; x_wconf 79' lang='lat' dir='ltr'><strong>sancti</strong></span> <span class='ocrx_word' id='word_1_782' title='bbox 2349 3920 2542 3976; x_wconf 67' lang='lat' dir='ltr'><strong>Iuliani</strong></span> <span class='ocrx_word' id='word_1_783' title='bbox 2577 3922 2714 3993; x_wconf 82' lang='lat' dir='ltr'><strong>(cap.</strong></span> <span class='ocrx_word' id='word_1_784' title='bbox 2746 3922 2857 3991; x_wconf 74' lang='grc'><strong>14).</strong></span> 
     </span>
    </p>
   </div>
   <div class='ocr_carea' id='block_1_102' title="bbox 2225 4013 3737 4086">
    <p class='ocr_par' dir='ltr' id='par_1_102' title="bbox 2225 4013 3737 4086">
     <span class='ocr_line' id='line_1_103' title="bbox 2225 4013 3737 4086; baseline -0.007 -13"><span class='ocrx_word' id='word_1_785' title='bbox 2225 4016 2378 4086; x_wconf 76' lang='lat'><strong>123</strong></span> <span class='ocrx_word' id='word_1_786' title='bbox 2419 4014 2583 4069; x_wconf 81' lang='lat' dir='ltr'><strong>XVII.</strong></span> <span class='ocrx_word' id='word_1_787' title='bbox 2625 4015 2788 4085; x_wconf 85' lang='lat' dir='ltr'><strong>Igitur</strong></span> <span class='ocrx_word' id='word_1_788' title='bbox 2836 4013 3065 4070; x_wconf 77' lang='lat' dir='ltr'><strong>Dinifiull</strong></span> <span class='ocrx_word' id='word_1_789' title='bbox 3109 4016 3361 4084; x_wconf 87' lang='lat' dir='ltr'><strong>episcopo</strong></span> <span class='ocrx_word' id='word_1_790' title='bbox 3385 4013 3523 4084; x_wconf 83' lang='lat' dir='ltr'><strong>apud</strong></span> <span class='ocrx_word' id='word_1_791' title='bbox 3569 4014 3737 4069; x_wconf 80' lang='lat' dir='ltr'><strong>Tum.</strong></span> 
     </span>
    </p>
   </div>
   <div class='ocr_carea' id='block_1_103' title="bbox 2149 4105 3738 4175">
    <p class='ocr_par' dir='ltr' id='par_1_103' title="bbox 2149 4105 3738 4175">
     <span class='ocr_line' id='line_1_104' title="bbox 2149 4105 3738 4175; baseline -0.003 -10"><span class='ocrx_word' id='word_1_792' title='bbox 2149 4123 2248 4165; x_wconf 85' lang='lat' dir='ltr'><strong>nos</strong></span> <span class='ocrx_word' id='word_1_793' title='bbox 2291 4108 2607 4175; x_wconf 89' lang='lat' dir='ltr'><strong>decedente,</strong></span> <span class='ocrx_word' id='word_1_794' title='bbox 2652 4108 2949 4163; x_wconf 82' lang='lat' dir='ltr'><strong>Ommatius</strong></span> <span class='ocrx_word' id='word_1_795' title='bbox 2980 4109 3154 4164; x_wconf 89' lang='lat' dir='ltr'><strong>tribus</strong></span> <span class='ocrx_word' id='word_1_796' title='bbox 3183 4109 3339 4162; x_wconf 83' lang='lat' dir='ltr'><strong>annis</strong></span> <span class='ocrx_word' id='word_1_797' title='bbox 3377 4106 3603 4175; x_wconf 69' lang='lat' dir='ltr'><strong>prmfuit.</strong></span> <span class='ocrx_word' id='word_1_798' title='bbox 3637 4105 3738 4160; x_wconf 87' lang='lat' dir='ltr'><strong>IIie</strong></span> 
     </span>
    </p>
   </div>
   <div class='ocr_carea' id='block_1_104' title="bbox 2148 4195 3737 4268">
    <p class='ocr_par' dir='ltr' id='par_1_104' title="bbox 2148 4195 3737 4268">
     <span class='ocr_line' id='line_1_105' title="bbox 2148 4195 3737 4268; baseline -0.005 -13"><span class='ocrx_word' id='word_1_799' title='bbox 2148 4200 2290 4255; x_wconf 85' lang='lat' dir='ltr'><strong>enim</strong></span> <span class='ocrx_word' id='word_1_800' title='bbox 2313 4214 2377 4255; x_wconf 84' lang='lat' dir='ltr'><strong>ex</strong></span> <span class='ocrx_word' id='word_1_801' title='bbox 2404 4199 2555 4268; x_wconf 87' lang='lat' dir='ltr'><strong>jussu</strong></span> <span class='ocrx_word' id='word_1_802' title='bbox 2585 4198 2956 4255; x_wconf 72' lang='lat' dir='ltr'><strong>Cbludomeris</strong></span> <span class='ocrx_word' id='word_1_803' title='bbox 2984 4200 3147 4267; x_wconf 74' lang='lat' dir='ltr'><strong>regis,</strong></span> <span class='ocrx_word' id='word_1_804' title='bbox 3168 4202 3320 4266; x_wconf 80' lang='lat' dir='ltr'><strong>cujus</strong></span> <span class='ocrx_word' id='word_1_805' title='bbox 3337 4212 3510 4265; x_wconf 70' lang='lat' dir='ltr'><strong>supra</strong></span> <span class='ocrx_word' id='word_1_806' title='bbox 3542 4195 3737 4250; x_wconf 75' lang='lat' dir='ltr'><strong>memi-</strong></span> 
     </span>
    </p>
   </div>
   <div class='ocr_carea' id='block_1_105' title="bbox 2149 4289 3737 4363">
    <p class='ocr_par' dir='ltr' id='par_1_105' title="bbox 2149 4289 3737 4363">
     <span class='ocr_line' id='line_1_106' title="bbox 2149 4289 3737 4363; baseline -0.003 -16"><span class='ocrx_word' id='word_1_807' title='bbox 2149 4294 2347 4363; x_wconf 83' lang='lat' dir='ltr'><strong>nimus,</strong></span> <span class='ocrx_word' id='word_1_808' title='bbox 2371 4291 2647 4347; x_wconf 88' lang='lat' dir='ltr'><strong>ordiuatus</strong></span> <span class='ocrx_word' id='word_1_809' title='bbox 2684 4300 2787 4349; x_wconf 91' lang='lat' dir='ltr'><strong>est.</strong></span> <span class='ocrx_word' id='word_1_810' title='bbox 2821 4291 2914 4346; x_wconf 91' lang='lat' dir='ltr'><strong>Illo</strong></span> <span class='ocrx_word' id='word_1_811' title='bbox 2942 4306 3155 4362; x_wconf 81' lang='lat' dir='ltr'><strong>quoque</strong></span> <span class='ocrx_word' id='word_1_812' title='bbox 3197 4291 3481 4359; x_wconf 86' lang='lat' dir='ltr'><strong>migrante,</strong></span> <span class='ocrx_word' id='word_1_813' title='bbox 3512 4289 3618 4342; x_wconf 80' lang='lat' dir='ltr'><strong>Leo</strong></span> <span class='ocrx_word' id='word_1_814' title='bbox 3647 4301 3737 4342; x_wconf 79' lang='lat' dir='ltr'><strong>se-</strong></span> 
     </span>
    </p>
   </div>
   <div class='ocr_carea' id='block_1_106' title="bbox 2224 4438 3736 4513">
    <p class='ocr_par' dir='ltr' id='par_1_106' title="bbox 2224 4438 3736 4513">
     <span class='ocr_line' id='line_1_107' title="bbox 2224 4438 3736 4513; baseline -0.003 -9"><span class='ocrx_word' id='word_1_815' title='bbox 2224 4445 2243 4487; x_wconf 70' lang='grc' dir='ltr'>ί</span> <span class='ocrx_word' id='word_1_816' title='bbox 2279 4450 2348 4511; x_wconf 87' lang='lat' dir='ltr'><strong>Is,</strong></span> <span class='ocrx_word' id='word_1_817' title='bbox 2380 4458 2439 4504; x_wconf 93' lang='lat' dir='ltr'><strong>ut</strong></span> <span class='ocrx_word' id='word_1_818' title='bbox 2466 4448 2696 4510; x_wconf 66' lang='lat' dir='ltr'><strong>videtur,</strong></span> <span class='ocrx_word' id='word_1_819' title='bbox 2730 4458 2912 4513; x_wconf 76' lang='lat' dir='ltr'><strong>postea</strong></span> <span class='ocrx_word' id='word_1_820' title='bbox 2961 4448 3057 4500; x_wconf 92' lang='lat' dir='ltr'><strong>fuit</strong></span> <span class='ocrx_word' id='word_1_821' title='bbox 3083 4462 3263 4502; x_wconf 84' lang='lat' dir='ltr'><strong>comes</strong></span> <span class='ocrx_word' id='word_1_822' title='bbox 3292 4438 3602 4508; x_wconf 58' lang='lat' dir='ltr'><strong>IEduensis,</strong></span> <span class='ocrx_word' id='word_1_823' title='bbox 3642 4442 3736 4499; x_wconf 85' lang='lat' dir='ltr'><strong>cui</strong></span> 
     </span>
    </p>
   </div>
   <div class='ocr_carea' id='block_1_107' title="bbox 2118 4517 3268 4587">
    <p class='ocr_par' dir='ltr' id='par_1_107' title="bbox 2118 4517 3268 4587">
     <span class='ocr_line' id='line_1_108' title="bbox 2118 4517 3268 4587; baseline -0.003 -13"><span class='ocrx_word' id='word_1_824' title='bbox 2118 4526 2121 4527; x_wconf 65' lang='grc'><strong><em>⁷</em></strong></span> <span class='ocrx_word' id='word_1_825' title='bbox 2148 4517 2397 4574; x_wconf 89' lang='lat' dir='ltr'><strong>Sidonius</strong></span> <span class='ocrx_word' id='word_1_826' title='bbox 2427 4520 2934 4587; x_wconf 69' lang='lat' dir='ltr'><strong>scripsitepistolam</strong></span> <span class='ocrx_word' id='word_1_827' title='bbox 2972 4520 3061 4579; x_wconf 86' lang='lat' dir='ltr'><strong>I8.</strong></span> <span class='ocrx_word' id='word_1_828' title='bbox 3097 4520 3186 4572; x_wconf 84' lang='lat' dir='ltr'><strong>lib.</strong></span> <span class='ocrx_word' id='word_1_829' title='bbox 3218 4534 3268 4571; x_wconf 87' lang='lat' dir='ltr'><strong>v.</strong></span> 
     </span>
    </p>
   </div>
   <div class='ocr_carea' id='block_1_108' title="bbox 2068 4626 2120 4687">
    <p class='ocr_par' dir='ltr' id='par_1_108' title="bbox 2068 4626 2120 4687">
     <span class='ocr_line' id='line_1_109' title="bbox 2068 4626 2120 4687; baseline 0 0"><span class='ocrx_word' id='word_1_830' title='bbox 2068 4626 2120 4687; x_wconf 91' lang='lat' dir='ltr'><strong>D</strong></span> 
     </span>
    </p>
   </div>
   <div class='ocr_carea' id='block_1_109' title="bbox 2223 4585 3737 4658">
    <p class='ocr_par' dir='ltr' id='par_1_109' title="bbox 2223 4585 3737 4658">
     <span class='ocr_line' id='line_1_110' title="bbox 2223 4585 3737 4658; baseline 0.003 -20"><span class='ocrx_word' id='word_1_831' title='bbox 2223 4600 2249 4638; x_wconf 76' lang='grc' dir='ltr'><strong>ιι</strong></span> <span class='ocrx_word' id='word_1_832' title='bbox 2274 4591 2371 4656; x_wconf 88' lang='lat' dir='ltr'><strong>Qui</strong></span> <span class='ocrx_word' id='word_1_833' title='bbox 2403 4604 2561 4657; x_wconf 81' lang='lat' dir='ltr'><strong>supra</strong></span> <span class='ocrx_word' id='word_1_834' title='bbox 2594 4585 2712 4656; x_wconf 77' lang='lat' dir='ltr'><strong>cap.</strong></span> <span class='ocrx_word' id='word_1_835' title='bbox 2773 4592 2836 4645; x_wconf 79' lang='grc'><strong>15</strong></span> <span class='ocrx_word' id='word_1_836' title='bbox 2868 4606 2898 4644; x_wconf 86' lang='lat' dir='ltr'><strong>a</strong></span> <span class='ocrx_word' id='word_1_837' title='bbox 2931 4587 3265 4645; x_wconf 79' lang='lat' dir='ltr'><strong>Theoderico</strong></span> <span class='ocrx_word' id='word_1_838' title='bbox 3309 4600 3434 4658; x_wconf 78' lang='lat' dir='ltr'><strong>rege</strong></span> <span class='ocrx_word' id='word_1_839' title='bbox 3460 4600 3557 4657; x_wconf 79' lang='lat' dir='ltr'><strong>pro</strong></span> <span class='ocrx_word' id='word_1_840' title='bbox 3586 4585 3737 4643; x_wconf 78' lang='lat' dir='ltr'><strong>urbis</strong></span> 
     </span>
    </p>
   </div>
   <div class='ocr_carea' id='block_1_110' title="bbox 2148 4661 2855 4717">
    <p class='ocr_par' dir='ltr' id='par_1_110' title="bbox 2148 4661 2855 4717">
     <span class='ocr_line' id='line_1_111' title="bbox 2148 4661 2855 4717; baseline -0.006 0"><span class='ocrx_word' id='word_1_841' title='bbox 2148 4661 2388 4717; x_wconf 85' lang='lat' dir='ltr'><strong>custodia</strong></span> <span class='ocrx_word' id='word_1_842' title='bbox 2424 4663 2643 4717; x_wconf 88' lang='lat' dir='ltr'><strong>relictus</strong></span> <span class='ocrx_word' id='word_1_843' title='bbox 2667 4662 2855 4714; x_wconf 87' lang='lat' dir='ltr'><strong>fuerat.</strong></span> 
     </span>
    </p>
   </div>
   <div class='ocr_carea' id='block_1_111' title="bbox 2221 4729 2949 4801">
    <p class='ocr_par' dir='ltr' id='par_1_111' title="bbox 2221 4729 2949 4801">
     <span class='ocr_line' id='line_1_112' title="bbox 2221 4729 2949 4801; baseline -0.001 -15"><span class='ocrx_word' id='word_1_844' title='bbox 2221 4729 2245 4801; x_wconf 59' lang='lat' dir='ltr'><strong>I‘</strong></span> <span class='ocrx_word' id='word_1_845' title='bbox 2289 4731 2448 4794; x_wconf 82' lang='lat' dir='ltr'><strong>Edili,</strong></span> <span class='ocrx_word' id='word_1_846' title='bbox 2481 4749 2630 4800; x_wconf 80' lang='lat' dir='ltr'><strong>super</strong></span> <span class='ocrx_word' id='word_1_847' title='bbox 2664 4748 2949 4801; x_wconf 77' lang='lat' dir='ltr'><strong>numerum.</strong></span> 
     </span>
    </p>
   </div>
   <div class='ocr_carea' id='block_1_112' title="bbox 2226 4793 3737 4871">
    <p class='ocr_par' dir='ltr' id='par_1_112' title="bbox 2226 4793 3737 4871">
     <span class='ocr_line' id='line_1_113' title="bbox 2226 4793 3737 4871; baseline -0.001 -15"><span class='ocrx_word' id='word_1_848' title='bbox 2226 4800 2240 4839; x_wconf 79' lang='grc' dir='ltr'><strong>ί</strong></span> <span class='ocrx_word' id='word_1_849' title='bbox 2272 4802 2366 4858; x_wconf 92' lang='lat' dir='ltr'><strong>llic</strong></span> <span class='ocrx_word' id='word_1_850' title='bbox 2415 4793 2813 4871; x_wconf 75' lang='lat' dir='ltr'><strong>ftiitepiscomts</strong></span> <span class='ocrx_word' id='word_1_851' title='bbox 2868 4800 3211 4865; x_wconf 55' lang='lat' dir='ltr'><strong>ltituric‘n-is</strong></span> <span class='ocrx_word' id='word_1_852' title='bbox 3235 4843 3249 4863; x_wconf 86' lang='lat'><strong>,</strong></span> <span class='ocrx_word' id='word_1_853' title='bbox 3282 4806 3338 4853; x_wconf 90' lang='lat' dir='ltr'><strong>ut</strong></span> <span class='ocrx_word' id='word_1_854' title='bbox 3382 4812 3443 4853; x_wconf 82' lang='lat' dir='ltr'><strong>ex</strong></span> <span class='ocrx_word' id='word_1_855' title='bbox 3474 4793 3737 4869; x_wconf 76' lang='lat' dir='ltr'><strong>Gregorio</strong></span> 
     </span>
    </p>
   </div>
   <div class='ocr_carea' id='block_1_113' title="bbox 2148 4871 3733 4941">
    <p class='ocr_par' dir='ltr' id='par_1_113' title="bbox 2148 4871 3733 4941">
     <span class='ocr_line' id='line_1_114' title="bbox 2148 4871 3733 4941; baseline -0.001 -16"><span class='ocrx_word' id='word_1_856' title='bbox 2148 4872 2263 4936; x_wconf 83' lang='lat' dir='ltr'><strong>ipso</strong></span> <span class='ocrx_word' id='word_1_857' title='bbox 2293 4874 2547 4927; x_wconf 80' lang='lat' dir='ltr'><strong>discimus</strong></span> <span class='ocrx_word' id='word_1_858' title='bbox 2580 4873 2672 4927; x_wconf 90' lang='lat' dir='ltr'><strong>lib.</strong></span> <span class='ocrx_word' id='word_1_859' title='bbox 2725 4889 2759 4926; x_wconf 91' lang='lat' dir='ltr'><strong>ll</strong></span> <span class='ocrx_word' id='word_1_860' title='bbox 2793 4873 2997 4937; x_wconf 61' lang='grc' dir='ltr'><strong>Μίνωα,</strong></span> <span class='ocrx_word' id='word_1_861' title='bbox 3034 4885 3150 4941; x_wconf 90' lang='lat' dir='ltr'><strong>cap.</strong></span> <span class='ocrx_word' id='word_1_862' title='bbox 3187 4871 3270 4925; x_wconf 80' lang='grc' dir='ltr'><strong>Η.</strong></span> <span class='ocrx_word' id='word_1_863' title='bbox 3305 4871 3414 4923; x_wconf 87' lang='lat' dir='ltr'><strong>Dici</strong></span> <span class='ocrx_word' id='word_1_864' title='bbox 3444 4886 3507 4921; x_wconf 91' lang='lat' dir='ltr'><strong>ur</strong></span> <span class='ocrx_word' id='word_1_865' title='bbox 3548 4885 3677 4923; x_wconf 77' lang='lat' dir='ltr'><strong>vero</strong></span> <span class='ocrx_word' id='word_1_866' title='bbox 3706 4886 3733 4924; x_wconf 79' lang='lat' dir='ltr'><strong>a</strong></span> 
     </span>
    </p>
   </div>
   <div class='ocr_carea' id='block_1_114' title="bbox 2148 4942 3737 5011">
    <p class='ocr_par' dir='ltr' id='par_1_114' title="bbox 2148 4942 3737 5011">
     <span class='ocr_line' id='line_1_115' title="bbox 2148 4942 3737 5011; baseline 0.001 -15"><span class='ocrx_word' id='word_1_867' title='bbox 2148 4942 2409 5008; x_wconf 76' lang='lat' dir='ltr'><strong>Gregorio</strong></span> <span class='ocrx_word' id='word_1_868' title='bbox 2438 4945 2726 4997; x_wconf 72' lang='lat' dir='ltr'><strong>benedictus</strong></span> <span class='ocrx_word' id='word_1_869' title='bbox 2769 4960 2788 4998; x_wconf 90' lang='lat'><em>:</em></span> <span class='ocrx_word' id='word_1_870' title='bbox 2816 4959 2918 5011; x_wconf 89' lang='lat' dir='ltr'><strong>qua</strong></span> <span class='ocrx_word' id='word_1_871' title='bbox 2961 4957 3089 4997; x_wconf 80' lang='lat' dir='ltr'><strong>voce</strong></span> <span class='ocrx_word' id='word_1_872' title='bbox 3139 4958 3240 4996; x_wconf 90' lang='lat' dir='ltr'><strong>non</strong></span> <span class='ocrx_word' id='word_1_873' title='bbox 3290 4943 3737 5009; x_wconf 73' lang='lat' dir='ltr'><strong>cttgnotnen,sed</strong></span> 
     </span>
    </p>
   </div>
   <div class='ocr_carea' id='block_1_115' title="bbox 2147 5011 3736 5084">
    <p class='ocr_par' dir='ltr' id='par_1_115' title="bbox 2147 5011 3736 5084">
     <span class='ocr_line' id='line_1_116' title="bbox 2147 5011 3736 5084; baseline 0 -18"><span class='ocrx_word' id='word_1_874' title='bbox 2147 5015 2438 5084; x_wconf 79' lang='lat' dir='ltr'><strong>epithetutn</strong></span> <span class='ocrx_word' id='word_1_875' title='bbox 2489 5015 2706 5069; x_wconf 87' lang='lat' dir='ltr'><strong>honoris</strong></span> <span class='ocrx_word' id='word_1_876' title='bbox 2741 5030 2901 5068; x_wconf 78' lang='lat' dir='ltr'><strong>causa</strong></span> <span class='ocrx_word' id='word_1_877' title='bbox 2942 5015 3039 5084; x_wconf 89' lang='lat' dir='ltr'><strong>ipsi</strong></span> <span class='ocrx_word' id='word_1_878' title='bbox 3073 5014 3255 5084; x_wconf 74' lang='lat' dir='ltr'><strong>datum</strong></span> <span class='ocrx_word' id='word_1_879' title='bbox 3306 5012 3523 5084; x_wconf 74' lang='lat' dir='ltr'><strong>intelligi</strong></span> <span class='ocrx_word' id='word_1_880' title='bbox 3547 5011 3736 5066; x_wconf 85' lang='lat' dir='ltr'><strong>debet.</strong></span> 
     </span>
    </p>
   </div>
   <div class='ocr_carea' id='block_1_116' title="bbox 2147 5081 3737 5154">
    <p class='ocr_par' dir='ltr' id='par_1_116' title="bbox 2147 5081 3737 5154">
     <span class='ocr_line' id='line_1_117' title="bbox 2147 5081 3737 5154; baseline -0.003 -14"><span class='ocrx_word' id='word_1_881' title='bbox 2147 5083 2236 5140; x_wconf 86' lang='lat' dir='ltr'><strong>Sic</strong></span> <span class='ocrx_word' id='word_1_882' title='bbox 2269 5087 2317 5136; x_wconf 89' lang='lat' dir='ltr'><strong>in</strong></span> <span class='ocrx_word' id='word_1_883' title='bbox 2354 5088 2443 5137; x_wconf 80' lang='lat' dir='ltr'><strong>IiIt.</strong></span> <span class='ocrx_word' id='word_1_884' title='bbox 2468 5085 2536 5138; x_wconf 87' lang='lat' dir='ltr'><strong>de</strong></span> <span class='ocrx_word' id='word_1_885' title='bbox 2567 5085 2715 5139; x_wconf 74' lang='lat' dir='ltr'><strong>Glut‘.</strong></span> <span class='ocrx_word' id='word_1_886' title='bbox 2748 5086 2926 5148; x_wconf 68' lang='grc' dir='ltr'><strong>(ἶοηῐη</strong></span> <span class='ocrx_word' id='word_1_887' title='bbox 2952 5081 3091 5154; x_wconf 76' lang='lat' dir='ltr'><strong>e:tp.,</strong></span> <span class='ocrx_word' id='word_1_888' title='bbox 3129 5081 3196 5138; x_wconf 82' lang='grc'>86</span> <span class='ocrx_word' id='word_1_889' title='bbox 3221 5125 3234 5148; x_wconf 85' lang='grc'><strong>,</strong></span> <span class='ocrx_word' id='word_1_890' title='bbox 3265 5082 3553 5154; x_wconf 70' lang='lat' dir='ltr'><strong>benedictus</strong></span> <span class='ocrx_word' id='word_1_891' title='bbox 3576 5083 3737 5152; x_wconf 75' lang='lat' dir='ltr'><strong>Agri-</strong></span> 
     </span>
    </p>
   </div>
   <div class='ocr_carea' id='block_1_117' title="bbox 2146 5153 3737 5220">
    <p class='ocr_par' dir='ltr' id='par_1_117' title="bbox 2146 5153 3737 5220">
     <span class='ocr_line' id='line_1_118' title="bbox 2146 5153 3737 5220; baseline -0.002 -12"><span class='ocrx_word' id='word_1_892' title='bbox 2146 5157 2322 5208; x_wconf 73' lang='lat' dir='ltr'><strong>colans</strong></span> <span class='ocrx_word' id='word_1_893' title='bbox 2350 5173 2367 5216; x_wconf 83' lang='lat'><strong><em>:</em></strong></span> <span class='ocrx_word' id='word_1_894' title='bbox 2410 5155 2549 5220; x_wconf 85' lang='lat' dir='ltr'><strong>apud</strong></span> <span class='ocrx_word' id='word_1_895' title='bbox 2579 5155 2891 5209; x_wconf 84' lang='lat' dir='ltr'><strong>Tertulliau.</strong></span> <span class='ocrx_word' id='word_1_896' title='bbox 2922 5153 3027 5210; x_wconf 75' lang='lat' dir='ltr'><strong>lib.</strong></span> <span class='ocrx_word' id='word_1_897' title='bbox 3060 5156 3128 5208; x_wconf 88' lang='lat' dir='ltr'><strong>de</strong></span> <span class='ocrx_word' id='word_1_898' title='bbox 3159 5153 3488 5220; x_wconf 68' lang='lat' dir='ltr'><strong>Praescript.,</strong></span> <span class='ocrx_word' id='word_1_899' title='bbox 3519 5153 3737 5205; x_wconf 68' lang='lat' dir='ltr'><strong>benedi-</strong></span> 
     </span>
    </p>
   </div>
   <div class='ocr_carea' id='block_1_118' title="bbox 2144 5224 3738 5294">
    <p class='ocr_par' dir='ltr' id='par_1_118' title="bbox 2144 5224 3738 5294">
     <span class='ocr_line' id='line_1_119' title="bbox 2144 5224 3738 5294; baseline 0.001 -17"><span class='ocrx_word' id='word_1_900' title='bbox 2144 5235 2255 5278; x_wconf 77' lang='lat' dir='ltr'><strong>ctus</strong></span> <span class='ocrx_word' id='word_1_901' title='bbox 2282 5224 2605 5280; x_wconf 76' lang='lat' dir='ltr'><strong>Eleutherua.</strong></span> <span class='ocrx_word' id='word_1_902' title='bbox 2640 5226 2794 5279; x_wconf 89' lang='lat' dir='ltr'><strong>Plura</strong></span> <span class='ocrx_word' id='word_1_903' title='bbox 2818 5226 3065 5294; x_wconf 83' lang='lat' dir='ltr'><strong>exempla</strong></span> <span class='ocrx_word' id='word_1_904' title='bbox 3088 5226 3135 5278; x_wconf 83' lang='lat' dir='ltr'><strong>si</strong></span> <span class='ocrx_word' id='word_1_905' title='bbox 3155 5226 3305 5293; x_wconf 88' lang='lat' dir='ltr'><strong>cupis</strong></span> <span class='ocrx_word' id='word_1_906' title='bbox 3327 5265 3343 5291; x_wconf 95' lang='lat'><strong>,</strong></span> <span class='ocrx_word' id='word_1_907' title='bbox 3368 5224 3453 5277; x_wconf 88' lang='lat' dir='ltr'><strong>adi</strong></span> <span class='ocrx_word' id='word_1_908' title='bbox 3484 5224 3738 5279; x_wconf 80' lang='lat' dir='ltr'><strong>Sirtuon-</strong></span> 
     </span>
    </p>
   </div>
   <div class='ocr_carea' id='block_1_119' title="bbox 2144 5294 3303 5364">
    <p class='ocr_par' dir='ltr' id='par_1_119' title="bbox 2144 5294 3303 5364">
     <span class='ocr_line' id='line_1_120' title="bbox 2144 5294 3303 5364; baseline -0.001 -15"><span class='ocrx_word' id='word_1_909' title='bbox 2144 5296 2269 5349; x_wconf 87' lang='lat' dir='ltr'><strong>dum</strong></span> <span class='ocrx_word' id='word_1_910' title='bbox 2300 5297 2521 5364; x_wconf 83' lang='lat' dir='ltr'><strong>inepist.</strong></span> <span class='ocrx_word' id='word_1_911' title='bbox 2554 5298 2586 5348; x_wconf 78' lang='lat'><strong>9</strong></span> <span class='ocrx_word' id='word_1_912' title='bbox 2619 5297 2708 5350; x_wconf 86' lang='lat' dir='ltr'><strong>lib.</strong></span> <span class='ocrx_word' id='word_1_913' title='bbox 2745 5298 3038 5362; x_wconf 72' lang='lat' dir='ltr'><strong>Apollinar.</strong></span> <span class='ocrx_word' id='word_1_914' title='bbox 3075 5294 3303 5349; x_wconf 84' lang='lat' dir='ltr'><strong>Sidonii.</strong></span> 
     </span>
    </p>
   </div>
   <div class='ocr_carea' id='block_1_120' title="bbox 2220 5366 3247 5449">
    <p class='ocr_par' dir='ltr' id='par_1_120' title="bbox 2220 5366 3247 5449">
     <span class='ocr_line' id='line_1_121' title="bbox 2220 5366 3247 5449; baseline 0.001 -30"><span class='ocrx_word' id='word_1_915' title='bbox 2400 5383 2519 5421; x_wconf 84' lang='lat' dir='ltr'><strong>cum</strong></span> <span class='ocrx_word' id='word_1_916' title='bbox 2547 5366 2843 5449; x_wconf 32' lang='lat' dir='ltr'><strong>Qesn-ulna:</strong></span> <span class='ocrx_word' id='word_1_917' title='bbox 2872 5369 2916 5449; x_wconf 63' lang='lat' dir='ltr'><strong>ei</strong></span> <span class='ocrx_word' id='word_1_918' title='bbox 2942 5367 3247 5449; x_wconf 62' lang='lat' dir='ltr'><strong>abstulerat.</strong></span> 
     </span>
    </p>
   </div>
   <div class='ocr_carea' id='block_1_121' title="bbox 2217 5434 3738 5505">
    <p class='ocr_par' dir='ltr' id='par_1_121' title="bbox 2217 5434 3738 5505">
     <span class='ocr_line' id='line_1_122' title="bbox 2217 5434 3738 5505; baseline 0.003 -16"><span class='ocrx_word' id='word_1_919' title='bbox 2217 5435 2239 5474; x_wconf 70' lang='grc' dir='ltr'>ι</span> <span class='ocrx_word' id='word_1_920' title='bbox 2270 5434 2480 5505; x_wconf 81' lang='lat' dir='ltr'><strong>Aqunot</strong></span> <span class='ocrx_word' id='word_1_921' title='bbox 2510 5439 2658 5498; x_wconf 81' lang='lat' dir='ltr'><strong>cliti,</strong></span> <span class='ocrx_word' id='word_1_922' title='bbox 2690 5434 2955 5505; x_wconf 59' lang='lat' dir='ltr'><strong>Dionysio.</strong></span> <span class='ocrx_word' id='word_1_923' title='bbox 2987 5438 3246 5492; x_wconf 68' lang='lat' dir='ltr'><strong>Cteter‘uttt</strong></span> <span class='ocrx_word' id='word_1_924' title='bbox 3282 5435 3385 5493; x_wconf 87' lang='lat' dir='ltr'><strong>hoc</strong></span> <span class='ocrx_word' id='word_1_925' title='bbox 3406 5437 3581 5505; x_wconf 87' lang='lat' dir='ltr'><strong>capite</strong></span> <span class='ocrx_word' id='word_1_926' title='bbox 3611 5450 3738 5493; x_wconf 89' lang='lat' dir='ltr'><strong>cum</strong></span> 
     </span>
    </p>
   </div>
   <div class='ocr_carea' id='block_1_122' title="bbox 2146 5507 3737 5579">
    <p class='ocr_par' dir='ltr' id='par_1_122' title="bbox 2146 5507 3737 5579">
     <span class='ocr_line' id='line_1_123' title="bbox 2146 5507 3737 5579; baseline 0 -18"><span class='ocrx_word' id='word_1_927' title='bbox 2146 5523 2265 5573; x_wconf 78' lang='lat' dir='ltr'><strong>cap.</strong></span> <span class='ocrx_word' id='word_1_928' title='bbox 2293 5509 2479 5579; x_wconf 72' lang='lat' dir='ltr'><strong>ultimo</strong></span> <span class='ocrx_word' id='word_1_929' title='bbox 2513 5507 2629 5560; x_wconf 91' lang='lat' dir='ltr'><strong>libri</strong></span> <span class='ocrx_word' id='word_1_930' title='bbox 2655 5523 2688 5561; x_wconf 87' lang='lat' dir='ltr'><strong>tt</strong></span> <span class='ocrx_word' id='word_1_931' title='bbox 2722 5518 2775 5560; x_wconf 88' lang='lat' dir='ltr'><strong>et</strong></span> <span class='ocrx_word' id='word_1_932' title='bbox 2805 5510 2908 5562; x_wconf 83' lang='lat' dir='ltr'><strong>fine</strong></span> <span class='ocrx_word' id='word_1_933' title='bbox 2948 5509 3067 5561; x_wconf 82' lang='lat' dir='ltr'><strong>libri</strong></span> <span class='ocrx_word' id='word_1_934' title='bbox 3109 5524 3164 5574; x_wconf 75' lang='grc' dir='ltr'><strong>Χ,</strong></span> <span class='ocrx_word' id='word_1_935' title='bbox 3194 5509 3280 5561; x_wconf 89' lang='lat' dir='ltr'><strong>ubi</strong></span> <span class='ocrx_word' id='word_1_936' title='bbox 3312 5510 3595 5579; x_wconf 79' lang='lat' dir='ltr'><strong>episcopos</strong></span> <span class='ocrx_word' id='word_1_937' title='bbox 3626 5509 3737 5561; x_wconf 78' lang='grc' dir='ltr'><strong>Τυ-</strong></span> 
     </span>
    </p>
   </div>
   <div class='ocr_carea' id='block_1_123' title="bbox 2148 5577 3736 5647">
    <p class='ocr_par' dir='ltr' id='par_1_123' title="bbox 2148 5577 3736 5647">
     <span class='ocr_line' id='line_1_124' title="bbox 2148 5577 3736 5647; baseline -0.001 -15"><span class='ocrx_word' id='word_1_938' title='bbox 2148 5594 2405 5633; x_wconf 85' lang='lat' dir='ltr'><strong>runenses</strong></span> <span class='ocrx_word' id='word_1_939' title='bbox 2439 5577 2729 5647; x_wconf 80' lang='lat' dir='ltr'><strong>Gregorius</strong></span> <span class='ocrx_word' id='word_1_940' title='bbox 2771 5587 3087 5642; x_wconf 84' lang='lat' dir='ltr'><strong>enumerat,</strong></span> <span class='ocrx_word' id='word_1_941' title='bbox 3122 5577 3359 5644; x_wconf 77' lang='lat' dir='ltr'><strong>collato,</strong></span> <span class='ocrx_word' id='word_1_942' title='bbox 3408 5577 3549 5639; x_wconf 84' lang='lat' dir='ltr'><strong>patet</strong></span> <span class='ocrx_word' id='word_1_943' title='bbox 3573 5594 3736 5646; x_wconf 86' lang='lat' dir='ltr'><strong>quam</strong></span> 
     </span>
    </p>
   </div>
   <div class='ocr_carea' id='block_1_124' title="bbox 2149 5647 3737 5719">
    <p class='ocr_par' dir='ltr' id='par_1_124' title="bbox 2149 5647 3737 5719">
     <span class='ocr_line' id='line_1_125' title="bbox 2149 5647 3737 5719; baseline 0 -18"><span class='ocrx_word' id='word_1_944' title='bbox 2149 5664 2332 5719; x_wconf 87' lang='lat' dir='ltr'><strong>parum</strong></span> <span class='ocrx_word' id='word_1_945' title='bbox 2380 5647 2480 5702; x_wconf 85' lang='lat' dir='ltr'><strong>sibi</strong></span> <span class='ocrx_word' id='word_1_946' title='bbox 2510 5651 2608 5716; x_wconf 83' lang='lat' dir='ltr'><strong>ipsi</strong></span> <span class='ocrx_word' id='word_1_947' title='bbox 2640 5661 2866 5719; x_wconf 63' lang='lat' dir='ltr'><strong>constet,</strong></span> <span class='ocrx_word' id='word_1_948' title='bbox 2904 5661 3011 5701; x_wconf 87' lang='lat' dir='ltr'><strong>tmn</strong></span> <span class='ocrx_word' id='word_1_949' title='bbox 3045 5650 3097 5702; x_wconf 89' lang='lat' dir='ltr'><strong>in</strong></span> <span class='ocrx_word' id='word_1_950' title='bbox 3138 5648 3465 5719; x_wconf 75' lang='lat' dir='ltr'><strong>assignando</strong></span> <span class='ocrx_word' id='word_1_951' title='bbox 3514 5650 3737 5718; x_wconf 82' lang='lat' dir='ltr'><strong>pontifi-</strong></span> 
     </span>
    </p>
   </div>
   <div class='ocr_carea' id='block_1_125' title="bbox 2146 5716 3735 5787">
    <p class='ocr_par' dir='ltr' id='par_1_125' title="bbox 2146 5716 3735 5787">
     <span class='ocr_line' id='line_1_126' title="bbox 2146 5716 3735 5787; baseline 0.001 -13"><span class='ocrx_word' id='word_1_952' title='bbox 2146 5716 2294 5774; x_wconf 65' lang='lat' dir='ltr'><strong>catus</strong></span> <span class='ocrx_word' id='word_1_953' title='bbox 2332 5718 2701 5787; x_wconf 85' lang='lat' dir='ltr'><strong>episcoporum</strong></span> <span class='ocrx_word' id='word_1_954' title='bbox 2753 5716 3141 5773; x_wconf 65' lang='lat' dir='ltr'><strong>Turonens‘utn</strong></span> <span class='ocrx_word' id='word_1_955' title='bbox 3200 5716 3465 5785; x_wconf 81' lang='lat' dir='ltr'><strong>tempore,</strong></span> <span class='ocrx_word' id='word_1_956' title='bbox 3509 5716 3620 5775; x_wconf 84' lang='lat' dir='ltr'><strong>tum</strong></span> <span class='ocrx_word' id='word_1_957' title='bbox 3679 5721 3735 5775; x_wconf 90' lang='lat' dir='ltr'><strong>in</strong></span> 
     </span>
    </p>
   </div>
   <div class='ocr_carea' id='block_1_126' title="bbox 2148 5788 3727 5857">
    <p class='ocr_par' dir='ltr' id='par_1_126' title="bbox 2148 5788 3727 5857">
     <span class='ocr_line' id='line_1_127' title="bbox 2148 5788 3727 5857; baseline 0.002 -12"><span class='ocrx_word' id='word_1_958' title='bbox 2148 5789 2335 5845; x_wconf 88' lang='lat' dir='ltr'><strong>ordine</strong></span> <span class='ocrx_word' id='word_1_959' title='bbox 2356 5804 2462 5857; x_wconf 91' lang='lat' dir='ltr'><strong>quo</strong></span> <span class='ocrx_word' id='word_1_960' title='bbox 2507 5791 2687 5844; x_wconf 86' lang='lat' dir='ltr'><strong>sedem</strong></span> <span class='ocrx_word' id='word_1_961' title='bbox 2716 5788 2847 5842; x_wconf 81' lang='lat' dir='ltr'><strong>hunc</strong></span> <span class='ocrx_word' id='word_1_962' title='bbox 2879 5789 3242 5847; x_wconf 84' lang='lat' dir='ltr'><strong>obtinuerunt.</strong></span> <span class='ocrx_word' id='word_1_963' title='bbox 3295 5790 3405 5848; x_wconf 80' lang='lat' dir='ltr'><strong>lloc</strong></span> <span class='ocrx_word' id='word_1_964' title='bbox 3438 5803 3620 5847; x_wconf 85' lang='lat' dir='ltr'><strong>tamen</strong></span> <span class='ocrx_word' id='word_1_965' title='bbox 3650 5807 3727 5848; x_wconf 66' lang='lat' dir='ltr'><strong>car</strong></span> 
     </span>
    </p>
   </div>
   <div class='ocr_carea' id='block_1_127' title="bbox 2151 5860 2998 5938">
    <p class='ocr_par' dir='ltr' id='par_1_127' title="bbox 2151 5860 2998 5938">
     <span class='ocr_line' id='line_1_128' title="bbox 2151 5860 2998 5938; baseline 0.005 -27"><span class='ocrx_word' id='word_1_966' title='bbox 2151 5872 2243 5931; x_wconf 78' lang='lat' dir='ltr'><strong>put</strong></span> <span class='ocrx_word' id='word_1_967' title='bbox 2260 5860 2487 5938; x_wconf 74' lang='lat' dir='ltr'><strong>habetur</strong></span> <span class='ocrx_word' id='word_1_968' title='bbox 2507 5861 2558 5918; x_wconf 79' lang='lat' dir='ltr'><strong>in</strong></span> <span class='ocrx_word' id='word_1_969' title='bbox 2590 5860 2837 5918; x_wconf 81' lang='lat' dir='ltr'><strong>omnibus</strong></span> <span class='ocrx_word' id='word_1_970' title='bbox 2872 5875 2998 5916; x_wconf 84' lang='lat' dir='ltr'><strong>mss.</strong></span> 
     </span>
    </p>
   </div>
  </div>
