3994 6332
240 348 355 408 Ὧὸἷ

1199 350 1520 413 HISTORIA
1564 354 2009 412 rasuconuu.
2054 354 2259 413 LIBER
2294 341 2611 415 inerms.

3437 352 3565 421 258’

246 489 397 547 ptem
434 474 708 530 mensibus
750 474 1094 529 ministravit.
1128 474 1227 530 llic
1255 475 1356 529 fuit
1381 475 1461 529 vir
1488 482 1742 529 strenuus
1770 483 1851 527 at-
1878 472 1935 536 Α
1957 472 2160 543 regina,
2207 474 2296 528 filii
2326 464 2399 529 tui
2435 464 2639 531 domini
2668 475 2833 531 uestri
2863 458 3293 548 expetuntpquid
3325 480 3391 537 de
3423 480 3565 550 pne-7

251 586 358 641 que
390 569 537 627 utilis
584 567 637 623 in
688 567 889 622 fabrica
920 566 1103 637 operis
1148 567 1376 651 lignarii.
1409 566 1528 634 Quo
1564 564 1852 633 defuncto,

252 661 573 717 Theodorus
619 669 675 715 et
720 659 985 714 PlOClIlUS
1034 659 1300 729 episcopi,
1350 660 1439 729 qui
1493 660 1561 714 de
1617 661 1867 726 partibus

257 752 581 824 Burgundia:
613 752 978 814 advenerant,
1024 750 1307 804 ordinante
1352 751 1731 804 (lbroterhilde
1774 765 1859 804 re-

256 848 405 917 gina,
454 843 624 897 tribus
665 844 822 896 annis
873 841 1195 897 Turonicam
1239 854 1494 897 rexerunt
1538 842 1855 897 Ecclesium.

257 940 466 1009 Quibus
492 938 789 999 detunct‘is,
822 936 1095 995 Francilio
1122 952 1187 992 ex
1214 938 1554 992 senatoribus
1579 938 1859 992 substitui-

208 1072 225 1078 -
259 1045 371 1089 tur.
408 1036 560 1085 Anim
583 1030 928 1101 igiturtertio
948 1028 1293 1098 episcopatus
1324 1026 1429 1095 sui,
1453 1043 1574 1084 cum
1604 1029 1858 1084 dominici

261 1128 465 1184 Natalis
498 1141 600 1181 nox
648 1128 789 1179 alma
823 1125 1034 1193 pupulis
1072 1123 1388 1188 effulsisset,
1438 1126 1576 1181 idem
1623 1124 1871 1193 pontifex

260 1224 572 1292 priusquam
603 1220 667 1273 ad
708 1214 917 1288 vigilias
949 1219 1328 1283 descenderet,
1355 1219 1515 1289 jussit
1558 1220 1659 1274 sibi
1690 1234 1862 1289 pocu-

262 1316 374 1373 lum
417 1315 730 1370 ttiiuistrari.
776 1311 1085 1368 Adveniens
1128 1316 1305 1366 autem
1354 1328 1507 1380 puer,
1550 1312 1668 1366 sine
1714 1314 1871 1367 mora

262 1409 525 1477 porrexit.
556 1408 671 1476 Quo
700 1407 908 1470 hausto,
948 1421 1069 1460 mox
1102 1405 1349 1474 spiritum
1398 1406 1532 1458 fudit
1561 1422 1575 1459 :
1608 1405 1750 1458 unde
1782 1406 1862 1458 in-

262 1499 564 1552 dubitatum
598 1509 679 1553 est
720 1512 931 1552 veneno
959 1511 1084 1551 eum
1118 1495 1285 1551 fuisse
1324 1505 1588 1551 necatum.
1621 1498 1738 1561 Quo
1766 1496 1862 1550 de-

262 1591 512 1654 cedente,
544 1589 839 1658 iujuriosus
864 1604 1011 1644 unus
1041 1604 1071 1643 e
1099 1587 1329 1652 civibus,
1362 1588 1581 1657 quintus
1618 1588 1862 1641 decimus

263 1690 388 1750 post
416 1680 632 1736 beatum
682 1680 993 1745 Martinum,
1023 1677 1331 1733 cathedram
1362 1678 1722 1747 pontillcalem
1750 1692 1867 1733 sor-

266 1774 397 1827 titus
422 1780 527 1826 est.

1960 566 2035 619 ris
2060 567 2323 638 agendum
2362 582 2619 635 censeas,
2661 578 2837 623 utrum
2880 569 3060 623 tueisis
3085 569 3322 626 crinibus
3347 588 3441 627 eos
3472 573 3564 629 vi;

1961 670 2086 712 vere
2107 658 2315 727 jubeas,
2352 674 2421 713 an
2469 673 2756 730 utrumque
2794 661 3048 728 jugulari.
3079 660 3147 715 At
3177 662 3265 717 illa
3294 668 3550 720 exterrita

1962 753 2169 816 nuntio,
2197 760 2251 804 et
2280 750 2499 805 nimium
2526 751 2655 805 felle
2686 762 2974 817 commota,
3011 754 3274 820 praecipue
3303 768 3422 809 cum
3449 760 3556 827 glu-

1959 843 2105 897 dium
2153 854 2397 899 cerneret
2448 846 2785 914 evaginatum
2844 859 2907 898 ac
2951 844 3231 914 fprcipem,
3292 849 3552 902 ainaritu-

1962 934 2087 990 dine
2107 944 2403 1004 prteventa,
2434 935 2686 1005 ignorans
2717 935 2770 989 in
2800 935 2918 1005 ipso
2944 935 3131 989 dolore
3159 936 3286 1005 quid
3317 937 3569 999 diceret,

1962 1025 2037 1079 ait
2079 1026 2397 1094 simpliciter
2426 1042 2441 1079 :
2470 1026 2650 1080 Satius
2676 1026 2819 1081 enim
2850 1027 2979 1081 mihi
3007 1037 3111 1094 est,
3144 1028 3189 1081 si
3232 1027 3299 1081 ad
3328 1042 3553 1096 regnum

1965 1129 2068 1169 nun
2100 1116 2397 1185 eriguntur,
2426 1126 2671 1170 mortuos
2704 1130 2798 1170 eos
2846 1116 3026 1170 v%dere
3055 1133 3212 1187 quam
3246 1125 3455 1172 tousos.
3487 1122 3557 1173 At

1965 1208 2054 1263 ille
2084 1222 2267 1277 parum
2298 1208 2571 1264 admirans
2592 1209 2836 1264 dolorem
2867 1211 3005 1279 ejus,
3031 1225 3132 1266 nec
3155 1222 3404 1267 scrutatis
3429 1211 3557 1281 quid

1965 1298 2218 1369 deinceps
2243 1300 2451 1370 plenius
2471 1311 2843 1370 pertractaret,
2868 1306 3014 1356 venit
3034 1304 3283 1359 celet-iter
3306 1306 3558 1358 nuntians

1966 1405 2031 1447 ac
2056 1390 2240 1447 dicens
2281 1408 2298 1444 :
2348 1392 2580 1449 Favente
2620 1395 2801 1464 regina
2837 1410 2973 1461 opus
3008 1405 3240 1464 emptum
3274 1397 3555 1465 perficite:

1967 1486 2079 1555 ipsa
2103 1487 2247 1541 enim
2277 1488 2390 1541 vult
2414 1489 2616 1558 expleri
2657 1490 2940 1543 consilium
2969 1498 3229 1544 vestrum.
3262 1490 3369 1545 Nec
3412 1486 3575 1545 mora'

1966 1578 2359 1647 apprehensum
2391 1580 2835 1635 Chlothacharius
2865 1597 3085 1650 puerum
3117 1582 3389 1637 seniorem
3432 1582 3576 1637 bra-7

1967 1670 2090 1724 chio
2106 1671 2248 1725 elisit
2268 1671 2320 1724 iu
2350 1679 2567 1737 terram,
2591 1671 2936 1742 defigensqne
2959 1671 3188 1726 ctdtrum
3208 1684 3231 1711 ο
3262 1674 3312 1727 in
3342 1674 3559 1730 aaillam

1968 1762 2258 1817 crudeliter
2285 1762 2572 1817 interfecit.
2617 1763 2735 1828 Quo
2766 1762 3121 1827 vociferante,
3158 1763 3322 1817 frater
3346 1764 3466 1832 ejus
3494 1766 3560 1818 ad

342 1863 527 1920 XVIII.
570 1863 708 1917 Itum
757 1872 936 1917 autem
985 1861 1379 1919 Cbrotechildis
1416 1863 1600 1933 regina
1635 1862 1866 1917 l’arisios
1900 1856 1941 1913 ll
1973 1851 2136 1921 Pedes
2159 1851 2488 1907 Cllildeberli
2537 1851 2917 1926 prosternitur,
2947 1852 3405 1923 apprehensisque
3445 1854 3562 1923 ejus

264 1966 589 2024 moraretur,
623 1958 807 2014 videns
854 1958 1254 2024 Childebertus,
1288 1959 1427 2030 quod
1463 1967 1635 2013 mater
1665 1974 1760 2013 sua
1808 1961 1870 2013 li-

266 2050 368 2105 lios
398 2050 798 2115 Chlodomeris,
828 2065 963 2119 quos
1010 2064 1173 2119 supra
1218 2051 1659 2123 memoravimus,
1706 2051 1869 2105 unico

268 2142 469 2197 affectu
497 2142 766 2211 diligeret,
817 2142 1015 2196 invidia
1056 2143 1269 2209 ductus,
1315 2157 1375 2197 ac
1420 2152 1664 2197 metuens
1692 2158 1758 2198 ue
1786 2143 1869 2196 fa-

267 2244 429 2289 vente
480 2236 661 2303 regina
706 2233 1118 2289 admitterentur
1153 2233 1204 2289 in
1240 2249 1485 2304 regnum,
1532 2234 1684 2287 misit
1730 2233 1869 2288 clam

269 2325 338 2379 ad
382 2325 600 2381 fratrem
645 2340 800 2380 suum
845 2324 1319 2380 Chlothachariutn
1369 2342 1583 2394 regem,
1641 2314 1866 2380 dicens:

272 2417 445 2474 linter
465 2428 648 2474 nostra
671 2418 808 2474 ﬁlios
832 2418 1015 2473 fratris
1036 2419 1203 2473 nostri
1231 2434 1414 2475 secum
1443 2422 1660 2482 retinet,
1679 2429 1735 2474 et
1758 2419 1875 2473 vult

270 2513 353 2567 eis
385 2526 605 2580 regnum
635 2510 765 2566 dare
798 2520 850 2563 ι.
884 2510 1057 2565 Debes
1104 2510 1362 2566 velociter
1392 2510 1582 2566 adesse
1616 2511 1869 2577 Parisios,

274 2613 331 2658 et
363 2603 549 2657 habito
576 2604 848 2658 communi
876 2601 1108 2657 consilio
1131 2611 1462 2673 pertractare
1482 2612 1715 2671 oportet,
1743 2604 1870 2673 quid

276 2695 346 2752 de
377 2693 461 2747 his
505 2693 617 2749 fieri
646 2692 842 2747 debeat
874 2710 888 2747 :
921 2703 1096 2747 utrum
1125 2692 1293 2747 incisa
1320 2694 1543 2749 caesarie
1575 2702 1633 2747 ut
1669 2694 1872 2764 reliqua

280 2787 434 2855 plebs
447 2785 741 2840 habeantur
757 2782 807 2848 ι),
827 2799 890 2838 an
909 2793 1058 2840 certe
1075 2783 1157 2839 his
1177 2784 1492 2850 interfectis,
1519 2800 1738 2855 regnum
1754 2801 1891 2855 δεδι-ω

277 2879 421 2932 mani
451 2877 617 2933 nostri
645 2877 785 2931 inter
814 2876 1172 2947 nosmetipsos
1201 2876 1506 2945 aequalitate
1540 2876 1715 2931 habita
1739 2878 1875 2932 divi-

277 2968 459 3023 ὼιιιιν.
510 2967 584 3025 De
627 2967 821 3037 quibus
866 2966 957 3022 ille
987 2966 1355 3023 verbis-valde
1385 2969 1599 3037 gavisus
1639 2967 1874 3025 Parisios

278 3062 448 3119 venit.
463 3060 765 3116 Jactaverat
778 3060 921 3117 enim
938 3061 1313 3117 Childebertus
1331 3063 1551 3117 verbum
1577 3064 1627 3116 in
1652 3065 1869 3134 populo,

278 3156 351 3209 ob
381 3154 482 3211 bne
512 3152 608 3209 hos
628 3153 880 3225 conjungi
908 3153 1067 3226 124
1095 3168 1270 3225 reges,
1298 3156 1449 3226 quasi
1478 3158 1723 3225 parvulos
1752 3158 1873 3214 illos

1972 1945 2217 2015 genibus,
2264 1944 2443 2001 aiebat
2480 1961 2603 2000 cum
2654 1946 2947 2017 lacrymis:
2990 1948 3274 2014 Succurre,
3326 1948 3579 2015 piissime'

1972 2047 2143 2107 pater,
2166 2052 2237 2092 ne
2256 2046 2312 2091 et
2336 2053 2435 2107 ego
2458 2052 2669 2107 peream
2692 2039 2833 2093 sicut
2864 2038 3029 2093 frater
3052 2051 3223 2093 mens.
3252 2038 3563 2093 Tunchil-

1970 2129 2227 2185 debertus
2260 2129 2511 2200 lacrymis
2544 2144 2789 2198 respersa
2823 2127 2977 2191 facie,
3009 2137 3084 2182 at
3116 2146 3129 2181 :
3168 2132 3322 2201 125
3374 2130 3523 2199 Rogo
3544 2138 3579 2193 ,'

1972 2224 2283 2279 dulcissime
2322 2221 2513 2287 frater,
2560 2232 2618 2277 ut
2650 2224 2765 2293 ejus
2804 2241 2836 2276 ιι
2861 2224 2935 2277 ibi
2985 2222 3279 2278 vitam'tua
3328 2222 3581 2293 largitate

1973 2320 2240 2375 concedas
2271 2337 2283 2371 :
2321 2328 2374 2378 et
2403 2333 2522 2389 quae
2545 2318 2770 2387 jusseris
2801 2332 2899 2387 pro
2926 2319 3043 2387 ejus
3068 2319 3241 2371 anima
3267 2317 3562 2384 conferam,

1976 2417 2181 2464 tantum
2204 2424 2273 2463 ne
2294 2409 2664 2463 interficiatur.
2694 2412 2761 2462 At
2789 2409 2877 2463 ille
2906 2409 3163 2463 conviciis
3184 2416 3360 2462 actum
3379 2405 3430 2471 ιι,
3459 2409 3563 2462 ait:

1976 2508 2082 2558 Aut
2110 2503 2245 2571 ejice
2266 2518 2389 2557 eum
2417 2517 2445 2556 a
2470 2509 2542 2564 te,
2562 2512 2652 2555 aut
2673 2511 2824 2557 certe
2846 2518 2941 2570 pro
2966 2517 3033 2557 eo
3060 2502 3326 2560 morieris.
3350 2500 3452 2563 Tu,
3484 2502 3566 2554 iu-

1975 2599 2110 2667 quit,
2144 2611 2203 2651 es
2233 2596 2524 2650 incestator
2544 2604 2567 2634 ε
2602 2595 2756 2663 hujus
2794 2609 2972 2650 causa:
3003 2604 3055 2649 ct
3083 2603 3187 2650 tam
3219 2611 3266 2647 να
3286 2596 3472 2650 lociter
3498 2593 3589 2647 de'

1976 2691 2080 2745 Ilde
2104 2687 2327 2744 resilis?
2355 2688 2480 2744 iia'c
2505 2687 2598 2743 ille
2625 2687 2871 2751 audiens,
2903 2688 3171 2757 repulsum
3196 2703 3222 2739 a
3252 2702 3310 2742 se
3338 2702 3587 2756 puerum-

1977 2780 2204 2851 projecit
2224 2781 2289 2835 ad
2311 2796 2433 2836 eum
2468 2794 2485 2834 :
2517 2780 2632 2849 ipse
2656 2795 2788 2835 vero
2819 2779 3090 2848 accipiens
3116 2780 3427 2833 transfixum
3454 2780 3569 2834 cul-

1978 2884 2060 2928 lﬂ)
2090 2875 2141 2928 in
2174 2874 2361 2937 latere,
2404 2871 2545 2927 sicut
2576 2872 2794 2926 fratrem
2834 2872 2982 2941 prius
3014 2871 3232 2937 fecerat,
3278 2869 3589 2939 jugulavitz‘

1976 2968 2171 3023 deinde
2199 2981 2392 3037 pueros
2420 2981 2543 3021 cum
2570 2964 2809 3019 uutritiis
2846 2973 3212 3033 peremerunt.
3258 2962 3463 3029 Quibus
3491 2964 3568 3015 in.

1978 3059 2235 3122 terfectis,
2263 3054 2967 3124 Chlothachariusascensis
2988 3056 3249 3125 equitibus
3266 3053 3370 3126 [ΑΙ.
3394 3052 3591 3124 eoab]?

1977 3153 2239 3208 abscessit
2263 3194 2278 3219 ,
2332 3150 2727 3221 parvipendens
2758 3149 2825 3204 de
2865 3148 3236 3204 interiectione
3268 3156 3517 3216 nepotum
3552 3150 3591 3201 ε’

280 3248 585 3303 elevaturos
613 3247 663 3301 in
707 3262 892 3316 regno.
935 3246 1221 3317 Cetujuncti
1270 3260 1446 3303 autem
1502 3251 1767 3306 miserunt
1810 3253 1875 3307 ad
1903 3234 1948 3296 C
1981 3247 2074 3301 sed
2102 3257 2157 3301 et
2183 3244 2560 3301 Chiltlebertus
2602 3244 2654 3298 in
2701 3242 3003 3297 suburbana
3049 3245 3334 3297 concessit.
3368 3243 3589 3310 Regina

280 3340 542 3409 reginam,
566 3354 696 3407 qua:
720 3347 843 3394 tunc
874 3338 924 3395 in
958 3340 1070 3409 ipsa
1094 3339 1225 3396 urbe
1249 3324 1578 3407 merahatur,
1597 3342 1873 3398 dicentes:

282 3431 466 3502 Dirige
497 3434 745 3501 parvulos
773 3432 839 3487 ad
873 3447 992 3498 nos,
1028 3443 1087 3487 ut
1114 3433 1477 3489 sublimentur
1508 3436 1558 3489 in
1591 3449 1776 3504 regno.
1810 3441 1876 3492 At

280 3523 373 3578 illa
403 3522 585 3593 gavisa
608 3565 623 3589 ,
665 3523 910 3578 nesciens
938 3524 1118 3579 dolum
1149 3524 1387 3593 illorum,
1424 3525 1546 3581 dato
1576 3528 1753 3597 pueris
1781 3542 1877 3583 esu

283 3626 542 3685 potuqne,
575 3616 768 3671 direxit
795 3631 888 3673 eos
918 3617 1103 3675 dicens
1133 3634 1147 3670 :
1188 3616 1302 3673 Non
1348 3634 1435 3675 me
1477 3630 1604 3688 puto
1631 3619 1878 3676 amisisse

284 3704 481 3774 lilium,
509 3708 552 3761 si
577 3722 671 3762 vos
700 3707 909 3765 videam
939 3708 989 3762 in
1018 3708 1137 3779 ejus
1156 3724 1327 3780 regno
1349 3710 1623 3765 substitui.
1657 3710 1756 3778 Qui
1783 3711 1878 3767 ab-

283 3810 501 3863 euntes,
528 3800 852 3870 apprehensi
882 3810 1006 3855 sunt
1034 3801 1238 3869 statim,
1270 3817 1332 3857 ac
1370 3804 1603 3872 separati
1637 3820 1665 3857 a
1698 3805 1879 3875 pueris

283 3902 338 3945 et
371 3892 724 3946 nutritorihus
745 3892 877 3958 suis,
911 3894 1351 3949 custodiebantur
1378 3897 1610 3964 utrique,
1632 3910 1879 3951 seorsum

284 3984 468 4055 pueri,
482 3993 537 4040 et
561 4000 803 4041 seorsum
830 3985 883 4040 hi
909 3987 1132 4056 parvuli.
1157 3987 1308 4043 Tunc
1328 3987 1705 4046 Childebertus
1723 4000 1882 4057 atque

288 4061 741 4133 Chlothacharius
774 4079 1035 4134 miserunt
1067 4079 1376 4146 Arcadium,
1410 4080 1562 4151 cujus
1581 4096 1743 4150 supra
1770 4097 1901 4136 nte--

290 4172 546 4231 minimus
572 4172 723 4246 (Cap.
765 4175 798 4229 0
823 4183 869 4228 et
899 4173 1009 4247 l2),
1034 4175 1097 4228 ad
1130 4174 1391 4244 reginam,
1424 4190 1543 4230 cum
1575 4172 1774 4244 forcipe
1810 4184 1887 4230 at-

291 4280 401 4336 que
439 4267 721 4337 cvaginato
760 4266 959 4338 gladio.
995 4266 1094 4337 Qui
1139 4268 1361 4322 veniens
1404 4267 1639 4322 ostendit
1686 4267 1885 4336 reginas

295 4368 543 4430 utraque,
567 4358 793 4417 dicens:
832 4359 1168 4415 Voluntatem
1210 4370 1378 4428 tuam,
1421 4376 1455 4416 ο
1497 4360 1884 4431 gloriosissima

368 4491 518 4565 ESic
544 4492 705 4549 Corb.
728 4501 785 4549 et
826 4494 960 4552 Bell.
998 4496 1102 4552 Alii
1143 4495 1260 4552 fere
1311 4510 1502 4552 omnes
1549 4510 1671 4551 cum
1703 4494 1884 4565 editis,

292 4563 397 4648 rut}
422 4580 508 4648 eos
528 4581 683 4648 regno
714 4567 916 4648 donari.

316 4685 324 4691 .
366 4633 395 4673 δ
447 4634 557 4709 De_
582 4633 704 4706 jure
777 4638 972 4709 regalis
1015 4636 1253 4709 capillitii
1308 4637 1420 4707 agit
1480 4636 1880 4703 Iiotomannus,

293 4721 418 4779 cap.
454 4720 489 4779 tt
521 4705 981 4767 Franco.Ga'llia:.
1027 4705 1363 4764 Praeclarum
1381 4718 1463 4763 est
1488 4724 1548 4762 ea
1577 4710 1644 4763 de
1667 4724 1725 4763 re
1748 4713 1887 4779 Aga-

299 4777 427 4831 tbiae
475 4777 707 4832 hominis
736 4779 908 4835 Graeci
960 4780 1323 4835 testimonium
1344 4820 1358 4842 ,
1392 4780 1529 4833 libro
1559 4796 1574 4834 t
1604 4797 1617 4833 :
1646 4777 1888 4834 Solenine

294 4857 370 4903 est
395 4845 724 4904 Francorum
754 4851 974 4921 regibus
1018 4867 1281 4921 nunquam
1307 4851 1598 4905 tonderi....
1654 4850 1886 4904 caram-ica

299 4931 406 4976 tota
427 4921 662 4975 decenter
690 4923 773 4977 eis
798 4924 851 4978 in
890 4923 1127 4977 humeros
1157 4923 1458 4992 prapendet,
1487 4924 1712 4975 anterior
1741 4934 1888 4975 coma

299 5009 325 5046 e
342 4992 518 5058 [route
541 4992 899 5053 discriminata
924 4996 975 5047 in
999 4996 1426 5064 utrumquegfatus
1453 4995 1672 5064 deﬂexa.
1706 4991 1890 5063 Neque

300 5066 435 5128 vero,
487 5065 921 5133 quemadmodum
971 5064 1149 5118 Turcis
1188 5062 1235 5118 et
1264 5062 1528 5125 Barbaris,
1579 5062 1889 5130 impexa'iis

300 5144 347 5187 et
389 5134 633 5201 squalida
657 5138 966 5203 sordidaque
988 5146 1064 5191 est
1097 5152 1271 5201 corna,
1298 5137 1379 5191 uel
1396 5135 1783 5205 complicatione
1811 5135 1893 5186 in-

301 5207 537 5258 decenter
558 5208 771 5271 cirrnta,
795 5210 883 5263 sed
909 5218 1189 5277 stnegmrua
1209 5207 1354 5261 varia
1376 5207 1474 5274 ipsi
1504 5202 1600 5259 sibi
1620 5202 1911 5270 adhibent,‘

301 5277 672 5348 diligenterque
700 5290 882 5333 curant
904 5319 923 5346 ,
948 5276 1100 5348 idque
1128 5276 1263 5333 velut
1286 5278 1484 5348 insigne
1502 5280 1757 5346 quoddam
1784 5278 1894 5330 exi-

303 5352 500 5420 mioque
539 5347 750 5420 donaris
789 5350 1125 5420 prterogatiua
1157 5350 1296 5418 regio
1322 5347 1492 5417 generi
1512 5349 1651 5418 apud
1688 5364 1773 5401 eos
1800 5349 1895 5420 tri-

305 5416 498 5471 buitur.
532 5418 742 5474 Subditi
780 5423 915 5475 enim
946 5416 1268 5477 orbiculatum
1298 5416 1570 5473 tondentur
1592 5460 1605 5483 ,
1633 5435 1793 5487 neque
1818 5419 1893 5473 eis

306 5490 640 5562 prolixiorem
670 5508 867 5545 comam
894 5492 1034 5546 alere
1059 5492 1213 5562 facile
1242 5490 1572 5561 permittitur.
1614 5489 1755 5562 idem
1781 5504 1895 5562 piu-

307 5559 455 5614 ribus
477 5561 660 5617 laudat
672 5562 1001 5619 Francorum
1020 5558 1199 5619 niores
1215 5558 1263 5617 et
1282 5562 1653 5616 urbanitatem.
1684 5558 1900 5615 Parcior

307 5642 389 5683 est
412 5633 467 5688 in
490 5634 565 5688 iis
580 5633 869 5693 laudandis
900 5634 1212 5702 Procopius,
1269 5633 1411 5701 quod
1436 5633 1635 5699 saepius
1668 5632 1917 5699 imperat

308 5710 484 5771 torum
506 5703 789 5762 conatibus
805 5705 1362 5773 obstiterintJlorem
1394 5703 1661 5759 uutriendi
1677 5702 1899 5773 capillus

308 5787 337 5847 ξ
371 5774 705 5842 principibus
748 5771 909 5847 regiee
945 5777 1127 5847 stirpis
1157 5786 1429 5844 receptum
1481 5788 1587 5847 non
1612 5771 1783 5847 semel
1818 5772 1923 5825 in»

312 5843 482 5902 ferius
524 5847 707 5901 laudat
738 5843 1067 5914 Gregorius,
1094 5859 1148 5904 ut
1180 5843 1385 5911 Iib.w,
1409 5858 1530 5912 cap.
1561 5843 1654 5910 2i,
1683 5845 1754 5899 hb
1786 5858 1896 5905 vtu,

1916 4607 1966 4668 D

1978 3355 2106 3393 vero
2132 3337 2447 3406 compositis
2471 3334 2803 3406 corpusculis
2829 3334 3045 3401 feretro,
3071 3348 3191 3389 cum
3217 3348 3409 3404 magno
3431 3335 3595 3403 paul--

1982 3432 2173 3496 lentio,
2213 3432 2585 3500 immensoque
2622 3428 2766 3484 luctu
2802 3441 2970 3496 usque
3008 3428 3074 3481 ad
3104 3426 3373 3481 basilicam
3403 3427 3575 3482 sancti

1980 3520 2162 3581 Petrif
2198 3531 2501 3592 prosecuta,
2539 3530 2827 3589 utrumque
2870 3518 3070 3587 pariter
3093 3517 3394 3573 tumulavit.
3425 3516 3573 3585 Quo-

1981 3632 2098 3672 rum
2131 3631 2268 3670 unus
2309 3614 2494 3668 decem
2536 3627 2795 3666 annorum
2829 3618 2967 3674 erat,
2998 3612 3135 3666 alius
3182 3625 3312 3664 vero
3354 3621 3598 3679 septeno-

1982 3708 2086 3763 nis.
2120 3705 2358 3761 Tertium
2381 3720 2510 3758 vero
2531 3701 2958 3758 Chlodoualdum
2984 3700 3443 3769 comprehendere
3466 3716 3572 3754 nou

1985 3809 2294 3873 potuerunt,
2317 3798 2440 3867 quia
2479 3812 2573 3867 per
2594 3796 2851 3851 auxilium
2889 3795 3123 3849 virorum
3156 3792 3414 3849 fortium:
3438 3794 3576 3849 libe-

1984 3910 2130 3957 ra'us
2157 3904 2259 3949 est.
2310 3892 2358 3947 is
2406 3892 2707 3961 postposito
2736 3903 2902 3961 regno
2929 3899 3166 3956 terreno,
3195 3888 3261 3943 ad
3297 3888 3599 3947 Demittunt

1985 3987 2215 4053 transiit,
2249 3993 2303 4040 et
2331 3983 2431 4037 sibi
2463 3998 2621 4036 manu
2665 3984 2877 4050 propria
2905 3980 3128 4049 capillos
3158 3979 3420 4043 incidens,
3453 3981 3572 4033 cle-

1987 4081 2127 4134 ricus
2146 4080 2315 4133 factus
2339 4086 2423 4131 est
2446 4093 2461 4128 :
2487 4075 2751 4143 bonisque
2779 4074 3030 4144 operibus
3052 4073 3323 4141 insistens,
3350 4072 3579 4144 presby-

1987 4179 2067 4225 ter
2115 4168 2183 4223 ab
2232 4168 2334 4221 hoc
2364 4165 2562 4219 mundo
2611 4159 2925 4233 migravith.
2979 4162 3041 4216 lli
3096 4176 3308 4232 quoque
3352 4156 3595 4232 regnum“

1987 4256 2363 4318 Chlodomeris
2393 4256 2533 4310 inter
2556 4269 2616 4309 se
2641 4268 2793 4322 requa
2829 4252 2982 4307 lance
3007 4251 3323 4306 diviserunt.
3353 4251 3601 4331 Chroleﬁ

1988 4350 2185 4410 childis
2220 4362 2355 4419 vero
2384 4346 2570 4418 regina
2602 4346 2760 4400 talem
2791 4358 2849 4399 se
2881 4350 3187 4412 tantamque
3223 4341 3488 4408 exhibuit,
3522 4346 3601 4397 ut"

1988 4505 2107 4561 cup.
2136 4488 2225 4553 ll),
2253 4496 2358 4561 etc.
2404 4481 2874 4561 \'igde__S_avaron_i_s
2898 4488 2982 4536 et.
3010 4478 3281 4561 Sirmo‘ndi
3330 4487 3484 4533 notas
3527 4477 3606 4535 in?

1992 4549 2150 4631 epist.
2185 4549 2502 4631 Apollinaris
2534 4554 2773 4631 Sidttnii,_
2796 4552 2889 4608 lib.
2916 4567 2952 4617 t,
2980 4554 3139 4631 epist.

2068 4642 2091 4671 ο
2122 4621 2309 4694 Corb.,
2342 4629 2663 4697 defixunwue
2688 4621 3587 4697 cultrum,,‘proudeﬁxoquecultro.

1992 4703 2145 4761 Colh.
2180 4692 2378 4765 autem,
2403 4692 2522 4751 cum
2554 4696 2685 4765 Ileg.
2718 4736 2734 4760 ,
2763 4704 2817 4750 et
2840 4694 2998 4749 editis
3028 4695 3252 4765 aliquot,
3302 4692 3465 4765 habet
3492 4710 3585 4747 as-

1992 4776 2173 4830 celtam
2194 4787 2292 4842 pro
2311 4762 2549 4825 atillam.
2579 4762 2764 4838 Régm.
2791 4808 2806 4833 ,
2830 4765 2920 4819 sub
2946 4764 3159 4819 arcella.
3190 4762 3321 4833 lleg.
3338 4771 3400 4818 et
3428 4763 3589 4832 Bec.,

1990 4849 2046 4900 in
2070 4844 2279 4898 ascetla.

2064 4914 2092 4958 ά
2126 4914 2216 4972 Sic
2241 4912 2432 4976 Corb.,
2460 4908 2614 4976 Bell.,
2641 4908 2769 4964 Bee.
2799 4913 2856 4962 et
2877 4905 3031 4961 Colb.
3056 4907 3125 4960 At
3148 4904 3330 4959 caeteri
3363 4904 3591 4971 habent,

1993 4996 2046 5042 at
2076 4987 2165 5040 ille
2191 4985 2364 5054 furore
2393 4992 2560 5035 actus.

2068 5068 2093 5101 ο
2125 5045 2217 5112 Sic
2245 5055 2404 5109 iidem
2434 5068 2565 5108 mss.
2598 5065 2717 5106 cum
2743 5046 2995 5103 Cbesnio.
3027 5049 3159 5118 Reg.
3193 5046 3356 5118 habet
3382 5045 3589 5099 inserui

1997 5141 2167 5194 lator;
2200 5127 2413 5197 llegm.,
2440 5128 2686 5178 incentor.
2718 5119 2859 5175 Editi
2891 5130 2949 5174 ut
2986 5117 3302 5189 plurimum,
3342 5117 3506 5187 int-mp
3528 5133 3587 5169 α·

2016 5219 2093 5254 or.

1995 5214 2093 5311 to".
2118 5269 2289 5324 llodie
2314 5268 2515 5323 sanctae
2536 5259 2845 5325 Genovefzn,
2871 5271 2928 5314 ut
2948 5262 3052 5329 jam
3072 5276 3239 5330 supra
3262 5259 3591 5330 monuimus,

2000 5343 2111 5397 Iloc
2140 5343 2315 5395 scelus
2344 5338 2487 5392 circo
2516 5352 2716 5389 annum
2749 5330 2855 5387 526
2886 5328 3156 5401 patratum
3186 5328 3589 5401 Vldt‘llll‘,ﬂtl0d

1999 5414 2210 5476 serius,
2256 5424 2397 5464 anno
2444 5408 2651 5462 scilicet
2697 5405 2803 5459 ὅδὲ
2847 5412 2941 5458 aut
2984 5404 3248 5473 sequenti,
3292 5400 3589 5455 admissum

2004 5486 2169 5539 fuisse
2194 5480 2436 5536 Valesius
2466 5478 2763 5533 cantendil.

2076 5566 2101 5604 Β
2138 5552 2287 5609 Viros
2324 5554 2511 5615 fortes,
2553 5563 2779 5619 quorum
2826 5561 2932 5617 ope
2957 5541 3317 5621 Chlodoaldns
3359 5548 3591 5621 mortem

2001 5626 2196 5692 evasit,
2226 5638 2323 5678 eos
2360 5610 2507 5685 esse,
2545 5610 2634 5688 qui
2666 5610 3041 5692 postea'vulgo
3077 5615 3291 5692 bﬂrmtea
3335 5610 3590 5679 appellati

2002 5679 2150 5759 sunt,
2177 5679 2363 5750 censet
2390 5679 2632 5745 Vall‘si'us
2659 5679 2752 5745 lib.
2780 5705 2852 5742 vtt
2882 5679 3316 5761 Rerumii‘rauc._
3370 5751 3380 5761 .

2076 5752 2273 5820 humu
2309 5766 2448 5817 circa
2495 5778 2690 5815 annum
2732 5762 2866 5832 suo1
2890 5759 2995 5832 me
3022 5756 3052 5832 χ
3082 5752 3435 5832 Septembris,
3485 5763 3594 5832 quo

2003 5838 2117 5905 ejus
2158 5834 2419 5895 festivitas
2458 5832 2782 5889 celebratur.
2828 5824 3506 5883 Condidit-monasterium
3534 5824 3591 5877 in
