3994 6332
383 293 490 350 959

1344 346 1351 360 ._
1426 290 1487 347 δ.
1526 283 1856 346 GREGORH
1898 284 2200 342 EPISCOPI
2242 283 2682 341 TURONENSIS

3575 281 3681 336 26“

382 414 452 470 ab
494 413 742 469 omnibus
788 411 1140 467 honoraretur
1167 425 1183 465 :
1215 408 1430 465 assidua
1479 406 1533 462 in
1572 404 1964 476 eleemosynis,
1995 403 2049 465 Α
2071 401 2296 458 (εἰτοιιίειι
2325 402 2589 470 pretiosos
2612 399 2790 457 fontes
2823 417 2837 453 :
2883 411 2912 455 a
2945 408 3094 467 parte
3130 407 3312 455 autem
3345 400 3681 471 Occidentis,

383 523 586 579 pernox
618 507 670 561 in
697 505 919 574 vigiliis;
952 504 1007 558 in
1037 502 1287 558 castitate
1331 509 1490 571 atque
1519 499 1668 554 omni
1701 499 1984 553 honestate

383 613 571 666 puram
600 611 659 653 se
697 611 910 664 semper
943 595 1221 660 exhibuit;
1257 592 1452 662 praedia
1494 590 1761 658 ecclesiis,
1792 604 1984 644 mona-

382 690 584 756 steriis,
638 688 720 743 vel
771 689 1180 758 quibuseunqne
1237 683 1366 740 locis
1420 682 1622 737 sanctis
1677 681 1980 736 necessaria

384 781 636 851 providit,
672 782 812 850 larga
843 796 905 835 ac
933 794 1100 850 prona
1122 778 1401 832 voluntate
1426 774 1716 838 distribuit,
1745 785 1801 827 ut
1826 785 1979 842 puta-

382 889 530 928 retur
551 889 616 928 eo
641 884 879 942 lelnpote
901 888 1004 926 non
1037 871 1238 939 regina,
1266 869 1359 925 sed
1387 868 1598 939 propria
1628 867 1719 922 Dei
1743 866 1934 921 ancilla
1953 875 1982 903 ι

384 967 486 1035 ipsi
517 968 706 1021 sedulo
735 966 1032 1020 deservire.
1074 965 1232 1035 126
1259 963 1428 1031 Quam
1459 977 1563 1017 non
1594 976 1815 1030 regnum
1845 960 1988 1015 [ilio-

384 1075 527 1122 rum,
561 1074 665 1111 non
697 1057 918 1110 ambitio
946 1057 1153 1120 saeculi,
1188 1070 1286 1110 nec
1317 1055 1535 1109 facultas
1564 1053 1759 1109 extulit
1785 1053 1851 1108 ad
1874 1053 1984 1108 rui-

384 1165 528 1215 nam,
561 1149 657 1204 sed
692 1147 964 1201 humilitas
993 1146 1173 1201 evexit
1199 1146 1266 1199 ad
1298 1146 1550 1216 gratiam.

455 1240 596 1294 XIX.
643 1241 769 1294 Erat
817 1241 959 1294 enim
1006 1250 1131 1293 tunc
1179 1249 1234 1293 et
1274 1240 1462 1293 beatus
1509 1235 1798 1306 Gregorius
1842 1234 1981 1303 aptnl

383 1335 569 1385 urbem
603 1333 983 1400 Lingonicatn,
1020 1346 1240 1400 tnagnus
1273 1331 1363 1385 Dei
1407 1330 1684 1394 sacerdos,
1726 1328 1894 1398 signis
1925 1337 1982 1383 et

383 1425 670 1480 virtutibus
693 1426 869 1479 clarus
903 1425 953 1478 δ.
1001 1425 1107 1480 Sed
1146 1425 1268 1494 quia
1303 1424 1460 1494 hujus
1492 1425 1758 1493 petit-ficis
1796 1423 1986 1476 memi-

385 1519 584 1585 nimus,
615 1530 823 1589 gratum
855 1519 1144 1573 arbitratus
1173 1533 1313 1585 sum,
1343 1527 1401 1571 ut
1431 1519 1588 1572 situm
1639 1518 1739 1571 loci
1804 1516 1981 1570 D.vio-

384 1614 596 1678 nensis,
631 1612 680 1666 in
716 1627 819 1680 quo
867 1612 1104 1665 maxime
1141 1623 1254 1665 erat
1295 1610 1564 1672 assiduus,
1598 1609 1718 1664 huic
1748 1609 1979 1664 inseram

384 1702 623 1756 lectioni.
677 1704 770 1755 Est
812 1711 990 1757 autem
1040 1711 1274 1755 castrmn
1328 1703 1650 1758 littnissimis
1687 1702 1876 1764 muris,
1929 1700 1979 1752 itt

2083 505 2292 549 montes
2333 503 2458 548 sunt
2499 491 2784 553 uberrimi,
2827 491 3105 560 vineisque
3151 492 3362 558 repleti,
3405 495 3526 562 quia
3574 506 3683 552 tant

2083 585 2262 640 nobile
2302 587 2489 641 incolis
2526 585 2807 640 Falernum
2852 585 3159 655 porrigunt,
3196 596 3251 640 u-t
3301 599 3554 657 reSpuant
3579 591 3687 643 Ga-

2082 677 2342 732 billonum
2381 675 2399 715 ί
2435 695 2450 732 :
2485 695 2606 732 nam
2650 688 2860 733 veteres
2901 676 3081 732 ferunt
3129 677 3198 733 ab
3242 680 3530 735 Aureliano
3577 682 3688 739 hoc

2083 771 2408 839 imperatore
2428 768 2594 824 fuisse
2623 769 2966 825 aediﬁcatum.
3387 775 3406 794 '

2155 865 2277 920 XX.
2318 865 2686 919 Theodericus
2730 875 2911 918 autem
2951 862 3060 919 ﬁlio
3094 866 3248 935 127
3295 879 3394 919 suo
3430 864 3686 921 'l'hcude-

2083 957 2237 1013 berto
2265 956 2634 1026 Uvisigardem
2683 957 2964 1025 cujusdam
2994 958 3140 1028 regis
3187 967 3213 1005 α
3253 957 3416 1012 tiliam
3447 957 3686 1030 deSpon-

2082 1060 2317 1105 saverat.

2157 1140 2296 1194 XXI.
2351 1140 2533 1196 Gotthi
2565 1155 2695 1195 vero
2735 1155 2854 1196 eum
2895 1150 3017 1211 post
3041 1141 3408 1199 Ghlodovechi
3451 1155 3680 1202 mortem

2085 1233 2246 1287 multa
2297 1234 2364 1287 de
2412 1234 2492 1287 his
2540 1250 2659 1302 qua:
2707 1235 2798 1288 ille
2839 1235 3164 1304 acquisierat
3192 1233 3242 1303 ιι,
3294 1239 3681 1310 ρετιοιιείδεειιι,

2084 1323 2454 1380 Theudericus
2495 1325 2930 1380 'lheudebertum
2957 1366 2974 1392 ,
3024 1327 3479 1385 Chlmhacharius
3549 1347 3684 1387 vero

2084 1418 2439 1474 Gttntharium
2485 1419 2753 1473 seniorem
2802 1419 2970 1474 ﬁlium
3015 1435 3171 1475 suum
3218 1422 3284 1475 ad
3337 1423 3454 1476 haec
3500 1426 3680 1492 requ-

2084 1511 2247 1566 renda
2275 1512 2661 1566 transmittunt.
2709 1514 2814 1567 Sed
2839 1510 3170 1568 Guntharius
3202 1530 3372 1583 usque
3402 1514 3682 1571 Ruthenos

2083 1609 2375 1674 accedens,
2410 1610 2594 1664 nescio
2623 1624 2725 1677 qua
2764 1609 2997 1664 faciente
3025 1625 3208 1675 causa,
3249 1625 3528 1682 regressus
3557 1621 3676 1675 est;

2084 1699 2491 1754 'Iheudebertus
2526 1715 2654 1754 vero
2686 1716 2851 1770 usque
2893 1701 2959 1755 ad
3001 1702 3358 1757 Biterrenscm
3403 1704 3505 1758 civi
3530 1714 3674 1760 atem

385 1793 558 1846 media
600 1792 819 1860 planitie
854 1800 909 1847 et
949 1792 1083 1846 satis
1118 1791 1348 1859 jocunda
1396 1793 1778 1860 compositum,
1810 1798 1982 1845 terras
2017 1794 2058 1852 Β
2089 1792 2308 1857 abiens,
2343 1790 2478 1846 Deas
2506 1789 2520 1828 ί
2549 1801 2783 1846 castrum
2813 1791 3064 1858 obtinuit,
3097 1805 3257 1861 atque
3287 1795 3410 1848 hinc
3441 1798 3676 1865 praedam

383 1887 536 1940 valde
566 1886 766 1940 fertiles
811 1886 1012 1939 habens
1053 1897 1214 1955 atque
1262 1884 1519 1940 fecundas
1555 1894 1600 1949 ο,
1646 1884 1717 1938 ita
1749 1892 1807 1937 ut
1835 1882 1980 1937 arvis

381 1979 549 2033 semel
596 1977 780 2032 scissis
829 1991 1080 2041 vomere,
1123 1978 1328 2031 semina
1371 1976 1656 2045 jaciantur,
1696 1987 1751 2032 et
1787 1990 1978 2043 magna

382 2072 648 2136 frttctuum
696 2069 968 2139 opulentia
1017 2069 1394 2138 subsequatur.
1453 2073 1495 2124 Α
1544 2071 1765 2126 Meridie
1818 2073 1983 2128 habet

382 2163 634 2217 Oscaram
690 2160 944 2229 fluvium,
999 2160 1232 2227 piscibus
1284 2161 1437 2215 valde
1489 2163 1856 2230 prtedivitetn;
1911 2168 1980 2220 ab

382 2255 648 2324 Aquilone
678 2267 802 2306 vero
833 2253 967 2306 alius
996 2252 1240 2306 lluviolus
1271 2247 1298 2289 ά
1333 2252 1494 2320 venit,
1529 2254 1617 2323 qui
1651 2269 1744 2323 per
1773 2269 1976 2323 portant

383 2346 693 2417 ingrediens
725 2359 787 2399 ac
818 2345 918 2399 sub
957 2355 1172 2414 pontem
1204 2343 1518 2410 decurrens,
1553 2360 1648 2414 per
1675 2347 1834 2402 aliam
1865 2365 1982 2402 rur-

381 2454 476 2494 sus
508 2447 714 2504 portam
745 2434 1040 2505 egreditur,
1077 2445 1243 2490 totum
1278 2437 1587 2492 munitionis
1614 2438 1786 2493 locum
1811 2441 1979 2510 placi-

380 2531 449 2586 da
478 2531 619 2586 unda
648 2529 1026 2585 circumfluens
1057 2546 1072 2582 :
1117 2541 1243 2585 ante
1274 2539 1480 2600 portam
1512 2544 1690 2587 autem
1720 2534 1980 2588 molendi-

381 2641 482 2680 nas
503 2627 637 2680 mira
666 2624 958 2678 velocitate
978 2622 1216 2678 divertit.
1241 2625 1480 2691 Quatuor
1505 2633 1670 2694 pelta:
1697 2642 1725 2679 a
1753 2635 1983 2696 quatuor

381 2720 553 2790 plagis
585 2718 767 2773 mundi
799 2726 927 2772 sunt
957 2718 1144 2787 posita:
1183 2735 1194 2770 :
1229 2727 1508 2788 totumque
1547 2720 1833 2776 aedilicium
1884 2722 1979 2776 tri-

380 2813 525 2883 ginta
574 2820 685 2866 tres
731 2821 904 2865 turres
948 2818 1214 2864 exornant
1259 2826 1275 2865 :
1323 2825 1507 2865 murus
1554 2827 1682 2866 vero
1722 2812 1866 2867 illius
1912 2812 1982 2869 de

383 2905 606 2975 quadris
650 2904 910 2973 lapidibus
943 2917 1108 2973 uSque
1153 2903 1206 2958 in
1247 2903 1434 2972 viginti
1469 2904 1650 2973 pedes,
1685 2903 1921 2973 desuper
1949 2921 1978 2960 a

381 2999 588 3052 minuto
627 2996 802 3066 lapide
844 2995 1142 3049 :edilicatus
1187 2995 1434 3060 habetur,
1477 2995 1680 3050 habens
1725 2998 1777 3050 in
1815 2996 1978 3051 altum

381 3090 546 3160 pedes
604 3091 852 3159 triginta,
900 3090 950 3142 in
1019 3089 1181 3142 latum
1239 3087 1402 3158 pedes
1457 3090 1812 3160 quindecim:
1859 3107 1978 3161 quae

2082 1885 2326 1953 diripuit.
2364 1884 2567 1940 Deinde
2607 1885 2674 1938 ad
2719 1885 2862 1939 aliud
2909 1897 3166 1954 castrum,
3218 1889 3432 1941 nomine
3472 1885 3694 1956 Capra-'

2082 1975 2216 2029 riam
2249 1974 2300 2041 ἱ,
2347 1974 2553 2044 legatos
2593 1975 2776 2039 mittit,
2818 1976 3024 2042 dicens,
3073 1979 3172 2031 nisi
3217 1993 3276 2033 se
3320 1980 3397 2033 illi
3427 1980 3677 2046 subdant,

2080 2080 2294 2120 omnem
2324 2066 2495 2121 locum
2520 2066 2670 2120 illum
2695 2067 2944 2123 incendio
2968 2071 3448 2139 conercmandum,
3476 2087 3677 2142 eosmie

2081 2159 2168 2230 qui
2201 2159 2398 2215 ibidem
2425 2160 2661 2217 resident
2691 2161 3066 2228 eaptivandos.

2156 2251 2320 2306 XXII.
2365 2253 2493 2306 Erat
2525 2263 2701 2307 autem
2741 2253 2940 2309 ibidem
2970 2262 3098 2308 tunc
3127 2265 3394 2322 matrona,
3429 2256 3677 2313 Deuteria

2082 2342 2106 2380 ⁸
2135 2345 2372 2407 nomine,
2406 2343 2550 2397 utilis
2575 2343 2731 2398 valde
2756 2354 2917 2413 atque
2950 2344 3167 2413 sapiens
3190 2388 3204 2413 ,
3243 2347 3398 2416 cujus
3429 2349 3510 2402 vir
3535 2350 3676 2418 apud

2083 2436 2307 2491 Biterris
2339 2432 2360 2474 ι
2396 2436 2584 2491 urbem
2615 2446 2979 2492 concesserat.
3010 2437 3140 2503 Quae
3169 2439 3323 2497 misit,
3353 2441 3568 2495 nuntius
3607 2443 3677 2494 ad

2081 2545 2289 2599 regem,
2321 2529 2502 2585 dicens
2534 2546 2550 2583 :
2581 2528 2769 2584 Nullus
2807 2529 2921 2590 tibi.
2953 2530 3171 2586 domine
3231 2532 3494 2597 piissime,
3547 2532 3678 2588 tesi.

2081 2629 2225 2677 stcre
2254 2629 2456 2692 potest.
2487 2622 2716 2690 Cognosr
2737 2623 2877 2677 itnns
2903 2623 3179 2678 dominum
3213 2635 3456 2680 nostrum
3488 2641 3502 2679 :
3530 2631 3677 2694 veni,

2079 2723 2130 2768 et
2182 2714 2322 2784 quod
2367 2714 2523 2770 fuerit
2564 2714 2955 2783 beneplacitum
3011 2716 3064 2770 in
3110 2717 3282 2772 oculis
3337 2718 3444 2772 tuis
3492 2717 3678 2772 facito.

2081 2811 2495 2866 Tlteudebertus
2538 2821 2716 2865 autem
2762 2811 2828 2865 ad
2858 2819 3093 2866 castrum
3123 2811 3365 2878 veniens,
3395 2827 3515 2868 cum
3548 2829 3678 2882 pace

2081 2901 2355 2972 ingressus
2393 2914 2508 2968 est;
2556 2902 2935 2970 subditumqne
2983 2904 3081 2958 sibi
3127 2920 3354 2960 cernens
3399 2908 3677 2976 pepulum,

2081 2995 2212 3050 nihil
2257 2995 2384 3049 inihi
2426 2995 2566 3050 male
2597 2996 2788 3065 gessit.
2842 2996 3090 3050 Deuteria
3131 3012 3260 3052 vero
3296 2998 3360 3052 .id
3395 3013 3677 3055 OCClll'aUIll

2078 3085 2200 3156 ejus
2237 3086 2409 3152 venit;
2450 3095 2504 3139 at
2545 3085 2657 3153 ille,
2698 3088 2996 3155 sreciosam
3036 3103 3155 3143 eam
3199 3105 3447 3158 cernens,
3490 3107 3678 3150 amore

381 3200 480 3240 cur
527 3184 717 3238 civitas
759 3183 899 3236 dii-ta
949 3199 1053 3236 non
1097 3184 1188 3246 sit,
1221 3183 1408 3253 ignoro
1436 3192 1483 3236 ε.
1530 3183 1702 3240 liabet
1738 3186 1880 3238 enim
1923 3184 1976 3239 in
2005 3179 2052 3242 C
2085 3181 2202 3249 ejus
2232 3180 2466 3248 capitur,
2499 3194 2704 3250 suoque
2738 3196 2856 3236 eam
2885 3182 3155 3252 capulavit
3177 3185 3386 3238 stratui.

379 3300 498 3354 vico
519 3299 829 3354 Novienmm
852 3299 1015 3358 dicto,
1043 3297 1211 3352 tribus
1234 3296 1551 3351 milliaribus
1584 3297 1715 3351 infra
1744 3297 1975 3354 Parisios

380 3372 446 3424 ad
484 3372 806 3439 Sequanam,
859 3372 947 3437 qui
980 3370 1137 3437 vulgo
1179 3368 1336 3422 hodie
1377 3369 1571 3422 dicitur
1603 3369 1972 3434 Snint-Cfaud,

327 3501 330 3504 ἠ
385 3441 472 3494 tibi
505 3442 730 3496 ecclesia
763 3441 1038 3505 collegiata
1059 3478 1074 3501 ,
1107 3440 1381 3494 destructo
1409 3441 1516 3502 jatn
1550 3440 1756 3506 pridem
1789 3457 1979 3493 mona-

380 3513 570 3575 sterio,
595 3527 736 3564 nunc
762 3510 968 3568 visitur,
997 3510 1048 3561 in
1075 3523 1173 3576 qua
1196 3508 1314 3575 ejus
1336 3524 1547 3561 sacrum
1572 3525 1766 3575 corpus
1792 3525 1975 3564 asser-

380 3592 556 3635 vatur.
606 3581 779 3635 Vitam
826 3579 943 3646 ejus
973 3595 1036 3632 ex
1071 3593 1169 3632 ms.
1195 3579 1316 3632 eod.
1351 3578 1408 3632 S.
1438 3579 1688 3632 Germani
1741 3595 1769 3632 a
1804 3580 1974 3635 Pratis

383 3652 549 3705 habes
597 3652 650 3704 in
695 3651 844 3704 Actis
873 3649 972 3704 SS.
1006 3648 1136 3703 0rd.
1169 3649 1497 3703 Benedictini
1552 3650 1748 3702 sarculo
1793 3666 1834 3716 ι,
1886 3652 1974 3706 ubi

383 3724 611 3775 habitum
629 3736 788 3774 sacra!
809 3721 1070 3791 religionis
1091 3721 1392 3786 suscepis~e
1417 3735 1449 3773 a
1481 3729 1665 3774 sancto
1688 3722 1972 3784 Severino,

381 3794 470 3857 qui
503 3793 639 3844 alius
669 3801 752 3844 est
775 3791 842 3843 ab
865 3791 1167 3860 Agaunensi
1200 3791 1414 3853 abha'e,
1442 3801 1790 3854 memoratur,
1819 3808 1967 3847 num.

380 3862 437 3915 8.
487 3862 722 3916 Joannes
773 3861 936 3915 abbas
984 3860 1050 3915 de
1080 3870 1265 3914 sancto
1315 3861 1608 3914 Flodoaldo
1656 3863 1977 3930 subscripsit

381 3933 666 3987 conventui
697 3931 1046 3986 Attiniacensi
1093 3932 1194 3985 sub
1226 3931 1446 3999 Pippino
1493 3945 1620 3998 rege
1664 3948 1807 3986 anno
1835 3933 1972 4000 765;

381 4019 540 4068 quem
570 4003 692 4056 huic
719 4005 1046 4056 monasterio
1071 4003 1348 4072 praefui~se
1378 4018 1482 4056 non
1515 4003 1841 4058 dubitamus.
1877 4005 1976 4060 Ve-

385 4083 528 4129 teres
556 4075 696 4128 cnim
723 4075 782 4126 ch
817 4074 866 4126 in
900 4075 1126 4127 litteram
1159 4076 1581 4142 [nonnunquam
1610 4085 1972 4131 mutaverunt.

453 4154 480 4215 fl
527 4145 578 4198 Id
605 4154 686 4199 est
718 4143 1159 4198 sanctimonialis.
1199 4144 1326 4199 Vide
1368 4144 1511 4215 infra,
1538 4145 1629 4198 lib.
1665 4160 1738 4210 tv,
1770 4161 1886 4215 cap.
1922 4149 1971 4201 l.

449 4214 478 4286 Ρ
521 4216 649 4284 Ejus
665 4217 824 4286 vitam
848 4216 1064 4283 scripsit
1085 4224 1269 4270 noster
1289 4205 1599 4285 Gregorius,
1623 4205 1782 4286 quam
1808 4205 1975 4273 habes

380 4285 516 4341 infra
555 4288 693 4340 inter
716 4285 862 4340 Vitas
887 4286 1126 4351 Patrum,
1159 4302 1280 4354 cap.
1310 4289 1364 4342 7.

454 4368 476 4396 ε
505 4357 594 4413 Sic
616 4358 728 4410 Bel.
758 4367 812 4411 et
844 4357 1055 4425 ltegm.;
1094 4368 1148 4410 at
1176 4359 1358 4412 caeteri
1396 4373 1529 4413 mss.
1564 4366 1619 4414 et
1645 4357 1795 4428 editi,
1837 4368 1975 4415 terra

378 4428 526 4481 valde
549 4429 701 4490 fertili
736 4439 882 4494 atque
911 4429 1152 4494 fecunda.

453 4496 480 4534 ά
513 4499 607 4550 Hic
634 4497 788 4549 Susio
819 4506 1060 4560 voeatur,
1089 4497 1178 4564 qui
1206 4512 1270 4552 ex
1295 4498 1432 4551 valle
1459 4500 1779 4567 cognomine
1803 4507 1838 4552 tt
1854 4501 1976 4557 ihus

381 4568 699 4639 milliaribus
742 4567 1208 4639 supraDiiionem
1245 4568 1502 4623 exoritur.
1549 4571 1624 4625 De
1651 4569 1849 4626 Oscara
1880 4589 1972 4628 su-
2004 4579 2058 4639 D

590 4677 601 4689 .
638 4653 694 4690 11.
728 4653 849 4690 can.
880 4653 969 4690 δι.

383 4654 478 4708 pra
510 4638 601 4690 lib.
638 4651 694 4700 tt,
728 4651 849 4698 cap.
880 4637 969 4690 32.

419 4765 422 4768 λ
457 4717 480 4744 θ
509 4707 617 4781 Nec
647 4707 804 4781 hodie
834 4707 1062 4762 civitatis
1087 4707 1207 4776 jure
1242 4708 1438 4779 gaudet
1463 4711 1635 4775 Divio,
1669 4711 1720 4766 id
1754 4720 1837 4767 est
1862 4713 1975 4781 epi-

381 4777 584 4852 scOpali
607 4778 861 4852 cathedra
894 4794 995 4852 non
1027 4777 1362 4845 nobilitatur;
1398 4783 1520 4836 licet
1550 4784 1710 4839 fuerit
1735 4777 1972 4852 Burgun-

381 4850 601 4924 dionum
633 4848 829 4902 ducum
858 4849 1032 4910 sedes.
1068 4859 1334 4920 totusque
1365 4855 1653 4920 provincia:
1678 4848 1866 4924 caput,
1886 4870 1976 4909 su-

382 4922 658 5000 premique
685 4933 901 5000 senatus
930 4924 1085 5000 tsi-des
1114 4925 1274 5000 etiam
1307 4925 1718 5000 nuttc__e:tistat._
1747 4922 1755 4924 ⁷
1783 4987 1795 4999 _

460 4989 477 5028 ί
525 4989 614 5045 Sic
646 4991 808 5064 habet
837 4991 994 5064 Corb.
1035 4993 1087 5046 lu
1123 4994 1324 5064 Bellov.
1356 5004 1410 5048 et
1437 4996 1588 5050 Colb.
1622 4989 1816 5064 legitur
1841 4996 1975 5051 Sca-

379 5060 658 5135 lgnonum;
691 5062 1180 5135 ltegrn.Calonum;
1211 5063 1332 5118 Bec.
1358 5075 1409 5119 et
1439 5068 1619 5122 eaztcri
1644 5060 1764 5121 cum
1790 5067 1968 5135 editis,

381 5131 685 5185 Santonum.
715 5132 1055 5204 Corheiensis
1102 5135 1384 5191 lectionem
1415 5138 1742 5204 przrtulitnus
1786 5155 1800 5192 :
1845 5131 1967 5193 nam

379 5217 569 5274 sensus
598 5214 678 5255 est
709 5202 828 5256 vina
861 5205 929 5256 ita
960 5221 1219 5270 generosa
1255 5210 1398 5261 nasci
1418 5202 1676 5274 Divione,
1705 5217 1764 5262 ttt
1791 5207 1972 5263 Cabil-

381 5273 692 5328 lonensihus
709 5274 844 5344 vinis
859 5290 963 5329 non
985 5275 1256 5344 indigeant
1280 5277 1445 5343 ipsius
1474 5281 1640 5333 cives.
1663 5273 1968 5334 ’Scalonum

378 5353 552 5397 tamen
575 5358 670 5413 pro
698 5343 1018 5416 Ascalonum
1044 5343 1424 5415 interpretatur
1445 5349 1669 5416 Savaro,
1701 5350 1750 5403 id
1783 5361 1867 5404 est
1892 5351 1968 5404 vi-

378 5428 502 5468 num
532 5431 596 5470 ex
616 5415 745 5468 urbe
765 5415 1062 5470 Palmstium
1089 5419 1349 5472 Asealona
1369 5415 1686 5475 advectum:
1708 5421 1967 5475 Ascalona

378 5485 572 5553 quippe
623 5487 792 5540 vicina
843 5497 956 5541 erat
1002 5487 1176 5555 Gazae,
1225 5492 1368 5542 unde
1412 5492 1533 5543 vina
1587 5490 1851 5554 Gazitina,
1902 5494 1970 5547 de

379 5555 572 5620 quibus
601 5555 735 5611 infra
789 5558 882 5610 lib.
916 5573 1010 5620 vtt,
1049 5575 1166 5625 cap.
1191 5557 1283 5613 29.
1335 5560 1588 5614 Claudius
1613 5562 1874 5615 ltohertns
1901 5563 1967 5616 ad

380 5625 578 5697 calcem
623 5627 808 5681 Gallia:
853 5626 1192 5694 Christianae,
1243 5645 1385 5682 anno
1416 5629 1552 5684 1626
1600 5629 1778 5692 editae.
1816 5633 1964 5697 plura

379 5691 448 5746 de
477 5693 697 5769 Div_ione
723 5698 902 5760 habet,
936 5699 1111 5767 ibique
1134 5691 1238 5754 col.
1276 5699 1343 5754 59
1387 5701 1666 5769 legendum
1701 5691 1850 5769 putat
1882 5703 1966 5757 hic

382 5766 521 5824 apud
547 5765 858 5834 Gregorium
888 5765 1277 5836 Chalybonittm.
1309 5765 1846 5841 Natu'Chalt'bonium,
1887 5775 1962 5831 ttti

2077 3297 2261 3364 refert,
2289 3298 2482 3361 vinum,
2516 3311 2571 3350 ur
2599 3314 2698 3368 quo
2740 3297 2849 3352 solo
2888 3296 3163 3352 Persarum
3204 3315 3345 3368 τρέμε
3393 3309 3677 3366 uterentur,

2078 3370 2373 3492 gzuntqna
2400 3370 2558 3421 so;ius
2584 3369 2816 3436 Campis,
2851 3373 3242 3424 commendatur
3279 3388 3312 3423 a
3346 3370 3517 3440 Syriw
3550 3377 3679 3427 urbe

2156 3459 2184 3490 ιι
2212 3457 2224 3490 ι
2262 3455 2376 3492 one.

2108 3438 2376 3492 ihulibone.

2151 3517 2175 3556 ϐ
2213 3508 2741 3584 Scilicet_Wacconis
2775 3509 3248 3584 Langobardorum
3302 3510 3465 3584 regis,
3497 3523 3555 3569 ut
3588 3530 3681 3570 re-

2077 3579 2184 3654 fert
2207 3581 2412 3654 Paulus
2441 3579 2719 3654 Diacalih.
2767 3597 2784 3635 ι
2827 3579 3097 3637 (Ιιίϐθειίε
3142 3579 3404 3653 Langth
3435 3600 3553 3654 cap.
3585 3587 3680 3641 2|.

2148 3649 2175 3688 ιι
2204 3651 2572 3706 'l‘heodoricus
2603 3652 2764 3707 ltalize
2790 3668 2882 3707 rex
2910 3654 3089 3707 audita
3111 3649 3405 3710 (Ihlodovei
3455 3649 3679 3715 victoria

2076 3723 2217 3790 apud
2239 3723 2530 3793 Vogladum
2557 3733 2848 3790 reportata,
2875 3723 3050 3778 lhbam
3075 3740 3168 3779 seu
3190 3726 3458 3781 Ehhanem
3483 3728 3680 3785 ducem

2078 3809 2199 3847 cum
2230 3796 2398 3862 cOpiis
2440 3796 2492 3848 in
2522 3793 2724 3869 Gallias
2755 3796 2919 3869 misit,
2950 3810 3039 3869 qui
3075 3795 3299 3852 Francis
3330 3796 3682 3869 Wisiguttho-

2079 3879 2195 3935 rum
2245 3880 2466 3934 regnum
2522 3866 2895 3919 invadentibus
2941 3867 3270 3923 resisterent.
3339 3866 3482 3935 Quae
3511 3885 3677 3926 causa

2078 3933 2210 4011 fuit,
2261 3933 2323 3990 ut
2347 3935 2541 4011 Franci
2587 3937 2757 4011 soluta
2805 3936 3109 4011 Arelatensi
3160 3933 3438 4011 obsidione
3480 3941 3677 4011 fugati,

2078 4006 2209 4061 nihil
2261 4017 2457 4075 prmter
2505 4007 2842 4076 Aquitaniam
2890 4008 3258 4076 acquisierint.
3308 4006 3679 4066 Theodericus

2079 4092 2226 4150 vero,
2254 4079 2472 4132 dimissa
2499 4077 2840 4148 Wisigottltis
2859 4079 3017 4150 regni
3043 4089 3220 4146 parte,
3261 4083 3508 4150 regiones
3534 4084 3676 4137 ultra

2080 4147 2401 4222 Rhodanum
2436 4151 2588 4212 sitas,
2630 4147 3034 4222 quas_0doaeer
3067 4150 3264 4222 Eurico
3296 4147 3493 4206 A'larici
3538 4157 3680 4222 patri

2077 4219 2378 4288 dimiserat,
2402 4229 2707 4290 occupavit.
2760 4219 2962 4274 Bellum
2992 4221 3186 4276 eximie
3214 4222 3326 4276 fere
3352 4219 3675 4279 continuum

2079 4291 2178 4344 fuit
2228 4292 2365 4345 inter
2409 4290 2772 4345 Ghlodoveum
2832 4301 2888 4346 et
2933 4291 3322 4346 Theodericum
3373 4307 3438 4346 ac
3484 4309 3675 4349 eorum

2078 4376 2442 4417 successores.
2493 4363 2604 4430 Qua
2655 4363 2869 4417 tandem
2923 4364 3205 4417 oet-asione
3247 4379 3308 4416 ea
3337 4363 3524 4419 Gallia:
3557 4382 3680 4433 pars

2081 4433 2410 4559 Fgaueorgrln
2445 4433 2672 4503 imperio
2709 4434 2952 4503 subjecta
2989 4435 3181 4502 fuerit,
3213 4433 3422 4490 dicetur
3452 4438 3504 4489 in
3535 4441 3682 4492 notis

2083 4519 2110 4554 a
2177 4519 2297 4559 can.
2395 4542 2409 4555 .

2083 4519 2148 4555 au
2177 4519 2297 4570 cap.
2320 4519 2409 4559 at.

2159 4573 2174 4612 ί
2213 4574 2367 4629 Hunc
2393 4575 2568 4629 locum
2593 4575 2901 4631 Blondellus
2924 4587 2974 4630 et
3005 4575 3092 4630 alii
3123 4583 3310 4645 putant
3337 4589 3454 4629 esse
3475 4576 3676 4629 Monta-

2082 4642 2185 4698 dié.
2219 4645 2414 4700 Mavult
2449 4647 2692 4703 Valesius
2722 4648 2822 4702 hac
2849 4663 2981 4703 VOL’C
3004 4642 3273 4715 designari
3305 4646 3464 4713 Dion,
3499 4650 3551 4702 in
3582 4650 3681 4704 Se-

2081 4716 2362 4786 ptimania.

2153 4786 2168 4837 i
2235 4787 2486 4854 Capraria
2538 4789 2704 4845 etiam
2754 4804 2895 4844 nunc
2915 4788 3178 4855 subsistit,
3227 4787 3384 4858 vulgo
3414 4787 3677 4857 Cabriere,

2080 4860 2271 4928 mquali
2313 4859 2427 4914 fere
2472 4860 2752 4914 intervallo
2793 4876 2822 4913 a
2855 4861 3110 4923 Leuleva,
3137 4863 3341 4929 Agatha
3374 4870 3426 4914 et
3454 4861 3677 4917 Biterris

2080 4930 2309 4990 distans,
2356 4931 2449 4984 sed
2493 4932 2557 4984 ad
2597 4932 2957 4988 Biterrensem
2995 4932 3274 4986 dioecesim
3321 4933 3587 4997 attinens,
3620 4945 3677 4989 ut

2079 5002 2334 5055 observat
2369 5000 2626 5057 Valesius.

2153 5069 2180 5145 '5
2221 5072 2351 5126 Mss.
2383 5073 2644 5138 nonnulli,
2689 5082 2744 5129 et
2773 5074 2987 5145 quidem
3021 5073 3361 5145 vetustiores,
3395 5075 3675 5141 Deuteria;

2080 5140 2337 5216 Valesius
2363 5153 2538 5199 tamen
2587 5140 2870 5215 legendum
2907 5153 3094 5216 censet
3123 5140 3401 5216 Deuteria,-
3441 5140 3676 5216 indeque

2078 5213 2298 5286 conjicit
2324 5213 2461 5268 hanc
2492 5213 2772 5271 mulierem
2803 5231 3001 5286 genere
3037 5214 3242 5286 Gallam
3263 5256 3278 5279 ,
3309 5233 3424 5283 seti,
3460 5229 3518 5272 nt
3548 5213 3674 5274 tunc

2078 5283 2455 5352 loquebantur,
2486 5286 2778 5342 Romanam
2809 5283 2996 5341 inisset
3054 5285 3282 5338 inscitia:
3315 5303 3440 5342 vero
3472 5290 3674 5344 Frede-

2079 5369 2283 5422 garium
2313 5359 2506 5424 arguit,
2539 5359 2680 5427 quod
2726 5360 3002 5427 scripserit
3049 5357 3361 5422 Deoteriam,
3413 5376 3506 5413 seu
3539 5359 3672 5413 Teo-

2078 5427 2279 5478 teriam.
2309 5427 2426 5499 Sed
2465 5439 2590 5482 tunc
2621 5432 2914 5499 scriptores
2964 5430 3032 5482 ita
3064 5429 3369 5497 promiscue
3400 5431 3604 5484 litteras
3635 5448 3670 5484 ιι

2079 5506 2135 5549 et
2177 5513 2230 5570 ρ,
2277 5497 2416 5551 sicut
2457 5509 2511 5552 et
2619 5511 2673 5553 et
2706 5497 2748 5566 ιζ
2783 5501 3151 5570 adhibebant,
3175 5506 3235 5550 ιιι
3265 5499 3348 5553 vix
3377 5502 3670 5570 quidquam

2076 5569 2209 5640 certi
2234 5585 2299 5640 ex
2326 5569 2512 5624 harum
2543 5569 2843 5627 litterarum
2876 5569 3443 5640 mutationibusstatui
3478 5573 3668 5640 possit.

2075 5715 2093 5761 ι
2154 5635 2169 5673 ι
2215 5639 2304 5694 Sic
2334 5654 2465 5697 mss.
2505 5656 2696 5702 omnes
2737 5657 2862 5702 cum
2889 5643 3117 5708 Chesn.;
3149 5639 3392 5714 plerique
3433 5635 3550 5712 αὶ,
3581 5643 3674 5699 Bi-

2097 5725 2264 5761 erum.

2097 5725 2264 5765 erum.
