3994 6332
340 245 440 309 est

1320 256 1633 315 ﬂleOlllA
1679 252 2132 313 FRANCORUM.
2172 254 2369 315 LIBER
2412 259 2711 317 TERTIUS

3505 260 3614 314 ΞΜ

410 366 597 422 XXIII.
625 356 679 420 ln
716 365 819 422 illis
847 360 1038 423 diebus
1068 366 1429 425 Theodericus
1460 382 1731 441 part-atem
1762 387 1915 425 suum
1949 372 1999 431 Α
2028 374 2213 428 multis
2251 374 2509 430 beneﬁt-ia
2540 374 2628 445 pia
2660 388 2722 431 ac
2745 374 3049 431 dulcissima
3075 376 3482 433 accommodans
3509 393 3615 431 νω-

332 454 667 526 Sigivaldum
698 457 897 511 occidit
933 459 1134 529 gladio,
1168 460 1385 515 mittens
1413 462 1621 515 occulte
1647 461 1712 515 ad
1743 462 1921 516 Theu-

331 547 637 612 tlcbertutn,
690 557 744 601 ut
792 558 848 603 et
892 548 980 603 ille
1004 547 1286 605 Givaldum
1320 561 1370 617 τι,
1413 550 1575 605 ﬁlium
1623 551 1763 620 ejus,
1801 552 1918 607 neci

329 638 515 703 daret,
552 652 712 708 quem
750 649 879 694 tunc
912 654 1094 694 secum
1136 641 1361 695 habebat
1388 657 1402 695 :
1425 642 1519 696 sed
1550 643 1670 711 quia
1696 658 1818 697 eum
1850 643 1918 697 de

328 742 487 783 sacro
518 728 663 783 fonte
692 740 1001 797 exceperat,
1040 732 1263 799 perdere
1301 733 1489 786 noluit.
1535 732 1760 787 Litteras
1791 748 1919 789 vero

330 835 466 886 quas
506 822 554 876 ei
597 827 748 890 pater
785 820 1173 885 transmiserat,
1208 822 1305 891 ipsi
1346 822 1411 876 ad
1449 824 1605 893 128
1635 823 1915 889 legendum

329 911 500 976 dedit,
524 912 706 967 dicens
731 929 747 966 :
773 912 918 982 Fuge
946 912 1088 977 hinc,
1118 915 1241 983 quia
1273 916 1438 982 patris
1459 919 1561 969 mei
1592 926 1915 984 praeceptum

328 1005 509 1071 accepi
534 1012 592 1057 ut
612 1015 663 1058 te
691 1004 1005 1058 interﬁciam
1030 1020 1045 1058 :
1082 1005 1128 1059 si
1154 1020 1282 1060 vero
1310 1007 1399 1061 ille
1425 1006 1706 1061 defunctus
1737 1008 1913 1071 fuerit,

329 1104 382 1148 ct
414 1110 501 1149 me
530 1109 751 1165 regnare
776 1094 1035 1161 audieris,
1066 1106 1193 1151 tunc
1219 1111 1439 1152 securus
1461 1098 1525 1152 ad
1557 1113 1641 1151 me
1670 1110 1915 1153 reverte-

329 1183 425 1240 ris.
455 1185 607 1252 Quod
638 1187 1095 1256 audiens,gratias
1124 1203 1307 1258 agens,
1336 1200 1389 1243 et
1430 1190 1752 1255 valedicens,
1789 1191 1919 1246 abs-

330 1276 518 1330 cessit.
562 1278 929 1331 Arelatensem
977 1278 1117 1332 enim
1148 1289 1271 1333 tunc
1299 1280 1481 1333 urbem
1511 1281 1688 1334 Gottbi
1722 1296 1914 1349 perva-

334 1376 541 1431 serant,
573 1368 640 1422 de
681 1384 785 1436 qua
810 1369 1219 1424 Theudcbertus
1256 1372 1471 1427 obsides
1510 1372 1768 1427 retinebat
1800 1390 1815 1425 :
1843 1372 1911 1427 ad

2024 464 2255 520 luntate.
2295 467 2467 521 Omne
2505 467 2784 536 tributum,
2818 468 2957 537 quod
2988 467 3119 522 ﬁsco
3145 484 3244 524 suo
3269 470 3335 523 ab
3362 470 3608 527 ecclesiis

2023 554 2080 607 in
2112 555 2353 610 Arverno
2387 555 2505 610 sitis
2541 556 2882 622 reddebatur,
2907 557 3201 613 clementer
3230 558 3450 614 indulsit
3483 559 3529 617 ί.

2097 642 2287 699 XXVI.
2333 645 2574 702 Deuteria
2627 664 2753 703 vero
2797 663 3024 703 cernens
3066 649 3226 703 ﬁliam
3253 665 3402 705 suam
3444 653 3605 707 adul-

2020 746 2131 792 tat‘n
2181 737 2335 793 valde
2378 753 2529 807 esse,
2572 741 2762 794 timens
2816 756 2883 795 ne
2912 755 3028 795 eam
3077 744 3458 809 concupiscens
3502 762 3598 801 rex

2017 826 2123 884 sibi
2149 841 2467 896 assumeret,
2496 831 2550 885 in
2584 833 2828 886 basterna
2856 834 3101 901 positam,
3132 834 3402 889 indomitis
3431 838 3601 892 bobus

2016 923 2348 991 conjunctis,
2378 938 2498 978 eam
2527 924 2595 978 de
2634 936 2791 991 ponte
2820 926 3186 994 praecipitavit,
3226 944 3344 997 quae
3388 930 3440 983 in
3483 931 3601 997 ipso

2017 1013 2241 1069 ﬂumine
2268 1016 2513 1085 spiritum
2545 1018 2793 1072 reddidit.
2822 1019 2934 1074 Hoc
2961 1020 3100 1089 apud
3131 1020 3441 1076 Viridunum
3471 1023 3603 1077 civi-

2016 1114 2177 1161 tatem
2203 1118 2386 1161 actum
2415 1117 2519 1164 est.

2090 1196 2308 1252 XXVII.
2350 1197 2587 1269 Cumque
2613 1198 2723 1270 jam
2766 1201 3024 1271 septimus
3056 1216 3230 1258 annus
3257 1214 3419 1269 esset,
3452 1204 3595 1272 quod

2016 1287 2382 1359 Uvisigardem
2409 1289 2780 1361 desponsatam
2810 1293 3048 1359 haberet,
3096 1304 3153 1349 et
3206 1310 3321 1349 eam
3382 1306 3598 1363 propter

2014 1376 2318 1434 Deuteriam
2333 1379 2576 1448 accipere
2591 1381 2773 1443 nollet,
2792 1383 3058 1447 coniuncti
3076 1382 3267 1438 Franci
3279 1394 3458 1438 contra
3473 1400 3595 1438 eum

330 1473 445 1511 eam
467 1456 717 1512 Givaldus
741 1460 999 1531 conlugit.
1044 1460 1147 1515 Sed
1174 1477 1357 1529 parum
1386 1477 1444 1515 se
1470 1462 1661 1518 ibidem
1686 1478 1913 1519 cernens
2011 1470 2168 1523 valde
2205 1469 2731 1539 scandalizabantur,
2763 1486 2927 1541 quare
2962 1487 3212 1539 sponsam
3252 1488 3402 1527 suam
3434 1474 3597 1528 relin-

328 1561 450 1602 csse
479 1548 763 1615 munitum,
796 1548 1004 1603 Latium
1030 1548 1441 1621 bpetiit,ibique
1480 1565 1532 1608 et
1568 1552 1740 1608 latuit.
1773 1554 1913 1610 Dum
2010 1570 2217 1628 queret.
2266 1561 2421 1615 Tunc
2458 1570 2787 1627 commotus,
2841 1562 3022 1617 relicta
3073 1563 3339 1631 Deuteria,
3382 1565 3593 1634 de'qua

330 1639 446 1693 lucc
474 1652 781 1709 agerentur,
808 1640 1081 1697 nuntiatur
1111 1642 1483 1699 Theudeberto
1510 1655 1715 1713 patrem
1748 1661 1907 1701 suum
2011 1652 2286 1719 parvulum
2329 1652 2500 1707 ﬁlium
2540 1653 2799 1721 habebat,
2828 1653 3261 1709 Theodobaldutn
3295 1664 3320 1702 ε
3358 1656 3591 1723 nomine,

328 1729 561 1798 graviter
587 1741 869 1800 aegrotare,
893 1742 944 1786 ΘΙ
977 1732 1042 1786 ad
1065 1747 1221 1802 quem
1254 1733 1355 1787 nisi
1386 1734 1621 1789 velocius
1652 1750 1909 1804 propera-
1942 1750 1985 1810 Β
2014 1742 2383 1813 Uvisigardem
2425 1743 2578 1798 duxit
2616 1760 2857 1802 uxorem,
2902 1746 3075 1810 Quam
3116 1759 3215 1800 nec
3258 1746 3426 1800 multo
3460 1757 3595 1801 ιθιιι-

328 1834 432 1889 ret,
464 1834 523 1879 ut
549 1840 671 1881 eum
702 1825 967 1883 inveniret
993 1827 1197 1895 vivum,
1235 1844 1267 1883 a
1297 1829 1495 1898 patruis
1523 1830 1634 1884 suis
1662 1830 1911 1885 exclude-

328 1930 494 1983 retur,
524 1929 579 1975 et
606 1920 743 1975 ultra
784 1920 907 1976 illuc
946 1934 1052 1976 non
1087 1922 1307 1978 red:ret.
1354 1924 1421 1976 At
1460 1923 1549 1979 ille
1578 1922 1662 1977 bis
1692 1923 1908 1989 auditis,

329 2008 535 2063 cunctis
582 2010 888 2078 postpositis
934 2010 1064 2066 illuc
1106 2011 1323 2081 dirigit,
1356 2013 1601 2067 Deuteria
1635 2029 1756 2069 cum
1804 2013 1911 2068 ﬁlia

328 2112 429 2151 sua
459 2099 717 2153 Arvernis
746 2100 953 2155 relicta.
1003 2100 1243 2169 Cumque
1271 2101 1512 2166 abiisset,
1545 2102 1911 2158 Theudericus

334 2204 441 2242 non
472 2200 591 2258 post
628 2190 821 2246 multos
850 2192 965 2245 dies
1001 2192 1136 2246 obiit
1168 2192 1424 2248 vicesimo
1457 2195 1613 2248 tertio
1654 2194 1799 2263 regni
1828 2193 1910 2249 sui

332 2296 497 2335 anno.
542 2283 943 2353 Consurgentes
970 2294 1149 2340 autem
1178 2285 1551 2341 Childebertus
1579 2296 1633 2342 et
1657 2285 1914 2341 Chlotha-

330 2372 549 2427 charius
575 2384 763 2429 contra
790 2368 1245 2443 Theudcbertutn,
1279 2393 1502 2447 regnum
1544 2379 1662 2447 ejus
1700 2380 1911 2439 auferre

329 2466 633 2520 voluerunt.
671 2466 779 2521 Sed
817 2467 905 2521 ille
932 2469 1243 2522 muneribus
1272 2468 1492 2537 placatis
1526 2479 1574 2534 ο,
1606 2485 1637 2524 a
1667 2470 1911 2528 leudtbus

329 2559 444 2612 suis
471 2557 784 2614 defensatus
820 2568 931 2622 est.
968 2569 1024 2615 et
1064 2561 1117 2615 in
1158 2575 1325 2631 regno
1360 2562 1648 2617 stabilitas.
1697 2562 1912 2621 Mittens

329 2660 516 2716 postea
540 2650 858 2716 Arvernum,
885 2651 1187 2708 Denteriam
1209 2653 1402 2710 exinde
1429 2654 1733 2722 accersivit,
1764 2670 1911 2711 eam.

328 2758 438 2810 que
463 2744 564 2795 sibi
590 2744 937 2817 matrimonio
958 2745 1206 2800 sociavit.
1392 2794 1402 2803 .

403 2834 597 2889 XXIV.
636 2835 834 2891 Videns
875 2844 1053 2892 autem
1085 2836 1487 2901 Childebertus,
1516 2838 1654 2907 quod
1692 2836 1741 2892 ei
1773 2853 1911 2907 prae-

326 2926 511 2980 valere
556 2941 663 2979 non
706 2926 985 2996 potuisset,
1027 2926 1348 2996 legationem
1390 2928 1453 2980 ad
1492 2942 1617 2982 eum
1662 2927 1824 2993 misit,
1854 2935 1911 2982 et

312 3019 396 3073 .ad
433 3032 494 3073 se
524 3018 708 3074 venire
739 3020 1009 3089 prtccepit,
1038 3020 1261 3076 dicens:
1294 3019 1462 3075 Filios
1501 3037 1604 3075 non
1631 3021 1824 3092 habeo,
1856 3029 1907 3077 te

2014 1848 2143 1904 pore
2174 1836 2394 1900 habens,
2426 1835 2671 1891 defuncta
2704 1837 2817 1901 illa,
2845 1837 3004 1891 aliam
3034 1837 3260 1906 accepit.
3312 1835 3593 1892 Verumta-

2012 1941 2133 1981 men
2159 1927 2461 1983 Deuteriam
2494 1928 2631 1982 ultra
2662 1944 2767 1984 non
2798 1929 3002 1987 habuit.

2082 2017 2320 2074 XXVIII.
2394 2018 2767 2074 Cltildebertus
2827 2029 3002 2073 autem
3068 2027 3123 2073 et
3184 2019 3592 2075 Tlteudeberttts

2012 2121 2409 2167 commoventes
2446 2116 2767 2176 exercitum,
2798 2122 2983 2167 contra
3012 2111 3479 2168 Chlotbacbarium
3512 2116 3590 2169 ire

2010 2203 2320 2272 disponunt.
2359 2204 2455 2259 Ille
2492 2212 2668 2258 autem
2698 2204 2812 2259 ham
2839 2204 3080 2270 audiens,
3102 2206 3374 2260 mstimans
3402 2221 3461 2261 se
3495 2207 3591 2260 lto-

2012 2309 2130 2349 rum
2161 2296 2452 2350 exercitum
2480 2296 2745 2350 sustinere
2767 2310 2871 2348 non
2898 2309 3073 2362 posse,
3106 2295 3159 2348 in
3190 2290 3373 2350 silvam
3402 2296 3589 2351 centu.

2009 2386 2086 2455 git
2119 2382 2171 2448 ιι,
2201 2394 2257 2440 et
2287 2385 2539 2440 concides
2577 2399 2794 2455 magnas
2830 2385 2883 2439 in
2912 2385 3063 2440 silvis
3093 2386 3197 2440 illis
3228 2386 3368 2451 fecit,
3398 2395 3589 2441 totam-

2010 2490 2116 2544 que
2141 2490 2289 2544 spem
2314 2489 2465 2530 suam
2492 2473 2543 2530 in
2575 2476 2666 2530 Dei
2694 2476 2942 2545 pietatem
2976 2475 3371 2531 transfundens.
3403 2476 3505 2532 Sed
3532 2486 3589 2530 et

2011 2558 2401 2624 Cbrotechildis
2430 2570 2609 2639 regina
2642 2568 2756 2624 haec
2783 2568 3040 2635 audiens,
3072 2568 3210 2624 beati
3244 2568 3455 2623 Martini
3500 2584 3583 2624 se-

2012 2662 2252 2730 pulcrum
2302 2661 2457 2728 adiit,
2504 2661 2686 2732 ibique
2741 2663 2795 2717 in
2843 2663 3087 2718 oratione
3135 2661 3505 2731 prosternitur,
3531 2670 3591 2717 et

2011 2761 2124 2807 tota
2166 2761 2326 2809 nocte
2370 2753 2576 2822 vigilat,
2616 2766 2776 2809 orans
2822 2768 2891 2809 ne
2924 2755 3079 2825 130
3107 2754 3243 2809 inter
3283 2754 3420 2810 ﬁlios
3460 2770 3594 2809 sum

2008 2844 2205 2899 bellum
2237 2843 2389 2899 civile
2415 2855 2779 2914 consurgeret.
2805 2845 3049 2916 Cumque
3078 2845 3130 2909 bi
3162 2848 3439 2902 venientes
3463 2861 3589 2901 cum

2006 2938 2329 2992 exercitibus
2354 2940 2465 2992 suis
2496 2954 2615 2993 cum
2643 2939 2971 3006 obsiderent,
3004 2949 3291 2996 tractantes
3322 2941 3468 2995 illum
3498 2942 3586 2995 die

2009 3032 2249 3100 sequenti
2293 3032 2611 3095 interﬁcere,
2654 3047 2809 3088 mane
2850 3033 3011 3099 facto,
3047 3035 3100 3089 in
3148 3035 3265 3089 loco
3290 3050 3396 3104 quo
3433 3045 3591 3091 erant

306 3120 580 3181 tanquam
653 3112 820 3166 ﬁlium
868 3112 1066 3167 habere
1114 3113 1381 3168 desidero.
1451 3114 1569 3180 Quo
1636 3115 1905 3180 veniente,

2016 3123 2319 3192 congregati
2359 3134 2474 3177 orta
2506 3132 2793 3191 tempestas
2832 3126 3061 3179 tentoria
3094 3124 3315 3192 disjicit,
3345 3138 3432 3180 res
3458 3124 3589 3179 diri-

326 3206 491 3260 tantis
531 3221 654 3259 eum
691 3205 1004 3260 muneribus
1032 3206 1241 3273 ditavit,
1271 3216 1330 3261 ut
1368 3207 1436 3260 ab
1463 3207 1711 3261 omnibus
1738 3207 1903 3261 mira-

323 3307 495 3355 retur.
538 3298 668 3352 Nam
708 3298 776 3353 de
815 3299 975 3354 rebus
1001 3299 1185 3366 bonis,
1218 3307 1326 3354 tam
1365 3299 1433 3355 de
1460 3300 1625 3354 armis
1651 3315 1809 3370 quam
1838 3300 1905 3355 de

320 3386 588 3454 vestibus,
612 3388 697 3443 vel
729 3390 950 3459 reliquis
977 3392 1327 3457 ornamentis,
1352 3405 1471 3460 qua:
1499 3405 1677 3460 regem
1710 3389 1906 3446 habere

318 3478 499 3543 decet,
547 3490 695 3533 terna
744 3478 794 3537 ei
840 3477 987 3548 paria
1038 3479 1399 3544 condonavit;
1446 3478 1695 3534 similiter
1738 3489 1791 3534 et
1837 3479 1907 3534 de

316 3570 589 3639 equitibus
635 3580 794 3637 atque
845 3570 1035 3623 catinis
1074 3570 1122 3623 ά.
1167 3569 1289 3624 Haac
1312 3568 1533 3623 audiens
1564 3567 1818 3623 Givaldus
1851 3577 1903 3633 ο,

316 3661 464 3732 quod
501 3660 703 3719 scilicet
729 3660 1134 3717 Theudebcrtus
1165 3658 1324 3732 [29
1353 3676 1575 3729 regnum
1621 3660 1786 3728 patris
1813 3659 1906 3723 0b.-

318 3750 663 3816 tinuisset,ad
684 3766 806 3807 eum
822 3751 889 3806 de
909 3751 1055 3806 Italia
1074 3750 1248 3807 rediit.
1278 3750 1374 3805 Cui
1427 3750 1519 3805 ille
1563 3749 1907 3821 congaudens

314 3859 384 3897 ac
407 3844 751 3909 deosculans,
784 3844 991 3897 tertiam
1022 3851 1227 3911 partem
1254 3840 1302 3896 ei
1341 3841 1410 3895 de
1443 3840 1759 3895 muneribus
1787 3857 1906 3910 qua:

314 3953 343 3989 a
390 3946 584 4004 patruo
624 3942 923 4004 acceperat,
976 3943 1059 3989 est
1095 3935 1353 4003 largitus;
1394 3942 1448 3987 et
1490 3933 1666 3986 omnia
1707 3948 1824 4003 qua:
1854 3934 1904 3986 in

315 4031 457 4085 ﬁsco
493 4044 622 4083 suus
663 4039 813 4099 pater
851 4037 1101 4097 posuerat
1140 4026 1208 4083 de
1250 4025 1410 4082 rebus
1446 4025 1701 4095 Sigivaldi
1743 4027 1906 4095 patris

315 4119 463 4189 ejus,
486 4120 587 4188 ipsi
611 4120 759 4175 reddi
785 4121 1059 4188 praecepit.
1712 4112 1715 4113 ⁷

394 4210 564 4267 XXV.
593 4214 660 4264 At
696 4211 790 4266 ille
817 4210 867 4265 in
899 4225 1062 4280 regno
1094 4209 1351 4275 ﬁrmatus,
1386 4223 1634 4279 magnum
1666 4223 1724 4264 se
1750 4217 1906 4278 atque

316 4317 374 4356 tn
428 4300 575 4355 omni
628 4301 864 4355 bonitate
910 4301 1232 4369 prmciputnn
1279 4299 1528 4355 reddidit.
1594 4300 1720 4353 Erat
1764 4302 1904 4354 etiitn

316 4408 544 4460 regnum
587 4408 709 4447 cum
752 4392 956 4462 justitia
1005 4405 1215 4461 regens,
1267 4391 1575 4445 sacerdotes
1619 4405 1903 4458 venerans,

314 4481 582 4538 ecclesias
636 4496 960 4547 munerans,
1008 4495 1273 4551 pauperes
1323 4480 1591 4550 relevans,
1638 4491 1691 4533 et
1744 4482 1904 4535 multa
1941 4477 2219 4538 Dsonitus
2282 4474 2505 4530 tonitrui
2547 4484 2632 4530 est
2676 4475 2887 4528 auditus
2932 4490 2948 4527 :

390 4642 423 4671 ⁸
460 4632 619 4688 Corb.
651 4644 703 4688 et
726 4632 950 4699 Bellov.,
978 4630 1316 4702 Sigivaldum.
1341 4630 1560 4699 Regm.,
1584 4629 1905 4687 Gilvaldum.

397 4704 431 4745 δ
464 4703 595 4757 Cod.
626 4705 811 4767 Corb.,
846 4703 1073 4767 Italiam,
1105 4703 1243 4769 quod
1278 4702 1416 4755 idem
1448 4709 1554 4754 est.

400 4786 428 4813 ε
468 4775 678 4842 Begm.,
704 4775 808 4826 illis
830 4773 1356 4842 muneribnrpacatir.
1392 4772 1489 4824 Ed.
1513 4782 1566 4825 et
1596 4784 1747 4831 mss..
1773 4787 1903 4839 prte-

320 4856 406 4899 ter
437 4841 597 4897 Corb.
628 4855 681 4899 et
705 4844 864 4910 Bell.,
898 4844 1096 4895 habent
1119 4841 1390 4895 Leodibus.

292 4956 299 4959 .
395 4912 429 4953 ἀ
456 4914 554 4967 Ms.
599 4915 650 4979 l,
683 4918 892 4967 catenis.
944 4912 1065 4974 Ed.,
1096 4913 1235 4979 equis
1262 4922 1308 4965 et
1336 4911 1545 4964 catenis.
1582 4910 1730 4964 Unde
1755 4910 1911 4963 Vale-

321 4986 440 5039 sius
465 4991 774 5038 calemrum
802 4985 1015 5037 nomine
1045 4982 1311 5052 designari
1342 4990 1492 5051 putat
1520 4989 1761 5046 torques,
1794 4982 1909 5047 qui-

324 5057 447 5118 bus,
474 5063 608 5107 teste
634 5053 793 5108 Floro
818 5055 1020 5107 Annteo
1049 5052 1138 5105 lib.
1164 5051 1236 5117 iv,
1266 5051 1566 5105 Germania:
1594 5064 1778 5119 gemes
1807 5052 1907 5103 sibi

323 5127 462 5179 colla
488 5125 752 5178 adornare
775 5125 1040 5179 solebant.
1073 5124 1210 5177 Mor.
1257 5136 1306 5176 s.
1344 5120 1596 5190 explicat,
1627 5121 1825 5185 cannis,
1856 5120 1911 5173 id

321 5204 397 5249 est
431 5195 582 5247 vasis.

401 5274 427 5333 ὲ
469 5265 599 5317 Bell.
624 5270 686 5316 ut
713 5276 893 5332 supra,
926 5261 1244 5333 Sigivaldus.

404 5332 426 5372 ι
471 5333 617 5388 Vide
639 5327 919 5401 epistulam
947 5327 1218 5388 Aureliani
1251 5332 1420 5398 episc.
1454 5330 1655 5385 Arelat.
1689 5327 1752 5382 ad
1784 5343 1904 5383 eum

321 5405 603 5473 scriptam.
636 5404 771 5458 infra
804 5406 855 5456 in
883 5404 1221 5470 Appendice,
1253 5414 1305 5455 et
1334 5402 1684 5473 Fortunatum
1725 5401 1902 5473 libuit,

292 5470 497 5529 .carm.
530 5473 615 5527 12.
651 5473 870 5542 Magnus
894 5489 937 5527 .a
966 5475 1133 5528 Mario
1160 5472 1498 5527 Aventit-ensi
1545 5470 1712 5542 episc.
1758 5471 1905 5522 aliis«

322 5559 434 5613 que
460 5539 767 5613 auctpribus
793 5547 966 5597 dictus
991 5554 1095 5597 est.
1121 5546 1284 5597 'l‘anta
1314 5552 1489 5595 autem
1518 5552 1636 5613 erat
1663 5539 1903 5613 cianitni

322 5602 661 5684 magnitudo,
694 5622 751 5667 ut
778 5613 1060 5667 Justiniatti
1094 5614 1222 5680 itnp.
1252 5628 1373 5667 sese
1402 5613 1468 5684 Vin
1499 5612 1664 5665 titulis
1692 5609 1907 5684 Franci-

322 5682 466 5749 cuni,
486 5684 641 5750 quasi
664 5683 896 5739 Francos
917 5684 1223 5745 devicisset.
1252 5683 1591 5741 inscribentis
1618 5682 1906 5735 vanitatem

2007 3213 2105 3281 pit,
2145 3221 2199 3267 et
2241 3222 2434 3267 cuncta
2480 3214 2776 3277 subvertit;
2821 3214 3167 3281 immixlaque
3211 3214 3412 3283 fulgura
3462 3231 3585 3269 cum

2007 3302 2257 3357 tonitruis
2303 3318 2367 3357 ac
2414 3303 2678 3371 lapidibus
2724 3318 2883 3372 super
2930 3319 3024 3359 eos
3066 3304 3419 3360 descendunt.
3478 3305 3585 3373 Ipi

2005 3407 2216 3461 quoque
2259 3407 2420 3459 super
2460 3393 2706 3447 infeCtam
2747 3394 3007 3461 grandine
3049 3393 3263 3448 lmmum
3310 3396 3361 3448 in
3393 3395 3583 3450 faciem
3664 3388 3671 3394 ’

2008 3488 2289 3547 proruunt,
2319 3488 2373 3534 et
2393 3494 2421 3533 a
2455 3479 2716 3548 lapidibus
2744 3480 3186 3536 descendentibus
3212 3482 3439 3551 graviter
3464 3499 3586 3537 vcr-

2007 3572 2261 3625 berantur
2289 3588 2301 3624 :
2329 3570 2527 3624 nullum
2559 3570 2700 3624 enim
2724 3570 2802 3625 eis
2834 3580 3076 3640 tegumen
3107 3581 3456 3638 remanserat,
3484 3556 3585 3627 nisi

2006 3677 2206 3730 parmae
2250 3669 2475 3725 tantum,
2505 3662 2605 3715 hoc
2644 3662 2873 3716 maxime
2903 3669 3198 3717 metuentes
3237 3677 3303 3717 ne
3332 3662 3399 3715 ab
3447 3661 3585 3734 igni-

2008 3751 2107 3806 bus
2126 3750 2434 3805 caelestibus
2457 3741 2841 3805 cremarentur.
2879 3750 2981 3806 Sed
3003 3760 3062 3806 et
3085 3752 3287 3819 equites
3311 3748 3418 3822 [ΑΙ.
3440 3750 3585 3822 equi]

2008 3857 2195 3897 eorum
2242 3841 2311 3895 ita
2340 3840 2567 3910 dispersi
2610 3850 2755 3908 sunt,
2792 3850 2849 3894 ut
2877 3841 2965 3895 vix
3006 3840 3059 3895 in
3102 3841 3355 3897 vicesimo
3381 3858 3589 3911 quoque
3645 3865 3652 3871 -

2009 3931 2371 3999 reperirentur
2409 3929 2614 3996 stadio;
2647 3931 2797 3984 multi
2836 3931 2978 3986 enim
3020 3946 3237 4001 prorsus
3267 3945 3331 3985 ex
3375 3934 3453 3985 eis
3483 3947 3588 3985 non

2010 4030 2138 4075 sunt
2166 4020 2389 4075 inventi.
2418 4019 2570 4074 Tunc
2598 4021 2696 4085 illi,
2730 4020 3058 4085 utdiximus,
3091 4036 3120 4074 a
3152 4020 3412 4088 lapidibus
3440 4021 3590 4085 caesi,

2011 4120 2069 4167 et
2109 4112 2271 4165 humo
2302 4112 2578 4180 prostrati,
2623 4111 2984 4179 paenitentiam
3032 4113 3279 4180 agebant,
3306 4127 3370 4166 ac
3399 4126 3589 4179 prcca-

2008 4201 2205 4256 bantur
2254 4201 2466 4254 veniam
2512 4215 2541 4252 a
2575 4201 2703 4264 Deo,
2732 4200 2872 4268 quod
2915 4201 3011 4254 ista
3043 4212 3228 4253 contra
3273 4201 3587 4267 sanguinem

2011 4310 2164 4350 suum
2197 4308 2357 4364 agere
2393 4292 2703 4346 voluissent.
2749 4292 2922 4360 Super
2942 4290 3411 4345 Chlothacharium
3460 4305 3588 4344 vero

2010 4402 2186 4456 neque
2226 4399 2333 4440 una
2360 4384 2574 4455 quidem
2604 4383 2792 4454 pluvia:
2816 4392 2962 4452 gutta
2987 4381 3207 4447 decidit,
3256 4392 3348 4437 aut
3389 4382 3586 4452 aliquis

3004 4472 3098 4528 sed
3146 4486 3248 4528 nec
3291 4473 3583 4528 anhelitum

2018 4632 2159 4687 ferre
2185 4644 2294 4683 non
2323 4628 2527 4693 valens,
2565 4627 2959 4695 expeditionem
2996 4629 3264 4698 paraverit
3312 4630 3363 4683 in
3407 4630 3591 4685 0rien~

2019 4711 2149 4761 tem,
2182 4711 2235 4751 ut
2264 4699 2545 4766 subjugato
2573 4699 2815 4766 imperio,
2864 4701 3023 4767 regia:
3052 4702 3194 4754 urbis
3220 4700 3592 4755 Consmmino—

2010 4773 2146 4839 polis
2193 4772 2585 4838 expugnatione
2622 4772 2795 4837 gentis
2834 4786 2944 4824 stne
2986 4772 3232 4837 injuriam
3272 4772 3585 4827 vindicaret.

2011 4842 2113 4895 Sed
2156 4851 2326 4892 morte
2357 4848 2676 4906 praeventus,
2728 4856 2840 4893 rem
2894 4840 3140 4893 inlectam
3190 4839 3423 4907 reliquit.
3468 4842 3590 4896 lla‘c

2012 4909 2176 4964 refert
2203 4909 2456 4978 Agathias
2487 4910 2579 4963 lib.
2607 4925 2624 4963 ι
2648 4908 2913 4972 Historiae,
2942 4921 3123 4963 auctor
3144 4909 3360 4963 Grazcus
3380 4911 3590 4965 illorum

2014 4989 2333 5047 temporum.

2094 5058 2122 5096 ι
2161 5050 2248 5103 Sic
2275 5049 2409 5104 Bell.
2435 5057 2490 5102 et
2514 5048 2700 5110 Corb..
2731 5050 2842 5112 alii,
2867 5047 3304 5100 Thcodovaldnm.

2093 5120 2122 5155 ιλ
2164 5118 2320 5173 Silva:
2365 5134 2558 5171 nomen
2602 5121 2781 5171 retulit
2820 5129 3005 5171 auctor
3041 5120 3127 5186 qui
3171 5117 3331 5173 Gesta
3362 5118 3590 5175 Franco-

2016 5202 2133 5247 rum
2183 5186 2396 5254 scripsit
2443 5187 2543 5240 sub
2582 5188 2915 5242 Theoderico
2955 5189 3213 5256 principe,
3245 5190 3329 5242 his
3376 5190 3590 5246 verbis:

2016 5256 2081 5311 In
2127 5259 2308 5309 silvam
2344 5257 2570 5326 confugit
2618 5258 2672 5310 in
2706 5258 2997 5323 Arclauno,
3046 5258 3260 5325 fecitque
3323 5261 3589 5315 (umbras:

2014 5327 2100 5380 ubi
2149 5327 2351 5395 aliquot
2397 5328 2523 5379 etilli
2564 5336 2615 5380 et
2656 5327 2840 5396 scripti
2887 5344 2982 5392 pro
3012 5328 3290 5393 Arelauno,
3341 5330 3593 5383 mendose

2015 5397 2208 5450 habent
2243 5396 2532 5462 Auriliano,
2569 5398 2708 5466 qttod
2759 5399 2809 5451 in
2849 5413 3085 5452 errorem
3130 5397 3355 5466 coniecit
3396 5397 3592 5451 Aimoi-

1996 5483 2164 5531 .num,
2197 5471 2282 5535 qui
2310 5470 2560 5534 combros,
2595 5470 2643 5521 id
2674 5480 2754 5523 est
2782 5469 3029 5523 arborum
3060 5469 3111 5521 in
3140 5468 3286 5520 silvis
3311 5468 3589 5522 concaedes

2013 5538 2213 5601 putavit
2250 5553 2369 5591 esse
2410 5539 2505 5592 tici
2551 5540 2775 5605 alicujus
2803 5554 2995 5593 nomen
3025 5538 3141 5608 pagi
3170 5536 3591 5608 Aurelianensis.

2016 5609 2087 5733 βε
2108 5609 2244 5731 sdaltn
2267 5610 2530 5689 Ant-elauno
2556 5611 2766 5664 dicetur
2794 5610 2949 5677 infra,
2973 5605 3039 5663 ad
3062 5615 3223 5675 caput
3248 5605 3317 5660 ‘24
3338 5606 3592 5663 Cbrontci

2029 5694 2114 5747 ⁸τε
2155 5692 2342 5747 egarn.
3286 5744 3293 5747 _
