3994 6332
257 397 366 454 ass

1192 402 1514 464 HISTORIA
1557 407 2006 466 FRANCORUH.
2046 410 2247 469 LIBER
2287 415 2598 477 TERTIUS.

3413 429 3518 485 206

255 516 458 571 Includi
488 515 763 586 praecepit.
795 513 924 584 Qua:
951 530 1050 573 nec
1074 532 1246 584 mora,
1277 519 1419 574 inter
1442 519 1638 574 arduos
1680 535 1843 590 vapo-
1868 523 1922 584 Α
1947 538 2077 593 gens
2097 569 2112 592 ,
2143 527 2252 595 regi
2285 531 2596 586 transmisit.
2631 530 2814 602 Magna
2842 531 2984 588 enim
3015 535 3063 591 ei
3093 535 3320 594 felicitas
3344 539 3401 596 in
3431 542 3522 599 his

254 623 346 663 res
394 608 659 679 ingressa,
707 609 757 664 in
807 609 1110 678 pavimento
1144 612 1295 683 133
1327 627 1606 676 corruens,
1637 623 1842 668 mortua

253 706 420 767 atque
466 706 779 768 consumpta
818 708 919 752 est.
970 699 1122 766 Quod
1166 711 1552 766 cognoscentes
1598 702 1650 756 hi
1694 717 1844 772 reges

253 788 630 842 Childebertus
657 796 708 842 et
732 786 1181 843 Cltlotltacharius
1224 791 1533 844 consobrini
1575 791 1714 861 ejus,
1744 810 1844 849 nec

253 893 361 931 non
401 887 455 932 et
485 878 906 942 'I‘heudebertus,
938 879 1080 947 quod
1110 881 1317 934 scilicet
1349 890 1454 934 tam
1500 884 1636 950 turpi
1684 883 1843 938 fuerit

252 969 530 1024 interfecta
555 969 816 1038 supplicio
834 1008 850 1034 ,
898 969 962 1022 ad
998 969 1036 1023 Τ
1043 969 1337 1024 heodadum
1367 971 1688 1042 legationem
1712 974 1842 1029 diri-

250 1074 408 1132 gunt,
435 1065 817 1132 exprobrantes
844 1064 911 1117 de
942 1073 1113 1119 morte
1142 1063 1281 1135 ejus,
1310 1074 1471 1134 atque
1496 1065 1838 1122 dicentes:Si

251 1156 372 1209 hare
402 1170 518 1222 quae
550 1155 702 1223 egisti
735 1155 1013 1208 nobiscum
1055 1170 1159 1208 non
1201 1156 1588 1226 composueris,
1617 1171 1836 1227 regnum

249 1252 402 1297 tuum
421 1243 746 1306 auferemus,
769 1253 820 1296 ct
841 1243 1002 1296 simili
1025 1257 1179 1312 pmna
1201 1252 1250 1296 te
1273 1243 1664 1298 damnabimus.
1689 1246 1838 1302 'I‘unc

248 1335 340 1388 ille
367 1335 580 1397 timens,
609 1331 978 1404 quinquagena
1009 1333 1088 1386 eis
1119 1333 1281 1386 millia
1330 1348 1614 1388 aureorum
1659 1345 1835 1390 trans-

251 1426 400 1477 misit
425 1435 474 1477 ι.
506 1423 883 1478 Childebertus
911 1432 1113 1490 autem,
1156 1433 1212 1478 ut
1241 1433 1354 1480 erat
1395 1440 1608 1494 semper
1650 1435 1834 1481 contra

247 1516 719 1569 Chlothacharium
753 1531 930 1583 regem
982 1515 1194 1569 invidus
1225 1527 1384 1586 atque
1414 1527 1679 1583 versutus,
1713 1534 1832 1572 cum

247 1607 627 1662 Theudeberto
671 1615 864 1676 nepote
892 1620 990 1662 suo
1019 1604 1358 1679 conjunctus,
1390 1608 1561 1661 diviso
1608 1607 1748 1662 inter
1775 1623 1836 1665 se

244 1700 352 1756 hoc
381 1715 537 1766 auro,
582 1700 713 1754 nihil
745 1697 948 1755 exinde
991 1698 1120 1754 dare
1148 1700 1258 1770 regi
1289 1698 1713 1754 Chlothachario
1740 1718 1832 1753 vu-

243 1792 484 1848 Iuertmt.
530 1791 738 1850 Atille
779 1806 942 1860 super
991 1791 1272 1848 thesauros
1315 1791 1688 1848 Chlodomeris
1734 1809 1825 1866 ag-

1948 617 2346 677 conditionibus
2377 619 2493 674 fuit.

2019 704 2257 762 XXXIII.
2302 711 2598 764 Asteriolus
2632 710 2649 749 ί
2686 721 2813 767 tunc
2850 722 2906 768 et
2953 711 3290 772 Secundinus
3339 721 3516 789 magni

1944 811 2064 851 cum
2091 816 2212 867 rege
2237 801 2586 857 habebantur.
2612 802 2736 857 Erat
2757 815 2933 859 autem
2960 816 3181 874 uterque
3207 810 3438 876 sapiens.
3463 821 3518 867 et

1944 887 2230 946 rhetoricis
2261 892 2494 946 imbutus
2522 893 2733 948 litteris.
2774 894 2880 950 Sed
2914 897 3250 952 Secundinus
3281 900 3516 967 plerum-

1942 995 2047 1050 que
2085 980 2407 1050 legationem
2448 982 2757 1052 imperatori
2787 1001 2815 1039 a
2843 1000 2966 1056 rege
2997 987 3190 1042 missus
3213 989 3420 1056 intulit,
3461 1001 3514 1045 et

1941 1069 2011 1124 ob
2051 1069 2154 1125 hoc
2188 1071 2499 1140 iactantiam
2540 1085 2882 1143 sumpserat,
2924 1092 2986 1132 ac
3026 1081 3282 1135 nonnulla
3324 1094 3511 1135 contra

1941 1161 2201 1215 rationem
2233 1164 2533 1219 exercebat.
2568 1166 2679 1231 Qua
2710 1168 2777 1222 de
2806 1181 2962 1222 causa
2997 1170 3190 1227 factuut
3221 1184 3321 1241 est,
3351 1185 3408 1229 ut
3428 1177 3511 1231 iu-

1942 1261 2024 1306 ter
2079 1251 2228 1306 illutn
2268 1263 2427 1324 atque
2466 1255 2790 1311 Asteriolum
2834 1259 2898 1313 lis
2936 1276 3074 1315 sceva
3115 1277 3511 1334 consurgeret:

1938 1356 2058 1410 quae
2110 1357 2278 1412 usque
2322 1345 2388 1398 ad
2442 1345 2542 1399 hoc
2593 1347 2818 1414 profecit
2845 1389 2860 1412 ,
2903 1358 2963 1403 ut
3000 1351 3182 1405 ohlitis
3222 1357 3508 1410 verborum

1938 1433 2331 1504 oltjectiouihus
2356 1441 2583 1508 propriis
2606 1455 2664 1494 se
2689 1442 2935 1497 manibus
2961 1444 3257 1501 lacerarent
3282 1457 3327 1502 ε.
3351 1448 3510 1502 Cum-

1936 1544 2041 1600 que
2081 1531 2196 1586 hzec
2235 1547 2332 1602 per
2360 1549 2539 1603 regem
2571 1536 2842 1604 pacificata
2875 1536 3137 1605 fuissent,
3171 1551 3218 1594 et
3247 1541 3510 1595 Secundi-

1936 1634 2036 1673 nus
2065 1619 2237 1676 adbuc
2266 1622 2334 1676 de
2363 1637 2454 1676 sua
2486 1627 2632 1680 caede
2659 1635 2893 1681 tumeret
2915 1625 2963 1695 ὶι,
2996 1637 3115 1682 nata
3147 1639 3229 1683 est
3258 1634 3394 1686 inter
3417 1649 3509 1688 eos

1936 1725 2150 1766 rursum
2191 1712 2417 1769 intentio
2456 1714 2576 1788 [ΑΙ.
2602 1717 2931 1789 contentio].
2976 1720 3041 1773 Et
3079 1736 3173 1776 rex
3213 1724 3507 1791 suscipiens

1933 1801 2228 1859 Secundini
2265 1820 2484 1861 causam
2513 1848 2528 1872 ,
2569 1808 2894 1864 Asteriolum
2935 1813 2988 1866 in
3027 1813 3145 1882 ejus
3184 1824 3504 1884 potestatem

238 1899 484 1954 gressus,
520 1885 745 1944 multum
778 1885 886 1942 illis
912 1885 1142 1959 amplius
1168 1901 1325 1956 quam
1358 1886 1410 1940 hi
1439 1886 1834 1958 fraudaverant,
1867 1885 1914 1945 B
1942 1893 2166 1951 dedidit.
2200 1896 2301 1964 Qui
2330 1897 2482 1953 valde
2513 1898 2823 1956 humiliatus
2850 1912 2933 1957 est
2956 1946 2971 1968 ,
3002 1914 3054 1959 et
3079 1906 3146 1961 ab
3179 1907 3380 1962 honore
3409 1910 3507 1965 dc-

238 1973 494 2030 abstulit.

319 2062 532 2122 XXXII.
573 2064 987 2126 Theudeberltts
1031 2081 1160 2124 vero
1200 2067 1252 2123 in
1292 2066 1494 2123 Italiam
1533 2067 1667 2124 abiit
1693 2066 1744 2136 δ,
1775 2079 1832 2125 et

237 2157 444 2214 exinde
471 2157 692 2214 multum
719 2158 1028 2230 acquisivit.
1060 2158 1164 2216 Sed
1193 2161 1316 2230 quia
1345 2161 1462 2215 loca
1495 2161 1609 2228 illa,
1641 2173 1695 2217 ut
1725 2163 1827 2218 Ier-

244 2258 357 2310 lur.
391 2249 633 2306 morbida
674 2259 801 2306 sunt
821 2291 836 2314 ,
882 2251 1156 2308 exercitus
1181 2251 1298 2321 ejus
1325 2251 1378 2306 in
1409 2252 1636 2308 diversis
1667 2253 1829 2308 febri-

243 2340 354 2396 bus
392 2353 690 2406 corruens,
723 2342 1044 2398 vexabatur.
1084 2343 1232 2400 Multi
1260 2345 1404 2400 enim
1435 2359 1502 2400 ex
1533 2346 1616 2401 his
1642 2347 1692 2402 in
1724 2347 1828 2403 illis

239 2430 380 2488 locis
413 2432 608 2490 mortui
641 2443 788 2489 sunt.
820 2432 972 2500 Quod
999 2434 1188 2489 videns
1216 2433 1639 2502 Theudebertus,
1669 2452 1734 2493 ex
1763 2453 1828 2492 ea

240 2537 500 2578 reversus
528 2532 642 2585 est,
671 2523 832 2580 multa
864 2538 1047 2580 secum
1076 2525 1244 2596 spolia
1276 2525 1424 2594 ipse,
1458 2527 1542 2582 vel
1572 2529 1653 2583 sui
1681 2529 1828 2586 defe-

237 2623 428 2670 rentes
456 2631 474 2680 ;
514 2615 710 2670 dicitur
741 2623 919 2668 tamen
949 2625 1076 2674 tunc
1106 2617 1360 2686 temporis
1391 2633 1557 2690 usque
1585 2618 1826 2674 Ticinum

235 2707 536 2763 accessisse
569 2707 864 2777 civitatem,
902 2708 955 2761 in
994 2723 1099 2776 qua
1137 2708 1505 2766 Buceellinum
1550 2722 1573 2749 ι·
1615 2726 1825 2767 rursum

238 2796 466 2853 direxit.
507 2799 606 2865 Qui
637 2799 842 2854 minore
871 2798 959 2854 illa
992 2799 1137 2854 Italia
1168 2795 1194 2839 δ
1222 2812 1376 2870 capta
1401 2843 1417 2867 ,
1458 2812 1617 2875 atque
1656 2803 1709 2858 in
1747 2804 1826 2859 di-

237 2889 446 2944 tionem
491 2891 632 2963 regis
669 2890 929 2948 antedicti
959 2892 1173 2952 redacta
1201 2935 1216 2959 ,
1260 2895 1515 2960 majorem
1549 2897 1740 2966 petiit:
1771 2898 1824 2957 in

235 2996 345 3046 qua
387 2990 573 3034 contra
618 2981 983 3040 Bellissariunt
1020 2992 1044 3020 ο
1075 2983 1258 3039 multis
1297 2986 1500 3040 vicibus
1540 3003 1779 3061 pugnans
1803 3029 1824 3062 ,

234 3072 517 3126 victoriam
548 3072 797 3128 obtinuit.
822 3073 1059 3142 Cumque
1086 3075 1375 3144 imperator
1399 3078 1808 3150 vidisset,4q_uod

234 3162 586 3221 Bellissarins
607 3166 852 3221 crebrius
873 3167 1203 3236 vinceretur,
1228 3178 1409 3226 amoto
1429 3184 1516 3236 eo,
1544 3170 1820 3228 Narsetcm

1931 1987 2136 2054 positus
2169 2004 2182 2040 :
2225 1989 2319 2043 sed
2363 2003 2458 2058 per
2495 1990 2866 2061 Uvisigardem
2907 1996 3143 2065 reginam
3182 1997 3377 2054 iterum
3416 2008 3502 2056 est

1929 2077 2229 2134 restitutus.
2283 2080 2488 2136 Mortua
2543 2094 2717 2138 autem
2766 2087 2889 2152 illa,
2937 2103 3265 2158 consurgens
3310 2093 3503 2150 iterum

1929 2167 2294 2234 Secundinus,
2325 2187 2446 2226 eum
2477 2173 2762 2230 interfecit.
2799 2177 2927 2231 Nam
2963 2179 3048 2234 hic
3078 2183 3310 2237 tnnricns
3340 2185 3502 2242 filium

1928 2261 2245 2332 dereliquit,
2280 2266 2370 2334 qui
2401 2282 2520 2321 cum
2553 2270 2846 2337 crevisset,
2880 2282 2936 2327 et
2963 2285 3104 2331 esset
3132 2278 3363 2345 adultus,
3389 2295 3504 2336 em-

1929 2351 2007 2420 pit
2046 2355 2207 2422 patris
2226 2356 2308 2410 sui
2346 2357 2486 2413 velle
2523 2358 2770 2427 iniuriam
2801 2359 3092 2421 vindicare.
3122 2368 3273 2423 Tunc
3300 2369 3501 2427 Secun-

1927 2441 2084 2496 dinus
2115 2446 2306 2501 timore
2338 2449 2672 2516 perterritus,
2695 2451 2820 2507 dum
2845 2454 2914 2510 de
2938 2456 3057 2512 villa
3091 2458 3141 2512 in
3171 2460 3348 2515 vlllatu
3378 2473 3502 2520 ante

1927 2546 2048 2586 eum
2080 2533 2317 2605 fugeret,
2343 2553 2464 2593 cum
2494 2556 2554 2595 se
2578 2541 2692 2611 jam
2721 2543 2928 2600 videret
2958 2560 3025 2602 eo
3055 2550 3367 2608 imminente
3395 2570 3501 2610 ttuu

1929 2640 2085 2693 posse
2112 2629 2363 2694 evadere,
2389 2645 2456 2686 ne
2485 2632 2538 2687 in
2572 2649 2759 2689 manus
2787 2634 2987 2694 inimici
3017 2653 3318 2710 corrueret,
3343 2645 3497 2716 135

1928 2733 2135 2773 veneno
2162 2735 2256 2786 se,
2290 2729 2347 2776 ut
2375 2723 2592 2793 dicitur,
2622 2725 2906 2783 interfecit.

1999 2805 2240 2866 XXXIV.
2283 2813 2627 2872 Desideratus
2664 2826 2842 2874 autem
2887 2819 3252 2881 Viridunen~is
3289 2831 3500 2899 episco-

1928 2917 2024 2970 pus
2059 2900 2106 2967 ί.
2128 2903 2214 2958 cui
2241 2904 2608 2963 Theudericus
2629 2925 2721 2964 rex
2753 2909 2945 2967 multas
2972 2913 3225 2985 irrogavit
3255 2919 3497 2991 injurias;

1925 3008 2045 3050 cum
2077 3005 2193 3066 post
2223 3000 2387 3054 multa
2416 2993 2602 3069 exitia,
2633 3010 2688 3059 et
2713 3003 2902 3059 damna
2930 3018 3088 3080 atque
3111 3027 3397 3085 :crumnas,
3430 3018 3494 3074 ad

1927 3085 2232 3142 libertatem
2265 3092 2540 3161 propriam
2566 3092 2677 3163 jam
2708 3093 2936 3150 Domino
2963 3101 3182 3167 lubente
3209 3107 3454 3165 rediisset
3474 3151 3492 3178 ,

1926 3187 1980 3231 et
2017 3180 2360 3250 episcopatu,
2399 3192 2459 3237 ut
2495 3184 2762 3249 diximus,
2801 3188 2940 3256 apud
2972 3190 3372 3253 Viridnnensem
3406 3187 3495 3255 ur-

235 3255 294 3361 in
317 3257 440 3361 ejus
467 3258 642 3359 locum
673 3256 885 3361 statuit.
906 3258 1266 3361 Bellissarium
1288 3275 1417 3361 vero
1437 3263 1686 3318 comitem
1716 3275 1826 3320 sta-
1849 3259 1899 3324 C
1929 3269 2049 3323 bem
2080 3273 2361 3340 potiretur,
2396 3273 2585 3329 videns
2616 3255 2946 3336 habitatores
2972 3282 3089 3351 ejus
3115 3285 3265 3342 valde
3295 3305 3492 3361 paupe-

233 3346 373 3410 bttli,
405 3347 559 3414 quasi
587 3363 682 3417 pro
705 3347 1023 3415 humilitate,
1051 3350 1192 3418 quod
1220 3351 1368 3420 prius
1394 3350 1587 3422 fuerat,
1619 3357 1814 3423 posuit.

231 3439 580 3497 Buccellinus
621 3456 746 3496 vero
775 3448 961 3496 contra
992 3440 1271 3497 Narsetem
1306 3457 1495 3514 magna
1525 3448 1816 3506 certamina

236 3529 407 3602 135
435 3531 639 3602 gessit;
672 3541 823 3600 capta
857 3531 1004 3590 omni
1045 3532 1226 3599 Italia,
1257 3547 1425 3604 usque
1453 3535 1505 3589 in
1537 3552 1681 3592 mare
1710 3548 1819 3594 ter-

230 3624 444 3676 minum
475 3622 720 3677 dilatavit
750 3642 764 3689 ,
802 3624 1082 3679 thesauros
1110 3639 1239 3678 vero
1279 3641 1502 3694 magnos
1539 3631 1602 3683 ad
1644 3629 1817 3686 Theu-

233 3715 526 3770 debertum
559 3717 624 3784 dc
658 3715 806 3768 Italia
837 3717 1051 3771 direxit.
1081 3715 1233 3783 Quod
1265 3734 1384 3772 cum
1414 3719 1608 3776 Nares
1644 3721 1817 3792 impe.

231 3811 406 3865 ratori
458 3811 731 3879 posuisset
774 3811 823 3864 iu
878 3811 1155 3879 notitiam,
1205 3813 1495 3882 imperator
1541 3816 1816 3873 conductis

228 3903 408 3974 pretio
436 3904 682 3974 gentibus
707 3945 724 3969 ,
769 3902 975 3958 Narseti
1007 3903 1254 3957 solatium
1287 3903 1466 3972 mittit,
1502 3907 1824 3979 conﬂigens;

225 4009 338 4065 que
366 4005 546 4063 postea
577 3995 744 4048 victus
774 3995 1054 4050 abscessit.
1100 3995 1364 4066 Deinceps
1393 4011 1518 4051 vero
1550 3999 1816 4055 Buccelli-

224 4102 336 4144 nus
373 4087 611 4150 Siciliam
653 4089 972 4160 occupavit,
1013 4089 1080 4146 de
1119 4104 1220 4164 qua
1261 4091 1421 4145 etiam
1465 4093 1658 4154 tributa
1700 4096 1815 4150 exi-

307 4229 334 4258 ι
363 4216 487 4277 Non
527 4235 588 4275 ea
632 4222 944 4286 occasione,
987 4236 1106 4292 qua
1147 4220 1385 4275 fabuiosa
1425 4231 1537 4285 est,
1572 4224 1645 4278 uti
1677 4224 1816 4279 dixi-

225 4307 385 4355 mus,
423 4293 673 4357 pecunias
707 4293 1033 4350 Francorum
1065 4295 1278 4360 regibus
1307 4293 1454 4348 dedit
1483 4294 1810 4350 Theodatus:

226 4361 325 4416 sed
366 4363 636 4428 ingentem
682 4373 857 4415 tamen
898 4366 976 4416 eis
1016 4377 1275 4415 Stutttuattt
1321 4364 1589 4430 pollicitus
1641 4363 1814 4420 fuerat

225 4447 354 4488 wm
399 4431 677 4506 Provincia
699 4449 766 4506 ac
798 4435 914 4486 aliis
949 4434 1287 4502 regionibus,
1318 4449 1449 4501 quas
1478 4435 1810 4506 Ostrogotthi

227 4503 285 4555 in
312 4502 502 4555 Galiiis
530 4505 870 4570 possidebant
889 4543 905 4568 ,
927 4516 985 4556 ut
1012 4518 1195 4557 eorum
1228 4519 1382 4572 opem
1413 4502 1670 4572 adversus
1691 4507 1812 4559 Jus—

227 4574 492 4645 tjuianum
533 4575 860 4640 imploraret.
920 4574 1024 4628 Sed
1066 4589 1120 4627 re
1156 4571 1331 4628 adhuc
1373 4571 1566 4645 infecta
1609 4576 1807 4645 Vitigus

226 4642 513 4696 Theodato
541 4647 889 4715 substitutus,
925 4659 1029 4696 non
1062 4645 1234 4697 solum
1262 4642 1512 4715 pecunias
1543 4661 1603 4698 ac
1635 4642 1805 4715 regio-

229 4728 326 4767 nes
366 4715 632 4782 pollicitas
671 4714 893 4768 Francis
933 4715 1186 4775 tradidit;
1229 4714 1323 4768 sed
1364 4716 1523 4768 etiam
1549 4714 1803 4772 Alaman-

229 4798 360 4850 nos,
411 4786 497 4854 qui
541 4797 659 4855 post
688 4785 1039 4840 Tolbiacense
1078 4786 1316 4853 praelium
1355 4783 1407 4836 in
1442 4783 1642 4837 Italiam
1676 4803 1803 4855 pro-

231 4855 342 4920 fugi
367 4857 526 4911 sedes
554 4871 581 4910 a
607 4856 942 4911 Theodortco
970 4863 1290 4922 acceperant
1308 4894 1325 4921 ,
1358 4869 1542 4909 eorum
1569 4855 1806 4911 dominio

230 4926 464 5004 subjecit
482 4971 496 4996 ,
529 4937 588 5004 ut
600 4927 802 5004 scribit
829 4925 1109 5004 Agathiff;

303 4994 345 5035 b-
369 4999 459 5052 Sic
485 4994 543 5054 et
569 4997 767 5052 Marius
795 4998 858 5050 ad
882 4994 979 5050 'an.
1010 4995 1135 5059 559,
1165 5007 1270 5061 quo
1297 4994 1502 5049 scilicet
1529 4997 1663 5063 Apio
1690 5006 1806 5050 erat

230 5069 440 5122 consul.
486 5069 640 5123 Plura
681 5069 749 5122 de
790 5071 888 5121 hoc
926 5066 1064 5121 bello
1099 5065 1420 5132 Procopius,
1453 5064 1542 5134 qui
1575 5067 1808 5121 FranCoS

229 5139 445 5192 violatae
487 5140 607 5194 fidei
648 5148 898 5202 accusat,
939 5135 1078 5206 quod
1124 5143 1243 5203 post
1274 5146 1546 5203 susceptas
1572 5151 1600 5189 a
1629 5136 1801 5190 Justi-

228 5209 392 5261 niano
451 5209 744 5279 legationes
802 5223 862 5263 ac
891 5222 1167 5279 muneﬂrat
1197 5220 1318 5279 sese
1366 5216 1541 5279 tamen
1582 5207 1806 5279 _Gmthis

228 5275 670 5346 conjunxisseot;
701 5289 794 5332 aut
826 5281 998 5346 potius
1029 5275 1329 5346 Guttltis_ac
1371 5275 1624 5330 Romanis
1667 5279 1805 5331 inter

227 5342 350 5402 sese
379 5342 710 5403 certantibus
735 5389 750 5412 ,
787 5342 882 5416 ipsi
915 5349 1151 5415 utrisque
1184 5342 1358 5400 infesti
1392 5346 1555 5400 Italia:
1599 5359 1802 5416 partem

227 5419 518 5472 maximam
549 5420 892 5488 diripuissent
922 5433 984 5471 ac
1012 5416 1350 5488 invasissent.

303 5499 325 5526 ε
366 5491 498 5558 Reg.
541 5498 594 5542 et
631 5484 817 5543 omnes
856 5490 1022 5542 ferme
1066 5487 1215 5549 editi,
1252 5485 1617 5558 Buccilenum._
1654 5484 1802 5539 Hniic

227 5556 515 5611 Butt’lt'num
556 5561 844 5627 Proc0pius
883 5568 936 5611 et
974 5558 1244 5627 Agathias
1268 5559 1558 5627 appellant.
1599 5556 1649 5627 Is
1685 5569 1804 5609 erat

228 5629 446 5683 natione
472 5625 799 5683 Alemannus
825 5648 838 5681 :
868 5625 1094 5695 cumque
1123 5627 1172 5680 iu
1202 5626 1318 5695 ejus
1340 5625 1583 5682 exercitu
1613 5625 1802 5679 Franci

225 5700 385 5753 simul
420 5699 661 5767 permisti
689 5711 868 5752 essent
899 5714 1018 5753 cum
1055 5698 1392 5762 Alemannis,
1425 5712 1648 5765 quorum
1684 5698 1800 5767 ple-

228 5769 381 5838 rique
422 5766 658 5822 nondum
696 5769 1016 5833 Christiani,
1061 5777 1150 5820 aut
1190 5779 1335 5821 certe
1362 5769 1522 5821 variis
1549 5766 1804 5838 supersti-

230 5835 464 5895 tionibus
489 5839 661 5893 adhuc
689 5839 854 5894 dediti
884 5849 1034 5894 erant
1060 5880 1073 5903 ,
1107 5839 1394 5894 I’i-ucooitts
1423 5845 1606 5892 contra
1638 5835 1804 5888 Frau-

510 5953 782 6013 ΡΑτιιοι..
841 5953 1066 6011 LXXI.

1923 3379 2008 3419 res
2037 3375 2196 3434 atque
2224 3365 2532 3432 destitutos,
2564 3367 2783 3424 dolebat
2809 3385 2976 3441 super
3002 3375 3118 3440 eis;
3149 3386 3203 3432 et
3227 3394 3347 3435 cum
3379 3383 3495 3453 ipse

1922 3469 2017 3523 per
2054 3455 2448 3511 'I‘hcudcricum
2487 3458 2556 3513 de
2595 3459 2756 3515 rebus
2793 3462 2906 3517 suis
2933 3466 3277 3523 remansisset
3307 3481 3490 3528 extra-

1921 3541 2052 3600 neos
2073 3588 2089 3610 ,
2131 3561 2230 3600 nec
2271 3546 2490 3604 haberet
2526 3550 2594 3604 de
2633 3552 2848 3619 proprio
2873 3555 3104 3623 qualiter
3126 3573 3219 3614 eos
3247 3562 3491 3617 consola-

1919 3643 2088 3701 retur,
2132 3635 2426 3693 bonitatem
2464 3646 2519 3693 et
2555 3639 2896 3697 clementiam
2927 3645 3066 3700 circa
3098 3663 3284 3704 omnes
3309 3651 3489 3708 Theu-

1918 3726 2129 3782 deberti
2168 3729 2309 3797 regis
2350 3743 2608 3798 cernens,
2661 3732 2804 3786 misit
2847 3733 2914 3788 ad
2954 3751 3074 3790 eum
3117 3739 3475 3812 legationem,

1917 3815 2137 3872 dicens:
2172 3818 2330 3872 Fama
2369 3819 2625 3876 bonitatis
2674 3831 2777 3877 tua:
2825 3824 2877 3878 iu
2927 3826 3227 3884 universam
3277 3840 3478 3890 terram

1919 3907 2181 3976 vulgatur,
2224 3921 2344 3964 cum
2387 3921 2529 3966 tanta
2565 3912 2635 3969 sit
2654 3922 2739 3968 tua
2781 3915 3025 3988 largitas,
3081 3930 3138 3975 ut
3174 3924 3334 3979 etiam
3376 3943 3481 3983 non

1919 4002 2218 4070 petentibus
2245 4018 2401 4072 opem
2427 4014 2670 4078 praestes.
2703 4007 2870 4077 Rogo,
2924 4010 2969 4065 si
3012 4011 3176 4079 pietas
3207 4024 3292 4070 tia
3327 4020 3487 4074 habet

1918 4091 2114 4163 aliquid
2146 4093 2212 4149 de
2239 4096 2459 4164 pecunia
2486 4139 2500 4162 ,
2534 4097 2688 4152 nobis
2725 4101 3175 4171 couunndes,qua
3192 4106 3338 4160 cives
3357 4118 3482 4159 nos-

1916 4237 2107 4300 euruen
2139 4238 2317 4300 mores
2356 4226 2796 4300 passimserihit.
2855 4229 2924 4280 At
2961 4230 3126 4282 multo
3164 4248 3365 4300 :i-qutor
3402 4248 3484 4292 est

1917 4293 2186 4374 Agatltias'.
2207 4295 2298 4374 lib.
2333 4310 2378 4358 I,
2407 4297 2496 4363 qui
2523 4296 2594 4348 ait
2620 4312 2635 4349 :
2668 4295 2790 4374 Non
2811 4300 3084 4374 Δαξη-ἰηι-ῙρνὶΔ
3103 4293 3442 4359 διιηῑῬιιαηεὶ
3464 4347 3482 4374 ,

1916 4375 1972 4416 ut
1999 4363 2144 4420 multi
2172 4365 2500 4417 barbarorum
2519 4407 2533 4426 ,
2560 4377 2664 4418 etc.
2698 4363 3136 4421 Christianicnim
3165 4383 3281 4424 sunt
3307 4363 3482 4428 rectis:

1915 4436 2158 4487 simorum
2185 4436 2546 4488 sententiarum
2566 4477 2582 4500 ,
2614 4447 2719 4488 etc.

1983 4502 2311 4578 {Minorem
2363 4507 2562 4559 Italiam
2611 4505 2840 4578 appellat
2885 4507 3168 4578 Gregorius
3218 4512 3480 4575 Liguriam

1916 4590 1978 4630 ac
2024 4577 2333 4644 Venetiam,
2378 4586 2434 4629 ut
2471 4578 2720 4631 observat
2762 4577 3008 4633 Valesius
3041 4581 3136 4635 lib.
3169 4599 3262 4636 vnt
3287 4585 3480 4641 Iit-runt

1833 4620 1886 4680 Β
1911 4645 2303 4702 Francicarum.

1987 4726 2009 4752 θ
2053 4718 2143 4770 Sic
2189 4718 2313 4792 editi
2341 4727 2395 4792 et
2440 4717 2561 4792 cod.
2611 4717 2794 4792 Ilegm.
2840 4719 3048 4792 semt-I._
3068 4720 3170 4776 Sed
3215 4724 3301 4778 alii
3325 4741 3478 4792 mss...

1913 4785 2075 4841 etiam
2112 4788 2457 4846 vetustissimi
2481 4828 2493 4847 ,
2526 4785 2740 4853 semper
2769 4790 2969 4841 habent
3009 4788 3354 4849 Belsuarium.
3389 4785 3483 4850 llic

1913 4865 2090 4934 autem
2123 4853 2361 4934 famosus
2395 4859 2494 4912 ille
2538 4859 2826 4934 Belisarius
2857 4859 3198 4934 designatur,
3240 4865 3307 4917 de
3341 4883 3481 4934 quo,

1909 4925 2052 4983 sicut
2080 4935 2135 4981 et
2163 4928 2229 4980 de
2258 4926 2481 4983 Narsete
2509 4929 2788 4995 eunucho,
2820 4930 2970 4997 plura
3009 4929 3189 4985 dicere
3230 4925 3484 5002 super”;

1911 5011 2134 5050 caueutn
2162 5008 2322 5052 esset.

1986 5066 2003 5104 ι
2047 5067 2201 5138 Reg,
2233 5067 2508 5122 Etteriolus
2546 5069 2744 5131 semel,
2789 5077 2898 5121 tum
2940 5071 3238 5126 Alteriolus.
3281 5072 3483 5129 Soetttt.

1910 5139 2066 5210 diuus
2099 5153 2226 5210 vero
2256 5138 2298 5190 is
2327 5154 2446 5210 esse
2477 5139 2708 5202 videtur,
2736 5153 2892 5210 quem
2915 5142 2983 5193 ob
3005 5151 3240 5210 spretam
3263 5143 3485 5203 Joannis

1911 5207 2260 5263 Reomaensis
2292 5207 2501 5282 abbatis
2528 5207 3086 5282 epigolamdivinitus
3111 5212 3296 5269 fuisse
3331 5221 3484 5282 pitui-

1912 5293 2019 5332 tum
2055 5278 2504 5350 memoratJunas
2533 5278 2587 5350 in
2623 5278 2736 5332 Vita
2779 5279 3017 5344 ejusdem
3060 5284 3230 5337 sancti
3272 5278 3366 5339 lib.
3411 5301 3479 5350 ll,

1913 5364 2031 5416 cap.
2061 5349 2088 5420 VI
2116 5389 2130 5412 ,
2164 5348 2252 5420 ubi
2279 5347 2475 5420 dicitur
2507 5349 2831 5420 Secundinus
2861 5352 3130 5420 patricius.

1986 5429 2010 5467 tt
2051 5419 2141 5474 Sic
2169 5418 2328 5472 Corb.
2355 5430 2408 5472 et
2433 5419 2633 5473 Bellov.
2665 5420 2764 5473 Alii
2796 5418 2914 5472 cum
2941 5425 3118 5482 editis,
3143 5423 3455 5474 uerberat-ent

1986 5488 2014 5526 ιι
2053 5489 2141 5544 Sic
2169 5487 2325 5560 iidem
2354 5490 2510 5543 codd.
2536 5505 2654 5544 cum
2684 5488 2832 5556 Bec.,
2861 5490 2987 5560 Reg.
3016 5504 3070 5547 et
3095 5493 3278 5560 Itegut.
3302 5491 3481 5556 Colb.,

1921 5569 2187 5613 'umuerat.
2224 5559 2360 5613 Editi
2380 5601 2396 5623 ,
2429 5561 2640 5612 timeret.

1990 5632 2005 5668 ί
2052 5631 2110 5684 S.
2149 5631 2339 5684 Vitouo
2368 5634 2653 5694 successit,
2689 5629 3104 5698 subscripsitque
3125 5628 3352 5682 concilio
3383 5631 3480 5681 Ar-

1913 5701 2159 5755 verneusi
2189 5715 2327 5753 anno
2356 5699 2458 5752 553
2483 5741 2496 5762 ,
2526 5709 2579 5753 et
2603 5701 2965 5753 Aurelianensi
2989 5713 3039 5760 ν,
3074 5713 3161 5753 an.
3198 5698 3322 5762 5w;
3348 5700 3481 5754 obiit

1913 5787 2000 5825 an.
2036 5773 2158 5826 550.
2193 5770 2414 5824 Sumtus
2444 5770 2636 5824 dicitur
2664 5785 2691 5823 a
2728 5768 3125 5838 Wasseburgiu.

3047 5940 3084 5999 9
