4102 6356
614 470 712 517 ‘267

1242 468 1296 519 s.
1341 466 1660 521 GREGORII
1706 465 1998 522 EPISCOPI
2040 459 2462 524 Tummzssis
2504 468 2675 522 IIIST.
2715 456 2957 525 ruma.
3002 472 3129 524 un.
3165 471 3249 524 Ill.

3743 457 3846 524 alia

618 595 728 638 tros
761 583 997 634 relevare.
1037 585 1326 636 valeamus.
1361 584 1597 652 Cumque
1641 585 1690 637 hi
1726 584 1992 651 negotium
2021 597 2176 635 exer—
2208 601 2254 656 Α
2287 583 2402 636 hem
2432 585 2767 637 'l‘revericam
2797 585 3121 638 deducentcs
3143 625 3155 647 ,
3191 583 3366 650 populi
3409 582 3680 636 sm'vicu'tis
3704 583 3846 637 sedi-

618 681 832 734 centes,
868 689 1184 741 responsum
1221 683 1246 710 ⁸
1281 677 1332 728 in
1371 676 1584 746 civitate
1623 685 1800 728 nostra
1823 715 1837 734 ,
1881 673 2017 727 sicut
2054 674 2179 727 reli-

621 779 739 832 qum
771 764 1000 828 habent,
1031 767 1368 832 prmstitcrint
1389 805 1403 828 ,
1433 765 1709 834 pecuniam
1736 773 1876 816 tuam
1903 779 2024 818 cum
2052 780 2180 816 nsu-

618 857 694 906 ris
727 854 977 921 legitimis
1009 856 1312 908 reddemus.
1342 857 1489 908 Tunc
1521 856 1608 910 ille
1635 855 1832 923 pietate
1858 865 2176 918 commotus,

613 953 818 1010 septem
849 945 895 996 ei
926 944 1090 997 millia
1120 960 1405 998 aureorum
1435 947 1701 1015 praestitit.
1742 947 1872 1013 Qua:
1910 946 2001 1001 ille
2039 946 2178 998 acci-

614 1034 767 1100 piens
789 1075 803 1096 ,
832 1049 923 1101 per
953 1035 1098 1090 cives
1129 1051 1255 1090 suos
1284 1037 1541 1105 erogavit.
1583 1037 1648 1091 At
1680 1039 1756 1092 illi
1788 1039 1994 1108 negotia
2022 1052 2178 1091 exer-

613 1135 829 1187 centes,
869 1123 1063 1179 divites
1094 1142 1187 1191 per
1216 1127 1316 1180 hoc
1344 1127 1515 1180 eliecti
1546 1135 1704 1192 sunt,
1733 1137 1788 1181 et
1816 1143 1983 1194 uSqtte
2022 1127 2180 1180 hodie

612 1215 787 1281 magni
829 1213 1111 1271 habentur.
1153 1218 1392 1287 Cumque
1430 1220 1726 1274 antedictos
1766 1220 2050 1287 episcupns
2087 1220 2180 1272 de-

615 1306 778 1359 bitam
809 1309 1087 1374 pecuniam
1116 1310 1400 1365 obtulisset
1427 1310 1574 1378 regi,
1602 1311 1876 1377 respondit
1903 1326 1992 1362 rex
2019 1325 2034 1360 :
2065 1310 2178 1362 Non

617 1398 790 1451 habeo
831 1403 1197 1454 necessarium
1241 1403 1341 1456 hoc
1379 1404 1655 1472 recipere;
1697 1403 1827 1456 illud
1867 1403 1995 1456 mihi
2035 1399 2184 1454 snfli-

613 1493 718 1553 cit,
750 1493 794 1544 si
824 1492 1222 1559 disiiensatione
1263 1502 1348 1546 tua
1389 1507 1650 1562 pauperes
1688 1493 1778 1562 qui
1808 1492 2183 1562 opprimeban-

619 1593 705 1634 tur
744 1583 952 1650 inopia.
998 1598 1091 1651 per
1133 1594 1273 1637 tuam
1314 1587 1735 1654 suggestionem,
1765 1584 1847 1639 vel
1875 1598 1971 1653 per
2009 1599 2179 1635 meam

618 1673 914 1742 largitatem
941 1683 1064 1726 sunt
1090 1677 1335 1729 relevati.
1360 1675 1430 1730 Et
1454 1676 1582 1731 nihil
1609 1676 1862 1747 exigens,
1886 1675 2184 1730 antedictos

619 1761 761 1812 cives
790 1761 840 1813 di
853 1762 987 1814 vites
1019 1761 1165 1817 fecit.

692 1869 907 1925 XXXV.
937 1872 1198 1928 Defuncto
1217 1884 1392 1929 autem
1432 1875 1568 1945 apud
1603 1875 1795 1930 urbem
1827 1874 2180 1944 supradictam

2284 679 2479 728 tionem
2505 691 2596 728 sua
2622 677 3003 742 prmdieatione
3024 677 3456 740 comprimerent.
3483 673 3690 738 Quibus
3712 679 3846 728 enti-

2281 765 2453 830 tibus,
2484 775 2640 818 nocte
2678 766 2801 816 dum
2843 766 2894 817 in
2933 773 3103 816 strain
3141 775 3238 817 suo
3269 763 3634 828 decumberet,
3674 758 3850 818 subito

2279 871 2375 922 per
2402 858 2669 908 somnium
2695 871 2882 909 vocem
2913 855 3378 923 magnam-emittit
3397 892 3413 915 ,
3439 841 3627 909 dicens
3654 872 3667 906 :
3700 851 3845 920 Heu,

2282 946 2422 999 heu!
2462 946 2768 1000 Succurrite
2804 945 2893 1014 qui
2930 945 3162 1008 adestis,
3193 955 3245 998 et
3283 947 3536 998 auxilium
3568 944 3702 999 ferte
3730 947 3849 1014 pe?-

2277 1035 2463 1089 cunti!
2508 1037 2550 1089 Δ
2588 1050 2695 1104 quo
2749 1035 2982 1098 clamore
3037 1035 3402 1105 expergefacti
3447 1036 3535 1104 qui
3585 1035 3846 1102 aderant,

2283 1125 2616 1195 interrogant
2641 1125 2768 1194 quid
2798 1124 2898 1177 hoc
2921 1133 3084 1180 esset.
3114 1126 3406 1194 Respondit
3427 1127 3516 1180 ille
3539 1142 3554 1180 :
3580 1124 3848 1182 Ausauius

2281 1215 2483 1267 amicus
2522 1229 2676 1268 meus
2713 1229 2833 1266 cum
2878 1213 3168 1281 Papianilla
3199 1223 3223 1251 ο
3251 1217 3515 1284 conjuge,
3545 1229 3680 1282 quos
3718 1215 3846 1266 olim

2282 1305 2558 1372 interfeci,
2614 1306 2680 1359 ad
2732 1305 2994 1374 judicium
3036 1321 3122 1361 tne
3158 1312 3528 1370 arcessebant,
3569 1309 3838 1362 dicentes:

2284 1398 2416 1452 Veni
2445 1397 2508 1450 ad
2541 1397 2994 1469 reSpondendum,
3015 1399 3137 1466 quia
3161 1409 3473 1452 causaturus
3494 1414 3554 1452 es
3575 1400 3848 1452 nobiscum

2282 1502 2460 1540 coram
2489 1489 2734 1543 Domino.
2756 1490 2881 1543 Zelo
2903 1493 3045 1544 enim
3075 1491 3263 1545 ductus
3289 1500 3412 1544 ante
3437 1505 3606 1544 annos
3646 1491 3851 1559 aliquot

2284 1580 2564 1647 coujugem
2616 1580 2984 1647 innocentem,
3024 1583 3359 1650 amicumque
3393 1591 3708 1650 peremerat.
3752 1583 3846 1651 lgi-

2286 1678 2371 1722 tur
2430 1666 2806 1724 accedentibus
2869 1672 3134 1740 episcopis
3171 1672 3235 1724 ad
3270 1673 3586 1725 antedictam
3627 1672 3844 1739 urbem;

2284 1774 2404 1813 cum
2433 1758 2714 1827 strepentis
2745 1761 2921 1829 populi
2953 1762 3269 1814 seditionem
3303 1762 3442 1816 ferre
3468 1776 3570 1815 non
3602 1771 3818 1829 possent

2295 1849 2446 1919 1'37
2476 1865 2599 1902 eum
2632 1851 2682 1902 in
2712 1845 2936 1904 ecch-s'a
2968 1851 3165 1920 abdere
3192 1840 3508 1915 voluerunt,
3530 1851 3735 1904 scilicet
3759 1865 3830 1917 po

619 1973 913 2018 memorato
937 1965 1174 2020 antistite
1195 2005 1212 2031 ,
1246 1939 1491 2036 Agiricus
1519 1966 1734 2034 quidam
1762 1981 1791 2020 e
1809 1939 2015 2021 civ-ibus
2037 1963 2087 2017 in
2109 1979 2189 2018 ca«

2297 1950 2484 1992 nentes
2524 1952 2646 1992 eum
2695 1939 2746 1990 iu
2791 1954 2944 2003 arca,
2987 1949 3039 1993 et
3085 1941 3315 2008 desuper
3355 1949 3654 1994 sternentes
3692 1941 3854 1995 vesti-

619 2053 862 2106 tbedram
885 2052 1003 2122 ejus
1023 2056 1366 2123 subrogatur.
1391 2055 1630 2125 Siagrius
1651 2055 1678 2093 δ
1703 2065 1880 2108 autem
1910 2055 2044 2108 filius
2073 2053 2188 2123 ejus

620 2143 967 2198 reminiscens
990 2145 1211 2212 injurias
1241 2146 1440 2212 patris,
1480 2147 1713 2215 qualiter
1750 2161 1778 2200 a
1818 2145 2086 2202 Sirivaldo
2123 2145 2188 2198 ad

623 2247 804 2300 regem
829 2233 1220 2287 Theudericum
1249 2235 1552 2300 incusatus,
1573 2250 1678 2288 non
1707 2235 1879 2288 solum
1909 2237 2188 2305 spoliatus,

627 2337 814 2375 verum
855 2324 1015 2376 etiam
1058 2323 1332 2392 suppliciis
1366 2323 1586 2378 affectus
1622 2324 1836 2394 fuisset,
1878 2331 2190 2393 Oppressum

627 2429 749 2466 cum
800 2423 1003 2468 armata
1073 2430 1232 2469 manu
1306 2415 1626 2471 Sirivaldum
1681 2418 1855 2471 taliter
1905 2416 2190 2472 interiecit.

626 2507 775 2561 Tunc
803 2523 960 2562 mane
986 2507 1146 2574 facto,
1170 2505 1288 2562 cum
1318 2511 1507 2564 nebula
1541 2520 1682 2565 esset
1703 2509 1975 2565 condensa
1995 2553 2010 2576 ,
2032 2513 2195 2581 .136

625 2610 681 2652 et
716 2600 803 2653 vix
845 2600 1021 2653 adhuc
1049 2599 1503 2670 disrumpentibus
1544 2604 1775 2658 tenebris
1830 2602 2024 2674 aliquid
2073 2605 2192 2671 quis

628 2701 813 2760 posset
843 2691 1175 2756 discernere,
1207 2696 1350 2746 venit
1380 2694 1444 2746 ad
1473 2694 1644 2746 villam
1671 2694 1787 2762 ejus
1814 2694 1866 2748 in
1893 2692 2193 2747 liivioneusi

628 2785 920 2846 territorio,
950 2785 1034 2839 cui
1079 2799 1271 2839 nomen
1309 2795 1391 2840 est
1431 2785 1725 2841 Floriaeum
1771 2798 1832 2840 ει
1875 2802 2196 2857 egressaque

629 2879 843 2932 domum
905 2892 1011 2930 uno
1063 2877 1392 2941 amicorttm,
1448 2885 1694 2946 putantes
1743 2876 1914 2947 ipsum
1971 2876 2194 2932 Sirival~

629 2971 759 3022 dum
797 2983 916 3023 esse
941 3008 956 3033 ,
997 2967 1381 3022 interfecerunt
1417 2982 1580 3034 eum;
1619 2979 1671 3024 et
1711 2968 2097 3024 revertentibus
2144 2964 2194 3033 ἀ,

631 3061 781 3129 quasi
813 3061 1092 3116 victoriam
1121 3061 1479 3116 obtinuissent
1505 3061 1570 3114 de
1615 3062 1850 3126 inimico,
1888 3061 2084 3116 indicat
2121 3060 2199 3112 eis

633 3167 771 3205 unus
799 3167 861 3206 es
900 3151 1094 3206 familia
1114 3190 1130 3216 ,
1162 3168 1266 3206 non
1295 3167 1388 3206 eos
1414 3152 1687 3206 dominum
1723 3153 2072 3214 interfecisse,
2104 3151 2195 3203 sed

627 3245 924 3302 subditum.
967 3245 1037 3299 At
1074 3245 1149 3300 illi
1179 3228 1441 3316 regressi,
1483 3244 1814 3314 requirentes
1841 3259 1993 3308 eum,
2027 3245 2194 3297 cellu-

636 3340 773 3406 lam,
806 3338 858 3392 in
885 3353 985 3407 qua
1014 3336 1254 3391 dormire
1292 3336 1478 3390 solitus
1515 3345 1658 3400 erat,
1699 3343 1965 3403 repertam
2005 3349 2200 3404 aggre-

628 3421 871 3484 diuntur.
903 3431 982 3483 Ad
1013 3429 1165 3497 cujus
1191 3429 1385 3482 ostium
1413 3427 1710 3481 diutissime
1729 3435 2043 3496 pugnantes,
2069 3425 2196 3478 nilul

633 3521 682 3573 ei
714 3529 958 3586 poterant
997 3519 1309 3585 pra-valere.
1349 3511 1552 3569 Dehinc
1590 3526 1746 3570 cruto
1771 3516 1852 3569 ab
1889 3530 1995 3569 uno
2031 3515 2198 3568 late-re

629 3610 838 3677 pariete
867 3607 1222 3674 ingredientes
1245 3648 1259 3670 ,
1289 3604 1466 3674 gladio
1496 3619 1617 3658 eum
1649 3605 2044 3657 interfecerunt.
2076 3603 2200 3656 Post

636 3705 861 3749 mortem
891 3697 1032 3750 enim
1060 3692 1378 3749 Theoderici
1412 3697 1497 3746 hic
1525 3693 1834 3748 interfectus
1861 3699 1961 3746 eat.

702 3782 944 3841 XXXVI.
1001 3787 1093 3841 llis
1148 3787 1379 3854 denique
1415 3785 1597 3854 .gestis
1643 3784 2046 3838 Theudebertns
2093 3798 2195 3837 rex

627 3890 888 3948 aegrotare
917 3877 1102 3946 cmpit.
1136 3877 1213 3930 Ad
1252 3891 1410 3945 quem
1453 3876 1641 3929 medici
1687 3875 1850 3928 multa
1888 3875 2060 3928 studia
2088 3875 2199 3926 im-

628 3970 976 4038 penderunt:
1007 3967 1098 4022 sed
1131 3967 1263 4021 nihil
1286 3967 1485 4030 valuit,
1518 3967 1638 4034 quia
1665 3981 1786 4019 eum
1812 3964 2198 4035 jam'Dominus

630 4064 807 4113 vocari
826 4059 1080 4128 ,juhehat.
1115 4057 1254 4127 Ergo
1284 4065 1404 4110 cum
1434 4055 1735 4110 diutissime
1761 4066 2098 4126 a-grotasset,
2131 4055 2198 4108 ab

633 4166 743 4218 ipsa
783 4151 1092 4202 infirmitate
1131 4147 1420 4212 deﬁciens,
1453 4146 1682 4201 reddidit
1708 4147 1975 4216 spiritum.
2007 4145 2194 4200 Franci

629 4260 756 4298 vero
782 4259 905 4299 cum
939 4243 1280 4297 Parthenium
1315 4242 1365 4296 in
1393 4241 1519 4295 odio
1546 4255 1755 4311 magno
1781 4240 2068 4304 haberent,
2098 4254 2198 4309 pro

627 4352 692 4390 eo
729 4335 869 4406 quod
909 4333 989 4390 eis
1014 4334 1225 4388 tributa
1254 4332 1504 4387 antedicti
1533 4333 1676 4400 regis
1705 4341 1942 4401 tempore
1971 4332 2195 4386 indixis-

625 4437 733 4489 set,
777 4440 898 4480 eum
941 4423 1191 4492 persequi
1228 4431 1528 4489 creperum.
1571 4422 1663 4475 ille
1702 4435 1830 4476 vero
1868 4423 1919 4476 in
1960 4416 2197 4490 periculo

629 4517 859 4583 positum
904 4527 963 4567 se
1001 4510 1595 4579 cernens,'confngium
1641 4509 1708 4562 ab
1744 4508 1878 4563 urbe
1904 4508 2059 4576 facit,
2084 4520 2139 4564 et
2166 4524 2194 4563 a

629 4605 834 4656 duobus
862 4601 1130 4670 episcopis
1158 4600 1469 4668 suppliciter
1497 4607 1716 4664 exurat,
1758 4606 1816 4652 ut
1851 4612 1971 4652 eum
2012 4600 2077 4651 ad
2106 4613 2196 4653 ιπ-

707 4784 731 4811 “
754 4778 839 4832 Sic
869 4789 999 4832 mss.
1031 4774 1132 4830 Ed.
1160 4788 1288 4829 vero
1308 4813 1323 4837 ,
1355 4773 1696 4839 sponsionem.

709 4841 736 4880 δ
763 4849 915 4921 Reg.,
945 4848 1106 4921 Colb.
1130 4855 1185 4921 et
1214 4835 1366 4908 Bad.,
1383 4835 1663 4921 'Siecriuu
1680 4838 1914 4921 Ερμῆ-τι.
1935 4853 2032 4908 pro
2058 4835 2190 4895 Siri-

625 4919 773 4971 vatdo
795 4909 1000 4987 aliquot
1023 4915 1151 4970 editi
1175 4927 1226 4970 et
1257 4928 1411 4977 mss.,
1436 4914 1718 4987 Siriruldo.
1745 4909 1984 4987 $iagrius
2010 4921 2188 4964 autem

623 4994 760 5041 linus
811 4981 909 5039 fuit
958 4987 1281 5048 Desiderati,
1314 4987 1403 5050 qui
1443 4983 1697 5050 injurias,
1739 4981 1806 5034 de
1835 4981 2025 5048 quibus
2064 4994 2185 5048 cap.

624 5057 978 5126 praecedenti,
1013 5070 1143 5124 quas
1172 5067 1337 5126 pater
1364 5054 1826 5126 subr'l‘heodorico
1870 5051 2189 5118 pertulerat,

624 5132 766 5180 nitus
790 5135 893 5181 est.
931 5125 1008 5179 De
1038 5129 1264 5192 Agerico
1296 5125 1441 5190 plura
1476 5125 1721 5177 inferius.

695 5207 716 5234 ο
763 5197 919 5249 Vicus
962 5195 1027 5248 ad
1070 5190 1321 5248 Oscaram
1365 5195 1582 5247 fluvium
1626 5194 1678 5247 iu
1718 5191 1936 5246 dioecesi
1985 5190 2182 5260 Lingo-

621 5264 772 5321 ueui
799 5309 814 5332 ,
845 5264 1001 5334 vulgo
1038 5265 1242 5334 Florey.
1279 5264 1515 5318 Pertinet
1551 5263 1617 5317 ad
1660 5261 2042 5317 monasterium
2087 5263 2187 5315 Ca-

618 5333 913 5391 hilloneuse
941 5333 1109 5388 sancti
1138 5333 1390 5388 blarcelli.

685 5407 719 5445 ⁸
753 5405 962 5476 Μαι,
995 5405 1366 5460 exsultantibus
1395 5403 1486 5458 eis.

2291 2041 2464 2084 menta
2483 2071 2498 2095 ,
2529 2045 2646 2099 qua:
2678 2040 2830 2084 erant
2857 2031 2920 2083 ad
2951 2045 3101 2083 usum
3131 2030 3392 2086 ecclesiae.
3422 2031 3651 2100 Populus
3675 2041 3850 2084 autem

2291 2124 2562 2192 ingressus
2581 2163 2596 2188 ,
2624 2132 3096 2191 _p.:rscrutatusque
3127 2123 3404 2176 universes
3429 2123 3650 2192 angulos
3678 2123 3855 2176 eccle-

2291 2216 2422 2278 sim,
2454 2228 2573 2267 cum
2618 2212 2746 2266 nihil
2793 2216 3116 2281 reperisset,
3165 2211 3418 2269 frendens
3456 2214 3854 2282 egrediebatur.

2292 2307 2440 2362 Tunc
2463 2321 2598 2360 unus
2627 2320 2689 2358 ex
2720 2307 3026 2372 suspicione
3054 2306 3295 2371 locutus,
3328 2307 3439 2360 ait‘:
3473 2305 3548 2360 En
3593 2319 3714 2360 arca
3741 2347 3756 2370 ,
3795 2305 3852 2359 in

2293 2415 2393 2470 qua
2423 2414 2524 2452 non
2553 2407 2629 2451 est
2645 2392 2940 2468 ‘inquisitus
2961 2398 3300 2452 adversarius
3325 2408 3526 2453 noster.
3550 2397 3856 2452 Dicentibus

2294 2505 2422 2544 vero
2444 2489 2779 2555 custodibus,
2810 2490 2942 2544 nihil
2974 2491 3025 2544 in
3054 2505 3115 2544 ea
3146 2490 3288 2544 aliud
3317 2490 3414 2543 nisi
3436 2496 3744 2544 ornamenta
3767 2502 3858 2542 ec-

2294 2584 2476 2636 clesite
2505 2580 2791 2646 contineri,
2821 2581 2893 2634 illi
2922 2581 3127 2635 clavem
3159 2580 3449 2650 postulant,
3481 2581 3684 2634 aieutes
3710 2595 3724 2631 :
3747 2576 3859 2632 Nisi

2297 2671 2663 2727 rese'raveritis
2684 2671 2920 2724 velocius
2936 2713 2949 2734 ,
2981 2671 3082 2740 ipsi
3109 2685 3223 2724 eam
3251 2679 3438 2739 sponte
3459 2669 3860 2738 confringimus.

2297 2759 2537 2830 Deniqn’e
2563 2770 2797 2814 reserata
2823 2772 2949 2814 arca
2969 2800 2986 2826 ,
3019 2761 3213 2815 amotis
3240 2760 3656 2822 linteaminibus,
3689 2759 3867 2812 inven-

2300 2863 2410 2906 tum
2442 2852 2758 2916 extrahunt,
2790 2850 3102 2921 plaudentes
3130 2861 3288 2921 atque
3315 2851 3594 2906 dicentes:
3624 2851 3864 2905 Tradidit

2293 2943 2437 2999 Deus
2463 2945 2732 2999 inimicum
2765 2954 3002 2998 nostrum
3034 2947 3085 2999 in
3115 2961 3301 3000 manus
3330 2955 3560 2999 nostras.
3584 2944 3730 2998 Tunc
3757 2959 3863 2998 ca:-

2301 3037 2489 3092 dentes
2520 3052 2641 3091 enm
2675 3026 2894 3106 pugnis,
2925 3039 3202 3107 sputisqne
3231 3046 3575 3106 perurgentes
3602 3035 3648 3102 τ,
3675 3037 3866 3090 vinctis

2301 3138 2421 3197 post
2451 3138 2655 3198 tergum
2688 3129 2933 3183 manibus
2961 3129 3026 3183 ad
3053 3130 3350 3184 columnam
3383 3129 3644 3198 lapidibus
3671 3129 3869 3183 obrue-

2299 3227 2442 3273 runt.
2476 3219 2609 3275 'Fuit
2645 3231 2821 3273 autem
2863 3220 2915 3273 in
2955 3220 3090 3273 cibis
3132 3221 3293 3290 1‘38
3326 3220 3484 3274 valde
3515 3233 3684 3273 voras
3714 3236 3730 3272 :
3769 3219 3867 3272 sed

2230 3338 2273 3397 C
2303 3323 2421 3380 qua:
2459 3311 2739 3375 sumebat,
2770 3326 2878 3381 quo
2905 3311 3132 3365 celerius
3161 3312 3224 3364 ad
3253 3309 3678 3364 manducandum
3719 3323 3868 3362 com-

2304 3410 2630 3464 moveretur,
2659 3413 2873 3470 sumpto
2902 3403 3019 3456 aloe
3050 3401 3639 3470 velociter'digerebat,
3678 3401 3772 3455 sed
3815 3409 3870 3454 et

2303 3493 2562 3558 strepitus
2583 3492 2787 3546 ventris
2813 3493 3014 3560 absque
3035 3493 3138 3546 ulla
3159 3493 3454 3547 auditorum
3487 3493 3784 3548 reverentia
3815 3493 3872 3550 in

2302 3582 2511 3650 publico
2533 3582 2844 3637 emittebat.
2874 3583 2986 3638 Hoc
3023 3598 3149 3654 ergo
3177 3585 3334 3639 exitu
3362 3593 3758 3639 consummatus
3791 3585 3872 3639 iu-

2298 3674 2464 3727 l'erlit.

2369 3777 2632 3838 XXXVII.
2675 3783 2901 3838 Gravem
2939 3796 3005 3839 eo
3040 3799 3214 3850 anno,
3253 3793 3308 3840 et
3344 3783 3503 3841 soiite
3539 3787 3871 3856 asperiorem

2303 3873 2546 3943 hyemem
2585 3870 2712 3928 fecit
2737 3881 2791 3943 ἰ,
2833 3874 2904 3928 ita
2943 3885 3000 3929 ut
3036 3885 3299 3931 torrentes
3336 3878 3669 3932 concatenati
3706 3879 3830 3948 gelu
3857 3921 3872 3943 ,

2299 3965 2544 4033 pervium
2575 3954 2789 4034 populis
2813 3965 2931 4028 iter,
2965 3975 3214 4036 tanquam
3246 3968 3448 4038 reliqua
3479 3969 3698 4035 humus,
3728 3984 3871 4037 pra-

2302 4059 2511 4111 berent.
2535 4061 2672 4111 Aves
2694 4072 2908 4126 qucque
2934 4052 3110 4127 rigore
3134 4057 3340 4115 affecta:
3362 4061 3444 4115 vei
3475 4062 3633 4127 fame,
3660 4063 3873 4130 absque

2299 4147 2410 4201 ullo
2446 4147 2726 4202 hominum
2747 4147 2893 4215 dolo,
2918 4161 3038 4203 cum
3068 4161 3274 4220 magnae
3302 4158 3480 4210 essent
3506 4151 3680 4215 nives,
3708 4140 3874 4205 manu

2297 4239 2671 4309 capiebantur.
2703 4244 2744 4295 Α
2778 4241 3008 4295 transitu
3042 4241 3203 4310 igitur
3230 4241 3587 4297 Chlodovccbi
3615 4257 3790 4312 usque
3821 4246 3870 4298 in

2300 4329 2580 4384 transitum
2628 4329 3023 4396 Theudeberti,
3061 4340 3442 4400 computantur
3481 4334 3603 4387 anni
3652 4333 3870 4402 triginta

2298 4426 2502 4488 septem
2534 4416 2585 4474 ιι.
2613 4420 2818 4475 Mortuo
2847 4436 2973 4491 ergo
3003 4421 3373 4478 Theudeberto
3391 4464 3406 4488 ,
3440 4434 3633 4492 quarto
3661 4425 3873 4479 decimo

2297 4511 2448 4580 regni
2474 4511 2554 4565 sui
2582 4525 2757 4578 anno,
2797 4516 3040 4583 regnavit
3076 4514 3485 4570 Theodobaldus
3521 4513 3538 4552 ί
3573 4515 3714 4571 filius
3753 4518 3874 4586 ejus

2294 4616 2394 4672 pro
2418 4615 2504 4658 eo.

2219 4777 2273 4836 Β
2372 4785 2396 4858 ὲ
2426 4774 2620 4858 _Colb.,
2664 4775 2832 4858 Papia
2869 4778 3008 4858 iltius
3026 4776 3263 4858 conjuge,
3278 4780 3385 4858 _sed
3404 4781 3712 4858 mendose;
3747 4799 3874 4840 nam

2296 4855 2442 4914 patet
2461 4863 2525 4919 ex
2549 4848 2888 4917 sequentibus
2913 4848 3252 4915 Papianillam
3276 4850 3542 4906 Parthenii
3559 4854 3721 4919 ipsius
3739 4870 3873 4908 uxo-

2298 4931 2412 4970 rem
2441 4918 2640 4987 fuisse,
2673 4935 2829 4986 quam
2864 4921 3121 4987 zelotypia
3154 4922 3398 4974 laborans
3425 4918 3716 4976 occiderat.

2375 4987 2391 5021 ί
2432 4985 2520 5060 S_ic
2550 5004 2677 5060 mss.
2696 4985 2713 5051 7;
2750 4998 2805 5040 at
2833 4985 3072 5060 plerique
3101 4989 3260 5056 editi,
3293 5002 3650 5060 perungentes.

2372 5064 2398 5102 8
2448 5057 2664 5110 l’hrasis
2705 5068 2786 5110 est
2813 5059 3048 5124 Gallica,
3079 5075 3236 5123 quam
3267 5057 3475 5114 habent
3489 5076 3615 5115 mss.
3647 5077 3876 5122 omnes,

2296 5137 2506 5262 praiterf
2537 5126 2654 5206 Bec.
2691 5128 2778 5195 qui
2806 5144 2927 5180 cum
2956 5130 3042 5181 ed.
3077 5129 3232 5184 habet
3253 5171 3268 5198 ,
3296 5129 3478 5183 Gravis
3502 5168 3516 5183 .
3539 5168 3559 5185 .
3590 5169 3604 5183 .
3637 5148 3871 5201 asperior

2333 5211 2453 5247 tents
2505 5207 2598 5248 mt.

2333 5211 2453 5247 181718
2482 5207 2598 5248 hut.

2366 5264 2391 5301 δ
2431 5265 2542 5318 Col.
2566 5304 2582 5330 ,
2609 5267 2814 5334 triginta
2839 5284 2945 5320 sex.

2371 5335 2384 5371 ί
2433 5336 2518 5390 Sic
2552 5341 2671 5390 lsec.
2698 5354 2710 5402 ;
2743 5339 2828 5392 alii
2859 5339 3266 5394 'l'heodovaldus.
3291 5338 3422 5395 Vide
3440 5353 3604 5410 supra
3625 5352 3755 5410 cap.
3776 5341 3869 5391 Ἦ.
