3994 6332
484 463 596 525 ett
1480 456 1539 513 s.
1582 450 1906 511 GREGOBII
1951 449 2255 539 El‘lSCOl‘l
2296 447 2720 506 TURONENSIS
2820 442 2823 443 ⁷
3640 450 3748 504 272

498 580 683 634 beatus
726 573 1015 644 lujuriosus
1062 586 1320 643 respuens
1367 571 1704 628 subscribere
1747 568 2064 639 dedignatus
2093 566 2143 625 Α
2171 566 2355 632 cessit,
2409 562 2855 627 dectnus‘sextus
2891 556 3027 634 'post
3077 564 3277 618 exitum
3327 563 3466 618 beati
3516 562 3751 617 Martini.

496 679 599 733 est,
626 668 812 722 dicens
834 682 852 721 :
873 665 930 721 Si
959 664 1193 719 volueris
1213 677 1301 718 res
1326 661 1419 718 Dei
1450 661 1640 717 tollere
1658 699 1675 724 ,
1696 659 1952 736 Dominus
1972 671 2063 712 re-
2246 657 2334 712 IV.
2358 656 2578 711 Chanao
2601 668 2815 727 quoque
2827 655 3206 736 Britannorum
3219 668 3403 708 comes
3424 662 3536 708 tres
3554 651 3755 708 fratres

497 729 660 831 gnum
692 767 839 811 tuum
868 754 1127 811 velociter
1162 751 1371 808 auferet
1399 770 1411 805 :
1442 751 1565 822 quia
1597 729 1978 819 iniquumvest,
2009 756 2069 801 ut
2168 759 2294 804 suos
2312 738 2605 801 interfecit.
2621 744 2821 800 Veiens
2844 755 3021 799 autem
3050 729 3553 804 adhucjlacliavnm
3584 744 3756 800 inter-

500 863 762 919 pauperes
805 861 940 917 quos
988 856 1080 899 tuo
1128 844 1293 899 debes
1339 843 1487 898 alere
1532 841 1758 906 horreo,
1787 839 1855 894 ab
1882 851 2065 893 eorum
2171 835 2361 902 ﬁcere,
2411 842 2857 903 comprehensum
2907 843 3068 917 atque
3112 835 3319 890 catenis
3365 845 3645 891 oneratum
3697 838 3756 892 in

501 944 639 1011 stipe
666 950 753 1003 tua
790 939 944 1011 142
977 939 1167 991 horrea
1202 935 1530 1003 repleantur.
1574 932 1640 988 Et
1682 931 1849 986 iratus
1884 937 2067 984 contra
2170 940 2387 981 carcere
2415 925 2698 991 retinebat,
2727 925 2817 996 qui
2851 939 2947 994 per
2978 924 3205 979 Felicem
3237 924 3606 981 Namnetieum
3628 927 3754 995 epi-

502 1047 700 1100 regem,
748 1044 849 1084 nec
895 1027 1200 1081 valedicens
1247 1024 1532 1079 abscessit.
1573 1023 1726 1077 Tunc
1770 1026 2072 1074 commotus
2172 1028 2393 1085 scopum
2420 1029 2449 1068 a
2481 1022 2654 1069 morte
2683 1013 2941 1068 liberatus
2970 1023 3075 1068 est.
3110 1012 3352 1068 Posthac
3372 1013 3571 1082 iuravit
3597 1014 3751 1069 fratri

503 1139 621 1187 rex,
646 1122 839 1174 timens
865 1118 1026 1173 etiam
1058 1117 1305 1171 virtutem
1334 1114 1473 1168 beati
1500 1110 1708 1166 Martini
1730 1152 1745 1175 ,
1778 1110 1925 1164 misit
1952 1116 2074 1177 post
2174 1119 2293 1170 suo,
2322 1114 2383 1159 ut
2408 1106 2460 1159 ei
2501 1103 2673 1159 ﬁdelis
2699 1111 2875 1169 esset;
2922 1103 3017 1157 Sed
3066 1104 3249 1157 nescio
3277 1093 3383 1171 ηιιὸ
3421 1114 3549 1158 casu
3574 1118 3757 1157 sacra-

504 1225 627 1264 cum
669 1223 789 1263 cum
831 1205 1171 1267 muneribus,
1203 1202 1411 1258 veniam
1441 1215 1662 1270 precaus
1682 1242 1697 1266 ,
1728 1208 1782 1254 et
1807 1199 1908 1253 hoc
1933 1196 2072 1268 quod
2176 1204 2411 1249 mentum
2459 1194 2755 1264 irrumpere
2783 1190 2953 1247 voluit
2981 1209 2998 1248 :
3029 1190 3170 1265 quod
3214 1192 3433 1247 Chanao
3475 1197 3754 1256 sentiens,

509 1300 704 1356 fecerat
732 1299 1011 1360 damnans,
1045 1294 1311 1361 simulque
1342 1307 1533 1362 rogans
1559 1332 1575 1357 ,
1608 1303 1663 1345 ut
1692 1304 1788 1361 pro
1816 1304 1877 1345 se
1904 1290 2076 1343 virtu-
2177 1286 2367 1343 iterum
2391 1300 2515 1342 eum
2545 1285 2989 1355 persequebatur.
3023 1288 3089 1339 At
3121 1286 3212 1340 ille
3232 1322 3246 1348 ,
3276 1301 3397 1340 cum
3426 1300 3485 1340 so
3520 1286 3755 1341 evadere

506 1401 614 1445 tem
646 1390 782 1443 beati
814 1385 1024 1441 Martini
1048 1383 1303 1438 antistitis
1332 1390 1598 1437 exoraret.

584 1479 670 1534 lll.
717 1476 1166 1532 Chlothacharius
1190 1473 1417 1542 denique
1458 1472 1572 1541 ipse
1612 1486 1705 1525 rex
1747 1468 1816 1524 de
1853 1467 2078 1522 diversis

514 1570 829 1627 mulieribus
857 1577 1059 1635 septem
1100 1566 1234 1619 filios
1264 1564 1476 1626 habuit,
1505 1562 1556 1616 id
1588 1570 1671 1616 est
1707 1561 1775 1614 de
1807 1558 2041 1629 lngunde
2061 1597 2077 1622 ,

511 1660 881 1724 Guntharium,
904 1656 1285 1720 Childericum,
1310 1653 1698 1715 Charibertum,
1728 1648 2080 1703 Guntchranv

514 1768 640 1809 num
667 1794 680 1817 ,
725 1750 1045 1819 Sigibertum
1068 1787 1080 1809 ,
1115 1757 1170 1800 et
1198 1744 1566 1799 Chlotsiudam
1615 1742 1829 1805 filiam;
1850 1741 1916 1793 de
1948 1741 2079 1793 Are-
2116 1772 2122 1780 -

517 1843 694 1910 gunde
719 1856 846 1895 vero
872 1852 1058 1893 sorore
1087 1835 1358 1906 lngundis,
1383 1832 1773 1904 Chilpericum;
1806 1830 1873 1885 de
1902 1828 2082 1883 Chun-

2179 1390 2282 1429 non
2316 1388 2472 1443 posse
2490 1375 2716 1437 videret.
2741 1382 2863 1445 post
2883 1374 3049 1428 alium‘
3072 1374 3321 1428 comitem
3347 1375 3581 1443 regionis
3607 1373 3757 1429 illius

2179 1462 2329 1533 fugit,
2360 1465 2574 1519 nomine
2606 1461 2762 1534 1&6
2787 1462 3184 1518 Cliouomorem
3214 1473 3260 1516 ο.
3295 1462 3347 1519 ls
3376 1464 3496 1518 chm
3527 1463 3760 1519 sentiret

2182 1563 2551 1622 persecutores
2574 1551 2690 1621 ejus
2714 1552 3173 1621 appropinquare.
3219 1554 3320 1607 sub
3373 1567 3511 1608 terra
3552 1567 3673 1606 cum
3705 1554 3759 1609 in
3795 1540 3805 1569 ί

2182 1642 2357 1696 loculo
2398 1641 2719 1709 abscondit,
2766 1642 3096 1711 remouens
3124 1643 3355 1712 desuper
3389 1650 3452 1697 es
3495 1658 3645 1698 more
3674 1651 3762 1697 tu-

2184 1732 2383 1785 mulum
2409 1770 2427 1796 ,
2458 1732 2785 1801 parvumque
2824 1728 2872 1787 ei
2901 1720 3757 1803 spiraculum‘reservaus,’uude

2186 1821 2407 1876 halitum
2440 1835 2710 1877 resumere
2744 1834 2943 1891 posset.
2968 1818 3386 1880 Advenientibus
3424 1837 3600 1883 autem
3632 1841 3761 1896 per-

512 1909 638 1989 seua
668 1930 849 1986 habuit
870 1928 1220 1984 Chramnum.
1250 1928 1378 1993 Quae
1407 1933 1583 1978 autem
1612 1936 1777 1976 causa
1805 1918 1992 1983 luerit,
2022 1924 2083 1971 ut
2111 1909 2157 1969 B
2182 1912 2512 1969 secutoribus
2538 1912 2654 1982 ejus
2680 1912 2931 1967 dixerunt
2956 1930 2978 1971 ι
3011 1914 3149 1968 Ecce
3174 1914 3259 1967 hic
3288 1915 3577 1971 Maeliavus
3601 1930 3753 1970 mor-

512 2024 695 2078 uxoris
742 2036 852 2076 sure
904 2034 1145 2074 sororem
1189 2016 1492 2083 acciperet,
1522 2013 1781 2066 dicamus.
1814 2009 1946 2064 Cum
1973 2006 2084 2077 jam

519 2115 805 2185 lngundem
833 2114 886 2167 in
909 2110 1156 2180 conjugio
1177 2107 1487 2177 accepisset,
1508 2114 1560 2158 et
1582 2118 1700 2157 eam
1724 2102 1880 2157 unico
1905 2114 2088 2155 amore

516 2207 782 2274 diligeret,
812 2205 1205 2272 suggestionem
1227 2200 1295 2253 ab
1313 2213 1377 2254 ea
1401 2196 1628 2265 accepit,
1652 2195 1865 2250 dicente
1894 2210 1906 2246 :
1942 2191 2088 2247 Fecit

520 2296 768 2349 dominus
795 2306 947 2348 meus
973 2290 1041 2345 de
1066 2288 1255 2343 ancilla
1283 2301 1381 2342 sua
1409 2285 1551 2357 quod
1582 2284 1757 2350 libuit,
1787 2290 1843 2338 et
1869 2296 1968 2335 suo
1997 2295 2086 2335 me

517 2397 687 2442 strato
734 2386 922 2442 ascivit
971 2400 985 2437 :
1026 2395 1169 2437 nunc
1215 2381 1281 2435 ad
1324 2378 1694 2449 compleudam
1750 2376 2085 2441 mercedem,

518 2477 642 2546 quid
660 2476 853 2531 famula
884 2484 970 2529 tua
998 2482 1270 2544 suggerat,
1295 2470 1451 2541 1&3
1466 2465 1914 2524 audiatdomiuus
1936 2479 2088 2521 meus

518 2584 634 2625 rex.
667 2568 864 2623 Precor
890 2574 948 2621 ut
969 2567 1139 2620 sorori
1170 2578 1324 2631 meat,
1355 2576 1526 2618 serva:
1553 2568 1768 2625 vestrm,
1792 2558 1976 2614 utilem
2006 2564 2086 2611 at-

521 2673 628 2730 que
678 2657 964 2713 habentem
996 2666 1022 2693 ι
1061 2656 1232 2709 virum
1286 2653 1534 2707 ordinare
1576 2649 1901 2721 dignemini,
1949 2646 2091 2703 unde

526 2764 631 2805 non
690 2748 958 2811 humilier,
1004 2745 1098 2801 sed
1143 2743 1320 2815 potius
1355 2744 1585 2797 exaltata
1632 2742 1835 2797 servire
1882 2737 2091 2793 ﬁdelius

521 2838 746 2910 possim.
775 2834 926 2905 Quod
953 2836 1041 2891 ille
1061 2835 1318 2902 audiens,
1351 2846 1474 2887 cum
1497 2837 1644 2887 esset
1671 2829 1896 2885 nimium
1934 2828 2089 2883 luxu-

523 2929 720 2989 riosus,
739 2928 791 2982 in
813 2940 1046 2981 amorem
1064 2924 1365 2993 Aregunuis
1394 2921 1716 2987 incenditur,
1744 2928 1797 2975 et
1823 2917 1889 2973 ad
1915 2919 2089 2974 villain

519 3021 574 3074 in
605 3033 711 3089 qua
739 3016 852 3087 ipsa
881 3014 1147 3072 residebat
1172 3012 1349 3083 dirigit
1380 3009 1476 3084 [11.
1504 3009 1689 3082 vadit],
1741 3023 1965 3078 eamque
1992 3009 2089 3061 sibi

521 3114 574 3168 in
603 3107 945 3168 matrimonio
990 3105 1235 3161 sociavit.
1261 3104 1378 3172 Qua
1418 3111 1667 3172 accepta,
1695 3100 1763 3154 ad
1802 3099 2090 3167 lnguudem

522 3204 766 3270 rediens,
813 3200 936 3256 ait:
976 3196 1229 3255 Tractavi
1285 3194 1591 3267 mercedem
1645 3194 1809 3248 illam
1838 3193 2089 3262 imp'ere,

2188 2011 2310 2058 tuus
2333 2015 2492 2074 atque
2515 2003 2757 2070 sepultus
2780 2003 2941 2071 jacet.
2975 2000 3127 2071 Quod
3159 2002 3239 2058 illi
3262 2006 3539 2062 audientes
3556 2046 3571 2074 ,
3596 2017 3765 2079 atque

2188 2095 2502 2165 gaudentes,
2531 2104 2586 2149 et
2614 2108 2775 2164 super
2805 2092 3063 2149 tumulum
3097 2094 3244 2150 illum
3277 2096 3538 2163 bin-otes,
3563 2102 3767 2157 rennu-

2188 2187 2457 2241 tiaverunt
2503 2184 2652 2240 fratri
2700 2200 2822 2238 eum
2870 2168 3138 2240 mortuum
3178 2201 3318 2241 esse.
3356 2189 3507 2257 Quod
3546 2189 3639 2244 ille
3666 2200 3765 2245 au-

2188 2275 2374 2343 diens,
2419 2291 2640 2346 regnum
2669 2274 2787 2346 ejus
2813 2276 3080 2347 integrum
3121 2279 3359 2346 accepit:
3392 2294 3513 2334 nam
3551 2290 3765 2351 semper

2189 2366 2429 2424 Britanni
2458 2368 2556 2422 sub
2582 2365 2912 2423 Francorum
2940 2374 3201 2438 potestate
3227 2379 3346 2440 post
3374 2371 3578 2426 obitum
3618 2381 3763 2444 regis

2187 2456 2545 2513 Chlodoveehi
2576 2455 2807 2519 fuerunt,
2838 2466 2893 2511 et
2917 2456 3174 2522 comites.
3207 2471 3317 2521 non
3345 2474 3496 2528 reges
3521 2446 3549 2497 ά
3579 2462 3764 2530 appet.

2188 2551 2281 2605 lati
2308 2558 2451 2604 sunt.
2483 2549 2769 2604 Maeliavus
2796 2556 2975 2602 autem
3002 2546 3073 2602 de
3100 2548 3202 2603 sub
3224 2558 3363 2603 terra
3395 2558 3762 2620 consurgens.

2193 2638 2496 2695 Veneticam
2568 2636 2750 2691 urbem
2790 2634 3055 2705 expetiit,
3109 2634 3285 2708 ibique
3328 2646 3670 2708 tonsuratus.
3712 2653 3767 2699 et

2160 2730 2469 2800 episcopus
2517 2727 2796 2782 ordinatus
2826 2737 2932 2783 est.
2969 2718 3175 2782 Ilortuo
3213 2737 3395 2784 autem
3438 2724 3766 2801 Ch:iuaone,

2192 2821 2280 2876 hie
2303 2819 2627 2891 apostatavit
2646 2859 2662 2885 ,
2692 2828 2747 2874 et
2771 2818 3017 2874 demissis
3041 2818 3286 2889 capillis,
3329 2830 3553 2878 uxorem
3605 2840 3767 2890 quam

2190 2922 2309 2985 post
2335 2897 2643 2968 clericatum
2672 2911 2987 2980 reliquerat,
3016 2922 3138 2967 cum
3170 2926 3335 2982 regno
3395 2913 3577 2971 fratris
3606 2916 3767 2974 simul

2191 3007 2435 3073 accepit:
2464 3005 2556 3059 sed
2600 3002 2669 3058 ab
2706 3000 2974 3073 episcopis
3002 3004 3491 3060 excommunicalus
3518 3016 3635 3071 est.
3675 3022 3765 3065 cut

2193 3095 2365 3166 qualis
2389 3095 2551 3150 fuerit
2580 3094 2830 3149 interitus
2851 3134 2868 3161 ,
2901 3105 3188 3166 sequenter
3215 3098 3510 3152 scribemus
3536 3099 3559 3167 (
3576 3099 3670 3155 ω.
3703 3114 3764 3166 v,

2192 3202 2308 3256 cap.
2340 3185 2454 3255 16).
2480 3184 2625 3241 Obiit
2654 3195 2831 3239 autem
2854 3185 3122 3241 Bandinus
3141 3186 3423 3258 episcOptts
3449 3190 3587 3245 anno
3608 3189 3768 3249 sexto

519 3310 677 3364 quam
705 3308 791 3348 me
820 3302 907 3347 tua
953 3289 1185 3346 dulcedo
1214 3285 1460 3358 expetiit.
1496 3286 1567 3342 Et
1602 3285 1882 3355 requirens
1919 3286 2091 3338 virum
2118 3271 2166 3335 C
2194 3276 2532 3346 episcopatus
2569 3274 2650 3329 sui
2679 3290 2694 3328 :
2724 3273 2776 3329 in
2815 3275 2967 3344 cujus
3010 3276 3187 3332 locum
3232 3276 3559 3336 Gunthar‘ius
3602 3281 3770 3340 abba

521 3388 740 3443 divitem
770 3395 925 3455 atque
955 3384 1275 3452 sapientem,
1305 3394 1460 3451 quem
1493 3388 1596 3432 tun
1627 3375 1798 3432 sorori
1836 3375 2090 3431 deberem

522 3479 835 3547 adjuugere,
854 3473 980 3530 nihil
1004 3472 1195 3528 melius
1213 3484 1372 3540 quam
1400 3468 1660 3537 meipsum
1685 3464 1885 3520 inveni.
1910 3464 2093 3533 Itaque

524 3568 758 3628 noveris.
789 3562 912 3634 Quia
933 3577 1049 3617 eam
1078 3562 1357 3629 coniugem
1384 3557 1591 3625 accepi,
1619 3554 1758 3625 quod
1786 3554 1879 3607 tibi
1906 3553 2093 3623 displi-

530 3674 653 3714 cere
686 3671 789 3712 uon
819 3654 999 3709 credo.
1032 3654 1100 3707 At
1128 3652 1214 3707 illa
1240 3666 1255 3706 :
1279 3649 1431 3717 Quod
1459 3649 1655 3702 bonum
1675 3686 1689 3710 .
1718 3646 1921 3716 inquit.
1949 3646 2093 3700 video

531 3760 618 3803 tur
647 3750 698 3802 in
727 3746 896 3800 oculis
926 3742 1125 3797 domini
1161 3741 1270 3797 mei
1300 3738 1497 3793 faciat:
1530 3745 1731 3791 tantum
1766 3737 1956 3790 ancilla
2002 3746 2090 3789 tua

529 3856 649 3892 cum
693 3838 861 3907 gratia
896 3836 1037 3905 regis
1069 3833 1227 3887 vivat.
1258 3818 1582 3899 Cuntharius
1617 3844 1767 3894 vero,
1796 3828 2131 3883 ChramnuS'

531 3940 689 3998 atque
718 3925 1050 3982 Childericus
1073 3963 1089 3988 ,
1122 3924 1338 3977 vivente
1368 3930 1521 3991 patre
1556 3919 1750 3975 mortui
1779 3926 1926 3993 sunt.
1956 3918 2095 3973 Exi-

531 4029 639 4071 tum
684 4031 812 4070 vero
858 4013 1113 4069 Chramni
1161 4012 1213 4067 in
1258 3998 1529 4081 posterum
1566 4010 1880 4065 scribemus.
1914 4009 2097 4064 Alboi-

527 4126 626 4164 tius
648 4108 673 4145 ιι
704 4121 911 4177 quoque
936 4120 1023 4159 rex
1045 4102 1515 4175 Langobardorum
1540 4099 1904 4154 Chlotsindam
1929 4099 2092 4153 ﬁliam

525 4202 663 4267 regis
692 4198 918 4268 accepit.
942 4197 1084 4251 ()hiit
1109 4206 1294 4251 autem.
1318 4193 1611 4265 lnjuriosus
1634 4194 1918 4263 episcOpus
1946 4192 2094 4248 urbis

516 4292 801 4348 ’Turooicaa
831 4290 1040 4344 decimo
1067 4298 1119 4342 et
1163 4287 1395 4359 septimo
1429 4286 1770 4355 episcopatus
1798 4285 1879 4340 sui
1910 4299 2054 4338 anno
2079 4299 2093 4338 :

525 4382 602 4437 cui
643 4381 931 4448 Daudinus,
961 4394 1023 4434 ex
1049 4379 1345 4433 domestico
1367 4376 1758 4432 Chlothacliarii
1787 4377 1947 4446 regis,
1976 4391 2099 4431 suc-

600 4541 623 4568 ³
667 4533 720 4585 Id
751 4539 835 4583 est
868 4530 1107 4591 divitem.
1135 4531 1263 4596 lleg.
1296 4538 1349 4584 et
1378 4528 1505 4582 editi
1535 4529 1591 4593 2,
1625 4529 1870 4584 Imbilem.
1932 4554 1937 4571 ν

597 4598 628 4638 ι’
666 4599 853 4664 Curb.,
886 4597 1164 4661 Albuenus,
1191 4599 1347 4663 Bell.,
1388 4600 1661 4651 AIboenus.
1697 4600 1771 4652 De
1807 4600 1906 4652 hoc
1932 4600 2097 4654 fusius

528 4638 853 4725 Ραιιιέἕίίῖἱῖ
868 4638 1788 4736 ι’ὲῖῖἰῖἶὲῖίρεᾟῖζίὶριίξῆὖῖιῖἱὶὂὶιὶἕιῖ.
1807 4638 2097 4723 ’Ᾰὲῖὰὶῖἰὲἱὶῗ
2124 4638 2176 4700 Ι)

530 4739 735 4793 siudam
765 4753 892 4791 vero
919 4737 1132 4804 scripsit
1157 4738 1349 4807 beatus
1369 4737 1604 4793 Nicetius
1625 4737 1957 4799 Trevirensis
1982 4740 2099 4807 cpi-

529 4823 742 4877 scapus,
777 4806 1228 4878 cujusepistolam
1252 4809 1304 4861 io
1328 4805 1636 4875 Appen-‘lice
1668 4809 2018 4875 proferemus.

602 4891 625 4917 ο
667 4877 878 4948 Begu,
907 4877 1280 4948 Clouomorem.
1327 4878 1401 4930 De
1439 4878 1538 4931 hoc
1576 4878 1685 4948 agit
1730 4887 1915 4931 auctor
1964 4878 2098 4933 Vita:

528 4952 584 5003 S.
621 4947 790 5004 Gildas
810 4988 828 5015 ,
859 4963 976 5017 quae
1006 4947 1235 5002 habetur
1261 4948 1400 5015 apud
1423 4948 1634 5017 Surium
1656 4987 1671 5012 ,
1694 4956 1748 5017 et
1778 4948 2090 5003 liollazidom

526 5025 612 5074 dze
648 5019 711 5072 19
732 5016 984 5084 Januarii,
1015 5027 1069 5073 et
1098 5019 1148 5071 iu
1177 5017 1388 5072 Szeculo
1410 5033 1425 5070 ι
1450 5016 1811 5072 Denedictiuo.

598 5089 623 5127 ά
667 5088 912 5143 Pluribus
933 5086 1147 5143 disserit
1164 5085 1407 5141 Valesius
1430 5086 1525 5141 lib.
1540 5103 1591 5140 v1
1608 5087 1803 5140 Rerum
1822 5086 2091 5156 Francic.,

530 5174 647 5228 [τις.
672 5158 777 5228 281
805 5166 857 5212 et
886 5172 1062 5227 seqq.,
1091 5165 1270 5211 utrum
1302 5157 1537 5211 Britanni
1562 5158 1662 5228 sub
1692 5159 1921 5226 propriis
1952 5159 2094 5225 regi-

532 5227 628 5282 bus
660 5227 887 5297 fuerint,
920 5235 973 5280 ct
1001 5241 1108 5297 quo
1137 5231 1415 5296 tempore?
1445 5228 1548 5281 Eos
1589 5227 1644 5281 in
1692 5228 2053 5297 Aremoricam
2073 5269 2090 5296 ,

529 5314 621 5351 seu
654 5296 1060 5365 Lugdunensem
1092 5298 1300 5351 tertiam
1320 5340 1335 5364 ,
1373 5298 1472 5350 sub
1500 5297 1702 5352 Placidi
1735 5296 2091 5351 Vai«‘ll‘ittiat|i

531 5372 659 5433 iinp.
696 5366 988 5437 principatu
1010 5381 1072 5437 ex
1098 5366 1283 5435 majori
1314 5367 1578 5421 lirllarlnia
1608 5366 1883 5420 transiisse
1908 5368 2091 5437 refert,

526 5441 616 5504 qui
650 5435 1082 5491 detttitis’incolis
1116 5437 1322 5506 regioni
1353 5452 1476 5506 suas
1511 5441 1653 5505 leges
1688 5445 1742 5489 et
1772 5450 1963 5506 nomen
1994 5436 2094 5490 im-

530 5518 852 5575 posuerunt;
881 5520 948 5561 an
972 5522 1100 5561 vero
1126 5506 1160 5560 b
1178 5504 1237 5559 et-
1264 5505 1407 5575 regio
1426 5504 1748 5559 Francorum
1776 5504 1987 5571 regibus
2011 5521 2093 5573 pa-

530 5576 938 5657 rueritnambigi
984 5591 1144 5657 posse
1190 5587 1401 5641 censet,
1452 5589 1571 5656 cum
1611 5589 1730 5628 eam
1758 5584 1961 5657 constet
1995 5579 2091 5630 sub

534 5643 1101 5717 propriisprineipibus
1121 5645 1636 5717 semperrexs'iiisse,
1658 5657 1790 5711 quos
1812 5643 1984 5710 aliqua
2010 5646 2094 5699 udo

533 5714 787 5782 t'utttites;
804 5714 1089 5785 aliquando
1117 5720 1300 5785 duces,
1334 5716 1497 5785 immo
1526 5723 1577 5785 et
1608 5729 1979 5785 nutittUtiqttatn
2010 5731 2092 5768 re-

534 5800 623 5862 ges
655 5786 781 5839 varii
807 5783 1052 5862 auctores
1078 5784 1432 5862 appellarunt.
1463 5783 1664 5862 Deinde
1700 5784 1839 5851 regni
1883 5786 2094 5839 potuine

535 5855 829 5906 irrittouum
859 5855 1125 5921 regionem
1158 5855 1317 5920 script
1334 5868 1442 5908 ires
1474 5852 1690 5920 passim,
1714 5863 1767 5907 ct
1797 5857 1907 5922 ipse
1932 5855 2091 5905 etiam

2195 3366 2532 3436 subrogatur,
2562 3363 2802 3447 decimus
2829 3367 3093 3435 septimus
3118 3376 3243 3436 post
3270 3364 3553 3426 transitum
3596 3373 3769 3429 sancti

2197 3456 2433 3511 Martini.
3611 3487 3614 3502 ς

2280 3548 2342 3601 ν.
2378 3546 2612 3617 Denique
2642 3555 2667 3584 ο
2698 3552 2818 3602 cum
2850 3548 3038 3604 beatus
3058 3532 3406 3616 Quintianus,
3434 3553 3574 3610 sicut
3604 3554 3769 3627 supra

2197 3639 2452 3707 d.ximus,
2474 3641 2544 3695 ab
2572 3640 2675 3696 hoc
2703 3640 2903 3696 mundo
2927 3641 3206 3712 migrasset
3226 3687 3240 3711 ,
3262 3656 3478 3709 sanctus
3500 3636 3688 3708 Gallus
3712 3653 3768 3709 in

2197 3731 2313 3802 ejus
2350 3734 2688 3797 cathedram,
2736 3749 2863 3805 rege
2902 3735 3202 3804 opitulante
3227 3779 3243 3805 ,
3288 3741 3609 3800 substitutus
3664 3744 3770 3803 est.

2200 3825 2367 3894 Ilujns
2397 3833 2637 3895 tempore
2663 3836 2785 3879 cum
2829 3825 2944 3882 lues
2976 3825 3063 3881 illa
3089 3868 3103 3892 ,
3136 3836 3295 3899 quam
3352 3831 3707 3903 inguinariaui
3746 3837 3767 3878 ί

2200 3927 2415 3981 vocant,
2444 3933 2539 3987 per
2565 3912 2805 3972 diversas
2828 3917 3069 3989 regiones
3097 3919 3383 3979 deas-viret
3400 3962 3416 3989 ,
3448 3930 3503 3980 et
3530 3929 3769 3986 mni-te

2198 4016 2326 4062 tunc
2345 4006 2711 4063 Arelatensem
2736 4008 3065 4078 provinciam
3086 4008 3524 4081 depopularetur,
3549 4027 3773 4074 sanctus

2172 4099 2383 4155 Gallus
2411 4115 2524 4155 non
2552 4108 2755 4156 tantum
2788 4115 2886 4169 pro
2913 4115 3005 4167 se,
3039 4110 3292 4173 quantum
3321 4119 3418 4175 pro
3440 4102 3642 4178 populo
3669 4108 3772 4166 suo

2201 4193 2440 4262 trepidus
2467 4199 2603 4248 erat.
2630 4190 2872 4259 Cumque
2911 4188 3003 4247 diu
3039 4186 3307 4265 noctuque
3346 4196 3629 4255 Dominum
3671 4202 3774 4257 de-

2201 4293 2534 4355 precaretur,
2565 4291 2623 4337 ut
2649 4283 2832 4339 vivens
2860 4282 3070 4354 plebem
3097 4300 3249 4340 suam
3277 4289 3480 4344 vastari
3513 4306 3620 4345 non
3646 4307 3772 4348 eer-

2200 4385 2372 4441 neret,
2403 4390 2498 4445 per
2526 4376 2700 4430 visum
2723 4374 2894 4430 noctis
2918 4376 3164 4446 apparuit
3189 4377 3238 4433 ei
3264 4379 3488 4449 angelus
3524 4381 3771 4455 Domini,

2202 4537 2489 4605 Gregorius
2512 4535 2616 4601 hic,
2646 4540 2697 4589 et
2726 4532 2857 4605 alias
2883 4548 2987 4605 non
3010 4533 3198 4605 semel,
3230 4532 3671 4605 designaverunt.
3710 4541 3778 4594 Et

2201 4602 2415 4675 quidem
2441 4607 2737 4661 Brittonum
2762 4603 3027 4675 principes
3047 4602 3243 4671 saepius
3257 4602 3516 4661 adversus
3537 4607 3779 4664 Francos

2201 4672 2401 4733 bellum
2450 4690 2700 4745 gessere,
2747 4672 2859 4745 suis
2884 4672 3106 4745 legibus
3129 4687 3355 4745 semper
3378 4676 3457 4729 usi
3487 4685 3641 4742 sinit,
3675 4682 3778 4733 sub

2202 4742 2539 4802 hereditaﬁis
2567 4746 2680 4800 suis
2723 4742 3054 4813 principibus
3090 4742 3360 4806 viventes,
3406 4760 3525 4805 eum
3566 4747 3617 4800 in
3651 4750 3777 4804 aliis

2201 4816 2504 4888 regionibus
2533 4814 2756 4869 comites
2785 4821 2877 4867 aut
2907 4813 3067 4888 duces
3090 4820 3392 4888 nostrorum
3427 4830 3607 4883 regum
3639 4833 3773 4873 num

2198 4882 2507 4955 fi'tijuenter
2549 4891 2899 4938 mutarentur.
2931 4884 3056 4955 llmc
3087 4895 3182 4955 pro
3222 4882 3418 4936 tuenda
3459 4882 3598 4955 apud
3638 4888 3777 4943 Brit-

2199 4952 2351 5010 tones
2376 4956 2514 5024 regia
2543 4955 2830 5022 dignitate;
2866 4953 3063 5024 quibus
3077 4952 3173 5024 alii
3207 4952 3776 5023 apponunt‘Gregorii

2201 5028 2398 5089 locum.
2430 5021 2589 5096 quem
2609 5021 2949 5096 ’illustramus
2970 5021 3350 5096 ,_aliorumque
3372 5032 3608 5096 veterum
3638 5021 3779 5082 scri-

2202 5108 2412 5166 piorum
2438 5091 2831 5166 auctoritatem,
2856 5091 3177 5166 quidiserte
3213 5101 3461 5166 asserunt
3505 5094 3777 5151 Brittones

2203 5158 2528 5221 FrauCorutn
2575 5158 3093 5233 regibusparuisse;
3136 5158 3330 5227 quibus
3359 5161 3615 5231 aliisque,
3654 5180 3780 5233 qua

2195 5236 2368 5291 fusius
2396 5234 2616 5303 exponit
2640 5231 2885 5285 Valesius
2909 5270 2923 5294 ,
2955 5231 3295 5303 antiquorum
3322 5242 3599 5303 auctorum
3632 5231 3772 5290 locis

2193 5301 2763 5372 expensis,’coucludit
2790 5303 3086 5372 Brittones.
3114 5301 3211 5372 e‘si
3239 5301 3438 5372 stepius
3481 5304 3646 5357 armis
3674 5304 3777 5358 do-

2198 5369 2377 5437 mitos.
2406 5388 2674 5439 nunquam
2704 5380 2996 5426 tamenaut
3019 5369 3394 5436 Ilerovingicte
3421 5372 3445 5424 f
3458 5374 3658 5434 itnilite.
3680 5385 3778 5431 ant

2197 5445 2615 5511 tiaroloviugiea:
2646 5442 2968 5496 Francorum
3000 5439 3214 5512 regibus
3234 5450 3381 5495 certa
3403 5442 3616 5511 imperii
3637 5459 3776 5500 cou-

2197 5515 2429 5569 fossione
2457 5513 2714 5579 paruisse.
2836 5547 2840 5551 ‹

2270 5595 2294 5622 ε
2338 5585 2487 5639 Deest
2521 5585 2619 5635 hoc
2638 5591 2797 5650 caput
2824 5582 2874 5634 iu
2896 5580 3083 5654 C__o_rb.,
3112 5581 3442 5638 Dell..Colb.
3473 5590 3531 5654 et
3552 5583 3685 5654 lleg.
3709 5583 3773 5639 S.

2199 5656 2330 5709 Galli
2362 5655 2474 5707 Vita
2504 5655 2723 5706 habetur
2753 5654 2890 5705 inter
2922 5652 3069 5721 Vitas
3097 5654 3333 5715 l’a'rum,
3358 5668 3479 5720 cap.
3504 5652 3559 5707 6.
3618 5688 3625 5701 .

2274 5725 2291 5762 ί
2336 5728 2422 5778 Sir.
2452 5723 2749 5784 dicebatur,
2780 5721 2919 5790 quod
2954 5733 3207 5775 nascente
3237 5725 3286 5773 in
3318 5726 3528 5785 inguine
3554 5764 3566 5783 ,
3603 5724 3686 5777 vel
3719 5723 3774 5781 in

2204 5795 2360 5850 axitia
2391 5795 2590 5860 ulcere,
2616 5792 2668 5846 in
2697 5792 2910 5845 modum
2941 5794 3205 5869 serpentis
3237 5792 3591 5847 interﬁceret.
