3994 6332
257 319 354 374 273

1158 315 1476 374 HISTORIA
1518 312 1961 372 FRANCORUM.
2005 314 2205 371 LIBER
2243 315 2585 384 QUARTUS.

3388 319 3489 373 2⁵14

252 427 335 500 qui
366 438 475 484 tam
520 424 830 493 cassi-ient,
869 438 1030 494 quam
1059 433 1264 481 vestem
1300 422 1456 496 145
1485 423 1537 479 1η
1567 421 1813 479 similitu-
1840 423 1892 482 Α
1922 422 2106 493 viginti
2148 425 2303 480 annis
2347 428 2541 495 potior.
2574 427 2711 495 Quid
2746 429 2888 483 enim
2932 429 3063 483 mihi
3109 444 3248 483 nunc
3280 440 3487 501 restat,

248 522 369 580 dine
390 520 533 577 nivis
558 517 845 583 candidam
871 514 1162 581 clarabat;
1184 524 1250 571 .et
1276 515 1350 571 ait
1374 515 1442 571 ad
1469 529 1597 571 eum
1622 530 1651 568 ε.
1670 512 1817 569 Bene
1892 512 2020 568 nisi
2045 523 2105 570 ut
2128 516 2493 588 episcopatum
2513 558 2529 585 ,
2561 533 2717 588 quem
2757 519 2928 575 lldelis
2953 521 3183 577 servitus
3212 536 3487 591 promere-

250 616 388 672 enin
431 608 563 670 fatis
581 651 599 679 ,
623 626 661 667 ο
680 609 942 666 κατι-ἀοι
965 650 981 676 ,
1006 610 1150 679 quod
1177 609 1260 665 sic
1286 608 1567 663 Dominum
1594 620 1690 677 pro
1708 620 1815 676 pe-

251 706 371 777 pulo
400 716 493 760 tuo
516 703 826 773 supplices:
855 700 1109 757 exaudita
1124 709 1214 755 est
1240 699 1385 755 enim
1414 697 1588 753 oratio
1608 706 1695 753 tua
1719 714 1733 763 ;
1758 706 1815 757 et

254 812 373 857 rere
396 796 507 852 eris
533 809 654 853 cum
688 792 882 862 populo
910 801 1001 845 tuo
1028 792 1097 846 ab
1126 791 1229 847 bac
1268 790 1580 844 inﬁrmitate
1612 788 1815 847 libera-

250 900 351 953 tus,
379 888 659 957 nullusque
676 895 734 941 te
761 885 975 940 vivente
994 884 1047 938 in
1070 883 1288 953 regione
1308 881 1408 937 ista
1436 882 1505 936 ab
1524 879 1622 934 hac
1639 888 1818 948 strage

259 977 504 1047 iaperiet.
554 975 705 1031 Nunc
751 982 932 1031 autem
982 988 1050 1029 ne
1095 972 1324 1028 timeas:
1354 978 1475 1042 post
1519 977 1643 1025 octo
1687 982 1817 1023 vero

220 1081 413 1120 annos
460 1066 605 1120 time.
652 1064 803 1123 Unde
849 1063 1189 1118 manifestum
1230 1059 1364 1125 fuit,
1408 1059 1691 1115 transactis
1728 1058 1818 1114 bis

224 1155 435 1220 ianuis,
480 1169 606 1209 enim
654 1169 685 1207 a
732 1152 933 1209 saeculo
971 1150 1357 1211 discessurum.
1405 1148 1818 1218 EXpergefactns

250 1254 423 1305 autem
448 1252 549 1309 ,et
582 1243 701 1299 :Dco
727 1243 1051 1312 gratiasipro
1080 1240 1181 1294 liae
1218 1238 1589 1295 consolatione
1612 1250 1780 1305 agens
1798 1276 1815 1303 ,

248 1334 386 1405 quod
410 1348 537 1389 eunt
569 1347 663 1401 per
680 1333 962 1389 «uestem
1007 1332 1256 1389 nuntium
1286 1327 1594 1395 confertam
1629 1327 1818 1396 digna-

252 1435 338 1481 tus
362 1434 465 1487 est.
498 1425 824 1491 Rogationes
847 1423 963 1479 iilas
989 1423 1255 1494 instituit,
1284 1430 1347 1477 ut
1374 1422 1548 1478 media
1572 1419 1811 1489 Quadra-

226 1516 444 1585 .|esilna
468 1515 766 1584 psallendo,
783 1516 852 1572 ad
870 1515 1150 1570 basilicam
1181 1515 1318 1570 beati
1343 1513 1540 1570 Juliani
1569 1509 1820 1581 martyris

243 1607 440 1662 itinere
456 1605 699 1673 pedestri
728 1606 994 1661 venirent.
1024 1605 1163 1661 Sunt
1189 1614 1371 1661 autem
1396 1605 1453 1659 in
1474 1604 1586 1658 illoc
1624 1603 1817 1657 itinere

245 1702 395 1768 quasi
418 1698 594 1753 stadia
620 1706 858 1755 trecenta
884 1700 1160 1768 sexaginta
1183 1707 1233 1751 η.
1256 1696 1417 1752 Tunc
1441 1696 1603 1751 etiam
1637 1694 1690 1747 iu
1724 1705 1816 1748 su-

1894 614 2023 672 tur,
2060 608 2361 679 accipiam?
2388 609 2494 666 Vos
2541 612 2704 679 igtur
2752 611 3080 671 revertimini
3131 614 3198 669 ad
3242 606 3489 671 civitates

1900 707 2152 766 vestras,
2186 709 2243 755 et
2268 702 2313 754 si
2341 701 2467 769 quid
2502 702 2715 756 utilitati
2756 716 2948 758 vesnrae
2991 706 3283 774 competit,
3332 721 3488 761 exer-

1916 801 2064 855 cete;
2089 805 2209 845 nam
2226 804 2324 860 ego
2343 794 2597 847 canonice
2618 806 2985 862 asmtnptttrus
3005 810 3121 850 sum
3152 796 3289 849 hunc
3317 796 3484 850 hono—

1916 892 2050 936 rem.
2071 881 2195 937 Hac
2210 882 2484 939 audientes
2500 885 2756 952 episcopi,
2777 892 2831 940 et
2852 886 2903 940 iu
2922 901 3041 940 eum
3062 902 3247 941 vanam
3270 888 3485 955 gloriam

1916 978 2287 1038 exsecrantes,
2318 972 2710 1028 discesSeritnt.

1980 1061 2097 1116 Ἧι.
2134 1063 2298 1131 Igitur
2321 1071 2347 1102 ⁸
2370 1078 2490 1120 cum
2519 1079 2785 1120 consensu
2815 1065 3134 1121 clericorum
3179 1067 3245 1120 ad
3282 1067 3487 1137 episco—

1916 1159 2094 1218 patum
2124 1154 2360 1219 electus,
2410 1168 2530 1208 cum
2582 1156 2758 1211 adhuc
2803 1171 2906 1210 non
2960 1158 3236 1212 ordinatus
3283 1163 3487 1212 cunctis

1918 1243 2030 1312 ipse
2058 1234 2345 1313 praeesset,
2377 1247 2611 1325 Cautino
2644 1248 3019 1317 archidiacono
3049 1251 3291 1307 diversas
3320 1254 3487 1305 minus

1918 1335 2197 1391 intendere
2225 1338 2387 1417 cmpit
2409 1378 2426 1405 ,
2468 1338 2652 1394 dicens
2682 1357 2695 1394 :
2723 1340 2834 1408 Ego
2865 1349 2915 1395 te
2957 1344 3272 1408 removebo,
3313 1361 3411 1413 ego
3441 1357 3490 1398 tn

1916 1423 2224 1487 humiliabo,
2256 1442 2356 1495 ego
2387 1427 2479 1481 tibi
2504 1428 2693 1483 inultas
2721 1442 2881 1483 neces
2910 1429 3142 1500 impendi
3163 1432 3487 1499 prmcipiam.

1913 1510 2011 1568 Cui
2036 1515 2132 1569 ille
2156 1532 2169 1568 :
2196 1514 2474 1583 Gratiam,
2508 1517 2707 1587 inquit,
2749 1528 2923 1586 tuam,
2954 1512 3169 1576 domine
3214 1524 3483 1591 piissime,

1893 1602 2116 1660 *babere
2142 1605 2410 1671 desidero,
2443 1621 2599 1676 quam
2649 1608 2694 1662 si
2725 1623 2955 1674 mereor,
2984 1626 3147 1665 unum
3199 1612 3292 1667 tibi
3324 1613 3491 1668 bene-

1898 1695 2094 1749 slicium
2123 1697 2407 1763 prmstnbo.
2425 1696 2552 1753 Sine
2576 1698 2684 1752 ullo
2707 1698 2848 1754 enim
2868 1700 3049 1755 labore
3077 1712 3185 1767 tuo,
3212 1713 3262 1757 et
3286 1704 3488 1773 absque

246 1790 355 1845 bitu
378 1790 829 1859 eometnplatione
854 1792 1085 1860 parietes
1114 1791 1198 1869 vel
1224 1791 1504 1847 domorum
1533 1787 1614 1841 vel
1641 1788 1815 1841 e‘ccle—
1848 1792 1891 1851 B
1917 1786 2028 1841 ullo
2050 1788 2193 1853 dolo,
2230 1804 2330 1858 ego
2360 1788 2627 1858 adirege‘m
2658 1806 2895 1860 pergam,
2923 1802 2977 1846 et
3005 1795 3370 1869 episcopatum
3399 1797 3492 1852 tibi

244 1880 446 1935 ciarum
464 1880 673 1950 signari
702 1878 1039 1936 videbantur.
1064 1865 1220 1935 Unde
1245 1894 1276 1933 s
1307 1875 1518 1932 rusticis
1548 1874 1663 1931 bare
1683 1876 1816 1931 scri-

242 1972 361 2041 ptio
386 1970 538 2025 Tban
562 1971 870 2025 vocabatur.
894 1968 1029 2025 Cum
1069 1979 1246 2025 autem
1270 1968 1527 2038 regiones
1559 1966 1730 2029 alias,
1760 1975 1818 2021 ut

226 2062 511 2129 diximus,
537 2060 655 2115 lues
682 2060 768 2114 illa
786 2070 1141 2116 consumeret
1159 2104 1174 2129 ,
1206 2059 1271 2113 ad
1301 2057 1573 2117 civitatem
1616 2060 1817 2113 Arver-

248 2166 394 2221 nam,
419 2153 595 2217 uncti
626 2150 762 2208 Galli
786 2152 1149 2208 intercedente
1178 2152 1458 2218 oratione,
1483 2166 1587 2206 non
1616 2148 1817 2219 attigit.

248 2246 402 2304 Unde
418 2242 575 2316 ego)
594 2260 699 2299 non
730 2258 951 2314 parvam
976 2258 1172 2299 censeo
1192 2243 1439 2314 gratiam,
1464 2243 1553 2312 qui
1583 2242 1683 2295 hoc
1706 2251 1820 2295 me-

244 2336 375 2402 ruit,
404 2346 463 2391 ut
488 2343 670 2405 pastor
688 2337 903 2406 positus
920 2350 1051 2391 oves
1077 2349 1200 2390 suas
1229 2335 1473 2391 devorari
1500 2330 1819 2388 defendente

246 2428 476 2489 nomine
522 2442 629 2482 non
674 2426 905 2482 videret.
949 2425 1083 2481 Cum
1127 2434 1307 2482 autem
1354 2424 1423 2479 sb
1466 2427 1576 2478 hoc
1618 2420 1819 2476 mundo

245 2524 545 2593 nigrasset.
574 2530 631 2576 et
656 2520 869 2577 ablutus
888 2520 940 2573 in
961 2518 1242 2575 ecclesiam
1268 2517 1578 2587 deportatus
1602 2514 1815 2581 fuisset,

228 2612 377 2667 Cato
408 2612 684 2681 presbyter
709 2612 961 2666 continuo
988 2625 1019 2663 a
1038 2609 1250 2665 clericis
1276 2608 1345 2664 de
1371 2608 1680 2677 episcopatu
1696 2605 1819 2659 «lau-

241 2704 342 2758 des
367 2703 596 2771 accepit,
617 2710 674 2756 et
690 2716 905 2755 omnem
938 2699 1341 2765 remeccleslar,
1364 2708 1614 2767 tanquam
1642 2697 1689 2751 si
1706 2695 1817 2765 iam

230 2801 392 2849 esset
416 2793 723 2862 episcoians,
750 2793 803 2846 iu
830 2806 982 2847 suam
1020 2792 1229 2860 redegit
1273 2799 1593 2860 potestatem
1619 2808 1634 2847 :
1666 2787 1817 2843 ordi-

228 2893 465 2939 natores
486 2892 509 2927 ι
532 2893 802 2949 removet,
835 2882 1111 2940 ministros
1139 2882 1379 2953 respuit,
1410 2890 1599 2936 cuncta
1638 2895 1732 2949 per
1754 2891 1820 2936 se

240 2972 478 3028 ordinat.

316 3063 406 3118 Vl.
428 3063 681 3134 Episcopi
708 3060 737 3109 ἀ
768 3070 944 3120 tamen
972 3063 1062 3132 qui
1091 3063 1417 3119 advenerant
1461 3061 1533 3117 ad
1572 3069 1816 3117 sanetum

1919 1880 2203 1943 obtinebo,
2249 1881 2382 1936 nihil
2429 1892 2648 1950 petens,
2682 1882 2782 1936 nisi
2827 1892 2887 1937 ut
2916 1899 3228 1953 promerear
3263 1889 3490 1957 gratiam

1920 1976 2084 2024 tuam.
2111 1969 2292 2026 Atille
2318 1972 2599 2041 suspicans
2630 1987 2750 2028 eum
2780 1971 2885 2028 sibi
2915 1972 3051 2029 velle
3082 1975 3303 2030 illudere
3325 2019 3339 2041 ,
3374 1977 3489 2032 haec

1918 2060 2073 2118 valde
2099 2060 2363 2141 despexit.
2399 2062 2494 2118 Hic
2522 2078 2651 2118 vero
2676 2079 2799 2118 cum
2828 2077 2887 2118 se
2913 2075 3159 2139 cerneret
3186 2066 3450 2121 humiliari
3470 2112 3486 2134 ,

1919 2159 2077 2221 atque
2124 2150 2403 2206 celumnia:
2446 2151 2672 2221 subjici,
2718 2153 2974 2222 languore
3003 2155 3286 2217 simulato,
3317 2170 3370 2211 et
3402 2173 3489 2226 per

1921 2250 2131 2297 noctem
2181 2242 2450 2298 civitatem
2497 2243 2776 2312 egrediens
2799 2283 2816 2311 ,
2848 2242 3282 2300 Theodobaldum
3312 2264 3490 2317 regem

1920 2332 2103 2407 pctiit,
2142 2335 2464 2389 annuntians
2500 2334 2784 2391 transitum
2825 2336 2997 2391 sancti
3025 2336 3183 2392 Galli.
3220 2338 3371 2411 Quod
3405 2341 3492 2395 illo

1917 2421 2172 2486 audiens,
2203 2425 2286 2478 vel
2317 2423 2409 2493 qui
2437 2436 2559 2478 cum
2584 2437 2650 2479 eo
2686 2433 2875 2490 erant,
2904 2427 3210 2505 convocatis
3244 2429 3493 2483 sacerdo~

1898 2511 2062 2568 ‘ticlius
2082 2513 2220 2582 apud
2239 2513 2549 2571 Hettensem
2576 2516 2867 2586 civitatem,
2887 2516 3140 2574 Cautinns
3162 2520 3491 2576 archidiaco-

1919 2618 2019 2659 nus
2046 2605 2331 2674 episcopus
2355 2605 2653 2663 ordinatur.
2678 2607 2811 2663 Cum
2836 2616 3011 2665 autem
3029 2611 3301 2667 venissent
3322 2614 3495 2669 nuntii

1902 2694 2135 2751 =Catoni‘s
2161 2696 2491 2768 presbyteri,
2524 2698 2609 2754 hic
2630 2698 2738 2770 jam
2766 2700 3050 2771 episcOpus
3076 2710 3211 2757 erat.
3241 2701 3391 2758 Tunc
3422 2719 3491 2760 ex

1915 2787 2066 2857 jussu
2094 2788 2236 2860 regis
2259 2791 2415 2863 14⁷
2450 2790 2654 2846 traditis
2680 2792 2730 2847 ei
2758 2792 2989 2861 clericis,
3021 2804 3074 2850 et
3101 2796 3347 2850 omnibus
3366 2812 3503 2865 quae

1906 2862 1974 2934 2lii
2006 2879 2073 2934 de
2096 2874 2269 2936 rebus
2285 2881 2528 2937 ecclesiae
2568 2882 2961 2950 exhibuerant,‘
3001 2885 3367 2956 ordinatisque
3390 2862 3492 2956 qui

1918 2985 2040 3025 cum
2074 2985 2142 3026 eo
2177 2985 2403 3041 pergere
2448 2972 2706 3028 deberent
2752 2974 3017 3045 episcopis
3063 2984 3118 3031 et
3153 2978 3492 3045 camerariis,

1921 3063 2190 3119 Arvernos
2216 3077 2339 3119 eum
2359 3064 2685 3119 direxerant.
2708 3064 2858 3131 Quia
2883 3066 3091 3123 clericis
3105 3076 3159 3122 et
3186 3068 3392 3124 civibus
3419 3067 3482 3122 li-

243 3152 458 3207 Gallum
502 3153 866 3221 sepeliendum
886 3196 904 3220 ,
956 3162 1240 3223 postquam
1295 3169 1418 3209 eum
1463 3153 1816 3222 sepelierunt,
1845 3153 2112 3225 c-benter
2137 3161 2411 3221 exceptus,
2438 3154 2717 3223 episcopus
2737 3155 2991 3211 Arvernis
3019 3160 3099 3211 est
3125 3158 3300 3213 datus.
3323 3158 3498 3213 Gran-

228 3244 494 3301 dixerunt
517 3242 705 3299 Catoni
737 3244 1092 3314 presbytero:
1129 3246 1383 3300 Videmus
1414 3246 1535 3314 quia
1570 3252 1621 3300 te
1658 3244 1818 3313 elegit

224 3348 374 3403 pars
404 3335 637 3391 maxime
684 3335 999 3404 populorum
1029 3353 1041 3389 :
1070 3336 1190 3392 veni
1208 3377 1233 3403 ι
1256 3336 1498 3391 censenti
1544 3335 1698 3389 nobis
1720 3375 1737 3403 ,
1767 3346 1821 3389 et

226 3424 627 3481 benedieeutes
656 3440 1032 3481 consecremus
1077 3437 1130 3481 te
1171 3427 1236 3480 ad
1276 3426 1662 3495 episcopatum.
1701 3426 1818 3480 Itex

226 3533 377 3573 sum
404 3517 655 3586 parvulus
680 3525 784 3584 est,
810 3527 866 3572 et
884 3517 929 3570 si
955 3532 1061 3586 qua
1084 3517 1183 3573 tibi
1206 3517 1493 3572 ascribitur
1516 3517 1691 3585 culpa,
1719 3531 1821 3571 nos

224 3609 603 3678 suscipientes
624 3619 675 3665 te
698 3608 798 3667 sub
825 3607 1137 3662 defensione
1178 3620 1392 3673 nostra,
1426 3620 1547 3661 cum
1574 3606 1815 3675 proceri-

242 3702 347 3756 bus
376 3698 823 3769 etprimisregni
863 3696 1229 3754 Theodobaldi
1278 3698 1418 3765 regis
1460 3710 1682 3773 aget-trs
1704 3738 1719 3763 ,
1750 3709 1821 3750 ne

243 3794 342 3855 tibi
377 3794 487 3848 ulla
514 3796 778 3848 excitetur
796 3791 1033 3860 injuria;
1064 3806 1165 3845 nos
1194 3804 1406 3859 quoque
1433 3788 1719 3859 (intentum
1754 3788 1818 3842 li-

239 3886 446 3938 delitcr
472 3883 633 3937 crede
654 3924 668 3947 ,
704 3893 760 3936 ut
789 3883 1150 3951 spondeamus
1191 3895 1287 3949 pro
1315 3879 1392 3949 te)
1420 3880 1627 3943 otiinia,
1658 3881 1820 3935 etiam

240 3977 495 4031 sidamui
516 3975 721 4044 aliquid
752 3974 1154 4045 supervenerit,
1178 3973 1249 4028 de
1280 3973 1474 4027 nostris
1505 3971 1661 4044 156
1692 3988 1821 4040 pro-

243 4072 381 4141 priis
414 4070 749 4123 facultatibus
778 4071 827 4121 id
860 4068 1183 4122 reddituros.
1216 4069 1285 4120 At
1313 4066 1405 4120 ille
1434 4064 1699 4118 cothurno
1731 4080 1823 4117 vu-

241 4178 332 4219 nze
354 4162 620 4219 conﬂatus
639 4162 838 4229 gloriu',
864 4162 965 4214 ait:
998 4159 1174 4212 Nostis
1212 4158 1359 4213 enim
1391 4157 1526 4209 fama
1551 4164 1821 4221 currente,

234 4269 339 4309 me
390 4252 459 4307 ab
493 4250 645 4304 initio
685 4252 857 4304 relatis
903 4245 1036 4303 uicae
1069 4263 1281 4316 semper
1312 4247 1562 4315 religiose
1593 4245 1820 4321 vixisse,

226 4346 477 4403 incesse
499 4340 1108 4411 jejuniis,elcemosynis
1138 4341 1455 4397 delectatum
1487 4338 1670 4405 fuisse,
1694 4352 1823 4393 con-

243 4435 484 4488 tinuatas
518 4434 710 4500 stt-pius
750 4430 1058 4485 exercuisse
1095 4430 1334 4498 vigilias,
1369 4427 1648 4496 psallentio
1696 4442 1822 4482 vero

1910 3242 2017 3297 des
2058 3251 2244 3312 postea
2278 3242 2427 3298 inter
2479 3244 2651 3313 ipsum
2703 3252 2756 3299 et
2811 3245 3070 3303 Catonem
3124 3249 3492 3318 presbyterum

1921 3330 2210 3387 inimicitia:
2256 3344 2388 3386 erue
2430 3340 2606 3387 sunt:
2649 3332 2767 3401 quia
2818 3333 2996 3388 nullus
3040 3349 3269 3403 unquam
3325 3338 3494 3404 potuit

1922 3423 2143 3477 ﬂectere
2168 3420 2442 3477 Catonem
2462 3459 2493 3486 μ
2523 3430 2583 3477 ut
2627 3422 2880 3492 episcopo
2920 3438 3019 3477 suo
3055 3423 3300 3479 subditus
3326 3433 3490 3480 esset.

1922 3513 2053 3569 Nam
2083 3521 2137 3567 et
2164 3513 2359 3570 divisio
2382 3513 2702 3569 clericorum
2748 3512 3028 3579 facta‘est,
3066 3526 3121 3570 et
3154 3516 3240 3571 alii
3265 3516 3493 3572 Cautino

1921 3605 2172 3676 episcopo
2198 3616 2349 3661 erant
2378 3606 2610 3670 subditi,
2642 3606 2730 3661 alii
2760 3605 2946 3661 Catoni
2970 3609 3321 3679 presbytero:
3348 3613 3491 3680 quod

1920 3698 2000 3753 eis
2029 3696 2126 3751 iuit
2150 3698 2438 3751 maximum
2463 3697 2860 3752 detrimentum.
2890 3695 3146 3753 Cautinns
3173 3711 3348 3756 autem
3373 3716 3490 3770 cpt-

1919 3801 2114 3857 scopus
2140 3785 2323 3843 videns
2351 3804 2474 3843 eum
2502 3788 2644 3842 nulla
2674 3790 2882 3843 ratione
2912 3804 3069 3859 posse
3094 3790 3230 3844 llecti
3249 3832 3265 3857 ,
3302 3800 3358 3845 ut
3387 3791 3493 3848 sibi

1920 3887 2064 3934 esset
2107 3879 2385 3945 subditus,
2420 3889 2527 3932 tam
2572 3878 2622 3933 ei
2670 3895 2828 3947 quam
2858 3879 3043 3934 amicis
3070 3880 3223 3948 ejus,
3257 3881 3341 3935 vel
3377 3881 3495 3950 qui-

1920 3983 2131 4039 cunque
2150 3970 2198 4022 ei
2221 3968 2644 4033 consentiebant,
2665 3983 2852 4022 clunes
2874 3983 2961 4023 res
2975 3969 3214 4024 ecclesiae
3255 3970 3491 4039 abstulit,

1922 4058 2239 4126 reliquitque
2265 4072 2359 4113 eos
2390 4058 2579 4113 inanes
2616 4073 2681 4111 ac
2725 4072 2943 4112 vacuos.
2974 4057 3286 4127 Quicunque
3320 4070 3495 4119 tamen

1922 4163 1985 4203 cx
2017 4148 2146 4217 ipsis
2175 4148 2240 4201 ad
2269 4163 2391 4202 eum
2420 4147 2889 4214 convertebantur,
2919 4148 3112 4201 iterum
3142 4150 3282 4218 quod
3314 4152 3495 4220 perdi-

1922 4241 2133 4306 derant,
2157 4238 2501 4307 recipiebant.

1996 4330 2130 4385 Vlll.
2164 4331 2439 4400 Regnante
2462 4342 2590 4382 vero
2610 4326 2830 4395 Agilane
2855 4325 2993 4395 apud
3023 4325 3350 4394 Hispaniam,
3371 4343 3490 4381 cum

1923 4423 2173 4492 populum
2194 4419 2507 4490 gravissimo
2530 4416 2908 4472 dominationis
2929 4431 3040 4470 sua:
3058 4417 3186 4486 jugo
3214 4424 3491 4482 attereret,

238 4522 357 4592 fugi
391 4523 579 4576 crebra
610 4521 903 4591 perstitisse
926 4519 1152 4573 smtione
1182 4529 1459 4574 nocturna.
1487 4518 1593 4573 Nec
1611 4533 1695 4571 me
1724 4515 1826 4571 Do—
1855 4515 1904 4575 D
1927 4513 2196 4568 exercitus
2246 4508 2581 4579 imperatoris
2630 4508 2913 4577 Hispanias
2962 4517 3045 4565 est
3095 4508 3395 4576 ingressus,
3442 4518 3493 4575 et

238 4615 431 4668 minus
475 4614 617 4668 Deus
654 4628 807 4667 meus
850 4613 1042 4680 patitur
1084 4613 1188 4665 hac
1231 4611 1567 4666 ordinatione
1600 4610 1822 4679 privari,

242 4703 335 4756 cui
369 4714 575 4757 tantum
611 4704 917 4755 lainnlatum
950 4701 1196 4767 exhibui;
1232 4715 1352 4754 nam
1394 4710 1447 4755 et
1492 4701 1638 4771 ipsos
1668 4700 1825 4761 cleri-

244 4799 407 4845 catus
436 4790 632 4861 gradus
657 4791 908 4844 canonica
940 4804 1056 4842 sum
1085 4802 1300 4855 semper
1320 4788 1651 4842 institutione
1670 4788 1829 4847 sorti.-

247 4891 363 4935 tns.
395 4880 593 4936 Lector
617 4879 805 4934 decem
835 4879 989 4934 annis
1012 4878 1107 4943 fui,
1135 4878 1187 4930 in
1208 4878 1624 4932 subdiaconatus
1650 4877 1828 4935 cilicio
1858 4936 1859 4939 η

242 4972 489 5041 quinque
510 4971 664 5025 anuis
695 4970 1014 5035 mini‘stravi,
1046 4969 1349 5025 diaconatui
1372 4985 1497 5024 vero
1524 4968 1826 5038 quindecim

243 5064 410 5119 annis
438 5065 772 5135 mancipatus
794 5063 899 5133 fui,
933 5062 1247 5134 presbyterii
1274 5072 1449 5116 autem
1476 5060 1597 5136 jam
1626 5064 1828 5119 honore

325 5186 355 5217 α
396 5176 687 5232 Duodecim
725 5176 942 5232 circiter
974 5175 1145 5232 ieucis
1190 5174 1380 5231 dissita
1427 5181 1511 5229 est
1555 5172 1771 5230 Brivate
1797 5188 1830 5230 a

247 5247 675 5303 Claromontana
704 5246 857 5303 urbe.

326 5317 353 5355 δ
394 5319 487 5371 Sic
509 5317 701 5387 Begm.
722 5315 1028 5387 cumgBad.;
1056 5316 1235 5387 ceteri
1254 5356 1271 5380 ,
1286 5315 1433 5387 unde
1450 5314 1728 5387 Menon.

329 5397 354 5425 ι
391 5382 770 5441 Ordinaiorum
809 5386 1043 5441 cilicium
1073 5386 1154 5441 vel
1183 5401 1250 5441 ex
1282 5385 1383 5439 hoc
1412 5385 1534 5439 loco
1578 5383 1706 5437 licet
1744 5382 1830 5436 in-

245 5458 517 5526 telligere.
549 5456 872 5512 Bertefridus
892 5457 1058 5524 episc.
1078 5455 1448 5512 Ambianensis
1470 5458 1521 5508 in
1540 5452 1830 5526 ‘Privilegio

243 5523 573 5581 Corbeiensi
604 5536 744 5582 vetat
764 5564 779 5587 ,
810 5542 879 5581 ne
904 5523 1023 5595 quis
1050 5526 1334 5594 episcopus
1371 5541 1441 5580 ex
1468 5523 1583 5579 suis
1609 5536 1830 5595 succes-

240 5598 509 5661 soribus,
535 5606 627 5651 aut
652 5593 1097 5660 archidiaconus,
1142 5610 1236 5649 seu
1273 5594 1521 5661 quislibet
1552 5593 1827 5647 ordinatur

240 5668 503 5721 ecclcrsia:
521 5666 920 5730 Ambianensis,
942 5665 1008 5719 ad
1033 5664 1305 5733 praefatum
1331 5665 1709 5717 monasterium
1733 5678 1824 5715 ac-

244 5738 487 5796 udere.
535 5746 694 5793 aut...
736 5744 1028 5801 praesumat
1110 5736 1211 5796 nisi
1263 5736 1330 5792 ab
1380 5734 1570 5793 abbate
1616 5742 1825 5804 rogatus

1931 4609 2172 4661 civitates
2201 4606 2405 4674 aliquas
2434 4604 2686 4671 pervasit.
2722 4602 3004 4657 Interiectu
3031 4610 3211 4657 autem
3240 4604 3460 4673 Agilane
3479 4642 3495 4666 ,

1931 4696 2314 4765 Athanagildus
2371 4693 2391 4732 ί
2446 4708 2666 4769 regnum
2717 4693 2943 4762 accepit.
2984 4694 3086 4759 Qui
3139 4693 3302 4747 multa
3356 4693 3493 4748 bella

1929 4799 2114 4846 contra
2145 4790 2317 4858 ipsum
2346 4787 2640 4862 exercitum
2672 4797 2852 4856 postea
2881 4788 3018 4855 egit,
3052 4795 3106 4842 et
3128 4802 3222 4842 eos
3261 4790 3493 4853 plerum-

1929 4895 2035 4952 que
2061 4879 2283 4945 devicit;
2314 4878 2686 4947 civitatesque,
2709 4892 2841 4946 quas
2865 4877 3004 4933 male
3036 4888 3399 4945 pervaseraut,
3425 4894 3490 4934 ex
3547 4896 3551 4900 ’
3582 4886 3587 4891 ’

1932 4981 2083 5042 parte
2108 4972 2356 5025 auferens
2380 4969 2448 5024 de
2474 4976 2733 5041 pptestate
2756 4982 2962 5023 eorum.

2005 5060 2097 5126 lx.
2127 5060 2536 5117 Theodobaldus
2580 5074 2709 5117 vero
2749 5073 2869 5115 cum
2904 5057 3021 5129 jam
3061 5056 3274 5117 adultus
3320 5068 3498 5127 esset,

1931 5176 2114 5232 fuerit.

2001 5245 2030 5284 ά
2071 5247 2229 5300 Deest
2256 5244 2359 5298 hoc
2386 5249 2545 5312 caput
2574 5242 2627 5295 in
2655 5242 2810 5307 Bell.,
2828 5241 3019 5315 Corb.,
3046 5242 3201 5315 Colb.
3234 5253 3290 5298 et
3315 5246 3451 5315 Reg.

2005 5326 2030 5354 ο
2073 5315 2136 5367 Et
2166 5315 2267 5368 hoc
2289 5323 2449 5380 caput
2476 5314 2627 5366 deest
2655 5315 2710 5367 iu
2739 5328 2868 5367 mss.
2900 5311 2935 5364 4
2958 5314 3296 5380 supradictis.

2007 5384 2027 5424 ι
2070 5384 2257 5454 Regni.
2307 5401 2427 5439 cum
2466 5384 2619 5449 Bad.,
2653 5383 2934 5452 Athanach
2964 5381 3106 5448 dux,
3135 5384 3422 5454 mendose.
3449 5383 3499 5438 is

1930 5456 2230 5532 Agilanent,
2249 5455 2532 5532 adjuvante
2562 5454 2772 5532 biberio
2795 5454 3034 5532 patricio,
3059 5469 3214 5532 quem
3236 5453 3497 5532 Justinia-

1932 5523 2029 5581 nus
2074 5526 2126 5580 in
2169 5523 2477 5593 Hispaniam
2520 5523 3047 5593 miserat,devicit;
3089 5523 3182 5577 sed
3231 5531 3409 5590 postea
3440 5523 3496 5593 in

1933 5596 2191 5663 pellendis
2211 5592 2432 5663 Grzecis,
2453 5599 2541 5667 qui
2567 5597 2725 5653 urbes
2752 5592 2952 5666 aliquot
2978 5600 3297 5662 occupat-aut
3313 5631 3329 5657 ,
3358 5592 3497 5646 mul-

1933 5676 2040 5722 tutu
2069 5666 2368 5723 desudavit.

1931 5676 2040 5722 tutu
2069 5676 2368 5722 desudavit.
