4016 6338
534 378 642 433 275

1520 380 1580 437 S.
1619 379 1949 439 GREGORII
1987 379 2294 438 EPISCOPI
2327 377 2755 437 TURONENSIS

3666 375 3776 431 τις

536 491 938 547 Uvaldetradam
965 500 992 530 ⁸
1022 490 1174 548 duxit
1195 505 1438 550 uxorem.
1474 493 1626 550 Eone
1659 494 2096 552 Theodobaldu
2125 499 2176 558 Α
2199 503 2340 554 rent.
2368 493 2606 563 Cumque
2631 492 2820 549 Catoni
2849 492 2990 564 regis
3016 491 3346 548 voluntatem
3370 492 3779 562 patefecissent,

532 577 710 658 ferunt
733 582 856 637 mall
887 581 1052 640 fuisse
1073 584 1292 654 ingenii,
1319 585 1391 640 ita
1413 593 1472 641 ut
1491 586 1661 641 iratus
1679 586 1913 656 cuidam,
1934 601 2094 657 quem

535 681 838 740 suspectum
858 673 928 730 de
956 673 1118 730 rebus
1141 676 1254 730 suis
1285 675 1544 741 habebat,
1570 675 1803 731 fabulam
1836 677 2094 748 lingeret,

531 760 716 815 dicens
743 778 757 816 :
783 762 1016 832 Serpens
1039 763 1324 832 ampullam
1355 762 1481 818 vino
1511 763 1720 833 plenam
1752 765 1973 834 reperit,
2002 777 2098 833 per

528 850 682 920 (ujus
709 868 770 908 os
799 853 1093 922 ingressus,
1116 853 1256 920 quod
1279 851 1420 908 intus
1445 852 1739 908 habebatur
1757 853 1942 908 avidus
1965 854 2097 908 hau-

530 941 602 994 sit
626 957 642 994 :
671 955 705 994 a
730 956 836 1010 quo
863 941 1078 996 inﬂatus
1105 941 1262 1013 1&8
1286 941 1440 1006 vino,
1469 943 1618 997 exire
1643 957 1739 1012 per
1767 943 1968 998 aditum
1992 959 2100 1014 quo

532 1029 806 1096 ingressus
853 1029 1062 1096 fuerat,
1110 1046 1214 1084 non
1260 1032 1494 1086 valebat.
1547 1030 1778 1087 Veniens
1821 1047 1949 1088 vero
1990 1033 2100 1088 vini

531 1120 805 1185 dominus,
826 1137 947 1177 cum
978 1122 1070 1178 ille
1088 1122 1240 1178 exire
1268 1124 1552 1191 niteretur,
1582 1139 1682 1180 nec
1710 1133 1909 1193 posset,
1939 1126 2013 1180 ait
2033 1125 2100 1181 ad
2151 1110 2162 1125 ’

531 1219 874 1278 serpentem:
908 1211 1108 1267 Evome
1155 1211 1305 1280 prius
1353 1213 1495 1283 quod
1544 1213 1837 1284 inglutisti,
1877 1222 1935 1271 et
1975 1226 2102 1270 tunc

533 1301 734 1368 poteris
784 1300 1075 1357 abscedere
1116 1301 1270 1357 liber.
1297 1302 1428 1370 Quae
1470 1302 1646 1359 fabula
1677 1319 1924 1374 maguum
1951 1305 2003 1360 ei
2031 1306 2102 1360 ti-

532 1405 735 1444 morem
785 1400 946 1460 atque
984 1391 1165 1447 odium
1206 1394 1543 1464 praeparavit.
1591 1392 1704 1451 Sub
1753 1409 1821 1451 eo
1865 1395 2009 1451 enim
2048 1405 2106 1452 et

533 1480 886 1547 Buccellinus,
902 1496 1024 1538 cum
1046 1492 1210 1539 totam
1236 1484 1514 1539 Italiamin
1531 1483 1857 1540 Francorum
1879 1500 2103 1557 regnum

533 1576 846 1645 redegisset,
867 1591 898 1630 a
925 1574 1149 1632 Narsete
1190 1576 1504 1633 interfectus
1533 1586 1638 1644 est,
1665 1576 1692 1617 δ
1720 1577 1867 1634 Italia
1893 1577 1960 1633 ad
1983 1593 2106 1647 par-

533 1675 640 1719 tem
667 1665 1002 1735 imperatoris
1026 1675 1205 1735 capta,
1233 1681 1332 1722 nec
1354 1666 1450 1721 fuit
1475 1666 1567 1736 qui
1592 1681 1713 1722 eam
1739 1666 1880 1722 ultra
1903 1667 2107 1736 recipe-

532 1765 630 1809 ret.
657 1753 770 1809 Sub
797 1753 957 1824 hujus
985 1763 1228 1825 tempore
1253 1768 1385 1810 uvas
1413 1755 1467 1809 in
1495 1754 1689 1811 arbore
1707 1794 1724 1822 ,
1751 1769 1912 1822 quam
1954 1770 2102 1810 sam-

2195 585 2473 654 suspendit
2495 599 2638 641 eosa
2672 599 2930 653 responso
2963 584 3144 652 paucis
3179 583 3394 638 diebus.
3431 581 3495 637 Ili
3527 597 3660 638 vero
3689 599 3780 638 re-

2196 672 2348 747 gredi
2384 673 2695 744 cupientes,
2741 673 2925 728 dicunt
2959 688 2973 725 :
3018 671 3196 728 Pande
3237 669 3393 726 nobis
3441 676 3775 726 voluntatem

2197 773 2375 832 tuam,
2425 773 2485 819 ut
2533 763 2765 820 sciamus
2809 761 2936 832 quid
2983 761 3275 817 debeamus
3322 761 3508 831 sequi;
3542 761 3782 831 alioquin

2197 853 2516 909 revertimur
2541 853 2609 908 ad
2639 853 2874 922 propria.
2901 851 3020 906 Non
3041 852 3182 906 enim
3211 861 3394 908 nostra
3425 863 3479 910 te
3503 851 3784 907 voluntate

2199 944 2574 1010 expetivimns,
2605 942 2701 998 sed
2737 943 2878 1011 regis
2922 942 3306 1010 praeceptione.
3331 943 3402 995 At
3432 941 3556 1006 ille,
3579 951 3637 996 ut
3665 950 3786 996 erat

2198 1047 2351 1089 vanae
2393 1034 2580 1104 gloria:
2625 1033 2889 1103 cupidus,
2919 1032 3152 1088 adunata
3197 1045 3488 1101 pauperum
3535 1041 3784 1094 caterva,

2200 1124 2490 1180 clamorem
2516 1125 2628 1179 dari
2653 1122 2907 1194 precepit
2937 1124 3020 1180 his
3045 1123 3222 1180 verbis
3247 1140 3262 1176 :
3293 1123 3403 1178 Cur
3427 1138 3524 1178 nos
3547 1122 3781 1199 deseris,

2203 1217 2344 1273 bone
2373 1228 2546 1286 pater,
2573 1216 2747 1280 ﬁlios,
2776 1229 2914 1285 quos
2960 1229 3101 1269 nunc
3139 1229 3307 1284 usque
3346 1212 3621 1268 educasti?
3645 1211 3785 1280 Quis

2202 1323 2303 1366 nos
2342 1310 2464 1364 cibo
2491 1319 2726 1380 potuque
2749 1308 2953 1364 reliciet
2970 1351 2986 1374 ,
3016 1308 3062 1363 si
3091 1316 3146 1362 tu
3175 1308 3410 1362 abieris?
3438 1322 3687 1376 rogamus
3713 1321 3785 1362 ne

2203 1414 2303 1456 nos
2345 1399 2617 1469 relinquas
2638 1439 2656 1466 ,
2698 1412 2834 1469 quos
2860 1399 3007 1454 alere
3033 1398 3325 1452 consuesti.
3349 1397 3500 1451 Tunc
3529 1396 3618 1451 ille
3643 1410 3778 1451 oon-

2203 1502 2397 1544 versus
2438 1487 2504 1542 ad
2549 1489 2754 1543 clerum
2803 1487 3164 1552 Turonicum,
3205 1487 3324 1542 ait:
3359 1486 3558 1542 Videtis
3601 1501 3778 1552 nunc,

2203 1577 2397 1634 fratres
2425 1575 2748 1645 charissimi,
2771 1577 3004 1646 qualiter
3027 1578 3142 1633 haec
3163 1577 3448 1633 multitudo
3473 1591 3778 1647 pauperum

2204 1680 2295 1722 me
2317 1666 2520 1737 diligit;
2544 1681 2648 1722 nou
2679 1681 2895 1736 possum
2930 1681 3026 1722 eos
3069 1667 3373 1736 relinquere
3401 1675 3457 1723 et
3495 1666 3578 1722 ire
3603 1666 3785 1722 vobis-

2205 1771 2352 1813 cum.
2374 1756 2520 1811 Istud
2551 1757 2605 1811 hi
2635 1771 2951 1826 responsum
2994 1756 3346 1825 accipientes,
3377 1756 3608 1827 regressi
3652 1765 3786 1811 sunt

532 1845 726 1900 hocin
753 1855 776 1885 ε
804 1860 1058 1901 vocamus
1077 1884 1093 1910 ,
1121 1845 1325 1911 absque
1365 1845 1489 1900 vitis
1531 1844 1910 1914 conjunctione
1951 1855 2114 1901 natas
2134 1863 2184 1925 Β
2209 1848 2461 1905 Turonis.
2487 1847 2620 1904 Cato
2643 1857 2821 1904 autem
2849 1847 3112 1904 amicitias
3131 1863 3254 1904 cum
3283 1847 3561 1904 Chramno'
3578 1863 3786 1903 nexue-

533 1934 791 2002 vidimus;
812 1943 868 1990 et
895 1936 1059 1991 ﬂores
1084 1935 1320 2006 ipsarum
1345 1937 1598 1992 arborum
1615 1973 1634 2000 ,
1661 1950 1781 2006 quas
1823 1935 2003 2005 nigra,
2045 1944 2107 1991 ut

531 2026 722 2091 nostis,
740 2040 901 2096 grana
930 2025 1170 2096 proferre
1195 2026 1370 2082 solita:
1395 2035 1540 2090 sunt,
1563 2039 1908 2082 racemorum
1936 2040 2104 2096 grana

533 2118 812 2174 dederunt.
842 2115 994 2173 'l'unc
1028 2125 1085 2172 et
1125 2118 1180 2171 in
1207 2116 1468 2173 circulum
1511 2115 1651 2170 luna:
1683 2114 1842 2171 stella
1863 2111 1892 2154 δ
1921 2116 2107 2186 quinta

535 2226 600 2265 ex
630 2210 858 2265 adverso
901 2208 1125 2264 venit-ns
1168 2209 1427 2263 introisse
1470 2206 1582 2262 visa
1631 2215 1735 2263 est.
1775 2205 1950 2263 Credo
1991 2205 2109 2263 hinc

535 2303 685 2371 signa
728 2309 951 2355 mortem
1003 2299 1172 2367 ipsius
1218 2299 1361 2369 regis
1406 2297 1778 2352 annuntiasse.
1815 2294 1938 2368 Ipse
1978 2310 2108 2354 vero

539 2392 694 2445 valde
745 2388 1078 2453 infirmatus,
1118 2403 1149 2442 a
1191 2389 1428 2444 cinctura
1468 2388 1718 2443 deorsum
1759 2401 1822 2444 se
1870 2387 2112 2445 volutare

539 2495 643 2535 non
670 2487 878 2560 poterat
913 2477 1087 2546 ⁸.υυί
1108 2478 1362 2548 paulatim
1387 2478 1661 2544 decidens,
1690 2479 1922 2547 septimo
1959 2477 2112 2548 regni

538 2575 619 2627 sui
643 2589 786 2628 anno
811 2585 1054 2629 mortuus
1079 2580 1192 2638 est,
1233 2585 1566 2644 regnumque
1595 2571 1713 2640 ejus
1748 2568 2113 2642 Chlotbacha-

543 2667 655 2720 rius
711 2680 804 2722 rex
851 2667 1089 2735 accepit,
1146 2665 1405 2732 capulans
1454 2662 1826 2720 Vuldetradam
1891 2676 2110 2719 uxorem

543 2759 662 2826 ejus
684 2765 854 2812 strato
875 2768 996 2817 suo.
1031 2755 1138 2813 Sed
1180 2755 1469 2823 increpitus
1494 2769 1526 2810 a
1554 2753 1956 2821 sacerdotibus,
1984 2754 2113 2810 reli-

543 2852 654 2918 quit
680 2864 820 2916 eam,
848 2851 982 2904 dans
1008 2847 1058 2902 ei
1087 2846 1428 2903 Garivaldom
1459 2845 1650 2902 ducem
1669 2885 1686 2914 ,
1716 2843 2060 2916 dirigensque
2086 2843 2108 2884 ί

543 2939 801 2997 Arvernis
828 2939 1154 2994 Chramnnm
1189 2935 1355 2991 lilium
1378 2951 1556 2992 suum.

615 3032 682 3086 Χ.
710 3031 789 3086 Eo
822 3039 849 3079 8
879 3045 1022 3086 anno
1058 3027 1443 3086 rebellantibus
1483 3027 1825 3092 Saxonibus,
1854 3025 2114 3082 Chlotha-

543 3122 756 3178 eliarius
779 3138 895 3190 rex,
922 3131 1194 3176 commoto
1213 3129 1399 3176 contra
1420 3132 1515 3175 eos
1541 3117 1808 3184 exercitu,
1829 3118 2113 3172 maximam

543 3230 729 3269 eorum
762 3222 968 3284 partem
998 3211 1228 3276 delevit,
1253 3223 1547 3280 pervagans
1577 3216 1741 3272 totam
1765 3206 2109 3275 Thoringiam
2136 3227 2183 3288 ρ

543 3322 607 3361 ac
633 3307 940 3366 devastatus.
969 3319 1066 3374 pro
1095 3317 1162 3360 eo
1183 3302 1326 3374 quod
1356 3301 1666 3358 Saxonibus
1693 3298 1942 3356 solatium
1977 3315 2116 3371 pra-.-

545 3398 784 3453 buisseut
812 3393 862 3449 δ.

621 3490 711 3546 XI.
766 3486 1066 3544 Decedente
1115 3483 1132 3524 ι
1176 3499 1306 3542 vero
1363 3482 1502 3552 apud
1555 3483 1742 3538 urbem
1793 3481 2114 3537 Turonicam

546 3577 844 3633 Gunthario
872 3589 1148 3645 episcOpo,
1174 3590 1266 3645 per
1284 3573 1651 3637 emissionem,
1675 3581 1732 3624 ut
1760 3571 1957 3637 ferunt,
1978 3569 2120 3625 Can-

546 3671 644 3724 tini
674 3669 936 3738 episc0pi,
963 3666 1096 3722 Cato
1125 3665 1402 3735 presbyter
1421 3663 1487 3717 ad
1517 3661 1917 3732 gubernandam
1942 3661 2116 3716 Turo-

547 3762 683 3816 nica
711 3761 858 3815 urbis
887 3759 1180 3815 Ecclesiam
1211 3758 1511 3827 petebatur.
1549 3753 1707 3827 149
1736 3753 1887 3810 Unde
1920 3753 2116 3809 factum

546 3866 651 3918 em,
681 3863 738 3907 ut
763 3852 1034 3922 conjuncti
1062 3850 1264 3917 clerici,
1293 3865 1414 3903 cum
1447 3849 1708 3903 Leubaste
1734 3847 2054 3918 martyrario
2082 3846 2098 3899 l

547 3957 602 4002 et
628 3945 840 4012 abbate,
867 3961 988 4000 cum
1019 3957 1211 4013 magno
1238 3951 1496 4012 apparatu
1527 3945 1830 3994 Arvernum
1860 3954 2118 4008 propera-

623 4128 648 4157 ⁸
687 4118 775 4174 Sic
794 4117 978 4180 Cori»,
1003 4114 1159 4179 Bel|.,
1183 4114 1301 4170 Bt‘c.
1329 4121 1383 4167 et
1402 4113 1554 4181 Reg.;
1580 4112 1668 4166 alii
1694 4108 2110 4181 Waltletrudum,

545 4201 637 4245 aut
697 4179 1057 4243 Uldotradom.
1116 4185 1239 4239 Ilaec
1279 4188 1374 4238 [ιι-ι
1404 4179 1689 4238 Ν.Ῑευιιιιὶδ
1735 4179 2113 4252 Langobardo-

546 4277 664 4315 rum
696 4260 832 4324 regis
860 4261 1025 4310 altera
1050 4255 1173 4318 lilia,
1202 4255 1528 4320 \\'i~egardis
1550 4252 1904 4324 Theodeberti
1930 4261 2113 4308 uxOrts

545 4345 720 4388 stirttl'.
745 4322 810 4380 de
835 4329 1028 4396 quibus
1050 4326 1244 4379 Paulus
1260 4327 1366 4396 _lib.
1391 4338 1441 4396 t,
1457 4339 1583 4396 cap.
1602 4322 1693 4396 2i.

620 4399 644 4438 δ
688 4399 761 4451 De
789 4393 1218 4464 expeditionibus
1257 4393 1521 4464 Bttccrltni
1572 4393 1627 4464 in
1660 4393 1888 4456 Italiam,
1919 4400 2115 4458 praeter

547 4469 682 4525 alios
706 4461 968 4528 auctores,
995 4463 1202 4532 legendi
1235 4462 1562 4530 potissimum
1587 4461 1876 4527 PI'OCOplIlS
1895 4473 1947 4532 et
1975 4463 2114 4527 Aga-

551 4534 707 4595 tliias.
739 4535 828 4599 qui
857 4535 972 4586 fuse
1001 4529 1068 4585 aa
1091 4529 1245 4586 bellis
1267 4532 1402 4583 inter
1423 4532 1775 4584 Justinianuin
1799 4544 1853 4584 et
1887 4529 2113 4583 Gottnos

547 4608 600 4662 In
629 4605 771 4657 Italia
801 4605 988 4662 motis.
1015 4602 1207 4666 quibus
1236 4615 1356 4654 sese
1382 4599 1568 4653 Franci
1613 4601 1807 4666 saapius
1836 4600 2106 4652 intermis-

544 4688 727 4730 cnere.
755 4675 1104 4737 scripserunt.
1128 4670 1291 4724 Iidem
1315 4670 1384 4724 de
1401 4671 1749 4735 legationibus
1771 4669 1894 4723 hinc
1909 4677 1964 4722 et
1983 4669 2106 4726 inde

549 4745 727 4799 missis
754 4757 818 4795 ea
845 4741 914 4796 de
941 4756 1118 4795 causa.
1152 4740 1491 4793 Buccelinnm
1519 4754 1656 4792 anno
1687 4739 1790 4791 55l
1824 4739 1985 4792 fuisse
2022 4740 2102 4792 in-

546 4821 866 4881 teremptum
907 4821 1094 4865 censet
1121 4809 1393 4881 Valesius,
1433 4809 1745 4876 llatningum
1779 4825 1936 4872 vero,
1969 4809 2104 4864 alte—

543 4902 662 4940 rum
687 4880 926 4938 Francici
958 4881 1229 4935 exercitus
1256 4880 1446 4932 ducem
1468 4920 1482 4941 ,
1515 4895 1656 4933 anno
1685 4883 1958 4946 sequenti,
1983 4895 2105 4934 cum

542 4955 649 5026 jam
696 4950 1314 5026 LeutliariusrBuecelini
1344 4949 1734 5026 .lrater__p_r‘a:da
1781 4958 2004 5026 onustus
2049 4950 2104 5007 in

543 5018 764 5092 patriam
791 5025 983 5081 reverti
1017 5025 1273 5078 lestinaus
1296 5059 1311 5082 ,
1342 5019 1817 5092 interg'gl'rideptum
1849 5033 1911 5070 ac
1946 5018 2106 5092 Vero-

543 5087 665 5151 nam
696 5096 870 5148 luisset
901 5094 1203 5149 defunctus.
1236 5097 1376 5154 Quos
1404 5090 1621 5158 quidem
1651 5087 1980 5158 Francorum
2002 5089 2110 5140 cla-

542 5165 640 5218 des
679 5159 938 5233 appendix
991 5164 1058 5216 atl
1107 5157 1792 5233 Marcellinutncomitem,
1834 5157 2028 5212 Marius
2056 5159 2108 5233 in

543 5229 841 5297 Chronico,
881 5233 1072 5286 Paulus
1115 5231 1399 5291 diaconus,
1447 5230 1639 5295 altique
1689 5237 1966 5293 auctores,
2012 5229 2108 5280 sed

543 5303 704 5356 variis
731 5303 902 5363 annis,
931 5311 1368 5356 commemorant.
1396 5298 1560 5352 Porro
1591 5299 1713 5351 licet
1731 5314 1799 5352 ea
1819 5298 2110 5358 occasione

541 5372 730 5429 Franci
757 5387 818 5426 ea
839 5389 955 5440 qua:
973 5370 1026 5423 in
1051 5370 1198 5424 Italia
1224 5369 1562 5440 pos~idebnut
1593 5369 2110 5440 penitusainiserint,

545 5460 642 5498 nec
676 5455 800 5496 tunc
827 5438 1082 5506 temporis
1105 5454 1382 5507 quisquam
1420 5439 1612 5492 missus
1658 5438 1817 5491 luerit
1841 5439 1905 5488 ad
1937 5452 1999 5488 ea
2026 5452 2115 5507 re.

542 5513 842 5583 cuperauda
860 5527 885 5583 ;Δ
903 5505 1108 5564 eertum
1126 5505 1219 5583 :est
1239 5505 1415 5583 tamen
1444 5508 1775 5583 Clilotarinm
1804 5519 1986 5583 ντξβῳε
2016 5505 2115 5583 ali-

541 5575 664 5651 quid
698 5586 749 5638 in
778 5581 922 5636 Italia
950 5579 1268 5644 |I0.-Sedlsse,
1297 5589 1351 5651 ut
1380 5578 1492 5645 ip~e
1515 5577 1979 5651 Sigillertnsiilius
1994 5575 2114 5651 ejus

541 5645 768 5708 testatur
792 5653 924 5707 infra
953 5651 1042 5703 lib.
1070 5665 1142 5712 ix,
1173 5665 1291 5714 cap.
1324 5649 1415 5710 2d,
1445 5661 1497 5700 et
1521 5647 1852 5711 Langobardi
1885 5647 1933 5697 in
1965 5645 2112 5698 Italia

539 5737 938 5779 cumulant-utea
965 5721 1160 5774 tributa
1188 5720 1510 5772 Francorum
1542 5720 1753 5787 regibus
1787 5716 2107 5783 pendebant,

542 5810 610 5849 Os
637 5796 730 5850 ω».
761 5810 817 5857 ι,
843 5810 959 5863 cap.
988 5793 1038 5846 3.

2209 1949 2315 2007 rat,
2343 1938 2750 2009 promissionem
2771 1940 2842 1995 ab
2860 1940 3230 2010 eoaccipiens,
3261 1948 3319 1995 ut
3339 1940 3384 1996 si
3413 1940 3698 2009 contigerit
3725 1939 3784 1995 in

2207 2030 2435 2088 articulo
2455 2031 2711 2103 temporis
2739 2031 2884 2087 illius
2912 2032 3248 2102 regem'mori
3266 2030 3739 2087 Chlothacharium
3763 2070 3783 2096 ,

2208 2119 2389 2176 statim
2411 2119 2582 2189 ejecto
2601 2120 2829 2176 Cautino
2851 2121 2920 2177 ab
2940 2121 3254 2191 episcopatu
3268 2161 3287 2187 ,
3311 2122 3411 2177 iste
3437 2134 3785 2192 praeponere-

2209 2219 2298 2268 tur
2327 2211 2600 2267 Ecclesia.
2625 2210 2732 2266 Sed
2760 2211 2851 2282 qui
2879 2210 3190 2266 esthedram
3231 2211 3370 2266 beati
3399 2211 3610 2266 Martini
3649 2224 3786 2264 con-

2211 2301 2436 2374 temptui
2467 2302 2673 2368 habuit,
2703 2317 2862 2371 quam
2888 2301 3055 2355 voluit
3075 2315 3180 2356 non
3209 2300 3451 2369 accepit:
3480 2299 3787 2368 impletum-

2209 2409 2318 2466 que
2358 2403 2445 2450 est
2487 2395 2542 2450 in
2587 2410 2653 2452 eo
2694 2394 2834 2465 quod
2884 2393 3045 2448 David
3075 2392 3302 2460 cecinit,
3348 2391 3571 2447 dicens:
3600 2391 3787 2446 Noluit

2212 2485 2624 2551 benedictionem,
2652 2495 2700 2540 et
2723 2485 3113 2555 prolongabitur
3131 2484 3195 2539 ab
3214 2500 3274 2538 eo
3298 2482 3470 2556 (Ptol.
3495 2499 3640 2546 cvm.
3670 2483 3785 2553 I8).

2213 2576 2342 2633 Erat
2363 2578 2507 2634 enim
2537 2578 2787 2632 vanitatis
2806 2576 3071 2632 cothurno
3091 2577 3291 2642 elatus,
3321 2577 3526 2654 nullum
3552 2575 3652 2630 sibi
3684 2591 3785 2644 pu-

2213 2677 2332 2726 tans
2353 2671 2404 2726 in
2425 2671 2708 2725 sanctitate
2733 2669 2915 2726 haberi
2934 2655 3380 2740 praestantiorem.
3399 2669 3529 2723 Nam
3555 2669 3788 2734 quadam

2212 2763 2332 2818 vice
2370 2762 2632 2817 conducta
2679 2763 2904 2832 pecunia
2946 2761 3226 2817 mulierem
3281 2761 3518 2815 clamare
3559 2760 3684 2813 fecit
3732 2761 3787 2811 in

2213 2854 2461 2918 ecclesia,
2483 2855 2631 2924 quasi
2656 2868 2749 2923 per
2765 2853 3055 2923 energiam,
3081 2862 3137 2908 et
3165 2867 3226 2908 se
3246 2861 3486 2906 sanctum
3511 2863 3787 2920 magnum,

2215 2941 2428 3013 Deoque
2465 2944 2686 2998 charum
2715 2942 2989 3009 confiteri;
3026 2942 3305 3000 Cautiuum
3351 2949 3532 2996 autem
3575 2942 3789 3009 episco-

2219 3051 2343 3107 pum
2384 3034 2632 3091 omuihus
2669 3033 2965 3089 sceleribus
3011 3034 3383 3096 criminosum,
3408 3030 3792 3101 indignumque

2215 3126 2306 3196 qui
2332 3124 2690 3182 sacerdotium
2721 3123 2997 3179 debuisset
3014 3122 3255 3194 adipisci.

2287 3217 2399 3274 XI.
2427 3216 2666 3288 Denique
2690 3214 2717 3255 ι
2743 3215 2998 3272 Cautinus
3039 3225 3312 3283 assumpto
3339 3213 3668 3282 episcopatu,
3696 3220 3784 3265 ta-

2221 3311 2326 3365 letn
2369 3323 2431 3366 se
2473 3307 2723 3373 reddidit,
2753 3317 2809 3361 ut
2837 3307 2906 3361 ah
2933 3306 3182 3360 omnibus
3227 3316 3616 3370 exsecraretur,
3661 3305 3791 3360 vino

2220 3401 2363 3455 ultra
2379 3399 2593 3454 modum
2621 3397 2830 3453 deditus
2860 3415 2872 3449 :
2903 3411 3025 3450 nam
3062 3396 3373 3465 plerumque
3399 3394 3451 3449 in
3481 3402 3682 3449 tantum
3704 3395 3792 3448 in-

2222 3493 2545 3548 fundebatur
2574 3503 2722 3560 petu,
2753 3498 2812 3545 ut
2835 3489 2904 3545 de
2924 3490 3171 3543 convivio
3200 3489 3357 3559 150
3395 3487 3482 3542 vix
3503 3502 3533 3540 a
3562 3495 3794 3556 quatuor

2221 3594 2540 3654 portaretur.
2566 3581 2716 3639 Unde
2755 3581 2949 3636 factum
2979 3589 3083 3644 est,
3114 3589 3171 3632 ut
3201 3579 3515 3649 epilepticus
3552 3577 3709 3632 fieret
3735 3577 3792 3631 in

2219 3672 2670 3744 sequentizquod
2722 3673 2916 3740 smpins
2965 3669 3173 3738 pupulis
3221 3667 3612 3722 manifestatum
3670 3667 3789 3720 luit.

2221 3763 2347 3818 Erat
2373 3764 2518 3819 enim
2541 3771 2596 3818 et
2621 3759 2858 3816 avaritiae
2887 3759 3149 3814 intantum
3175 3756 3509 3819 incumbens,
3533 3764 3588 3809 ut
3613 3754 3790 3824 cujus-

2217 3868 2426 3924 cunque
2466 3852 2818 3922 possessionis
2851 3849 2988 3906 lines
3005 3850 3122 3918 ejus
3150 3850 3377 3903 termino
3405 3847 3784 3913 adhaesissent,

2217 3945 2488 4002 interitum
2513 3943 2612 3999 sibi
2645 3951 2871 4013 putaret,
2895 3942 2938 3996 si
2979 3940 3049 3998 ab
3084 3939 3286 3996 eisdem
3313 3937 3511 4010 aliquid
3543 3953 3649 3992 non
3681 3939 3782 3992 mi-

2292 4131 2314 4160 ε
2359 4120 2488 4174 IIur.
2518 4134 2587 4181 ς..
2619 4133 2848 4172 suntcum.

2287 4189 2313 4228 ιι
2356 4194 2442 4246 sic
2496 4191 2658 4242 00111.
2693 4201 2746 4241 ct
2784 4189 2995 4257 Regum
3026 4185 3204 4242 ca'leri
3249 4183 3392 4250 fere,
3426 4183 3563 4237 tunc
3598 4182 3791 4252 quinta:

2216 4263 2381 4317 stella;
2412 4261 2521 4325 alii,
2548 4258 2768 4313 stellam.

2227 4402 2238 4414 ο
2290 4341 2331 4414 τ.
2355 4320 2569 4398 Regni.,
2603 4329 2693 4379 diu
2721 4344 2823 4382 non
2866 4335 3059 4397 potcrat
3097 4336 3253 4379 stare.
3283 4323 3406 4379 Bec.
3440 4330 3496 4376 et
3537 4320 3696 4381 Bell..
3736 4337 3792 4374 se

2207 4401 2568 4538 μτκᾶζξῖιηη
2593 4465 2817 4538 dirigens
2845 4465 3078 4520 Arvernis
3107 4465 3175 4518 ad
3195 4463 3364 4534 ﬁlium
3389 4477 3538 4517 suum
3563 4458 3785 4514 Chrom-

2218 4557 2360 4594 num.

2266 4617 2313 4676 ¹8
2359 4627 2474 4683 Hoc
2498 4635 2657 4696 caput
2678 4627 2830 4682 deest
2858 4624 2910 4678 in
2936 4625 3062 4695 Reg.
3095 4635 3148 4677 et
3170 4623 3323 4686 Coll).

2282 4715 2313 4757 δ
2353 4720 2580 4788 Aliqum,
2604 4717 2863 4788 suppetias
2886 4716 3252 4788 praestitissent.
3274 4715 3328 4769 EI
3358 4725 3630 4788 prorutam
3643 4713 3793 4788 Ilio-

2211 4782 2694 4860 ringiam,'|ia|ient,
2722 4787 3026 4860 Tornacum,
3051 4785 3401 4860 Thoringium.
3427 4785 3625 4860 plurius
3643 4782 3794 4860 Thu-

2214 4855 2400 4930 riitgize
2429 4859 2856 4930 devastationetn
2878 4859 2947 4910 ob
2979 4856 3212 4930 praestita
3241 4855 3542 4930 Saxonibus
3575 4855 3776 4930 auxilia

2213 4921 2333 4998 ρυδῖ
2357 4930 2578 4998 alterum
2603 4926 2878 4998 ςὶιιιςηςιήίΔ
2894 4921 3285 4998 expeditionem
3307 4924 3592 4992 contigisse
3615 4921 3783 4976 refert

2214 4993 2303 5052 an.
2340 4999 2406 5053 l5
2433 4998 2492 5051 P.
2516 4997 2577 5050 (Σ.
2601 4996 2802 5058 Basilii,
2830 4995 2880 5048 id
2903 5003 2986 5048 est
3006 4993 3131 5058 556,
3167 4997 3394 5060 priorem
3422 5009 3562 5046 anno
3587 5007 3790 5061 praece-

2214 5070 2383 5134 denti,
2410 5082 2517 5137 quo
2536 5065 2950 5120 'l‘heodebaldus
2976 5064 3133 5128 obiit,
3150 5066 3446 5130 consignat.

2291 5158 2310 5198 ι
2357 5159 2466 5213 Hoc
2493 5165 2655 5225 caput
2677 5171 2782 5209 non
2811 5154 3011 5208 habent
3029 5155 3282 5225 Coriniet
3297 5153 3430 5206 Bell.

2293 5230 2306 5278 i
2345 5222 2640 5282 Concilium
2663 5226 2937 5279 Aurelian.
2967 5239 3006 5277 II
3025 5239 3165 5278 anno
3185 5223 3444 5285 535.com
3473 5222 3558 5284 I5,
3582 5222 3790 5284 statuit,

2215 5310 2267 5351 ut
2287 5299 2510 5363 abbates,
2542 5295 2863 5365 martyrarit',
2894 5303 3022 5358 elc.,
3053 5294 3325 5365 apostolis,
3346 5293 3395 5345 id
3451 5303 3534 5345 est
3555 5363 3563 5365 _
3587 5291 3794 5365 litteras

2217 5362 2574 5430 dimissorias,
2599 5362 2726 5418 dare
2749 5381 2849 5418 non
2876 5362 3200 5430 praesumant.
3219 5363 3511 5432 Martyrarii
3534 5362 3791 5432 diceban-

2217 5449 2326 5504 tur,
2351 5437 2490 5505 quod
2514 5447 2805 5505 martyrum
2835 5429 3088 5486 oratoriis
3111 5429 3424 5505 pricesseut.
3448 5432 3527 5505 Ex,
3551 5429 3786 5505 formula

2222 5500 2610 5575 Ant'le'gaveitsi,
2643 5500 2792 5558 num.
2822 5506 2914 5566 48,
2948 5514 3090 5557 ιοιιιο
3127 5502 3453 5575 IV_Ana|ect.
3487 5500 3792 5575 Mabillon_.,

2221 5572 2487 5647 colligitur
2545 5572 2918 5644 martyrarinn:
2975 5573 3272 5627 malricula:
3326 5587 3422 5626 seu
3473 5572 3795 5624 nusocouiiu

2220 5663 2509 5718 pauperum
2541 5650 2838 5713 praemisso.
2875 5716 2882 5724 ι
3647 5707 3664 5721 Ἴ

2289 5717 2312 5755 λ
2349 5718 2455 5774 Hoc
2498 5727 2653 5786 caput
2695 5718 2846 5769 deest
2874 5731 2924 5767 III
2957 5714 3139 5774 Cori»,
3191 5713 3343 5773 llell.,
3391 5711 3514 5778 Reg.
3546 5718 3601 5764 et
3627 5709 3794 5762 Lolli.
