4016 6338
316 307 416 362 επ

1236 305 1553 362 HISTORIA
1594 302 2032 362 FRANCORIHI.
2075 303 2276 361 LIBER
2314 301 2659 368 QUARTUS.

3445 303 3550 358 278

313 425 523 480 nuisset
549 443 562 478 :
594 431 650 480 et
677 437 708 478 a
729 421 1021 494 majoribus
1041 421 1259 492 quidem.
1273 439 1394 482 cum
1419 422 1605 481 rixaet
1633 422 1889 476 seandalo
1917 423 1963 480 Α
1994 427 2075 471 tus
2105 416 2219 481 fuit,
2251 426 2306 471 ut
2334 417 2608 486 presbyter
2629 430 2786 488 caput
2817 419 2960 473 foras
2985 419 3260 485 educeret,
3292 419 3551 488 majorne

313 515 669 580 auferebat”
703 514 1002 570 minoribus
1048 524 1225 566 autem
1273 514 1535 568 violenter
1580 511 1886 580 diripiebat.

311 604 518 673 Quibus
544 614 601 660 et
628 619 658 658 a
685 604 896 676 quibus,
930 613 986 658 ut
1011 603 1208 660 Sollius
1237 614 1263 640 ⁸
1296 617 1476 659 noster
1498 607 1598 670 ait,
1628 623 1644 655 ι
1671 618 1768 658 nec
1797 603 1890 656 da-

313 694 407 748 bat
443 693 616 765 pretia
658 702 1029 756 contemnens,
1063 709 1160 747 nec
1197 694 1490 761 accipiebat
1537 694 1888 747 instrumenta

313 783 676 851 desperansJ
732 783 859 841 Erat
911 787 1054 838 enim
1107 792 1233 836 tunc
1283 784 1536 852 temporis
1579 785 1890 836 Anastasius

316 875 621 947 presbyter,
649 874 910 942 ingenuus
936 889 1154 942 genere,
1185 873 1271 940 qui
1298 889 1390 941 per
1415 873 1626 928 chartas
1644 872 1890 942 gloriose

315 963 592 1020 memoriae
620 963 1018 1018 Cbrotecbildis
1048 967 1243 1032 reginae
1264 965 1640 1032 pr0prietatem
1659 963 1888 1032 aliquam

315 1054 624 1123 possidebat
655 1070 669 1106 :
701 1068 861 1122 quem
897 1055 1210 1122 plerumque
1255 1063 1573 1108 conventum
1608 1054 1890 1122 episcOpus

315 1145 541 1215 rogabat
568 1143 840 1199 humiliter
861 1159 923 1198 ac
951 1144 1282 1212 suppliciter,
1307 1154 1361 1198 ut
1385 1144 1434 1198 ei
1467 1146 1680 1197 chartas
1707 1159 1893 1212 supra-

314 1234 476 1289 dicta:
506 1234 704 1302 regina:
733 1233 906 1296 daret,
938 1231 1148 1301 sibique
1179 1233 1572 1301 possessiOnetn
1606 1234 1740 1288 hanc
1768 1233 1894 1286 sub-

318 1321 495 1376 deret.
517 1321 621 1376 Sed
639 1322 728 1377 ille
743 1337 866 1376 cum
891 1321 1214 1376 voluntatem
1235 1321 1529 1376 sacerdotis
1550 1323 1630 1376 sui
1673 1325 1894 1391 implere

316 1410 576 1475 diﬂerret,
593 1425 821 1480 eumque
833 1411 1110 1482 episcOpus
1123 1427 1263 1466 nunc
1276 1412 1544 1468 blanditiis
1555 1428 1782 1483 provoca
1791 1425 1891 1482 ret,

319 1516 465 1556 nunc
494 1503 652 1558 minis
680 1512 929 1569 terreret,
955 1503 1022 1556 ad
1068 1503 1311 1559 ultimum
1343 1505 1563 1560 invitum
1596 1508 1712 1562 urbi
1739 1508 1892 1563 exhi-

318 1590 435 1646 beri
472 1593 751 1662 praecepit,
775 1591 952 1662 ibique
981 1594 1318 1662 impudenter
1347 1597 1543 1662 teneri;
1575 1607 1650 1664 et,
1677 1598 1776 1652 nisi
1808 1600 1896 1654 iu-

317 1690 615 1739 strumenta
642 1684 815 1748 daret,
841 1682 1046 1752 injuriis
1075 1685 1214 1742 affici
1254 1695 1306 1740 et
1337 1685 1475 1741 fame
1504 1689 1879 1756 necarijussit.

1992 526 2098 578 quo
2140 521 2279 564 totus
2305 513 2648 580 egrederetur
2681 513 2877 566 aditum
2911 512 3130 566 liberius
3168 513 3442 581 patefecit.
3472 515 3554 568 ln~

1993 611 2136 654 terea
2190 603 2882 671 operientibusnocturnis
2945 604 3179 660 tenebris
3232 606 3410 672 diem,
3459 623 3559 663 nec

1992 693 2166 747 adhuc
2193 705 2571 763 nquequaque
2599 694 2984 760 d.ilfusis,aliud
3007 704 3208 765 cryptae
3238 697 3432 755 ostium
3465 713 3558 766 pe-

1993 787 2056 837 tit
2089 801 2103 841 :
2134 795 2248 838 erat
2275 787 2416 839 enim
2449 786 2581 838 seris
2607 784 2913 840 fortissimis
2942 785 3214 854 clavisque
3238 787 3560 841 firmissimis

1991 877 2326 943 obseratum;
2361 886 2726 937 verumtamen
2757 891 2860 931 non
2889 887 3004 931 erat
3053 878 3126 931 ita
3163 876 3472 946 levigatam.
3506 889 3560 932 ut

1993 968 2132 1023 inter
2165 971 2364 1024 tabulas
2394 969 2631 1037 aSplcere
2660 970 2816 1022 homo
2848 986 2952 1024 non
2983 979 3180 1038 posset.
3211 974 3289 1024 Ad
3321 969 3416 1023 ltos
3447 971 3561 1024 adi-

1995 1072 2079 1115 tus
2129 1063 2404 1131 presbyter
2434 1071 2594 1130 caput
2629 1063 2876 1130 reclinat,
2909 1063 3247 1131 advertitque
3292 1062 3560 1118 hominem

1993 1154 2131 1203 viam
2175 1159 2602 1216 praetereuntem.
2639 1151 2809 1216 Hunc,
2845 1151 2967 1206 licet
3011 1167 3142 1206 voce
3187 1152 3355 1215 tenui,
3389 1163 3559 1207 vocat.

1997 1241 2223 1297 Exaudit
2248 1241 2357 1304 ille,
2387 1257 2485 1295 nec
2521 1255 2688 1306 mora,
2717 1257 2956 1296 securem
2981 1259 3137 1296 manu
3167 1253 3373 1306 tenens,
3401 1243 3562 1297 sudes

1997 1332 2224 1400 ligneas,
2255 1333 2444 1400 quibus
2467 1346 2602 1387 sera:
2628 1332 3060 1396 continebantur,
3093 1333 3301 1394 incidit.
3332 1335 3562 1387 aditum-

1995 1438 2099 1490 que
2149 1423 2458 1495 presbytero
2506 1421 2776 1492 patefecit.
2806 1425 2874 1476 At
2918 1422 3008 1477 ille
3050 1422 3116 1477 de
3147 1431 3303 1476 nocte
3342 1439 3561 1478 consur-

1994 1527 2146 1584 gens,
2191 1513 2257 1566 ad
2287 1513 2501 1567 domum
2536 1512 2727 1583 pergit,
2769 1513 2898 1568 satis
2937 1513 3110 1567 virum
3160 1513 3470 1575 obsecrans,
3499 1530 3564 1568 ne

1995 1604 2064 1659 de
2091 1619 2156 1660 eo
2177 1607 2422 1673 cuiquam
2453 1603 2598 1658 aliud
2634 1613 2930 1658 enarraret.
2957 1605 3182 1659 Domum
3211 1603 3374 1673 igitur
3414 1620 3563 1658 suam

1995 1695 2288 1764 ingressus,
2318 1693 2583 1764 inquisitis
2623 1694 2845 1760 chartis,
2877 1709 3008 1762 quas
3050 1694 3099 1748 ei
3143 1706 3433 1748 memorata
3482 1710 3563 1748 re-

317 1772 430 1832 Sed
472 1774 562 1829 ille
587 1774 725 1830 virili
771 1789 1071 1847 repugnans
1114 1777 1327 1844 splritn,
1359 1792 1628 1846 nunquam
1663 1781 1889 1847 prmbuit
1921 1787 1966 1847 Β
1991 1785 2112 1854 gina
2165 1784 2475 1853 tradiderat,
2509 1784 2574 1838 ad
2616 1784 3083 1838 Chlotltacbarium
3138 1801 3317 1852 regem
3370 1783 3561 1848 defert,

319 1867 711 1936 instrumenta,
757 1866 941 1923 dicens
983 1869 1211 1925 :Satius
1255 1871 1354 1925 sibi
1403 1886 1523 1926 esse
1569 1873 1633 1926 ad
1685 1885 1892 1941 tempus

317 1957 495 2012 inedia
530 1959 824 2024 tabescere,
855 1976 1014 2029 quam
1056 1962 1295 2016 sobolem
1327 1963 1378 2016 itt
1425 1971 1694 2032 posterum
1727 1965 1892 2021 mise-

316 2062 435 2102 ram
471 2049 792 2118 dereliuqui.
824 2049 975 2105 Tunc
1013 2067 1078 2105 ex
1104 2052 1254 2120 jussu
1285 2053 1520 2122 episcopi
1549 2055 1771 2109 traditur
1798 2073 1892 2111 cu-

318 2139 585 2202 stodibus,
613 2149 680 2193 ur
699 2141 801 2194 nisi
832 2142 928 2195 bas
955 2141 1227 2196 chartulas
1265 2144 1533 2212 proderet,
1567 2145 1705 2209 fame
1737 2163 1892 2201 neca-

317 2240 490 2288 retur.
525 2233 652 2288 Erat
676 2237 817 2287 enim
839 2234 902 2288 ad
929 2234 1198 2291 basilicam
1225 2236 1393 2290 sancti
1416 2236 1582 2297 Cassii
1599 2236 1626 2276 ιι
1646 2241 1892 2308 martyris

317 2331 506 2394 crypta
535 2323 903 2393 antiquissima
951 2325 1420 2400 abditissitnaque,
1447 2327 1534 2392 ubi
1574 2340 1688 2383 erat
1716 2331 1894 2399 sepul-

319 2428 470 2466 crum
510 2429 758 2483 magnum
786 2430 850 2468 ex
877 2429 1146 2477 marmore
1185 2416 1362 2482 Pario,
1421 2417 1474 2471 in
1501 2433 1606 2488 quo
1626 2419 1891 2488 grandva

319 2503 598 2572 cujusdam
621 2505 852 2561 lictuiuis
877 2520 1075 2578 corpus
1104 2507 1333 2576 positum
1361 2492 1664 2564 videbatur.
1698 2512 1752 2564 lu
1794 2512 1894 2567 hoc

321 2597 571 2666 sepulcro
609 2613 771 2666 super
790 2599 1056 2667 sepultum
1083 2601 1270 2656 vivens
1306 2601 1587 2672 presbyter
1615 2605 1892 2672 sepelitur,

323 2688 671 2756 operiturque
705 2689 900 2757 lapide,
930 2705 1038 2759 quo
1065 2691 1212 2760 prius
1257 2694 1643 2761 sarcophagutn
1671 2695 1766 2748 fuit
1799 2695 1893 2749 ob-

322 2788 548 2845 tectum,
578 2780 718 2834 datis
744 2793 868 2835 ante
895 2784 1088 2836 ostium
1120 2781 1450 2838 custodibus.
1498 2785 1604 2841 Sed
1647 2791 1895 2842 custodes

322 2872 415 2925 ﬁdi
441 2871 582 2940 quod
614 2871 788 2940 lapide
819 2883 1174 2943 premeretur,
1207 2889 1328 2927 cum
1352 2885 1495 2928 esset
1547 2884 1766 2947 hyems,
1799 2891 1892 2930 ac-

320 2977 493 3017 censu
518 2965 660 3033 igne,
684 2963 810 3018 vino
844 2965 1000 3029 sopiti
1032 2964 1204 3019 calido
1253 2965 1614 3030 obdormiunt.
1642 2969 1706 3019 At
1743 2984 1892 3034 pres-

321 3053 501 3126 byter,
530 3063 780 3124 tanquam
811 3069 978 3108 novus
1005 3053 1190 3121 Jonas,
1225 3055 1368 3108 velut
1395 3057 1462 3109 de
1515 3058 1666 3134 151
1708 3065 1891 3112 ventre

1995 1876 2238 1931 indicans
2281 1875 2513 1945 qualiter
2549 1875 2702 1944 152
2732 1875 2798 1928 ab
2837 1877 3090 1942 episropo
3137 1889 3234 1928 suo
3265 1875 3446 1927 vivens
3473 1890 3560 1927 se-

1993 1965 2220 2037 pultura:
2274 1965 2444 2020 fuerat
2499 1966 2844 2034 mancipatus.
2889 1964 3328 2029 Stupescentibns
3383 1973 3560 2016 antem

1992 2055 2258 2120 omnibus,
2288 2066 2344 2110 et
2371 2055 2693 2118 dicentibus,
2736 2070 3015 2122 nunquam
3043 2055 3442 2118 vel‘Neronem,
3477 2055 3562 2107 vei

1993 2146 2259 2202 Herodem
2304 2146 2410 2201 tale
2449 2147 2653 2200 facinus
2683 2157 3038 2214 perpetrasse,
3074 2154 3129 2197 ιιι
3176 2149 3335 2199 homo
3377 2153 3561 2198 vivens

1992 2238 2240 2306 sepulcro
2291 2238 2692 2302 reconderetur,
2747 2236 2964 2290 advenit
2993 2235 3058 2289 ad
3089 2236 3559 2291 Cblothacharium

1993 2343 2172 2399 regem
2203 2327 2462 2382 Cautlnus
2503 2327 2786 2395 episc0pus
2818 2344 2832 2380 :
2865 2327 2960 2380 sed
3009 2338 3297 2380 accusante
3336 2327 3561 2395 pteshy-

1994 2429 2131 2484 tero,
2161 2421 2330 2472 victos
2358 2417 2720 2486 confususque
2765 2417 3038 2472 discessit.
3073 2416 3358 2485 Presbyter
3385 2426 3561 2471 antem

1992 2511 2223 2579 acceptis
2265 2526 2296 2562 a
2328 2525 2451 2577 rege
2502 2509 2970 2576 praeceptionibus,
3013 2523 3101 2562 res
3145 2523 3271 2561 suas
3307 2516 3367 2562 ut
3410 2508 3563 2563 libut

1993 2599 2291 2656 defensavit
2333 2600 2693 2670 posseditque,
2733 2615 2795 2655 ac
2823 2601 2935 2656 suis
2977 2600 3208 2668 posteris
3255 2599 3555 2666 dereliquit.

1995 2692 2052 2747 In
2099 2692 2324 2747 Cautino
2365 2701 2544 2745 antem
2575 2691 2709 2746 nihil
2739 2693 2933 2754 sancti,
2968 2690 3101 2744 nihil
3149 2688 3297 2757 pensi
3331 2689 3426 2741 fuit
3452 2705 3465 2741 :
3493 2689 3563 2742 de

1993 2785 2237 2840 omnibus
2287 2785 2428 2840 enim
2467 2784 2765 2852 scripturis,
2819 2790 2924 2862 tam
2971 2783 3350 2862 ecclesiasticis
3399 2797 3562 2848 quam

1995 2875 2362 2940 saecularibus,
2407 2874 2635 2942 adplene
2685 2861 2936 2928 immunis
2971 2859 3099 2926 fuit.
3153 2871 3352 2927 Jud:eis
3400 2875 3556 2927 valde

1997 2965 2192 3019 charos
2218 2980 2281 3018 ac
2307 2965 2551 3019 subditus
2582 2974 2717 3027 erat,
2739 2978 2846 3017 non
2878 2978 2975 3031 pro
3002 2962 3194 3023 salute.
3228 2972 3284 3016 ut
3334 2967 3561 3030 pastoris

1996 3063 2120 3109 cura
2153 3055 2310 3110 debet
2339 3071 2460 3110 esse
2489 3055 2738 3121 sollicita,
2768 3055 2861 3107 sed
2905 3069 2998 3121 pro
3025 3056 3398 3120 comparandis
3438 3070 3557 3120 Spe-

322 3145 505 3213 inferi,
529 3148 600 3200 ita
624 3148 693 3202 de
721 3147 1067 3202 conclusione
1115 3148 1302 3201 tumuli
1335 3148 1544 3208 Domini
1591 3150 1888 3212 ntisertcor-
1917 3151 1963 3222 (ς
1996 3147 2197 3211 ciebus,
2224 3161 2355 3215 quas
2376 3162 2495 3201 cum
2524 3147 2610 3200 hic
2624 3146 2970 3210 blandiretur,
2994 3145 3148 3200 etilli
3175 3159 3234 3200 se
3255 3147 3564 3199 adulatores

325 3237 471 3290 diatn
517 3237 806 3306 flagitabat.
837 3238 899 3290 Et
927 3237 1366 3306 quiaspatiosum
1398 3248 1532 3306 erat,
1563 3250 1615 3292 ut
1641 3240 1893 3310 diximus,

323 3328 745 3398 sarc0pltagum,
761 3329 858 3382 etsi
887 3341 945 3389 se
979 3330 1241 3398 integrum
1283 3341 1494 3385 vertere
1525 3347 1630 3384 non
1667 3341 1894 3402 poterat,

326 3433 518 3471 manus
545 3403 720 3477 tamen
753 3423 804 3482 in
839 3431 986 3487 parte
1020 3436 1131 3489 qua
1158 3422 1410 3476 voluisset
1445 3422 1610 3478 libere
1640 3424 1899 3478 extende-

327 3506 440 3561 bat.
473 3508 722 3570 Manabat
755 3511 896 3568 enim
934 3526 996 3563 ex
1028 3513 1238 3564 Ossibus
1283 3513 1474 3567 mortui
1511 3555 1526 3580 ,
1559 3523 1616 3566 ut
1663 3514 1778 3582 ipse
1816 3533 1900 3570 rc—

327 3600 475 3658 ferre
501 3613 616 3656 erat
645 3602 856 3669 solitus,
908 3607 1045 3656 letor
1072 3603 1303 3670 lethalis,
1336 3605 1423 3672 qui
1452 3620 1557 3659 non
1597 3605 1768 3660 soloin
1803 3623 1901 3659 ex-

328 3705 704 3757 terna,verum
726 3695 884 3748 etiam
911 3699 1035 3748 intet
1051 3710 1114 3754 na
1148 3710 1407 3748 v.seerum
1439 3697 1724 3762 quatiebat.
1743 3697 1901 3749 (Zum-

326 3803 436 3855 que
479 3787 641 3855 pallio
686 3786 861 3841 aditus
891 3787 1096 3840 narium
1128 3788 1430 3853 obseraret,
1456 3789 1688 3854 quandiu
1721 3787 1900 3842 [latum

325 3878 606 3932 continere
636 3886 875 3946 poterat,
897 3877 1027 3931 nihil
1059 3879 1342 3953 pessimum
1371 3879 1628 3932 sentiebat
1659 3895 1671 3930 :
1701 3879 1785 3934 ubi
1810 3895 1904 3932 au-

329 3978 440 4023 tem
469 3985 528 4023 se
566 3970 715 4038 quasi
747 3970 996 4024 suffocari
1030 3971 1267 4039 putabat,
1298 3981 1502 4024 remoto
1531 3971 1804 4039 paululum
1837 3971 1904 4023 ab

328 4073 428 4115 ore
473 4059 656 4128 pallio,
691 4074 793 4113 n0n
825 4061 983 4113 modo
1026 4075 1120 4127 per
1148 4075 1211 4113 os
1239 4071 1329 4114 aut
1377 4074 1471 4127 per
1512 4043 1688 4123 nares,
1721 4074 1903 4112 verum

329 4151 497 4206 etiam
525 4166 622 4219 per
645 4132 810 4219 ipsas:
851 4161 906 4211 ut
946 4151 1013 4202 ita
1044 4150 1239 4216 dicam,
1279 4164 1460 4215 antes,
1492 4148 1710 4202 odorem
1743 4149 1906 4216 pesti-

333 4248 505 4299 ferum
551 4244 846 4298 nauriebat.
883 4242 1021 4308 Quid
1068 4243 1249 4310 plura?
1280 4240 1505 4308 Quando
1528 4239 1818 4304 divinitati,
1851 4251 1908 4293 ut

333 4336 520 4400 credo,
549 4335 846 4401 condoluit,
871 4349 1085 4386 manum
1110 4334 1388 4396 dexteram
1412 4332 1476 4386 ad
1502 4331 1760 4400 spondam
1793 4345 1908 4384 sar-

334 4427 562 4495 e0pbagi
603 4425 795 4490 tendit,
854 4425 1156 4493 repetitque
1209 4435 1432 4487 vectem,
1481 4423 1570 4491 qui
1617 4423 1910 4477 decedente

2000 3238 2431 3292 manifestissime
2451 3236 2803 3302 declararent,
2833 3236 3022 3304 majori
3049 3253 3208 3305 quam
3248 3239 3564 3292 constabant

2002 3329 2171 3398 pre-io
2201 3327 2592 3382 venumdabant
2625 3335 2673 3380 ⁸.

2076 3419 2210 3473 ΧΙΙΙ.
2236 3419 2532 3471 Cltramnus
2559 3414 2585 3454 ’³
2624 3431 2752 3472 vero
2776 3416 2858 3471 liis
2885 3416 3070 3471 diebus
3101 3417 3238 3486 apud
3266 3420 3572 3472 Arvernum

2002 3513 2286 3568 residebat.
2322 3511 2500 3566 Multa:
2527 3511 2670 3564 enim
2699 3525 2872 3565 causa:
2898 3524 3022 3565 tunc
3065 3527 3159 3579 per
3195 3528 3316 3564 eum
3347 3514 3558 3564 irratio-

2004 3605 2250 3657 nabiliter
2294 3600 2648 3670 gerebantur;
2679 3611 2732 3655 et
2759 3601 2828 3654 ob
2859 3603 2956 3654 hoc
2986 3604 3311 3656 acceleratus
3338 3614 3420 3655 est
3446 3613 3469 3638 ο
3495 3605 3564 3656 dc

2004 3695 2203 3747 mundo
2234 3709 2249 3747 :
2279 3692 2504 3747 multum
2533 3692 2674 3746 enim
2704 3692 3125 3747 ntaledicebatur
3145 3710 3172 3746 a
3199 3695 3411 3761 populo.
3444 3693 3568 3746 Ναι-

2003 3784 2111 3838 lum
2150 3792 2326 3838 autem
2371 3784 2642 3838 hominem
2675 3783 2945 3853 diligebat,
2976 3801 3005 3837 ιι
3030 3801 3134 3855 quo
3162 3785 3444 3839 censilittm
3481 3787 3569 3839 bo-

2005 3892 2131 3929 num
2186 3877 2420 3944 utileque
2449 3887 2627 3945 posset
2656 3877 2928 3943 accipere;
2963 3879 3063 3932 nisi
3106 3879 3352 3933 collectis
3383 3880 3580 3935 vilibus

2007 3971 2250 4036 personis
2299 3977 2458 4022 mtate
2496 3968 2718 4038 juvenili
2766 3970 3166 4039 ﬂuctuantibus,
3197 3973 3416 4028 eosdem
3458 3986 3573 4026 tan-

2009 4063 2280 4117 tummodo
2299 4061 2551 4143 diligebat
2569 4061 2610 4129 ‘,
2627 4079 2920 4132 eorumque
2940 4065 3219 4118 consilium
3234 4067 3478 4129 audiens,
3503 4067 3584 4122 ita,

2009 4163 2062 4206 ut
2097 4155 2232 4206 filias
2257 4163 2564 4207 senatorum
2597 4154 2734 4208 datis
2767 4154 3234 4222 prteeeptionibus,
3260 4157 3462 4208 eisdent
3495 4159 3571 4206 vi—

2006 4243 2254 4298 dentibus
2279 4243 2414 4296 trahi
2448 4251 2473 4290 s
2501 4244 2735 4311 juberet.
2768 4243 3059 4296 Firminum
3081 4257 3108 4293 a
3141 4243 3397 4296 comitatu
3431 4243 3576 4296 urbis

2008 4335 2242 4403 graviter
2269 4333 2573 4401 injuriatum
2602 4334 2800 4401 abegit,
2833 4342 2888 4387 ct
2927 4335 3215 4387 Salustiqu
3247 4335 3434 4388 Evodii
3469 4335 3574 4404 [ΑΙ.

2015 4419 2238 4492 Euvodi]
2269 4422 2431 4476 lilium
2476 4423 2799 4489 subrogavit.
2827 4423 2934 4477 Sed
2969 4422 3234 4475 Firminus
3259 4438 3378 4476 cum
3413 4440 3574 4480 socru

334 4517 632 4584 aperturio,
657 4516 795 4570 inter
822 4515 992 4582 ipsum
1024 4529 1086 4568 ac
1129 4514 1324 4571 labiwn
1357 4513 1586 4580 sepulcri
1635 4529 1903 4569 retnanse-
1940 4513 2108 4572 Dsua
2156 4513 2437 4572 ecclesiam
2493 4512 2662 4581 petiit.
2704 4512 2872 4572 Erant
2917 4521 3095 4566 autem
3146 4513 3578 4582 Quadragesima:

338 4608 642 4676 rataQuem
684 4605 938 4674 paulatim
988 4619 1353 4668 commovens,
1383 4604 1552 4657 sensit
1590 4615 1916 4669 cooperante
2013 4606 2129 4658 dies
2158 4622 2171 4656 :
2202 4615 2254 4658 et
2276 4604 2835 4669 Cautiuusepiseopus
2861 4605 2912 4657 ιιι
2955 4603 3323 4659 BriVatcnsem
3375 4606 3573 4658 diutce-

343 4699 436 4752 Dei
466 4697 752 4768 adjutorio,
775 4697 1000 4766 lapidem
1032 4695 1504 4750 amoveri.Verum
1528 4695 1616 4748 ubi
1643 4695 1712 4747 ita
1737 4711 1917 4749 remo-
2015 4695 2114 4749 sint
2138 4690 2166 4734 δ
2197 4695 2471 4762 psallendo
2498 4696 2644 4747 adire
2689 4693 3046 4764 disposuerat,
3087 4695 3240 4763 juxta
3287 4696 3573 4749 institutio-

417 4838 442 4910 ξ
476 4827 630 4891 Bad.,
670 4826 1063 4910 Solinu§;n_5?d
1102 4835 1319 4910 .nostra.
1360 4825 1515 4879 lectio
1564 4825 1916 4910 tutelior.“|lic

343 4899 543 4972 quippe
576 4896 902 4975 Apollinaris
931 4895 1183 4950 Sidonius
1213 4897 1534 4963 designatur.
1567 4895 1652 4976 qui
1690 4907 1742 4948 et
1766 4895 1914 4951 dice-

347 4968 501 5020 batur
535 4965 690 5020 Caius
723 4964 938 5018 Sollius.
974 4966 1143 5018 Locus
1171 4975 1345 5017 autem
1373 4982 1399 5015 ει
1434 4963 1690 5030 Gregorio
1719 4967 1906 5018 lauda-

2085 4826 2256 4879 11·ΙΙ‹›‹;
2295 4837 2454 4894 caput
2499 4827 2652 4880 deest
2679 4826 2730 4878 in
2763 4840 2879 4894 reg.
2907 4834 2962 4878 et
3003 4825 3155 4878 Colb.
3203 4825 3402 4878 Confer
3451 4827 3578 4882 illud

2017 4912 2136 4950 cum
2164 4911 2280 4964 cap.
2315 4897 2382 4947 66
2411 4897 2525 4948 libri
2558 4911 2578 4948 ιν
2601 4899 2668 4949 de
2699 4897 2878 4948 Gloria
2909 4896 3062 4948 Mart.

2090 4978 2112 5001 ι’
2144 4968 2232 5019 Sie
2256 4982 2382 5019 mss.
2419 4966 2560 5019 Editi
2591 4982 2736 5022 vero.
2765 4970 2977 5018 celerius
3007 4965 3210 5016 ablatus
3240 4975 3333 5018 est.

345 5048 433 5095 tus
459 5039 681 5089 habetur
712 5035 764 5088 in
800 5036 1020 5100 epistola
1053 5037 1102 5099 l,
1134 5035 1227 5088 lib.
1263 5049 1325 5098 tt,
1355 5050 1476 5102 qua:
1504 5047 1585 5088 est
1613 5035 1679 5088 ad
1713 5035 1907 5088 Hecdi-

343 5108 507 5185 cium,
540 5108 625 5185 ubi
651 5105 884 5185 loquitur
907 5105 974 5185 de
997 5105 1238 5185 Serenati
1269 5106 1428 5185 vitiis,
1453 5108 1538 5168 qui
1572 5121 1657 5158 res
1683 5105 1907 5185 aliorum

345 5176 641 5256 invadebat'
661 5174 816 5256 nullo
837 5175 962 5226 dato
990 5175 1183 5242 pretio,
1208 5175 1352 5256 quod
1383 5190 1475 5256 eos
1501 5184 1906 5256 contemneret;

344 5259 446 5305 nec
474 5246 768 5324 accipiebat
804 5246 1176 5310 instrumenta,
1205 5246 1258 5298 id
1287 5253 1370 5299 est
1397 5246 1599 5299 litteras
1636 5260 1730 5299 seu
1761 5247 1910 5298 tabu-

344 5317 425 5367 las
454 5315 794 5367 venditionis.

343 5317 425 5369 Ias
454 5317 794 5368 venditionis.

362 5455 396 5463 η
417 5384 445 5422 δ
465 5385 542 5440 De
569 5385 666 5437 bac
687 5382 780 5463 lib.
810 5397 840 5463 ι,
857 5383 928 5437 de
975 5383 1218 5438 ecclesiis
1244 5382 1573 5463 piaroont'ont.
1605 5383 1789 5462 E_vstat
1815 5385 1912 5462 ho-

340 5455 451 5525 die,
488 5463 545 5506 ut
574 5460 759 5525 monet
810 5453 1032 5525 Savaro,
1081 5453 1395 5525 parochiali
1436 5453 1607 5525 titulo
1636 5454 1904 5519 insignita.

345 5523 482 5584 Vide
511 5539 669 5589 supra
707 5523 797 5575 lib.
837 5536 875 5586 I,
905 5522 971 5575 ad
994 5537 1111 5591 cap.
1138 5523 1223 5575 51.
1260 5523 1336 5576 De
1367 5523 1422 5591 S.
1466 5523 1648 5575 Cassio
1675 5534 1725 5575 et
1757 5525 1912 5575 soetis

345 5603 511 5662 agunt
563 5591 895 5646 Bollandiatti
947 5591 1015 5646 ad
1056 5590 1196 5647 diem
1248 5594 1313 5646 15
1365 5590 1521 5647 Febr.
1572 5607 1676 5660 quo
1723 5608 1908 5645 eorum

347 5663 542 5718 festum
575 5662 890 5717 celebratur.

426 5743 448 5770 °
481 5732 677 5790 Citcsn.
699 5741 753 5794 et
782 5729 964 5798 Frcb.,
993 5732 1342 5786 vcnumdabat.

2090 5035 2109 5074 ί
2141 5037 2228 5089 Sn:
2259 5038 2415 5089 iident
2459 5051 2587 5088 mss.
2626 5040 2688 5087 At
2728 5035 2854 5087 editi
2902 5038 3119 5098 habent,
3175 5036 3412 5087 collectas
3464 5035 3583 5090 viles

2016 5123 2256 5175 personas
2276 5118 2422 5158 aetate
2439 5105 2651 5168 juvenili
2685 5107 2989 5172 ﬂuctuantes
3009 5105 3218 5222 [avebat
3249 5116 3294 5157 et
3321 5107 3584 5175 diligebat.

2087 5186 2112 5222 ε
2146 5177 2235 5222 Sic
2271 5177 2464 5222 Cum:
2495 5176 2580 5222 alii
2611 5191 2765 5222 mss..
2798 5175 2844 5222 vi
2864 5174 3005 5222 dem;
3025 5175 3062 5222 ti
3099 5176 3307 5222 inberet-
3337 5177 3460 5222 ΙσίιΙ--
3489 5182 3584 5222 du-

2087 5186 2112 5222 c
2146 5177 2235 5228 Sic
2271 5177 2464 5236 Corb.;
2495 5176 2580 5226 alii
2611 5191 2765 5236 utss.,
2798 5175 2844 5225 vi
2864 5174 3062 5225 detrahi
3086 5176 3308 5243 juberel.
3337 5174 3461 5237 l‘ltl.,
3489 5182 3587 5228 da-

2016 5247 2077 5296 tis
2121 5245 2535 5309 prwdationibus,
2584 5259 2696 5303 seu,
2731 5244 2858 5295 dans
2907 5246 3252 5306 praedonibus,
3299 5249 3489 5298 eisdem
3539 5262 3587 5298 ιη

2018 5315 2236 5376 detrahi,
2261 5324 2364 5368 etc.
2391 5313 2652 5366 Firminus
2681 5314 2766 5366 hic
2796 5315 3056 5376 laudatus,
3084 5330 3196 5368 ιιι-ιιι
3221 5331 3254 5370 e
3279 5315 3442 5368 nubili
3469 5316 3585 5367 Fir-

2021 5387 2283 5437 miuot-um
2332 5386 2548 5446 familia,
2581 5384 2668 5449 qui
2712 5386 2948 5448 prazl'eeti
2981 5397 3230 5450 praetorto
3277 5397 3331 5438 et
3384 5384 3592 5450 patricii

2024 5459 2254 5517 luerunt,
2293 5457 2367 5506 uti
2396 5471 2458 5507 ex
2505 5455 2727 5506 novellis
2762 5455 3110 5509 Valentiniani
3153 5468 3206 5508 et
3236 5452 3482 5507 Marciani
3525 5455 3591 5506 li-

2019 5535 2164 5587 quet.
2199 5525 2299 5576 Eos
2329 5537 2503 5577 autem
2533 5542 2594 5577 ex
2630 5524 2880 5577 ArVernis
2921 5526 3176 5576 oriundus
3225 5526 3386 5574 fuisse
3436 5531 3588 5588 putat

2019 5597 2221 5647 Savaro
2245 5611 2292 5644 ιιι
2325 5596 2462 5648 ttotis
2491 5596 2556 5647 ad
2580 5596 2736 5663 epist.
2769 5593 2803 5644 :2
2833 5596 3061 5659 Sidonii,
3105 5593 3196 5646 lib.
3233 5608 3304 5658 ιι,
3339 5609 3457 5659 qua:
3501 5602 3587 5644 est

2023 5668 2086 5714 :n‘.
2121 5665 2429 5716 lt'ttntintltn.

2095 5743 2116 5769 ι*
2151 5737 2385 5786 υιιιωιιδ
2428 5739 2509 5787 lne
2534 5754 2565 5811 ις
2588 5753 2628 5800 :3
2657 5756 2720 5786 -ιιι
2766 5736 3035 5801 designat;
3088 5749 3204 5785 nam
3242 5733 3470 5797 lirivate,
3503 5733 3589 5794 ubi
