4016 6338
495 343 562 400 79
1493 341 1550 397 S.
1592 340 1919 398 GREGORII
1961 339 2268 400 El’lSCOPl
2305 335 2728 401 TUBONENSlS

3603 341 3710 398 ξδο

459 472 579 510 nem
627 451 793 510 sancti
834 453 990 523 Cilli,
1023 453 1159 509 sicut
1187 468 1347 524 supra
1394 455 1731 524 scripsimus.
1765 455 2026 526 Egressus
2054 459 2104 519 Α
2129 467 2534 512 contemnerent
2566 453 2811 512 reddere.
2857 449 2947 509 His
2987 451 3234 511 incitatus
3278 455 3478 522 verbis,
3506 457 3573 510 ad
3611 471 3710 512 eos

459 555 538 600 est
573 545 730 615 igitur
776 543 1057 612 episcopus
1084 544 1153 598 ab
1183 545 1311 599 urbe
1345 558 1467 599 eum
1515 561 1706 612 magno
1733 545 1879 611 lletu,
1911 562 2025 603 meo

459 644 611 688 tuens
646 647 712 686 ne
739 633 937 703 aliquid
969 632 1022 688 in
1060 632 1251 688 itinere
1293 633 1500 688 adversi
1536 627 1689 708 153
1719 631 1983 704 perferret
2012 652 2024 688 :

457 724 764 780 intendebat
809 725 951 780 enim
977 734 1031 779 et
1061 717 1157 794 ipsi
1188 739 1278 780 rex
1315 733 1341 761 ⁸
1377 725 1674 780 Chramnus
1705 725 1895 779 minas.
1929 724 2030 793 Qui

457 824 582 876 dum
606 822 708 877 iter
732 830 933 892 ageret,
973 821 1116 875 misit
1139 835 1229 875 rex
1267 819 1654 874 lmnacharium
1693 829 1744 875 et
1773 819 2032 888 Scaptha-

458 915 594 968 rium
627 914 826 984 primos
851 913 917 968 de
942 913 1107 966 latere
1134 927 1232 966 suo
1255 911 1305 978 δ,
1324 903 1506 967 dicens
1537 930 1550 966 :
1583 912 1660 966 lle
1682 913 1734 967 et
1756 913 1803 967 vi
1830 913 2034 968 abstra-

460 1005 570 1059 hite
603 1003 915 1067 Firminum,
945 1001 1339 1071 Caesariamque
1367 1017 1577 1056 socrum
1607 1001 1725 1072 ejus
1768 1001 1834 1056 de
1861 1001 2029 1057 eccle-

461 1097 561 1150 sia.
596 1095 909 1150 Discedente
943 1105 964 1132 ο
996 1109 1124 1148 vero
1152 1095 1403 1163 episcopo
1424 1108 1542 1148 cum
1572 1093 1872 1163 psallentio,
1896 1093 2034 1148 sicut

459 1202 615 1256 supra
650 1187 1082 1254 memoravimus,
1099 1187 1148 1238 hi
1171 1185 1260 1256 qui
1291 1186 1437 1240 missi
1471 1187 1720 1240 fueranta
1740 1188 2030 1254 Cbramno,

463 1276 834 1347 ingrediuntur
863 1277 1170 1344 ecclesiam,
1214 1291 1276 1330 ac
1319 1275 1613 1331 Firminqu
1645 1277 2035 1345 Cwsariamqne

465 1369 629 1425 variis
676 1368 1091 1424 collocutionum
1137 1368 1273 1422 dolis
1324 1368 1555 1423 mulcere
1586 1378 1810 1424 tentant.
1839 1369 2034 1424 Verum

464 1461 550 1515 ubi
578 1461 874 1518 diutissime
899 1462 998 1516 alia
1024 1477 1088 1516 ex
1129 1460 1245 1515 aliis
1273 1459 1680 1515 deambulautes
1725 1476 1819 1529 per
1861 1462 2038 1516 eccle-

464 1552 598 1608 siam
626 1553 1024 1624 colloquuntur,
1065 1562 1118 1608 et
1146 1553 1197 1608 iu
1230 1553 1330 1606 hoc
1358 1553 1444 1622 qui
1478 1551 1827 1621 confugerant
1857 1554 2037 1609 intert-

466 1645 657 1701 derent
703 1659 771 1702 ex
812 1631 992 1700 animo
1020 1661 1138 1714 qua:
1182 1645 1516 1710 dicebantur,
1546 1645 1611 1700 ad
1640 1645 1813 1716 regias
1841 1643 1868 1682 ἀ
1904 1646 2037 1702 aedis

468 1751 661 1817 sacrae,
703 1752 821 1805 qu:e
862 1746 986 1792 tunc
1026 1748 1276 1793 reserata:
1319 1735 1553 1804 fuerant,
1583 1738 2036 1807 appropinquant.

2130 541 2330 615 dirigit.
2354 545 2593 616 Cumque
2628 545 2737 614 jam
2762 559 2927 615 prope
2957 545 3244 600 terminum
3283 541 3496 600 illorum
3543 554 3710 614 esset,

2130 638 2370 694 Saxones
2407 637 2609 708 legatos
2629 635 2696 691 ad
2715 652 2834 691 eum
2858 635 3095 703 mittunt,
3123 631 3361 692 dicentes
3388 655 3400 689 :
3433 636 3547 692 Non
3568 638 3712 693 enim

2130 740 2314 782 sumus
2336 735 2734 797 contemptores
2763 727 2860 788 tui,
2884 737 2937 781 et
2958 741 3020 781 ea
3052 744 3171 795 quae
3199 727 3452 784 fratribus
3477 725 3508 765 δ
3536 741 3599 783 ac
3629 745 3715 784 ne

2131 817 2346 888 petibus
2376 819 2482 892 tuis
2504 810 2730 871 reddere
2756 817 3154 884 consuevimus,
3191 833 3297 872 non
3346 833 3625 886 negamus,
3659 828 3716 873 et

2134 908 2336 977 majora
2361 907 2555 972 adhuc,
2600 908 2645 961 si
2688 908 2990 978 quaesieris,
3038 907 3345 962 reddemus.
3370 905 3544 964 Unum
3598 919 3717 961 tan-

2142 1007 2252 1052 tum
2301 997 2663 1067 exposcimus,
2699 1007 2753 1049 ut
2796 997 2866 1050 sit
2919 1014 3036 1066 pax,
3068 1013 3135 1052 ne
3185 1008 3308 1053 tuus
3342 999 3616 1053 exercitus
3662 1009 3718 1053 et

2136 1097 2322 1144 noster
2347 1089 2573 1157 populus
2595 1083 2902 1142 collidatur.
2935 1089 3060 1143 Haec
3111 1088 3334 1144 audiens
3359 1088 3717 1144 Cblotbacha-

2136 1176 2249 1232 rius
2273 1192 2391 1244 rex,
2424 1179 2499 1231 ait
2523 1176 2634 1233 suis
2670 1194 2683 1230 :
2716 1176 2860 1232 Bene
2891 1177 3177 1246 loquuntur
3204 1175 3255 1232 lii
3282 1178 3526 1232 homines
3559 1196 3571 1229 :
3608 1195 3714 1231 non

2135 1270 2446 1325 incedamus
2474 1279 2634 1338 super
2659 1284 2774 1334 eos,
2806 1285 2872 1323 ne
2889 1267 3024 1323 forte
3053 1283 3334 1334 peccemus
3357 1269 3406 1322 in
3438 1269 3629 1323 Deum.
3650 1270 3720 1322 At

2138 1364 2215 1418 illi
2243 1363 2494 1418 dixerunt
2522 1381 2538 1418 :
2568 1361 2776 1416 Scimus
2802 1361 2944 1415 enim
2991 1376 3084 1415 eos
3130 1361 3436 1425 mendaces,
3470 1376 3568 1414 nec
3594 1376 3714 1414 om-

2139 1455 2266 1510 nino
2287 1457 2428 1523 quod
2462 1454 2808 1523 promiserint
2831 1452 3158 1522 impleturus.
3187 1452 3383 1506 Eamus
3410 1467 3571 1520 super
3598 1467 3717 1507 eos.

2141 1545 2376 1600 Rursum
2427 1545 2668 1601 Saxones
2702 1543 3007 1599 obtulerunt
3055 1542 3397 1598 medietatem
3453 1541 3719 1598 facultatis

2139 1652 2272 1704 suae,
2298 1650 2482 1705 pacem
2510 1644 2771 1704 petentes.
2795 1634 2860 1688 Et
2889 1632 3329 1688 Chlothacharius
3352 1649 3445 1688 rex
3472 1635 3545 1686 ait
3565 1636 3675 1688 suis
3701 1651 3717 1688 :

2145 1715 2418 1795 Desistite,
2464 1741 2666 1796 quaeso,
2693 1725 2761 1779 ab
2809 1725 2894 1780 bis
2945 1724 3268 1790 hominibus,
3317 1739 3381 1778 ne
3407 1738 3569 1791 super
3621 1741 3722 1781 nos

462 1813 611 1883 Tunc
629 1828 990 1884 lmuacliarius
1005 1829 1322 1892 Firminum.
1344 1829 1688 1898 Seaptharius
1707 1840 1730 1868 ε
1753 1829 2037 1885 Caesariani

2143 1816 2236 1873 Dei
2265 1817 2344 1872 ira
2375 1818 2694 1882 concitetur.
2721 1813 2870 1882 Quod
2902 1815 2976 1868 illi
3006 1827 3112 1868 non
3149 1814 3546 1881 acquieverunt.
3583 1813 3722 1867 Rur-

465 1919 834 1991 apprehensos
865 1920 1005 1977 inter
1026 1920 1244 1978 brachia
1275 1922 1342 1976 ab
1367 1922 1590 1978 ecclesia
1620 1921 1862 1993 ejiciunt,
1891 1938 2044 1992 para-

467 2010 534 2065 tis
583 2009 760 2082 pueris
800 2011 891 2081 qui
934 2012 1310 2081 susciperent:
1343 2028 1475 2084 quos
1505 2015 1685 2068 statim
1717 2012 1770 2068 in
1797 2015 2041 2071 exsilium

463 2101 802 2157 direxerant.
830 2100 936 2157 Sed
978 2100 1067 2158 die
1110 2101 1276 2157 altera
1303 2101 1571 2172 depressis
1593 2119 1782 2159 somno
1809 2109 2044 2163 custodi-

468 2191 589 2257 bus,
618 2191 716 2261 ipsi
749 2206 809 2246 se
838 2192 1038 2248 liberos
1062 2192 1374 2258 sentientes,
1405 2193 1472 2248 ad
1501 2194 1640 2249 beati
1671 2196 1872 2252 Juliani
1901 2198 2045 2254 basi-

465 2287 622 2344 lcam
663 2284 1001 2356 confugiunt,
1034 2293 1089 2341 et
1116 2285 1196 2340 sic
1239 2285 1309 2350 ab
1347 2286 1544 2344 exsilio
1587 2288 1925 2347 liberantur:
1957 2306 2044 2347 res

465 2387 642 2434 tamen
696 2391 886 2434 eorum
937 2376 1068 2434 ﬁsco
1112 2377 1322 2434 collata:
1371 2386 1517 2434 sunt.
1544 2378 1805 2435 Cautinus
1861 2391 2041 2438 autem

467 2469 771 2540 episcopus,
795 2485 917 2526 cum
947 2480 1229 2540 suspectans
1248 2480 1395 2528 esset
1422 2472 1565 2542 quod
1592 2480 1648 2529 et
1673 2473 1793 2545 ipse
1823 2474 2043 2545 injuria-

469 2571 654 2626 retur,
701 2575 765 2617 ac
815 2572 1166 2624 memoratum
1217 2562 1320 2619 iter
1362 2571 1541 2620 terens
1581 2579 1774 2636 equum
1823 2566 2046 2624 haberet

469 2660 722 2718 stratum,
753 2652 889 2708 vidit
916 2662 1035 2722 post
1064 2663 1270 2724 tergum
1304 2654 1552 2716 homines
1598 2657 1876 2713 venientes
1919 2673 2041 2712 cum

471 2745 714 2810 caballis,
743 2745 836 2815 qui
864 2745 928 2800 ad
957 2760 1236 2802 occursum
1268 2746 1386 2817 ejus
1409 2748 1712 2816 veniebant,
1736 2756 1790 2804 et
1817 2749 1921 2804 ait:
1951 2749 2043 2804 Va:

467 2833 620 2902 Inibi,
651 2835 777 2904 quia
826 2835 879 2890 bi
927 2845 1053 2890 sunt
1100 2849 1236 2906 quos
1283 2835 1584 2894 Cbramnus
1627 2839 1821 2895 direxit
1857 2841 1923 2894 ad
1957 2856 2043 2896 me

468 2924 1050 2991 comprehendendum.
1075 2926 1144 2980 Et
1171 2940 1397 2982 ascenso
1419 2929 1596 2998 equite
1620 2928 1727 3002 [AL
1751 2945 1891 2999 equo
1893 2931 1933 3001 ι.
1956 2946 2041 2987 re-

458 3019 592 3075 licto
623 3017 929 3087 psallentio,
979 3017 1129 3072 solus
1184 3031 1350 3086 usque
1388 3017 1442 3075 in
1492 3019 1755 3089 porticum
1802 3021 2040 3078 basilica:

459 3112 636 3169 sancti
668 3108 891 3176 Juliani,
936 3107 1198 3162 ambobus
1247 3123 1441 3178 urgens
1489 3109 1757 3166 calcaueis
1787 3113 2038 3182 cornipe-

2142 1919 2260 1962 Sum
2311 1904 2554 1961 Saxones
2606 1903 2914 1958 obtulerunt
2982 1902 3320 1966 vestimenta,
3374 1916 3590 1970 pecora,
3637 1901 3722 1956 vel

2143 2011 2305 2051 Omne
2342 2009 2537 2066 corpus
2571 1993 2834 2048 lacullatis
2875 2007 3007 2058 sum,
3058 1992 3342 2047 dicentes:
3381 1991 3505 2045 llam
3541 1991 3720 2044 omnia

2144 2088 2312 2143 tollite
2336 2102 2454 2142 cum
2499 2086 2788 2141 medietate
2839 2095 2993 2140 terra:
3023 2094 3219 2140 nostra:
3251 2104 3263 2138 :
3295 2097 3496 2140 tantum
3525 2103 3722 2142 uxores

2149 2190 2202 2236 et
2235 2181 2482 2250 parvulos
2511 2189 2723 2232 nostros
2757 2177 3039 2246 relinquite
3069 2177 3291 2241 liberos,
3314 2186 3367 2231 et
3413 2177 3608 2230 bellum
3643 2179 3722 2230 iu-

2149 2282 2231 2328 ter
2257 2286 2356 2326 nos
2379 2287 2484 2326 non
2518 2270 2898 2325 committatur.
2923 2267 3112 2322 Franci
3152 2279 3328 2322 autem
3377 2283 3476 2322 nec
3507 2271 3606 2322 hoc
3635 2284 3721 2322 ac-

2143 2366 2427 2435 quiescere
2447 2362 2748 2419 voluerunt.
2773 2361 2975 2429 Quibus
3001 2361 3077 2413 ait
3104 2356 3547 2414 Cblotliacharius
3580 2375 3671 2413 rex
3702 2377 3718 2412 :

2144 2457 2413 2522 Desistite,
2445 2463 2628 2525 quaeso
2657 2493 2674 2520 ,
2706 2451 2944 2508 desistite
2990 2451 3058 2506 ab
3097 2452 3195 2505 hac
3241 2450 3557 2506 intentione.
3593 2452 3722 2505 Ver-

2143 2549 2270 2601 bum
2303 2545 2447 2600 enim
2473 2545 2738 2598 directum
2769 2559 2872 2596 non
2911 2541 3200 2606 habemus;
3233 2541 3396 2595 nolite
3424 2541 3488 2594 ad
3520 2543 3719 2595 bellum

2145 2636 2244 2703 ire,
2272 2635 2323 2690 in
2348 2651 2456 2706 quo
2493 2633 2898 2704 disperdamini.
2930 2632 3133 2687 Tamen
3163 2631 3206 2685 si
3236 2647 3300 2685 eo
3326 2633 3402 2685 ire
3437 2629 3456 2670 ι
3489 2633 3722 2686 volueri-

2146 2729 2213 2782 tis
2251 2737 2545 2798 spontanea
2597 2725 2891 2788 voluntate,
2918 2736 3018 2791 ego
3071 2736 3176 2776 non
3229 2737 3442 2792 sequar.
3475 2720 3623 2776 Tunc
3647 2723 3722 2781 illi

2146 2818 2222 2872 ira
2261 2815 2517 2872 commoti
2557 2824 2740 2869 contra
2791 2810 3262 2867 Cblothacharium
3319 2813 3521 2882 regem,
3562 2827 3721 2881 super

2147 2923 2269 2965 eum
2297 2907 2537 2971 irruunt,
2595 2914 2649 2959 et
2690 2904 2994 2959 scindentes
3039 2901 3323 2956 tentorium
3379 2902 3516 2971 ejus,
3549 2904 3720 2972 ipsum

2145 3015 2356 3070 quoque
2393 2997 2645 3053 conviciis
2691 3004 3108 3064 eanperantes,
3147 3009 3210 3048 ac
3251 2995 3302 3049 vi
3351 2995 3720 3063 detrahentes,

2146 3091 2445 3147 interﬁcere
2471 3091 2771 3156 voluerunt,
2797 3087 2841 3142 si
2871 3103 2988 3142 cum
3012 3085 3117 3142 illis
3140 3084 3286 3140 abire
3307 3086 3560 3141 differret.
3598 3087 3722 3144 llaec

465 3202 608 3264 dem.
639 3214 779 3268 pene
805 3197 1068 3254 ειηηίηήε
1095 3177 1378 3269 percurrit
1409 3199 1514 3255 Sed
1554 3215 1651 3255 ηοε
1677 3200 1792 3257 [me
1821 3177 2040 3257 ηπτξη,
2073 3194 2117 3257 C
2150 3181 2336 3236 videns
2385 3179 2862 3269 Cblothacharius,
2896 3178 3089 3269 invitus
3113 3178 3209 3233 fuit
3260 3194 3378 3269 cum
3420 3177 3517 3232 eis.
3545 3179 3613 3232 At
3643 3179 3721 3233 illi

467 3299 569 3356 tes,
597 3287 836 3344 Sallustii
865 3289 1208 3357 sententiam,
1238 3305 1395 3359 quam
1436 3289 1488 3344 in
1517 3289 1845 3346 detractores
1873 3291 2039 3346 histo-

463 3380 874 3452 riographorqu
906 3380 1146 3450 pretulit,
1175 3395 1566 3447 memoramus;
1591 3381 1664 3436 ait
1689 3375 1916 3438 enimut
1941 3385 2042 3438 Ar-

466 3472 631 3526 duum
679 3472 893 3527 videtur
939 3488 1028 3528 res
1073 3483 1255 3544 gestas
1301 3473 1539 3529 scribere
1570 3490 1585 3526 :
1615 3477 1868 3544 primum,
1901 3475 2041 3545 quod

465 3562 608 3617 facta
642 3564 800 3618 dictis
843 3564 1172 3632 exmquanda
1203 3574 1370 3630 sunt;
1403 3564 1600 3619 deinde
1637 3565 1759 3634 quia
1806 3565 2043 3636 plerique

468 3654 683 3718 delicta,
715 3670 832 3722 qua:
879 3654 1309 3720 repre‘enderis,
1345 3655 1720 3711 malevolentia
1765 3666 1818 3711 et
1843 3657 2040 3713 invidia

467 3743 608 3797 dicta
640 3752 844 3810 putant.
872 3762 889 3794 ι
919 3744 1023 3798 Sed
1050 3755 1223 3812 empta
1254 3759 1563 3813 sequamur.

537 3830 679 3887 XIV.
714 3833 876 3904 Igitur
903 3833 1346 3892 Chlotliacliarius
1385 3847 1502 3905 post
1527 3846 1756 3894 mortem
1793 3839 2042 3896 Theodo-

467 3928 609 3984 baldi
638 3943 758 3983 cum
813 3945 1036 3998 regnum
1071 3930 1231 4001 154
1263 3930 1496 3986 Francia:
1520 3941 1546 3978 8
1589 3933 1934 3999 suscepisset,
1966 3942 2043 3988 at-

466 4036 572 4089 que
624 4019 755 4075 illud
794 4020 1128 4089 circumiret,
1153 4021 1356 4075 audivit
1397 4037 1426 4074 a
1467 4022 1579 4076 suis
1599 4021 1790 4077 iterata
1837 4022 2039 4078 insania

468 4112 822 4168 enen-escere
845 4112 1114 4178 Saxones,
1141 4111 1352 4182 sibique
1393 4128 1514 4168 esse
1538 4114 1792 4180 rebelles;
1819 4125 1873 4169 et
1899 4114 2041 4184 quod

470 4208 686 4273 tributa,
716 4224 833 4277 qua:
864 4208 1018 4262 anuis
1049 4209 1272 4277 singulis
1297 4217 1692 4264 consueverant
1713 4209 2038 4274 ministrare,

469 4381 699 4435 celebris
729 4382 952 4436 ecclesia
1000 4383 1058 4437 ὃ.
1089 4382 1302 4436 Juliani.
1331 4398 1394 4436 ex
1440 4382 1660 4437 dioecesi
1690 4392 1806 4436 erat
1849 4383 2042 4438 Arver-

467 4453 640 4505 neusi.
660 4453 923 4519 (La-terum
948 4449 1051 4504 hac
1075 4468 1206 4504 voce
1238 4452 1525 4519 aliquando
1549 4453 1816 4518 provincia
1843 4465 2039 4506 metro-

468 4518 1071 4601 politanijurisdictioni
1111 4518 1354 4601 subjecta
1394 4522 1716 4601 designatur,
1749 4522 2035 4601 aliquando

2147 3272 2278 3326 inito
2302 3266 2621 3336 certamine,
2655 3271 2884 3324 maxima
2921 3267 3330 3324 ab‘adversariis
3353 3268 3721 3325 internecione

2149 3360 2304 3434 155
2326 3361 2603 3418 caeduntur
2631 3378 2643 3413 :
2672 3369 2923 3429 tantaque
2948 3361 3016 3414 ab
3063 3368 3291 3427 utroque
3319 3359 3554 3414 exercitu
3587 3359 3722 3412 mul-

2145 3453 2313 3508 titudo
2342 3452 2555 3518 cecidit,
2581 3461 2640 3506 ut
2665 3466 2765 3506 nec
2785 3450 3062 3516 :estimari,
3094 3465 3194 3506 nec
3216 3449 3481 3505 numerari
3507 3453 3722 3520 penitus

2144 3541 2506 3612 possit."l‘unc
2539 3521 2987 3596 Cblothacbarius
3041 3539 3197 3595 valde
3235 3539 3487 3594 confusus
3535 3555 3720 3608 pacem

2144 3633 2316 3703 petiit,
2341 3631 2526 3708 dicens
2548 3645 2608 3686 se
2637 3646 2742 3685 non
2773 3645 2869 3684 sua
2896 3630 3166 3685 voluntate
3187 3644 3347 3698 super
3365 3644 3461 3685 eos
3487 3630 3718 3685 venisse.

2145 3726 2259 3795 Qua
2287 3726 2531 3793 obtenta,
2560 3724 2628 3779 ad
2660 3724 2871 3793 propria
2899 3721 3082 3780 rediit.

2215 3838 2333 3892 XV.
2365 3834 2617 3891 Turouici
2649 3834 2664 3885 i
2703 3844 2880 3889 autem
2923 3834 3201 3890 audientes
3227 3849 3527 3904 regressum
3551 3834 3720 3892 fuisse

2145 3944 2324 3998 regem
2347 3927 2416 3982 de
2438 3925 2586 3981 caede
2610 3926 2904 3990 Saxonum,
2934 3923 3076 3981 facto
3104 3941 3366 3982 consensu
3398 3924 3422 3962 ¹ι
3455 3925 3507 3980 in
3530 3926 3719 3981 Eutro-

2143 4022 2291 4077 nium
2327 4020 2718 4091 presbyterum,
2749 4018 2817 4073 ad
2844 4034 2965 4074 eum
2989 4027 3236 4088 pergunt,
3256 4019 3481 4089 dataque
3502 4034 3718 4088 sugges-

2147 4112 2318 4177 tione,
2371 4108 2646 4176 respondit
2692 4123 2784 4162 rex
2818 4106 3224 4176 :Pra:ceperam
3261 4110 3425 4178 enim,
3476 4119 3534 4163 ut
3587 4109 3719 4163 Cato

2145 4204 2425 4273 presbyter
2450 4200 2560 4254 illic
2580 4198 2920 4254 ordinaretur
2951 4214 2966 4252 :
2995 4209 3050 4254 et
3101 4209 3197 4253 cur
3222 4208 3304 4255 est
3342 4212 3522 4271 spreta
3543 4199 3718 4270 jussio

2213 4374 2241 4414 ἀ
2291 4376 2344 4430 Id
2391 4385 2472 4430 est
2504 4384 2699 4443 portas.
2753 4373 2946 4440 Corb.,
2983 4376 3071 4445 Aad
3110 4376 3264 4428 νεῖαι.
3315 4375 3493 4445 Regia:
3548 4377 3709 4432 etiam

2142 4457 2294 4503 erant
2317 4447 2482 4499 valva:
2511 4460 2606 4500 seu
2647 4445 2866 4515 cancelli
2906 4443 3098 4512 quibus
3157 4443 3539 4515 presbyterium
3568 4448 3716 4500 clau-

2145 4518 2385 4571 debatur.
2423 4515 2556 4569 Vide
2580 4512 2862 4568 MabillOnii
2889 4512 3340 4568 Commentariun]
3380 4516 3430 4569 in
3459 4518 3716 4570 Ordinem

469 4567 837 4655 minus;
857 4567 1176 4652 ’ίιὶῦἷιὶἦριξιὲ
1184 4567 1890 4657 "sarissas:3.15mf
1899 4567 2034 4648 "ea;
2067 4567 2116 4625 D
2146 4567 2548 4640 ιὶίἶιιῖειῖιζῇωὴζ
2567 4567 2655 4650 20,
2678 4567 2749 4638 et
2770 4567 2914 4653 ipsos
2942 4567 3340 4649 Ordinesiliom.
3375 4567 3579 4640 anan
3601 4567 3716 4641 in:

465 4658 699 4712 exarcho
730 4669 997 4723 parentes.
1029 4661 1178 4721 Quod
1207 4672 1259 4711 et
1290 4660 1341 4712 in
1372 4661 1513 4713 civili
1533 4661 1835 4725 reipublicm
1861 4662 2035 4716 adrni-

468 4731 781 4781 lliSll’Jtltiltt:
801 4729 970 4781 locum
999 4729 1176 4782 habuit
1196 4745 1208 4792 ;
1227 4727 1348 4785 hinc
1363 4731 1610 4783 diiecesis
1634 4729 1883 4794 Orientis,
1901 4743 2030 4798 etc.,

469 4800 788 4866 quandoque
819 4800 986 4851 vicum
1019 4807 1110 4852 aut
1142 4815 1331 4866 pagum
1355 4800 1615 4867 designat,
1647 4810 1701 4852 ut
1735 4798 1839 4865 hic,
1869 4813 1924 4856 et
1953 4804 2034 4855 in-

467 4868 546 4921 l'ra
578 4870 666 4922 lib.
717 4885 806 4934 ut,
839 4884 960 4934 cap.
1005 4871 1108 4934 58;
1153 4885 1295 4921 nunc
1345 4872 1500 4937 vulgo
1543 4885 1637 4938 pro
1681 4870 1914 4938 episcopi
1941 4874 2030 4938 ju-

466 4939 795 5005 risdictione,
831 4957 987 5008 quam
1039 4941 1197 4993 medii
1245 4938 1345 4991 aevi
1391 4937 1680 5005 scriniores
1725 4937 2033 5008 frequenter

468 5010 768 5075 parochiam
791 5009 1151 5078 appellabant,
1174 5013 1418 5062 surnitur.
1438 5009 1566 5063 Vide
1589 5009 1769 5062 (Ζωιεῆ
1793 5007 2030 5065 Glossar.

467 5089 523 5130 et
563 5082 832 5132 Sirmond.
865 5080 918 5133 in
947 5081 1105 5147 epist.
1138 5078 1203 5129 16
1231 5078 1432 5131 Sidonii
1465 5079 1557 5132 lib.
1592 5095 1663 5131 tx.
1697 5078 1864 5132 Porro
1894 5081 2034 5134 Lita-

469 5148 573 5200 nia:
601 5148 879 5208 lllSlllttllO,
921 5143 1110 5216 de'qua
1154 5149 1241 5202 hic
1271 5147 1578 5218 Gregorius,
1618 5148 1845 5203 habetur
1873 5164 2031 5219 supra

463 5232 588 5285 cap.
617 5218 669 5280 5,
696 5220 835 5286 quod
868 5231 1042 5271 tamen
1067 5219 1221 5272 deest
1251 5220 1300 5272 in
1329 5222 1362 5273 Δ
1380 5233 1510 5272 mss.

543 5297 567 5323 ⁸
595 5287 829 5358 Observa
858 5288 940 5340 hic
983 5289 1312 5358 Cbramnum
1361 5305 1527 5358 regem
1585 5288 1861 5353 appellari,
1894 5290 2032 5358 quod

469 5356 635 5411 fuerit
661 5357 808 5427 regis
821 5358 980 5410 titius.
1006 5357 1123 5427 Alia
1157 5356 1430 5426 ejusmodi
1451 5358 1694 5427 exempla
1720 5356 1920 5427 passim
1949 5375 2032 5414 re-

470 5427 646 5496 peries
674 5426 815 5494 apud
845 5426 1182 5496 Gregorium.

540 5494 568 5535 δ
598 5496 842 5551 Directos
866 5496 929 5549 de
959 5494 1118 5549 latere
1147 5496 1285 5564 regis
1329 5496 1584 5551 habemus
1614 5511 1820 5564 quoque
1847 5497 1898 5550 in
1929 5496 2038 5550 for-

471 5567 613 5620 mula
639 5568 820 5621 ultima
844 5568 936 5621 lib.
965 5565 1140 5633 tapud
1163 5566 1497 5621 Marcollum.
1537 5568 1686 5631 Quod
1730 5583 1924 5621 nomen
1958 5568 2036 5621 le-

470 5637 578 5709 gati
611 5638 858 5699 potitilicii
889 5653 920 5692 e
948 5637 1184 5690 Romana
1199 5637 1351 5690 curia
1375 5638 1425 5690 in
1457 5635 1760 5705 provincias
1790 5636 1937 5692 missi
1952 5652 2037 5692 rc-

471 5714 659 5762 llus-ut.

549 5786 570 5817 ε
599 5776 810 5848 aliquot
836 5791 961 5830 mss.
991 5785 1044 5831 cl
1075 5775 1180 5843 eth,
1219 5776 1547 5832 descendenti:
1567 5813 1578 5828 .

2139 4659 2219 4713 sei
2248 4657 2432 4709 Italici.

2215 4737 2238 4762 ο
2265 4727 2318 4779 In
2351 4727 2474 4779 Bec.
2499 4723 2664 4777 Semel
2698 4724 2841 4792 prior
2866 4721 3174 4790 Imnacrius,
3205 4739 3414 4792 semper
3439 4739 3561 4779 vero
3584 4728 3718 4780 alter

2140 4796 2410 4858 Captarius
2436 4796 2703 4846 dicuntur.

2215 4865 2233 4905 ι
2265 4865 2416 4918 Initio
2447 4864 2561 4916 libri
2591 4864 2659 4916 de
2684 4862 2831 4915 Bello
2853 4862 3180 4917 Catilinario.

2211 4946 2236 4981 κ
2258 4935 2392 4988 Nota
2421 4932 2780 4987 Theodebaldi
2803 4933 3094 4999 portionem
3128 4933 3212 4987 hic
3232 4949 3442 5002 regnum
3472 4929 3718 4987 Francia:

2138 5006 2412 5070 appellari.
2445 5002 2577 5056 Vide
2596 5002 2860 5057 (iointium
2886 5003 2950 5054 ad
2983 5018 3070 5056 an.
3094 5004 3218 5066 558,
3247 5006 3331 5056 ubi
3363 5012 3475 5056 tuse
3496 5005 3716 5058 disserit

2138 5076 2206 5129 de
2227 5074 2725 5137 Franciwuomine;
2757 5071 3046 5139 probatque
3071 5072 3354 5140 cujuslibet
3373 5073 3534 5136 partis
3547 5073 3716 5126 Fran-

2139 5147 2239 5200 cia:
2270 5145 2417 5212 regni
2440 5157 2613 5221 reges,
2649 5141 2822 5194 dictos
2844 5141 3024 5221 .fuisse
3061 5157 3216 5209 reges
3258 5141 3604 5196 Francorum.
3638 5143 3718 5198 De

2499 5229 2523 5250 ΣΙ
2545 5229 2557 5250 I
2567 5229 2613 5250 ﬂ!
2643 5229 2772 5250 1⁵11110

2139 5231 2241 5283 qua
2274 5229 2331 5267 re
2363 5215 2525 5265 multa
2545 5213 2614 5263 ibi
2643 5213 2901 5277 congerit.
3527 5277 3532 5280 _

2176 5330 2184 5340 ,ι
2211 5282 2239 5319 h
2264 5284 2503 5336 Valesius
2527 5283 2803 5346 legendum
2838 5290 2984 5344 putat
3007 5279 3154 5347 fratri
3177 5321 3191 5344 ,
3221 5279 3360 5345 quod
3391 5279 3493 5333 soli
3522 5281 3708 5332 Theo-

2139 5353 2396 5406 doricoac
2414 5352 2521 5403 lilio
2539 5350 2657 5418 ejus
2670 5350 3044 5404 'l‘lieodelierto
3061 5353 3302 5416 etnepou
3318 5350 3714 5414 'l‘neodebaldo,

2141 5423 2230 5491 qui
2260 5420 2515 5476 Chlotarii
2549 5428 2770 5491 nepotes
2797 5421 2882 5473 hic
2925 5420 3194 5484 dicuntur,
3224 5421 3465 5474 Saxones
3514 5421 3710 5473 tributa

2144 5489 2592 5562 persolvissedici
2625 5498 2862 5562 possunt.

2222 5562 2236 5598 ί
2276 5564 2422 5624 Bec.,
2462 5555 2696 5612 Colb.’et
2726 5558 2859 5627 Reg.
2888 5572 3010 5611 cum
3040 5555 3199 5612 editis
3227 5560 3448 5628 aliquot.
3477 5559 3522 5612 si
3549 5558 3715 5612 abire.

2145 5634 2210 5688 Et
2241 5632 2372 5683 inl‘ra
2403 5645 2496 5695 pro
2527 5629 2622 5696 fuit
2653 5645 2772 5680 cum
2800 5629 2889 5691 eis,
2923 5628 3080 5682 iidem
3109 5629 3300 5681 habent
3331 5629 3457 5682 abiit
3479 5645 3592 5682 cuin
3619 5632 3714 5681 eis.

2225 5703 2244 5750 l
2278 5701 2431 5753 Deest
2460 5698 2560 5750 hoc
2580 5707 2736 5762 caput
2768 5697 2818 5750 in
2853 5699 3050 5751 llellov.
3078 5709 3133 5752 et
3163 5701 3319 5751 Corb.

2226 5769 2250 5813 ιε
2273 5769 2576 5828 υυυ;θιιδυ5
2606 5773 2719 5830 erat
2749 5767 3158 5827 iutt'umcutum
3182 5769 3472 5839 publicum,
3502 5783 3602 5839 quo
3644 5767 3715 5827 de
