  <div class='ocr_page' id='page_1' title='image "/cluster/home/n/w/nwhite01/storage/ocr_20150623/71/hvd.32044054758743/148.png"; bbox 0 0 4016 6338; ppageno 0'>
   <div class='ocr_carea' id='block_1_1' title="bbox 372 348 476 404">
    <p class='ocr_par' dir='ltr' id='par_1_1' title="bbox 372 348 476 404">
     <span class='ocr_line' id='line_1_1' title="bbox 372 348 476 404; baseline 0.019 -2"><span class='ocrx_word' id='word_1_1' title='bbox 372 348 476 404; x_wconf 72' lang='grc'><strong>281</strong></span> 
     </span>
    </p>
   </div>
   <div class='ocr_carea' id='block_1_2' title="bbox 1303 343 2730 414">
    <p class='ocr_par' dir='ltr' id='par_1_2' title="bbox 1303 343 2730 414">
     <span class='ocr_line' id='line_1_2' title="bbox 1303 343 2730 414; baseline 0.001 -12"><span class='ocrx_word' id='word_1_2' title='bbox 1303 344 1620 403; x_wconf 77' lang='lat' dir='ltr'><strong>HISTORIA</strong></span> <span class='ocrx_word' id='word_1_3' title='bbox 1660 343 2104 401; x_wconf 73' lang='lat' dir='ltr'><strong>FRANCORUM.</strong></span> <span class='ocrx_word' id='word_1_4' title='bbox 2145 343 2344 401; x_wconf 77' lang='lat' dir='ltr'><strong>LIBER</strong></span> <span class='ocrx_word' id='word_1_5' title='bbox 2384 345 2730 414; x_wconf 75' lang='lat' dir='ltr'><strong>QUARTUS.</strong></span> 
     </span>
    </p>
   </div>
   <div class='ocr_carea' id='block_1_3' title="bbox 3512 351 3620 408">
    <p class='ocr_par' dir='ltr' id='par_1_3' title="bbox 3512 351 3620 408">
     <span class='ocr_line' id='line_1_3' title="bbox 3512 351 3620 408; baseline 0.019 -2"><span class='ocrx_word' id='word_1_6' title='bbox 3512 351 3620 408; x_wconf 67' lang='lat'><strong>28!</strong></span> 
     </span>
    </p>
   </div>
   <div class='ocr_carea' id='block_1_4' title="bbox 367 457 3623 532">
    <p class='ocr_par' dir='ltr' id='par_1_4' title="bbox 367 457 3623 532">
     <span class='ocr_line' id='line_1_4' title="bbox 367 457 3623 532; baseline 0.004 -18"><span class='ocrx_word' id='word_1_7' title='bbox 367 460 598 516; x_wconf 74' lang='lat' dir='ltr'><strong>nostra?</strong></span> <span class='ocrx_word' id='word_1_8' title='bbox 622 458 1032 529; x_wconf 81' lang='lat' dir='ltr'><strong>Responderunt</strong></span> <span class='ocrx_word' id='word_1_9' title='bbox 1061 459 1110 517; x_wconf 90' lang='lat' dir='ltr'><strong>ei</strong></span> <span class='ocrx_word' id='word_1_10' title='bbox 1152 476 1168 517; x_wconf 72' lang='grc' dir='ltr'>ε</span> <span class='ocrx_word' id='word_1_11' title='bbox 1208 457 1504 517; x_wconf 87' lang='lat' dir='ltr'><strong>Petivimus</strong></span> <span class='ocrx_word' id='word_1_12' title='bbox 1524 463 1664 518; x_wconf 91' lang='lat' dir='ltr'><strong>enim</strong></span> <span class='ocrx_word' id='word_1_13' title='bbox 1687 477 1830 529; x_wconf 94' lang='lat' dir='ltr'><strong>eum,</strong></span> <span class='ocrx_word' id='word_1_14' title='bbox 1857 461 1952 517; x_wconf 85' lang='lat' dir='ltr'><strong>sed</strong></span> <span class='ocrx_word' id='word_1_15' title='bbox 1981 463 2029 520; x_wconf 77' lang='grc' dir='ltr'><strong>Δ</strong></span> <span class='ocrx_word' id='word_1_16' title='bbox 2056 461 2182 530; x_wconf 79' lang='lat' dir='ltr'><strong>egit,</strong></span> <span class='ocrx_word' id='word_1_17' title='bbox 2217 469 2430 532; x_wconf 85' lang='lat' dir='ltr'><strong>semper</strong></span> <span class='ocrx_word' id='word_1_18' title='bbox 2454 464 2708 520; x_wconf 84' lang='lat' dir='ltr'><strong>confusus</strong></span> <span class='ocrx_word' id='word_1_19' title='bbox 2735 465 3013 522; x_wconf 76' lang='lat' dir='ltr'><strong>abscessit.</strong></span> <span class='ocrx_word' id='word_1_20' title='bbox 3042 468 3342 525; x_wconf 87' lang='lat' dir='ltr'><strong>Chramnus</strong></span> <span class='ocrx_word' id='word_1_21' title='bbox 3373 487 3496 528; x_wconf 76' lang='lat' dir='ltr'><strong>vero</strong></span> <span class='ocrx_word' id='word_1_22' title='bbox 3521 473 3623 526; x_wconf 82' lang='lat' dir='ltr'><strong>hoc</strong></span> 
     </span>
    </p>
   </div>
   <div class='ocr_carea' id='block_1_5' title="bbox 370 551 1950 617">
    <p class='ocr_par' dir='ltr' id='par_1_5' title="bbox 370 551 1950 617">
     <span class='ocr_line' id='line_1_5' title="bbox 370 551 1950 617; baseline 0.001 -11"><span class='ocrx_word' id='word_1_23' title='bbox 370 553 546 606; x_wconf 87' lang='lat' dir='ltr'><strong>noluit</strong></span> <span class='ocrx_word' id='word_1_24' title='bbox 576 553 781 607; x_wconf 86' lang='lat' dir='ltr'><strong>venire.</strong></span> <span class='ocrx_word' id='word_1_25' title='bbox 825 551 952 605; x_wconf 68' lang='lat' dir='ltr'><strong>llatc</strong></span> <span class='ocrx_word' id='word_1_26' title='bbox 974 551 1079 607; x_wconf 89' lang='lat' dir='ltr'><strong>illis</strong></span> <span class='ocrx_word' id='word_1_27' title='bbox 1130 551 1452 617; x_wconf 71' lang='lat' dir='ltr'><strong>dicentibus,</strong></span> <span class='ocrx_word' id='word_1_28' title='bbox 1501 552 1726 608; x_wconf 91' lang='lat' dir='ltr'><strong>advenit</strong></span> <span class='ocrx_word' id='word_1_29' title='bbox 1770 553 1950 608; x_wconf 86' lang='lat' dir='ltr'><strong>subito</strong></span> 
     </span>
    </p>
   </div>
   <div class='ocr_carea' id='block_1_6' title="bbox 368 643 1950 717">
    <p class='ocr_par' dir='ltr' id='par_1_6' title="bbox 368 643 1950 717">
     <span class='ocr_line' id='line_1_6' title="bbox 368 643 1950 717; baseline -0.001 -18"><span class='ocrx_word' id='word_1_30' title='bbox 368 646 507 699; x_wconf 85' lang='lat' dir='ltr'><strong>Cato</strong></span> <span class='ocrx_word' id='word_1_31' title='bbox 537 644 822 716; x_wconf 71' lang='lat' dir='ltr'><strong>presbyter</strong></span> <span class='ocrx_word' id='word_1_32' title='bbox 843 643 1141 713; x_wconf 76' lang='lat' dir='ltr'><strong>deprecans</strong></span> <span class='ocrx_word' id='word_1_33' title='bbox 1183 660 1384 717; x_wconf 86' lang='lat' dir='ltr'><strong>regem,</strong></span> <span class='ocrx_word' id='word_1_34' title='bbox 1411 653 1467 698; x_wconf 92' lang='lat' dir='ltr'><strong>ut</strong></span> <span class='ocrx_word' id='word_1_35' title='bbox 1516 645 1690 713; x_wconf 89' lang='lat' dir='ltr'><strong>ejecto</strong></span> <span class='ocrx_word' id='word_1_36' title='bbox 1723 644 1950 700; x_wconf 85' lang='lat' dir='ltr'><strong>Cautino</strong></span> 
     </span>
    </p>
   </div>
   <div class='ocr_carea' id='block_1_7' title="bbox 369 735 1946 806">
    <p class='ocr_par' dir='ltr' id='par_1_7' title="bbox 369 735 1946 806">
     <span class='ocr_line' id='line_1_7' title="bbox 369 735 1946 806; baseline 0.001 -18"><span class='ocrx_word' id='word_1_37' title='bbox 369 735 546 804; x_wconf 85' lang='lat' dir='ltr'><strong>ipsum</strong></span> <span class='ocrx_word' id='word_1_38' title='bbox 571 738 814 791; x_wconf 78' lang='lat' dir='ltr'><strong>Arverno</strong></span> <span class='ocrx_word' id='word_1_39' title='bbox 833 737 1046 805; x_wconf 88' lang='lat' dir='ltr'><strong>juberet</strong></span> <span class='ocrx_word' id='word_1_40' title='bbox 1074 735 1303 791; x_wconf 82' lang='lat' dir='ltr'><strong>institui.</strong></span> <span class='ocrx_word' id='word_1_41' title='bbox 1335 735 1484 802; x_wconf 82' lang='lat' dir='ltr'><strong>Quod</strong></span> <span class='ocrx_word' id='word_1_42' title='bbox 1513 751 1637 806; x_wconf 82' lang='lat' dir='ltr'><strong>rege</strong></span> <span class='ocrx_word' id='word_1_43' title='bbox 1668 735 1946 802; x_wconf 91' lang='lat' dir='ltr'><strong>irridente,</strong></span> 
     </span>
    </p>
   </div>
   <div class='ocr_carea' id='block_1_8' title="bbox 370 827 1950 898">
    <p class='ocr_par' dir='ltr' id='par_1_8' title="bbox 370 827 1950 898">
     <span class='ocr_line' id='line_1_8' title="bbox 370 827 1950 898; baseline 0.001 -17"><span class='ocrx_word' id='word_1_44' title='bbox 370 829 526 896; x_wconf 84' lang='lat' dir='ltr'><strong>petiit</strong></span> <span class='ocrx_word' id='word_1_45' title='bbox 554 828 744 882; x_wconf 87' lang='lat' dir='ltr'><strong>iterum</strong></span> <span class='ocrx_word' id='word_1_46' title='bbox 779 837 835 883; x_wconf 90' lang='lat' dir='ltr'><strong>ut</strong></span> <span class='ocrx_word' id='word_1_47' title='bbox 865 827 1098 883; x_wconf 88' lang='lat' dir='ltr'><strong>Turonis</strong></span> <span class='ocrx_word' id='word_1_48' title='bbox 1127 829 1485 894; x_wconf 83' lang='lat' dir='ltr'><strong>ordinaretur,</strong></span> <span class='ocrx_word' id='word_1_49' title='bbox 1509 827 1650 898; x_wconf 89' lang='lat' dir='ltr'><strong>quod</strong></span> <span class='ocrx_word' id='word_1_50' title='bbox 1693 836 1818 883; x_wconf 83' lang='lat' dir='ltr'><strong>ante</strong></span> <span class='ocrx_word' id='word_1_51' title='bbox 1855 827 1950 883; x_wconf 82' lang='lat' dir='ltr'><strong>de-</strong></span> 
     </span>
    </p>
   </div>
   <div class='ocr_carea' id='block_1_9' title="bbox 368 916 1951 987">
    <p class='ocr_par' dir='ltr' id='par_1_9' title="bbox 368 916 1951 987">
     <span class='ocr_line' id='line_1_9' title="bbox 368 916 1951 987; baseline 0.001 -16"><span class='ocrx_word' id='word_1_52' title='bbox 368 929 643 985; x_wconf 82' lang='lat' dir='ltr'><strong>apexerat.</strong></span> <span class='ocrx_word' id='word_1_53' title='bbox 677 918 770 974; x_wconf 87' lang='lat' dir='ltr'><strong>Cui</strong></span> <span class='ocrx_word' id='word_1_54' title='bbox 807 933 898 972; x_wconf 91' lang='lat' dir='ltr'><strong>rex</strong></span> <span class='ocrx_word' id='word_1_55' title='bbox 922 917 1000 971; x_wconf 86' lang='lat' dir='ltr'><strong>ait</strong></span> <span class='ocrx_word' id='word_1_56' title='bbox 1034 936 1046 970; x_wconf 91' lang='lat'><strong>:</strong></span> <span class='ocrx_word' id='word_1_57' title='bbox 1079 918 1189 986; x_wconf 88' lang='lat' dir='ltr'><strong>Ego</strong></span> <span class='ocrx_word' id='word_1_58' title='bbox 1218 918 1445 985; x_wconf 91' lang='lat' dir='ltr'><strong>primum</strong></span> <span class='ocrx_word' id='word_1_59' title='bbox 1480 918 1728 987; x_wconf 68' lang='lat' dir='ltr'><strong>prmcepi,</strong></span> <span class='ocrx_word' id='word_1_60' title='bbox 1760 926 1816 971; x_wconf 95' lang='lat' dir='ltr'><strong>ut</strong></span> <span class='ocrx_word' id='word_1_61' title='bbox 1841 916 1951 972; x_wconf 88' lang='lat' dir='ltr'><strong>Tu-</strong></span> 
     </span>
    </p>
   </div>
   <div class='ocr_carea' id='block_1_10' title="bbox 371 1006 1948 1090">
    <p class='ocr_par' dir='ltr' id='par_1_10' title="bbox 371 1006 1948 1090">
     <span class='ocr_line' id='line_1_10' title="bbox 371 1006 1948 1090; baseline 0.003 -32"><span class='ocrx_word' id='word_1_62' title='bbox 371 1009 521 1060; x_wconf 78' lang='lat' dir='ltr'><strong>rnnis</strong></span> <span class='ocrx_word' id='word_1_63' title='bbox 551 1016 601 1060; x_wconf 92' lang='lat' dir='ltr'><strong>te</strong></span> <span class='ocrx_word' id='word_1_64' title='bbox 632 1006 696 1059; x_wconf 90' lang='lat' dir='ltr'><strong>ad</strong></span> <span class='ocrx_word' id='word_1_65' title='bbox 727 1008 1086 1090; x_wconf 77' lang='lat' dir='ltr'><strong>episcopatum</strong></span> <span class='ocrx_word' id='word_1_66' title='bbox 1120 1018 1500 1064; x_wconf 83' lang='lat' dir='ltr'><strong>consecrarent</strong></span> <span class='ocrx_word' id='word_1_67' title='bbox 1528 1025 1541 1060; x_wconf 93' lang='lat'>:</span> <span class='ocrx_word' id='word_1_68' title='bbox 1574 1007 1668 1062; x_wconf 87' lang='lat' dir='ltr'><strong>sed</strong></span> <span class='ocrx_word' id='word_1_69' title='bbox 1690 1017 1948 1076; x_wconf 90' lang='lat' dir='ltr'><strong>quantum</strong></span> 
     </span>
    </p>
   </div>
   <div class='ocr_carea' id='block_1_11' title="bbox 371 1100 1951 1171">
    <p class='ocr_par' dir='ltr' id='par_1_11' title="bbox 371 1100 1951 1171">
     <span class='ocr_line' id='line_1_11' title="bbox 371 1100 1951 1171; baseline 0.003 -19"><span class='ocrx_word' id='word_1_70' title='bbox 371 1101 556 1164; x_wconf 88' lang='lat' dir='ltr'><strong>audio,</strong></span> <span class='ocrx_word' id='word_1_71' title='bbox 587 1100 858 1170; x_wconf 87' lang='lat' dir='ltr'><strong>despectui</strong></span> <span class='ocrx_word' id='word_1_72' title='bbox 904 1103 1131 1155; x_wconf 85' lang='lat' dir='ltr'><strong>habuisti</strong></span> <span class='ocrx_word' id='word_1_73' title='bbox 1177 1103 1456 1157; x_wconf 85' lang='lat' dir='ltr'><strong>ecclesiam</strong></span> <span class='ocrx_word' id='word_1_74' title='bbox 1499 1103 1675 1167; x_wconf 90' lang='lat' dir='ltr'><strong>illam;</strong></span> <span class='ocrx_word' id='word_1_75' title='bbox 1728 1102 1951 1171; x_wconf 85' lang='lat' dir='ltr'><strong>ideoque</strong></span> 
     </span>
    </p>
   </div>
   <div class='ocr_carea' id='block_1_12' title="bbox 369 1191 1951 1262">
    <p class='ocr_par' dir='ltr' id='par_1_12' title="bbox 369 1191 1951 1262">
     <span class='ocr_line' id='line_1_12' title="bbox 369 1191 1951 1262; baseline 0.002 -17"><span class='ocrx_word' id='word_1_76' title='bbox 369 1191 646 1256; x_wconf 76' lang='lat' dir='ltr'><strong>elongabei</strong></span> <span class='ocrx_word' id='word_1_77' title='bbox 664 1191 704 1242; x_wconf 85' lang='lat' dir='ltr'><strong>is</strong></span> <span class='ocrx_word' id='word_1_78' title='bbox 729 1207 756 1242; x_wconf 89' lang='lat' dir='ltr'><strong>a</strong></span> <span class='ocrx_word' id='word_1_79' title='bbox 787 1191 1147 1244; x_wconf 72' lang='lat' dir='ltr'><strong>dominatione</strong></span> <span class='ocrx_word' id='word_1_80' title='bbox 1189 1192 1324 1262; x_wconf 79' lang='lat' dir='ltr'><strong>ejus.</strong></span> <span class='ocrx_word' id='word_1_81' title='bbox 1359 1193 1421 1246; x_wconf 86' lang='lat' dir='ltr'><strong>Et</strong></span> <span class='ocrx_word' id='word_1_82' title='bbox 1441 1195 1517 1248; x_wconf 87' lang='lat' dir='ltr'><strong>sic</strong></span> <span class='ocrx_word' id='word_1_83' title='bbox 1538 1192 1785 1251; x_wconf 89' lang='lat' dir='ltr'><strong>confusus</strong></span> <span class='ocrx_word' id='word_1_84' title='bbox 1814 1195 1951 1249; x_wconf 88' lang='lat' dir='ltr'><strong>abs-</strong></span> 
     </span>
    </p>
   </div>
   <div class='ocr_carea' id='block_1_13' title="bbox 371 1282 1953 1352">
    <p class='ocr_par' dir='ltr' id='par_1_13' title="bbox 371 1282 1953 1352">
     <span class='ocr_line' id='line_1_13' title="bbox 371 1282 1953 1352; baseline 0.001 -16"><span class='ocrx_word' id='word_1_85' title='bbox 371 1285 556 1336; x_wconf 90' lang='lat' dir='ltr'><strong>cessit.</strong></span> <span class='ocrx_word' id='word_1_86' title='bbox 600 1282 673 1336; x_wconf 88' lang='lat' dir='ltr'><strong>De</strong></span> <span class='ocrx_word' id='word_1_87' title='bbox 713 1293 900 1335; x_wconf 87' lang='lat' dir='ltr'><strong>sancto</strong></span> <span class='ocrx_word' id='word_1_88' title='bbox 949 1299 1074 1336; x_wconf 88' lang='lat' dir='ltr'><strong>vero</strong></span> <span class='ocrx_word' id='word_1_89' title='bbox 1111 1283 1368 1336; x_wconf 79' lang='lat' dir='ltr'><strong>Eufronio</strong></span> <span class='ocrx_word' id='word_1_90' title='bbox 1421 1285 1775 1352; x_wconf 76' lang='lat' dir='ltr'><strong>interrogans,</strong></span> <span class='ocrx_word' id='word_1_91' title='bbox 1801 1285 1953 1338; x_wconf 85' lang='lat' dir='ltr'><strong>dixe—</strong></span> 
     </span>
    </p>
   </div>
   <div class='ocr_carea' id='block_1_14' title="bbox 373 1373 1950 1444">
    <p class='ocr_par' dir='ltr' id='par_1_14' title="bbox 373 1373 1950 1444">
     <span class='ocr_line' id='line_1_14' title="bbox 373 1373 1950 1444; baseline 0 -17"><span class='ocrx_word' id='word_1_92' title='bbox 373 1381 500 1427; x_wconf 91' lang='lat' dir='ltr'><strong>runt</strong></span> <span class='ocrx_word' id='word_1_93' title='bbox 529 1389 648 1427; x_wconf 90' lang='lat' dir='ltr'><strong>eum</strong></span> <span class='ocrx_word' id='word_1_94' title='bbox 677 1383 923 1441; x_wconf 72' lang='lat' dir='ltr'><strong>nepotem</strong></span> <span class='ocrx_word' id='word_1_95' title='bbox 945 1388 1064 1428; x_wconf 89' lang='lat' dir='ltr'><strong>esse</strong></span> <span class='ocrx_word' id='word_1_96' title='bbox 1088 1373 1224 1427; x_wconf 90' lang='lat' dir='ltr'><strong>beati</strong></span> <span class='ocrx_word' id='word_1_97' title='bbox 1256 1375 1500 1444; x_wconf 80' lang='lat' dir='ltr'><strong>Gregorii</strong></span> <span class='ocrx_word' id='word_1_98' title='bbox 1538 1383 1585 1439; x_wconf 80' lang='grc' dir='ltr'><strong>ι,</strong></span> <span class='ocrx_word' id='word_1_99' title='bbox 1611 1374 1762 1444; x_wconf 89' lang='lat' dir='ltr'><strong>cujus</strong></span> <span class='ocrx_word' id='word_1_100' title='bbox 1792 1389 1950 1444; x_wconf 90' lang='lat' dir='ltr'><strong>supra</strong></span> 
     </span>
    </p>
   </div>
   <div class='ocr_carea' id='block_1_15' title="bbox 374 1464 1952 1533">
    <p class='ocr_par' dir='ltr' id='par_1_15' title="bbox 374 1464 1952 1533">
     <span class='ocr_line' id='line_1_15' title="bbox 374 1464 1952 1533; baseline 0.002 -17"><span class='ocrx_word' id='word_1_101' title='bbox 374 1464 736 1519; x_wconf 89' lang='lat' dir='ltr'><strong>meminimus.</strong></span> <span class='ocrx_word' id='word_1_102' title='bbox 769 1464 1063 1533; x_wconf 76' lang='lat' dir='ltr'><strong>Respondit</strong></span> <span class='ocrx_word' id='word_1_103' title='bbox 1084 1479 1209 1518; x_wconf 91' lang='lat' dir='ltr'><strong>rex:</strong></span> <span class='ocrx_word' id='word_1_104' title='bbox 1237 1465 1408 1519; x_wconf 88' lang='lat' dir='ltr'><strong>Prima</strong></span> <span class='ocrx_word' id='word_1_105' title='bbox 1435 1465 1547 1519; x_wconf 66' lang='lat' dir='ltr'><strong>haec</strong></span> <span class='ocrx_word' id='word_1_106' title='bbox 1577 1475 1658 1520; x_wconf 75' lang='lat' dir='ltr'><strong>est</strong></span> <span class='ocrx_word' id='word_1_107' title='bbox 1686 1476 1740 1520; x_wconf 91' lang='lat' dir='ltr'><strong>et</strong></span> <span class='ocrx_word' id='word_1_108' title='bbox 1761 1480 1952 1533; x_wconf 88' lang='lat' dir='ltr'><strong>magna</strong></span> 
     </span>
    </p>
   </div>
   <div class='ocr_carea' id='block_1_16' title="bbox 372 1552 1955 1622">
    <p class='ocr_par' dir='ltr' id='par_1_16' title="bbox 372 1552 1955 1622">
     <span class='ocr_line' id='line_1_16' title="bbox 372 1552 1955 1622; baseline 0.002 -14"><span class='ocrx_word' id='word_1_109' title='bbox 372 1555 668 1622; x_wconf 73' lang='lat' dir='ltr'><strong>generatio.</strong></span> <span class='ocrx_word' id='word_1_110' title='bbox 699 1552 818 1609; x_wconf 82' lang='lat' dir='ltr'><strong>Fiat</strong></span> <span class='ocrx_word' id='word_1_111' title='bbox 838 1554 1084 1608; x_wconf 73' lang='lat' dir='ltr'><strong>voluntas</strong></span> <span class='ocrx_word' id='word_1_112' title='bbox 1107 1552 1222 1619; x_wconf 90' lang='lat' dir='ltr'><strong>Dei,</strong></span> <span class='ocrx_word' id='word_1_113' title='bbox 1268 1563 1323 1609; x_wconf 94' lang='lat' dir='ltr'><strong>et</strong></span> <span class='ocrx_word' id='word_1_114' title='bbox 1368 1555 1508 1610; x_wconf 80' lang='lat' dir='ltr'><strong>beati</strong></span> <span class='ocrx_word' id='word_1_115' title='bbox 1535 1557 1768 1612; x_wconf 79' lang='lat' dir='ltr'><strong>Martini.</strong></span> <span class='ocrx_word' id='word_1_116' title='bbox 1804 1556 1955 1611; x_wconf 86' lang='lat' dir='ltr'><strong>Elec-</strong></span> 
     </span>
    </p>
   </div>
   <div class='ocr_carea' id='block_1_17' title="bbox 378 1643 1956 1716">
    <p class='ocr_par' dir='ltr' id='par_1_17' title="bbox 378 1643 1956 1716">
     <span class='ocr_line' id='line_1_17' title="bbox 378 1643 1956 1716; baseline 0.004 -22"><span class='ocrx_word' id='word_1_117' title='bbox 378 1644 452 1694; x_wconf 92' lang='lat' dir='ltr'><strong>lio</strong></span> <span class='ocrx_word' id='word_1_118' title='bbox 481 1643 835 1712; x_wconf 76' lang='lat' dir='ltr'><strong>compleatur.</strong></span> <span class='ocrx_word' id='word_1_119' title='bbox 873 1645 937 1698; x_wconf 84' lang='lat' dir='ltr'><strong>Et</strong></span> <span class='ocrx_word' id='word_1_120' title='bbox 966 1646 1088 1698; x_wconf 82' lang='lat' dir='ltr'><strong>data</strong></span> <span class='ocrx_word' id='word_1_121' title='bbox 1117 1645 1476 1716; x_wconf 68' lang='lat' dir='ltr'><strong>praeceptione</strong></span> <span class='ocrx_word' id='word_1_122' title='bbox 1502 1686 1517 1708; x_wconf 90' lang='lat'><strong>,</strong></span> <span class='ocrx_word' id='word_1_123' title='bbox 1546 1657 1767 1702; x_wconf 88' lang='lat' dir='ltr'><strong>octavus</strong></span> <span class='ocrx_word' id='word_1_124' title='bbox 1808 1646 1956 1701; x_wconf 84' lang='lat' dir='ltr'><strong>deci-</strong></span> 
     </span>
    </p>
   </div>
   <div class='ocr_carea' id='block_1_18' title="bbox 374 1734 1957 1802">
    <p class='ocr_par' dir='ltr' id='par_1_18' title="bbox 374 1734 1957 1802">
     <span class='ocr_line' id='line_1_18' title="bbox 374 1734 1957 1802; baseline 0.006 -16"><span class='ocrx_word' id='word_1_125' title='bbox 374 1749 494 1787; x_wconf 88' lang='lat' dir='ltr'><strong>mus</strong></span> <span class='ocrx_word' id='word_1_126' title='bbox 518 1747 634 1802; x_wconf 84' lang='lat' dir='ltr'><strong>post</strong></span> <span class='ocrx_word' id='word_1_127' title='bbox 660 1734 869 1789; x_wconf 88' lang='lat' dir='ltr'><strong>beatum</strong></span> <span class='ocrx_word' id='word_1_128' title='bbox 918 1737 1202 1792; x_wconf 80' lang='lat' dir='ltr'><strong>Martinum</strong></span> <span class='ocrx_word' id='word_1_129' title='bbox 1248 1747 1467 1794; x_wconf 82' lang='lat' dir='ltr'><strong>sanctus</strong></span> <span class='ocrx_word' id='word_1_130' title='bbox 1497 1737 1786 1797; x_wconf 72' lang='lat' dir='ltr'><strong>I&#39;quronius</strong></span> <span class='ocrx_word' id='word_1_131' title='bbox 1809 1739 1957 1795; x_wconf 85' lang='lat' dir='ltr'><strong>ordi-</strong></span> 
     </span>
    </p>
   </div>
   <div class='ocr_carea' id='block_1_19' title="bbox 375 1832 867 1896">
    <p class='ocr_par' dir='ltr' id='par_1_19' title="bbox 375 1832 867 1896">
     <span class='ocr_line' id='line_1_19' title="bbox 375 1832 867 1896; baseline 0.002 -15"><span class='ocrx_word' id='word_1_132' title='bbox 375 1838 534 1881; x_wconf 83' lang='lat' dir='ltr'><strong>natur</strong></span> <span class='ocrx_word' id='word_1_133' title='bbox 561 1832 867 1896; x_wconf 62' lang='lat' dir='ltr'><strong>(Episcopus.</strong></span> 
     </span>
    </p>
   </div>
   <div class='ocr_carea' id='block_1_20' title="bbox 452 1918 1954 1991">
    <p class='ocr_par' dir='ltr' id='par_1_20' title="bbox 452 1918 1954 1991">
     <span class='ocr_line' id='line_1_20' title="bbox 452 1918 1954 1991; baseline 0.002 -18"><span class='ocrx_word' id='word_1_134' title='bbox 452 1918 590 1973; x_wconf 69' lang='lat' dir='ltr'><strong>XVI.</strong></span> <span class='ocrx_word' id='word_1_135' title='bbox 634 1919 935 1974; x_wconf 89' lang='lat' dir='ltr'><strong>Cbramuus</strong></span> <span class='ocrx_word' id='word_1_136' title='bbox 979 1934 1105 1974; x_wconf 86' lang='lat' dir='ltr'><strong>vero</strong></span> <span class='ocrx_word' id='word_1_137' title='bbox 1145 1920 1283 1991; x_wconf 91' lang='lat' dir='ltr'><strong>apud</strong></span> <span class='ocrx_word' id='word_1_138' title='bbox 1327 1920 1582 1976; x_wconf 84' lang='lat' dir='ltr'><strong>Arvernis</strong></span> <span class='ocrx_word' id='word_1_139' title='bbox 1622 1923 1852 1989; x_wconf 86' lang='lat' dir='ltr'><strong>diversa,</strong></span> <span class='ocrx_word' id='word_1_140' title='bbox 1895 1930 1954 1976; x_wconf 89' lang='lat' dir='ltr'><strong>ut</strong></span> 
     </span>
    </p>
   </div>
   <div class='ocr_carea' id='block_1_21' title="bbox 373 2010 1951 2080">
    <p class='ocr_par' dir='ltr' id='par_1_21' title="bbox 373 2010 1951 2080">
     <span class='ocr_line' id='line_1_21' title="bbox 373 2010 1951 2080; baseline 0.001 -15"><span class='ocrx_word' id='word_1_141' title='bbox 373 2010 631 2077; x_wconf 67' lang='lat' dir='ltr'><strong>diximus,</strong></span> <span class='ocrx_word' id='word_1_142' title='bbox 652 2013 933 2066; x_wconf 74' lang='lat' dir='ltr'><strong>exercebat</strong></span> <span class='ocrx_word' id='word_1_143' title='bbox 957 2011 1118 2078; x_wconf 86' lang='lat' dir='ltr'><strong>mala,</strong></span> <span class='ocrx_word' id='word_1_144' title='bbox 1149 2025 1363 2080; x_wconf 77' lang='lat' dir='ltr'><strong>semper</strong></span> <span class='ocrx_word' id='word_1_145' title='bbox 1385 2013 1645 2067; x_wconf 86' lang='lat' dir='ltr'><strong>adversus</strong></span> <span class='ocrx_word' id='word_1_146' title='bbox 1669 2012 1951 2067; x_wconf 83' lang='lat' dir='ltr'><strong>Cautinum</strong></span> 
     </span>
    </p>
   </div>
   <div class='ocr_carea' id='block_1_22' title="bbox 373 2101 1954 2172">
    <p class='ocr_par' dir='ltr' id='par_1_22' title="bbox 373 2101 1954 2172">
     <span class='ocr_line' id='line_1_22' title="bbox 373 2101 1954 2172; baseline 0.001 -16"><span class='ocrx_word' id='word_1_147' title='bbox 373 2101 687 2170; x_wconf 73' lang='lat' dir='ltr'><strong>episcopum</strong></span> <span class='ocrx_word' id='word_1_148' title='bbox 746 2101 996 2154; x_wconf 77' lang='lat' dir='ltr'><strong>invidiam</strong></span> <span class='ocrx_word' id='word_1_149' title='bbox 1044 2113 1251 2156; x_wconf 88' lang='lat' dir='ltr'><strong>tenens.</strong></span> <span class='ocrx_word' id='word_1_150' title='bbox 1305 2102 1379 2156; x_wconf 84' lang='lat' dir='ltr'><strong>Eo</strong></span> <span class='ocrx_word' id='word_1_151' title='bbox 1430 2111 1670 2170; x_wconf 87' lang='lat' dir='ltr'><strong>tempore</strong></span> <span class='ocrx_word' id='word_1_152' title='bbox 1721 2104 1954 2172; x_wconf 81' lang='lat' dir='ltr'><strong>graviter</strong></span> 
     </span>
    </p>
   </div>
   <div class='ocr_carea' id='block_1_23' title="bbox 376 2191 1950 2262">
    <p class='ocr_par' dir='ltr' id='par_1_23' title="bbox 376 2191 1950 2262">
     <span class='ocr_line' id='line_1_23' title="bbox 376 2191 1950 2262; baseline 0.001 -15"><span class='ocrx_word' id='word_1_153' title='bbox 376 2192 675 2260; x_wconf 71' lang='lat' dir='ltr'><strong>aegrotavit,</strong></span> <span class='ocrx_word' id='word_1_154' title='bbox 705 2192 845 2260; x_wconf 77' lang='lat' dir='ltr'><strong>itapt</strong></span> <span class='ocrx_word' id='word_1_155' title='bbox 874 2191 1047 2260; x_wconf 89' lang='lat' dir='ltr'><strong>capilli</strong></span> <span class='ocrx_word' id='word_1_156' title='bbox 1069 2193 1186 2262; x_wconf 88' lang='lat' dir='ltr'><strong>ejus</strong></span> <span class='ocrx_word' id='word_1_157' title='bbox 1215 2209 1243 2246; x_wconf 91' lang='lat' dir='ltr'><strong>a</strong></span> <span class='ocrx_word' id='word_1_158' title='bbox 1264 2193 1422 2247; x_wconf 84' lang='lat' dir='ltr'><strong>nimia</strong></span> <span class='ocrx_word' id='word_1_159' title='bbox 1456 2192 1605 2248; x_wconf 81' lang='lat' dir='ltr'><strong>febre</strong></span> <span class='ocrx_word' id='word_1_160' title='bbox 1622 2192 1950 2249; x_wconf 84' lang='lat' dir='ltr'><strong>deciderent.</strong></span> 
     </span>
    </p>
   </div>
   <div class='ocr_carea' id='block_1_24' title="bbox 380 2283 1952 2356">
    <p class='ocr_par' dir='ltr' id='par_1_24' title="bbox 380 2283 1952 2356">
     <span class='ocr_line' id='line_1_24' title="bbox 380 2283 1952 2356; baseline -0.001 -16"><span class='ocrx_word' id='word_1_161' title='bbox 380 2283 624 2340; x_wconf 74' lang='lat' dir='ltr'><strong>Habebat</strong></span> <span class='ocrx_word' id='word_1_162' title='bbox 645 2293 822 2339; x_wconf 86' lang='lat' dir='ltr'><strong>autem</strong></span> <span class='ocrx_word' id='word_1_163' title='bbox 857 2294 980 2338; x_wconf 87' lang='lat' dir='ltr'><strong>tunc</strong></span> <span class='ocrx_word' id='word_1_164' title='bbox 1008 2298 1188 2356; x_wconf 80' lang='lat' dir='ltr'><strong>secum</strong></span> <span class='ocrx_word' id='word_1_165' title='bbox 1218 2287 1386 2338; x_wconf 92' lang='lat' dir='ltr'><strong>virum</strong></span> <span class='ocrx_word' id='word_1_166' title='bbox 1429 2286 1787 2355; x_wconf 86' lang='lat' dir='ltr'><strong>magniﬁcum,</strong></span> <span class='ocrx_word' id='word_1_167' title='bbox 1819 2299 1868 2338; x_wconf 93' lang='lat' dir='ltr'><strong>et</strong></span> <span class='ocrx_word' id='word_1_168' title='bbox 1899 2286 1952 2338; x_wconf 91' lang='lat' dir='ltr'><strong>in</strong></span> 
     </span>
    </p>
   </div>
   <div class='ocr_carea' id='block_1_25' title="bbox 378 2373 1955 2445">
    <p class='ocr_par' dir='ltr' id='par_1_25' title="bbox 378 2373 1955 2445">
     <span class='ocr_line' id='line_1_25' title="bbox 378 2373 1955 2445; baseline 0.002 -19"><span class='ocrx_word' id='word_1_169' title='bbox 378 2376 521 2427; x_wconf 82' lang='lat' dir='ltr'><strong>omni</strong></span> <span class='ocrx_word' id='word_1_170' title='bbox 553 2373 791 2428; x_wconf 72' lang='lat' dir='ltr'><strong>bonitate</strong></span> <span class='ocrx_word' id='word_1_171' title='bbox 829 2373 1187 2445; x_wconf 67' lang='lat' dir='ltr'><strong>perspicuum,</strong></span> <span class='ocrx_word' id='word_1_172' title='bbox 1217 2375 1391 2430; x_wconf 83' lang='lat' dir='ltr'><strong>civem</strong></span> <span class='ocrx_word' id='word_1_173' title='bbox 1442 2379 1759 2440; x_wconf 80' lang='lat' dir='ltr'><strong>Arvernum,</strong></span> <span class='ocrx_word' id='word_1_174' title='bbox 1789 2378 1955 2429; x_wconf 81' lang='lat' dir='ltr'><strong>Asco—</strong></span> 
     </span>
    </p>
   </div>
   <div class='ocr_carea' id='block_1_26' title="bbox 378 2463 1955 2535">
    <p class='ocr_par' dir='ltr' id='par_1_26' title="bbox 378 2463 1955 2535">
     <span class='ocr_line' id='line_1_26' title="bbox 378 2463 1955 2535; baseline 0.002 -20"><span class='ocrx_word' id='word_1_175' title='bbox 378 2464 595 2518; x_wconf 84' lang='lat' dir='ltr'><strong>viudnm</strong></span> <span class='ocrx_word' id='word_1_176' title='bbox 628 2463 653 2501; x_wconf 71' lang='grc' dir='ltr'>δ</span> <span class='ocrx_word' id='word_1_177' title='bbox 687 2467 920 2528; x_wconf 89' lang='lat' dir='ltr'><strong>nomine,</strong></span> <span class='ocrx_word' id='word_1_178' title='bbox 952 2467 1038 2535; x_wconf 87' lang='lat' dir='ltr'><strong>qui</strong></span> <span class='ocrx_word' id='word_1_179' title='bbox 1092 2481 1212 2520; x_wconf 91' lang='lat' dir='ltr'><strong>eum</strong></span> <span class='ocrx_word' id='word_1_180' title='bbox 1243 2465 1292 2518; x_wconf 87' lang='lat' dir='ltr'><strong>vi</strong></span> <span class='ocrx_word' id='word_1_181' title='bbox 1315 2466 1382 2519; x_wconf 89' lang='lat' dir='ltr'><strong>ab</strong></span> <span class='ocrx_word' id='word_1_182' title='bbox 1407 2466 1503 2520; x_wconf 90' lang='lat' dir='ltr'><strong>hac</strong></span> <span class='ocrx_word' id='word_1_183' title='bbox 1521 2466 1716 2519; x_wconf 88' lang='lat' dir='ltr'><strong>malitia</strong></span> <span class='ocrx_word' id='word_1_184' title='bbox 1749 2481 1955 2535; x_wconf 86' lang='lat' dir='ltr'><strong>qua-re-</strong></span> 
     </span>
    </p>
   </div>
   <div class='ocr_carea' id='block_1_27' title="bbox 377 2555 1952 2628">
    <p class='ocr_par' dir='ltr' id='par_1_27' title="bbox 377 2555 1952 2628">
     <span class='ocr_line' id='line_1_27' title="bbox 377 2555 1952 2628; baseline 0.003 -18"><span class='ocrx_word' id='word_1_185' title='bbox 377 2555 467 2610; x_wconf 78' lang='lat' dir='ltr'><strong>hat</strong></span> <span class='ocrx_word' id='word_1_186' title='bbox 494 2567 760 2626; x_wconf 80' lang='lat' dir='ltr'><strong>avertere,</strong></span> <span class='ocrx_word' id='word_1_187' title='bbox 784 2559 878 2613; x_wconf 85' lang='lat' dir='ltr'><strong>sed</strong></span> <span class='ocrx_word' id='word_1_188' title='bbox 907 2574 1008 2613; x_wconf 80' lang='lat' dir='ltr'><strong>non</strong></span> <span class='ocrx_word' id='word_1_189' title='bbox 1043 2570 1268 2628; x_wconf 88' lang='lat' dir='ltr'><strong>poterat.</strong></span> <span class='ocrx_word' id='word_1_190' title='bbox 1303 2560 1542 2615; x_wconf 90' lang='lat' dir='ltr'><strong>llabebat</strong></span> <span class='ocrx_word' id='word_1_191' title='bbox 1567 2563 1705 2615; x_wconf 86' lang='lat' dir='ltr'><strong>enini</strong></span> <span class='ocrx_word' id='word_1_192' title='bbox 1731 2571 1784 2615; x_wconf 93' lang='lat' dir='ltr'><strong>et</strong></span> <span class='ocrx_word' id='word_1_193' title='bbox 1816 2560 1952 2614; x_wconf 72' lang='lat' dir='ltr'><strong>Leo-</strong></span> 
     </span>
    </p>
   </div>
   <div class='ocr_carea' id='block_1_28' title="bbox 377 2645 1953 2721">
    <p class='ocr_par' dir='ltr' id='par_1_28' title="bbox 377 2645 1953 2721">
     <span class='ocr_line' id='line_1_28' title="bbox 377 2645 1953 2721; baseline 0.001 -19"><span class='ocrx_word' id='word_1_194' title='bbox 377 2661 500 2702; x_wconf 84' lang='lat' dir='ltr'><strong>nem</strong></span> <span class='ocrx_word' id='word_1_195' title='bbox 531 2645 920 2713; x_wconf 80' lang='lat' dir='ltr'><strong>Pictavensem,</strong></span> <span class='ocrx_word' id='word_1_196' title='bbox 952 2651 1017 2704; x_wconf 86' lang='lat' dir='ltr'><strong>ad</strong></span> <span class='ocrx_word' id='word_1_197' title='bbox 1053 2652 1227 2704; x_wconf 88' lang='lat' dir='ltr'><strong>omnia</strong></span> <span class='ocrx_word' id='word_1_198' title='bbox 1267 2652 1402 2705; x_wconf 86' lang='lat' dir='ltr'><strong>mala</strong></span> <span class='ocrx_word' id='word_1_199' title='bbox 1454 2653 1804 2720; x_wconf 86' lang='lat' dir='ltr'><strong>perpetranda</strong></span> <span class='ocrx_word' id='word_1_200' title='bbox 1831 2668 1953 2721; x_wconf 77' lang='lat' dir='ltr'><strong>gra-</strong></span> 
     </span>
    </p>
   </div>
   <div class='ocr_carea' id='block_1_29' title="bbox 380 2739 1950 2810">
    <p class='ocr_par' dir='ltr' id='par_1_29' title="bbox 380 2739 1950 2810">
     <span class='ocr_line' id='line_1_29' title="bbox 380 2739 1950 2810; baseline 0.004 -21"><span class='ocrx_word' id='word_1_201' title='bbox 380 2753 502 2790; x_wconf 81' lang='lat' dir='ltr'><strong>vem</strong></span> <span class='ocrx_word' id='word_1_202' title='bbox 549 2739 862 2803; x_wconf 76' lang='lat' dir='ltr'><strong>stimulum,</strong></span> <span class='ocrx_word' id='word_1_203' title='bbox 913 2740 1066 2810; x_wconf 78' lang='lat'><strong>156</strong></span> <span class='ocrx_word' id='word_1_204' title='bbox 1109 2742 1196 2808; x_wconf 89' lang='lat' dir='ltr'><strong>qui</strong></span> <span class='ocrx_word' id='word_1_205' title='bbox 1243 2742 1535 2796; x_wconf 86' lang='lat' dir='ltr'><strong>secundum</strong></span> <span class='ocrx_word' id='word_1_206' title='bbox 1586 2743 1814 2796; x_wconf 84' lang='lat' dir='ltr'><strong>nominis</strong></span> <span class='ocrx_word' id='word_1_207' title='bbox 1869 2743 1950 2799; x_wconf 88' lang='lat' dir='ltr'><strong>sui</strong></span> 
     </span>
    </p>
   </div>
   <div class='ocr_carea' id='block_1_30' title="bbox 381 2829 1952 2900">
    <p class='ocr_par' dir='ltr' id='par_1_30' title="bbox 381 2829 1952 2900">
     <span class='ocr_line' id='line_1_30' title="bbox 381 2829 1952 2900; baseline 0.002 -19"><span class='ocrx_word' id='word_1_208' title='bbox 381 2829 898 2898; x_wconf 64' lang='lat' dir='ltr'><strong>interpretatunem,</strong></span> <span class='ocrx_word' id='word_1_209' title='bbox 943 2841 1192 2900; x_wconf 88' lang='lat' dir='ltr'><strong>tanquam</strong></span> <span class='ocrx_word' id='word_1_210' title='bbox 1224 2831 1308 2885; x_wconf 85' lang='lat' dir='ltr'><strong>leo</strong></span> <span class='ocrx_word' id='word_1_211' title='bbox 1336 2842 1450 2886; x_wconf 87' lang='lat' dir='ltr'><strong>erat</strong></span> <span class='ocrx_word' id='word_1_212' title='bbox 1496 2836 1546 2885; x_wconf 90' lang='lat' dir='ltr'><strong>in</strong></span> <span class='ocrx_word' id='word_1_213' title='bbox 1577 2832 1720 2886; x_wconf 90' lang='lat' dir='ltr'><strong>omni</strong></span> <span class='ocrx_word' id='word_1_214' title='bbox 1746 2832 1952 2900; x_wconf 76' lang='lat' dir='ltr'><strong>cupitli-</strong></span> 
     </span>
    </p>
   </div>
   <div class='ocr_carea' id='block_1_31' title="bbox 381 2922 1948 2992">
    <p class='ocr_par' dir='ltr' id='par_1_31' title="bbox 381 2922 1948 2992">
     <span class='ocr_line' id='line_1_31' title="bbox 381 2922 1948 2992; baseline 0.004 -20"><span class='ocrx_word' id='word_1_215' title='bbox 381 2928 488 2976; x_wconf 86' lang='lat' dir='ltr'><strong>tate</strong></span> <span class='ocrx_word' id='word_1_216' title='bbox 509 2922 862 2977; x_wconf 67' lang='lat' dir='ltr'><strong>saavissitnus.</strong></span> <span class='ocrx_word' id='word_1_217' title='bbox 892 2923 985 2978; x_wconf 85' lang='lat' dir='ltr'><strong>llic</strong></span> <span class='ocrx_word' id='word_1_218' title='bbox 1009 2923 1172 2977; x_wconf 84' lang='lat' dir='ltr'><strong>fertur</strong></span> <span class='ocrx_word' id='word_1_219' title='bbox 1188 2925 1411 2990; x_wconf 88' lang='lat' dir='ltr'><strong>quadam</strong></span> <span class='ocrx_word' id='word_1_220' title='bbox 1429 2925 1541 2978; x_wconf 83' lang='lat' dir='ltr'><strong>vice</strong></span> <span class='ocrx_word' id='word_1_221' title='bbox 1571 2925 1789 2991; x_wconf 77' lang='lat' dir='ltr'><strong>dixisse,</strong></span> <span class='ocrx_word' id='word_1_222' title='bbox 1808 2925 1948 2992; x_wconf 89' lang='lat' dir='ltr'><strong>quod</strong></span> 
     </span>
    </p>
   </div>
   <div class='ocr_carea' id='block_1_32' title="bbox 381 3013 1948 3070">
    <p class='ocr_par' dir='ltr' id='par_1_32' title="bbox 381 3013 1948 3070">
     <span class='ocr_line' id='line_1_32' title="bbox 381 3013 1948 3070; baseline 0.003 -4"><span class='ocrx_word' id='word_1_223' title='bbox 381 3013 636 3067; x_wconf 56' lang='lat' dir='ltr'><strong>Martinus</strong></span> <span class='ocrx_word' id='word_1_224' title='bbox 667 3026 717 3066; x_wconf 91' lang='lat' dir='ltr'><strong>et</strong></span> <span class='ocrx_word' id='word_1_225' title='bbox 743 3013 995 3069; x_wconf 80' lang='lat' dir='ltr'><strong>Martialis</strong></span> <span class='ocrx_word' id='word_1_226' title='bbox 1031 3024 1052 3049; x_wconf 67' lang='grc' dir='ltr'>α</span> <span class='ocrx_word' id='word_1_227' title='bbox 1083 3016 1418 3070; x_wconf 78' lang='lat' dir='ltr'><strong>confessores</strong></span> <span class='ocrx_word' id='word_1_228' title='bbox 1439 3015 1642 3068; x_wconf 89' lang='lat' dir='ltr'><strong>Domini</strong></span> <span class='ocrx_word' id='word_1_229' title='bbox 1673 3015 1799 3068; x_wconf 87' lang='lat' dir='ltr'><strong>nihil</strong></span> <span class='ocrx_word' id='word_1_230' title='bbox 1828 3014 1948 3070; x_wconf 80' lang='lat' dir='ltr'><strong>fisci</strong></span> 
     </span>
    </p>
   </div>
   <div class='ocr_carea' id='block_1_33' title="bbox 369 3103 1950 3176">
    <p class='ocr_par' dir='ltr' id='par_1_33' title="bbox 369 3103 1950 3176">
     <span class='ocr_line' id='line_1_33' title="bbox 369 3103 1950 3176; baseline 0.002 -19"><span class='ocrx_word' id='word_1_231' title='bbox 369 3103 591 3174; x_wconf 85' lang='lat' dir='ltr'><strong>_juribus</strong></span> <span class='ocrx_word' id='word_1_232' title='bbox 621 3106 752 3174; x_wconf 84' lang='lat' dir='ltr'><strong>utile</strong></span> <span class='ocrx_word' id='word_1_233' title='bbox 795 3107 1157 3176; x_wconf 78' lang='lat' dir='ltr'><strong>reliquissent.</strong></span> <span class='ocrx_word' id='word_1_234' title='bbox 1205 3105 1310 3162; x_wconf 89' lang='lat' dir='ltr'><strong>Sed</strong></span> <span class='ocrx_word' id='word_1_235' title='bbox 1358 3106 1538 3160; x_wconf 86' lang='lat' dir='ltr'><strong>statim</strong></span> <span class='ocrx_word' id='word_1_236' title='bbox 1583 3122 1867 3174; x_wconf 87' lang='lat' dir='ltr'><strong>percussus</strong></span> <span class='ocrx_word' id='word_1_237' title='bbox 1919 3123 1950 3160; x_wconf 92' lang='lat' dir='ltr'><strong>a</strong></span> 
     </span>
    </p>
   </div>
   <div class='ocr_carea' id='block_1_34' title="bbox 2053 549 3623 630">
    <p class='ocr_par' dir='ltr' id='par_1_34' title="bbox 2053 549 3623 630">
     <span class='ocr_line' id='line_1_34' title="bbox 2053 549 3623 630; baseline 0.008 -25"><span class='ocrx_word' id='word_1_238' title='bbox 2053 549 2256 607; x_wconf 61' lang='lat' dir='ltr'><strong>foedere</strong></span> <span class='ocrx_word' id='word_1_239' title='bbox 2287 553 2441 623; x_wconf 87' lang='lat' dir='ltr'><strong>inito,</strong></span> <span class='ocrx_word' id='word_1_240' title='bbox 2475 553 2818 610; x_wconf 74' lang='lat' dir='ltr'><strong>Lemovicino</strong></span> <span class='ocrx_word' id='word_1_241' title='bbox 2859 558 3037 623; x_wconf 87' lang='lat' dir='ltr'><strong>rediit,</strong></span> <span class='ocrx_word' id='word_1_242' title='bbox 3065 568 3122 614; x_wconf 88' lang='lat' dir='ltr'><strong>et</strong></span> <span class='ocrx_word' id='word_1_243' title='bbox 3175 560 3325 628; x_wconf 87' lang='lat' dir='ltr'><strong>illud,</strong></span> <span class='ocrx_word' id='word_1_244' title='bbox 3353 576 3450 630; x_wconf 86' lang='lat' dir='ltr'><strong>per</strong></span> <span class='ocrx_word' id='word_1_245' title='bbox 3483 562 3623 630; x_wconf 85' lang='lat' dir='ltr'><strong>quod</strong></span> 
     </span>
    </p>
   </div>
   <div class='ocr_carea' id='block_1_35' title="bbox 2053 642 3629 719">
    <p class='ocr_par' dir='ltr' id='par_1_35' title="bbox 2053 642 3629 719">
     <span class='ocr_line' id='line_1_35' title="bbox 2053 642 3629 719; baseline 0.01 -25"><span class='ocrx_word' id='word_1_246' title='bbox 2053 642 2198 710; x_wconf 85' lang='lat' dir='ltr'><strong>prius</strong></span> <span class='ocrx_word' id='word_1_247' title='bbox 2222 642 2595 700; x_wconf 82' lang='lat' dir='ltr'><strong>ambulaverat</strong></span> <span class='ocrx_word' id='word_1_248' title='bbox 2620 646 2671 700; x_wconf 86' lang='lat' dir='ltr'><strong>in</strong></span> <span class='ocrx_word' id='word_1_249' title='bbox 2704 659 2869 717; x_wconf 81' lang='lat' dir='ltr'><strong>regno</strong></span> <span class='ocrx_word' id='word_1_250' title='bbox 2909 649 3074 718; x_wconf 84' lang='lat' dir='ltr'><strong>patris</strong></span> <span class='ocrx_word' id='word_1_251' title='bbox 3112 651 3214 719; x_wconf 91' lang='lat' dir='ltr'><strong>sui,</strong></span> <span class='ocrx_word' id='word_1_252' title='bbox 3247 653 3299 706; x_wconf 91' lang='lat' dir='ltr'><strong>in</strong></span> <span class='ocrx_word' id='word_1_253' title='bbox 3330 667 3425 706; x_wconf 89' lang='lat' dir='ltr'><strong>sua</strong></span> <span class='ocrx_word' id='word_1_254' title='bbox 3453 652 3629 709; x_wconf 86' lang='lat' dir='ltr'><strong>domi-</strong></span> 
     </span>
    </p>
   </div>
   <div class='ocr_carea' id='block_1_36' title="bbox 2011 733 3624 810">
    <p class='ocr_par' dir='ltr' id='par_1_36' title="bbox 2011 733 3624 810">
     <span class='ocr_line' id='line_1_36' title="bbox 2011 733 3624 810; baseline 0.007 -24"><span class='ocrx_word' id='word_1_255' title='bbox 2011 782 2019 792; x_wconf 89' lang='grc'><em>,</em></span> <span class='ocrx_word' id='word_1_256' title='bbox 2051 733 2268 788; x_wconf 87' lang='lat' dir='ltr'><strong>natione</strong></span> <span class='ocrx_word' id='word_1_257' title='bbox 2295 735 2520 804; x_wconf 75' lang='lat' dir='ltr'><strong>redegit.</strong></span> <span class='ocrx_word' id='word_1_258' title='bbox 2547 737 2695 792; x_wconf 85' lang='lat' dir='ltr'><strong>Tune</strong></span> <span class='ocrx_word' id='word_1_259' title='bbox 2731 741 3005 794; x_wconf 77' lang='lat' dir='ltr'><strong>Arvernus</strong></span> <span class='ocrx_word' id='word_1_260' title='bbox 3031 742 3255 810; x_wconf 90' lang='lat' dir='ltr'><strong>populus</strong></span> <span class='ocrx_word' id='word_1_261' title='bbox 3277 743 3411 797; x_wconf 79' lang='lat' dir='ltr'><strong>intra</strong></span> <span class='ocrx_word' id='word_1_262' title='bbox 3443 759 3624 798; x_wconf 78' lang='lat' dir='ltr'><strong>muros</strong></span> 
     </span>
    </p>
   </div>
   <div class='ocr_carea' id='block_1_37' title="bbox 2052 824 3623 902">
    <p class='ocr_par' dir='ltr' id='par_1_37' title="bbox 2052 824 3623 902">
     <span class='ocr_line' id='line_1_37' title="bbox 2052 824 3623 902; baseline 0.009 -26"><span class='ocrx_word' id='word_1_263' title='bbox 2052 824 2330 879; x_wconf 84' lang='lat' dir='ltr'><strong>tenebatur</strong></span> <span class='ocrx_word' id='word_1_264' title='bbox 2356 824 2615 888; x_wconf 82' lang='lat' dir='ltr'><strong>inclusus.</strong></span> <span class='ocrx_word' id='word_1_265' title='bbox 2649 837 2704 882; x_wconf 90' lang='lat' dir='ltr'><strong>et</strong></span> <span class='ocrx_word' id='word_1_266' title='bbox 2731 828 2958 884; x_wconf 85' lang='lat' dir='ltr'><strong>diversis</strong></span> <span class='ocrx_word' id='word_1_267' title='bbox 2984 828 3378 886; x_wconf 88' lang='lat' dir='ltr'><strong>inﬁrmitatibus</strong></span> <span class='ocrx_word' id='word_1_268' title='bbox 3403 848 3623 902; x_wconf 83' lang='lat' dir='ltr'><strong>oppres-</strong></span> 
     </span>
    </p>
   </div>
   <div class='ocr_carea' id='block_1_38' title="bbox 2050 919 3624 986">
    <p class='ocr_par' dir='ltr' id='par_1_38' title="bbox 2050 919 3624 986">
     <span class='ocr_line' id='line_1_38' title="bbox 2050 919 3624 986; baseline 0.006 -16"><span class='ocrx_word' id='word_1_269' title='bbox 2050 930 2143 970; x_wconf 90' lang='lat' dir='ltr'><strong>sus</strong></span> <span class='ocrx_word' id='word_1_270' title='bbox 2171 919 2404 986; x_wconf 78' lang='lat' dir='ltr'><strong>graviter</strong></span> <span class='ocrx_word' id='word_1_271' title='bbox 2432 919 2700 974; x_wconf 88' lang='lat' dir='ltr'><strong>interibat.</strong></span> <span class='ocrx_word' id='word_1_272' title='bbox 2721 923 2887 976; x_wconf 81' lang='lat' dir='ltr'><strong>Porro</strong></span> <span class='ocrx_word' id='word_1_273' title='bbox 2907 923 3349 978; x_wconf 83' lang='lat' dir='ltr'><strong>Clilotbacbarius</strong></span> <span class='ocrx_word' id='word_1_274' title='bbox 3373 940 3463 979; x_wconf 80' lang='lat' dir='ltr'><strong>rex</strong></span> <span class='ocrx_word' id='word_1_275' title='bbox 3487 927 3624 980; x_wconf 86' lang='lat' dir='ltr'><strong>duos</strong></span> 
     </span>
    </p>
   </div>
   <div class='ocr_carea' id='block_1_39' title="bbox 2052 1007 3622 1080">
    <p class='ocr_par' dir='ltr' id='par_1_39' title="bbox 2052 1007 3622 1080">
     <span class='ocr_line' id='line_1_39' title="bbox 2052 1007 3622 1080; baseline 0.006 -21"><span class='ocrx_word' id='word_1_276' title='bbox 2052 1007 2194 1062; x_wconf 85' lang='lat' dir='ltr'><strong>filios</strong></span> <span class='ocrx_word' id='word_1_277' title='bbox 2221 1023 2370 1071; x_wconf 89' lang='lat' dir='ltr'><strong>suos,</strong></span> <span class='ocrx_word' id='word_1_278' title='bbox 2405 1009 2454 1063; x_wconf 91' lang='lat' dir='ltr'><strong>id</strong></span> <span class='ocrx_word' id='word_1_279' title='bbox 2485 1021 2564 1064; x_wconf 91' lang='lat' dir='ltr'><strong>est</strong></span> <span class='ocrx_word' id='word_1_280' title='bbox 2613 1010 2985 1067; x_wconf 84' lang='lat' dir='ltr'><strong>Cltaribertnm</strong></span> <span class='ocrx_word' id='word_1_281' title='bbox 3040 1024 3093 1067; x_wconf 91' lang='lat' dir='ltr'><strong>et</strong></span> <span class='ocrx_word' id='word_1_282' title='bbox 3142 1013 3622 1080; x_wconf 83' lang='lat' dir='ltr'><strong>Guntchramnum,</strong></span> 
     </span>
    </p>
   </div>
   <div class='ocr_carea' id='block_1_40' title="bbox 2052 1092 3624 1172">
    <p class='ocr_par' dir='ltr' id='par_1_40' title="bbox 2052 1092 3624 1172">
     <span class='ocr_line' id='line_1_40' title="bbox 2052 1092 3624 1172; baseline 0.004 -19"><span class='ocrx_word' id='word_1_283' title='bbox 2052 1099 2116 1154; x_wconf 85' lang='lat' dir='ltr'><strong>ad</strong></span> <span class='ocrx_word' id='word_1_284' title='bbox 2137 1092 2264 1153; x_wconf 53' lang='lat' dir='ltr'><strong>eum&#39;</strong></span> <span class='ocrx_word' id='word_1_285' title='bbox 2287 1100 2484 1171; x_wconf 75' lang='lat' dir='ltr'><strong>dirigit.</strong></span> <span class='ocrx_word' id='word_1_286' title='bbox 2518 1101 2616 1166; x_wconf 79' lang='lat' dir='ltr'><strong>Qui</strong></span> <span class='ocrx_word' id='word_1_287' title='bbox 2645 1118 2738 1172; x_wconf 90' lang='lat' dir='ltr'><strong>per</strong></span> <span class='ocrx_word' id='word_1_288' title='bbox 2767 1105 3061 1158; x_wconf 78' lang='lat' dir='ltr'><strong>Arvernum</strong></span> <span class='ocrx_word' id='word_1_289' title='bbox 3091 1108 3381 1168; x_wconf 73' lang='lat' dir='ltr'><strong>venientes,</strong></span> <span class='ocrx_word' id='word_1_290' title='bbox 3408 1108 3624 1160; x_wconf 86' lang='lat' dir='ltr'><strong>audien-</strong></span> 
     </span>
    </p>
   </div>
   <div class='ocr_carea' id='block_1_41' title="bbox 2054 1193 3622 1264">
    <p class='ocr_par' dir='ltr' id='par_1_41' title="bbox 2054 1193 3622 1264">
     <span class='ocr_line' id='line_1_41' title="bbox 2054 1193 3622 1264; baseline 0.003 -19"><span class='ocrx_word' id='word_1_291' title='bbox 2054 1200 2241 1261; x_wconf 80' lang='lat' dir='ltr'><strong>tesque</strong></span> <span class='ocrx_word' id='word_1_292' title='bbox 2267 1195 2406 1261; x_wconf 88' lang='lat' dir='ltr'><strong>quod</strong></span> <span class='ocrx_word' id='word_1_293' title='bbox 2437 1195 2490 1247; x_wconf 90' lang='lat' dir='ltr'><strong>in</strong></span> <span class='ocrx_word' id='word_1_294' title='bbox 2531 1193 2869 1248; x_wconf 77' lang='lat' dir='ltr'><strong>Lemovicino</strong></span> <span class='ocrx_word' id='word_1_295' title='bbox 2895 1207 3059 1259; x_wconf 87' lang='lat' dir='ltr'><strong>esset,</strong></span> <span class='ocrx_word' id='word_1_296' title='bbox 3086 1213 3252 1264; x_wconf 83' lang='lat' dir='ltr'><strong>usque</strong></span> <span class='ocrx_word' id='word_1_297' title='bbox 3275 1198 3339 1250; x_wconf 89' lang='lat' dir='ltr'><strong>ad</strong></span> <span class='ocrx_word' id='word_1_298' title='bbox 3367 1209 3622 1262; x_wconf 88' lang='lat' dir='ltr'><strong>montem,</strong></span> 
     </span>
    </p>
   </div>
   <div class='ocr_carea' id='block_1_42' title="bbox 2053 1281 3624 1355">
    <p class='ocr_par' dir='ltr' id='par_1_42' title="bbox 2053 1281 3624 1355">
     <span class='ocr_line' id='line_1_42' title="bbox 2053 1281 3624 1355; baseline 0.004 -22"><span class='ocrx_word' id='word_1_299' title='bbox 2053 1295 2212 1349; x_wconf 89' lang='lat' dir='ltr'><strong>quem</strong></span> <span class='ocrx_word' id='word_1_300' title='bbox 2243 1281 2459 1351; x_wconf 62' lang='lat' dir='ltr'><strong>Nigrum</strong></span> <span class='ocrx_word' id='word_1_301' title='bbox 2490 1284 2706 1336; x_wconf 90' lang='lat' dir='ltr'><strong>nomine</strong></span> <span class='ocrx_word' id='word_1_302' title='bbox 2732 1283 2935 1348; x_wconf 90' lang='lat' dir='ltr'><strong>dicunt,</strong></span> <span class='ocrx_word' id='word_1_303' title='bbox 2961 1285 3253 1352; x_wconf 89' lang='lat' dir='ltr'><strong>accedunt,</strong></span> <span class='ocrx_word' id='word_1_304' title='bbox 3280 1301 3510 1355; x_wconf 87' lang='lat' dir='ltr'><strong>eumque</strong></span> <span class='ocrx_word' id='word_1_305' title='bbox 3539 1304 3624 1340; x_wconf 89' lang='lat' dir='ltr'><strong>re-</strong></span> 
     </span>
    </p>
   </div>
   <div class='ocr_carea' id='block_1_43' title="bbox 2055 1373 3623 1442">
    <p class='ocr_par' dir='ltr' id='par_1_43' title="bbox 2055 1373 3623 1442">
     <span class='ocr_line' id='line_1_43' title="bbox 2055 1373 3623 1442; baseline 0.003 -18"><span class='ocrx_word' id='word_1_306' title='bbox 2055 1373 2286 1442; x_wconf 89' lang='lat' dir='ltr'><strong>periunt.</strong></span> <span class='ocrx_word' id='word_1_307' title='bbox 2321 1373 2674 1442; x_wconf 79' lang='lat' dir='ltr'><strong>Figentesqne</strong></span> <span class='ocrx_word' id='word_1_308' title='bbox 2709 1376 2958 1438; x_wconf 91' lang='lat' dir='ltr'><strong>tentoria,</strong></span> <span class='ocrx_word' id='word_1_309' title='bbox 2984 1386 3169 1428; x_wconf 81' lang='lat' dir='ltr'><strong>contra</strong></span> <span class='ocrx_word' id='word_1_310' title='bbox 3199 1392 3259 1429; x_wconf 92' lang='lat' dir='ltr'><strong>se</strong></span> <span class='ocrx_word' id='word_1_311' title='bbox 3287 1376 3623 1442; x_wconf 88' lang='lat' dir='ltr'><strong>resederunt,</strong></span> 
     </span>
    </p>
   </div>
   <div class='ocr_carea' id='block_1_44' title="bbox 2055 1465 3627 1533">
    <p class='ocr_par' dir='ltr' id='par_1_44' title="bbox 2055 1465 3627 1533">
     <span class='ocr_line' id='line_1_44' title="bbox 2055 1465 3627 1533; baseline 0.002 -17"><span class='ocrx_word' id='word_1_312' title='bbox 2055 1465 2325 1517; x_wconf 85' lang='lat' dir='ltr'><strong>mittentes</strong></span> <span class='ocrx_word' id='word_1_313' title='bbox 2377 1466 2738 1533; x_wconf 88' lang='lat' dir='ltr'><strong>legationem,</strong></span> <span class='ocrx_word' id='word_1_314' title='bbox 2779 1475 2836 1517; x_wconf 90' lang='lat' dir='ltr'><strong>ut</strong></span> <span class='ocrx_word' id='word_1_315' title='bbox 2878 1477 2963 1518; x_wconf 87' lang='lat' dir='ltr'><strong>res</strong></span> <span class='ocrx_word' id='word_1_316' title='bbox 3002 1476 3270 1533; x_wconf 85' lang='lat' dir='ltr'><strong>paternas,</strong></span> <span class='ocrx_word' id='word_1_317' title='bbox 3311 1480 3446 1533; x_wconf 87' lang='lat' dir='ltr'><strong>quas</strong></span> <span class='ocrx_word' id='word_1_318' title='bbox 3488 1466 3627 1520; x_wconf 85' lang='lat' dir='ltr'><strong>male</strong></span> 
     </span>
    </p>
   </div>
   <div class='ocr_carea' id='block_1_45' title="bbox 2056 1555 3626 1624">
    <p class='ocr_par' dir='ltr' id='par_1_45' title="bbox 2056 1555 3626 1624">
     <span class='ocr_line' id='line_1_45' title="bbox 2056 1555 3626 1624; baseline 0 -16"><span class='ocrx_word' id='word_1_319' title='bbox 2056 1565 2386 1624; x_wconf 85' lang='lat' dir='ltr'><strong>pervaserat,</strong></span> <span class='ocrx_word' id='word_1_320' title='bbox 2413 1556 2636 1609; x_wconf 82' lang='lat' dir='ltr'><strong>reddere</strong></span> <span class='ocrx_word' id='word_1_321' title='bbox 2665 1555 2922 1610; x_wconf 82' lang='lat' dir='ltr'><strong>deberet:</strong></span> <span class='ocrx_word' id='word_1_322' title='bbox 2947 1557 3027 1610; x_wconf 88' lang='lat' dir='ltr'><strong>sin</strong></span> <span class='ocrx_word' id='word_1_323' title='bbox 3070 1565 3248 1608; x_wconf 84' lang='lat' dir='ltr'><strong>autem</strong></span> <span class='ocrx_word' id='word_1_324' title='bbox 3278 1557 3451 1620; x_wconf 89' lang='lat' dir='ltr'><strong>aliud,</strong></span> <span class='ocrx_word' id='word_1_325' title='bbox 3484 1571 3626 1608; x_wconf 80' lang='lat' dir='ltr'><strong>cam-</strong></span> 
     </span>
    </p>
   </div>
   <div class='ocr_carea' id='block_1_46' title="bbox 2057 1629 3673 1717">
    <p class='ocr_par' dir='ltr' id='par_1_46' title="bbox 2057 1629 3673 1717">
     <span class='ocr_line' id='line_1_46' title="bbox 2057 1629 3673 1717; baseline 0 -17"><span class='ocrx_word' id='word_1_326' title='bbox 2057 1629 2534 1717; x_wconf 47' lang='lat' dir='ltr'><strong>pum&#39;praapararet</strong></span> <span class='ocrx_word' id='word_1_327' title='bbox 2573 1649 2637 1699; x_wconf 90' lang='lat' dir='ltr'><strong>ad</strong></span> <span class='ocrx_word' id='word_1_328' title='bbox 2670 1647 3154 1716; x_wconf 70' lang='lat' dir='ltr'><strong>bellum.(3umqne</strong></span> <span class='ocrx_word' id='word_1_329' title='bbox 3201 1647 3290 1701; x_wconf 88' lang='lat' dir='ltr'><strong>ille</strong></span> <span class='ocrx_word' id='word_1_330' title='bbox 3343 1646 3475 1715; x_wconf 73' lang='lat' dir='ltr'><strong>patri</strong></span> <span class='ocrx_word' id='word_1_331' title='bbox 3501 1647 3627 1700; x_wconf 90' lang='lat' dir='ltr'><strong>sub-</strong></span> <span class='ocrx_word' id='word_1_332' title='bbox 3669 1684 3673 1688; x_wconf 90' lang='grc'><strong>-</strong></span> 
     </span>
    </p>
   </div>
   <div class='ocr_carea' id='block_1_47' title="bbox 2057 1738 3628 1808">
    <p class='ocr_par' dir='ltr' id='par_1_47' title="bbox 2057 1738 3628 1808">
     <span class='ocr_line' id='line_1_47' title="bbox 2057 1738 3628 1808; baseline 0.001 -16"><span class='ocrx_word' id='word_1_333' title='bbox 2057 1738 2226 1792; x_wconf 87' lang='lat' dir='ltr'><strong>ditum</strong></span> <span class='ocrx_word' id='word_1_334' title='bbox 2259 1754 2317 1792; x_wconf 89' lang='lat' dir='ltr'><strong>se</strong></span> <span class='ocrx_word' id='word_1_335' title='bbox 2358 1753 2478 1792; x_wconf 89' lang='lat' dir='ltr'><strong>esse</strong></span> <span class='ocrx_word' id='word_1_336' title='bbox 2521 1739 2870 1806; x_wconf 87' lang='lat' dir='ltr'><strong>conﬁngeret,</strong></span> <span class='ocrx_word' id='word_1_337' title='bbox 2896 1738 3202 1806; x_wconf 87' lang='lat' dir='ltr'><strong>diceretque</strong></span> <span class='ocrx_word' id='word_1_338' title='bbox 3227 1756 3239 1790; x_wconf 91' lang='lat'><strong>:</strong></span> <span class='ocrx_word' id='word_1_339' title='bbox 3264 1741 3434 1792; x_wconf 84' lang='lat' dir='ltr'><strong>Omne</strong></span> <span class='ocrx_word' id='word_1_340' title='bbox 3485 1739 3628 1808; x_wconf 83' lang='lat' dir='ltr'><strong>quod</strong></span> 
     </span>
    </p>
   </div>
   <div class='ocr_carea' id='block_1_48' title="bbox 1983 1825 3628 1900">
    <p class='ocr_par' dir='ltr' id='par_1_48' title="bbox 1983 1825 3628 1900">
     <span class='ocr_line' id='line_1_48' title="bbox 1983 1825 3628 1900; baseline 0 -14"><span class='ocrx_word' id='word_1_341' title='bbox 1983 1825 2029 1886; x_wconf 84' lang='grc' dir='ltr'><strong>Β</strong></span> <span class='ocrx_word' id='word_1_342' title='bbox 2056 1831 2330 1885; x_wconf 85' lang='lat' dir='ltr'><strong>circutnivi</strong></span> <span class='ocrx_word' id='word_1_343' title='bbox 2359 1831 2536 1885; x_wconf 84' lang='lat' dir='ltr'><strong>laxare</strong></span> <span class='ocrx_word' id='word_1_344' title='bbox 2563 1831 2714 1900; x_wconf 82' lang='lat'><strong>157</strong></span> <span class='ocrx_word' id='word_1_345' title='bbox 2747 1845 2849 1883; x_wconf 92' lang='lat' dir='ltr'><strong>non</strong></span> <span class='ocrx_word' id='word_1_346' title='bbox 2876 1840 3082 1896; x_wconf 89' lang='lat' dir='ltr'><strong>potero,</strong></span> <span class='ocrx_word' id='word_1_347' title='bbox 3111 1831 3202 1885; x_wconf 88' lang='lat' dir='ltr'><strong>sed</strong></span> <span class='ocrx_word' id='word_1_348' title='bbox 3247 1831 3347 1884; x_wconf 85' lang='lat' dir='ltr'><strong>sub</strong></span> <span class='ocrx_word' id='word_1_349' title='bbox 3370 1845 3486 1885; x_wconf 87' lang='lat' dir='ltr'><strong>mea</strong></span> <span class='ocrx_word' id='word_1_350' title='bbox 3519 1831 3628 1886; x_wconf 82' lang='lat' dir='ltr'><strong>hoc</strong></span> 
     </span>
    </p>
   </div>
   <div class='ocr_carea' id='block_1_49' title="bbox 2057 1922 3628 1992">
    <p class='ocr_par' dir='ltr' id='par_1_49' title="bbox 2057 1922 3628 1992">
     <span class='ocr_line' id='line_1_49' title="bbox 2057 1922 3628 1992; baseline -0.001 -15"><span class='ocrx_word' id='word_1_351' title='bbox 2057 1933 2316 1992; x_wconf 75' lang='lat' dir='ltr'><strong>potestate</strong></span> <span class='ocrx_word' id='word_1_352' title='bbox 2337 1938 2455 1977; x_wconf 88' lang='lat' dir='ltr'><strong>cum</strong></span> <span class='ocrx_word' id='word_1_353' title='bbox 2480 1923 2645 1991; x_wconf 87' lang='lat' dir='ltr'><strong>gratia</strong></span> <span class='ocrx_word' id='word_1_354' title='bbox 2680 1923 2843 1991; x_wconf 88' lang='lat' dir='ltr'><strong>patris</strong></span> <span class='ocrx_word' id='word_1_355' title='bbox 2866 1922 2968 1976; x_wconf 92' lang='lat' dir='ltr'><strong>mei</strong></span> <span class='ocrx_word' id='word_1_356' title='bbox 2994 1922 3148 1991; x_wconf 91' lang='lat' dir='ltr'><strong>cupio</strong></span> <span class='ocrx_word' id='word_1_357' title='bbox 3177 1923 3432 1978; x_wconf 88' lang='lat' dir='ltr'><strong>retinere.</strong></span> <span class='ocrx_word' id='word_1_358' title='bbox 3463 1923 3538 1976; x_wconf 85' lang='lat' dir='ltr'><strong>Illi</strong></span> <span class='ocrx_word' id='word_1_359' title='bbox 3569 1931 3628 1975; x_wconf 91' lang='lat' dir='ltr'><strong>ut</strong></span> 
     </span>
    </p>
   </div>
   <div class='ocr_carea' id='block_1_50' title="bbox 2055 1999 3628 2083">
    <p class='ocr_par' dir='ltr' id='par_1_50' title="bbox 2055 1999 3628 2083">
     <span class='ocr_line' id='line_1_50' title="bbox 2055 1999 3628 2083; baseline 0.001 -18"><span class='ocrx_word' id='word_1_360' title='bbox 2055 2013 2294 2083; x_wconf 71' lang='lat' dir='ltr'><strong>proditum</strong></span> <span class='ocrx_word' id='word_1_361' title='bbox 2324 2013 2426 2066; x_wconf 86' lang='lat' dir='ltr'><strong>hoc</strong></span> <span class='ocrx_word' id='word_1_362' title='bbox 2457 2010 2755 2080; x_wconf 86' lang='lat' dir='ltr'><strong>interipsos</strong></span> <span class='ocrx_word' id='word_1_363' title='bbox 2784 2011 3118 2079; x_wconf 89' lang='lat' dir='ltr'><strong>dijudicaret,</strong></span> <span class='ocrx_word' id='word_1_364' title='bbox 3151 2014 3436 2082; x_wconf 83' lang='lat' dir='ltr'><strong>posmlant.</strong></span> <span class='ocrx_word' id='word_1_365' title='bbox 3465 1999 3628 2067; x_wconf 79' lang='lat' dir='ltr'><strong>Gum-</strong></span> 
     </span>
    </p>
   </div>
   <div class='ocr_carea' id='block_1_51' title="bbox 2055 2105 3628 2174">
    <p class='ocr_par' dir='ltr' id='par_1_51' title="bbox 2055 2105 3628 2174">
     <span class='ocr_line' id='line_1_51' title="bbox 2055 2105 3628 2174; baseline 0 -17"><span class='ocrx_word' id='word_1_366' title='bbox 2055 2121 2156 2174; x_wconf 88' lang='lat' dir='ltr'><strong>que</strong></span> <span class='ocrx_word' id='word_1_367' title='bbox 2179 2115 2323 2159; x_wconf 89' lang='lat' dir='ltr'><strong>moto</strong></span> <span class='ocrx_word' id='word_1_368' title='bbox 2351 2107 2560 2173; x_wconf 88' lang='lat' dir='ltr'><strong>utrique</strong></span> <span class='ocrx_word' id='word_1_369' title='bbox 2589 2105 2825 2159; x_wconf 84' lang='lat' dir='ltr'><strong>exercitu</strong></span> <span class='ocrx_word' id='word_1_370' title='bbox 2852 2119 2972 2159; x_wconf 90' lang='lat' dir='ltr'><strong>cum</strong></span> <span class='ocrx_word' id='word_1_371' title='bbox 3019 2121 3210 2173; x_wconf 86' lang='lat' dir='ltr'><strong>magno</strong></span> <span class='ocrx_word' id='word_1_372' title='bbox 3237 2119 3505 2160; x_wconf 87' lang='lat' dir='ltr'><strong>armorum</strong></span> <span class='ocrx_word' id='word_1_373' title='bbox 3533 2121 3628 2174; x_wconf 86' lang='lat' dir='ltr'><strong>ap-</strong></span> 
     </span>
    </p>
   </div>
   <div class='ocr_carea' id='block_1_52' title="bbox 2056 2194 3627 2266">
    <p class='ocr_par' dir='ltr' id='par_1_52' title="bbox 2056 2194 3627 2266">
     <span class='ocr_line' id='line_1_52' title="bbox 2056 2194 3627 2266; baseline 0 -17"><span class='ocrx_word' id='word_1_374' title='bbox 2056 2206 2240 2266; x_wconf 87' lang='lat' dir='ltr'><strong>paratu</strong></span> <span class='ocrx_word' id='word_1_375' title='bbox 2272 2195 2336 2248; x_wconf 85' lang='lat' dir='ltr'><strong>ad</strong></span> <span class='ocrx_word' id='word_1_376' title='bbox 2382 2195 2578 2249; x_wconf 92' lang='lat' dir='ltr'><strong>bellum</strong></span> <span class='ocrx_word' id='word_1_377' title='bbox 2621 2195 3015 2257; x_wconf 89' lang='lat' dir='ltr'><strong>convenissent,</strong></span> <span class='ocrx_word' id='word_1_378' title='bbox 3046 2194 3225 2248; x_wconf 87' lang='lat' dir='ltr'><strong>subito</strong></span> <span class='ocrx_word' id='word_1_379' title='bbox 3273 2204 3458 2248; x_wconf 88' lang='lat' dir='ltr'><strong>exorta</strong></span> <span class='ocrx_word' id='word_1_380' title='bbox 3489 2204 3627 2249; x_wconf 77' lang='lat' dir='ltr'><strong>tem-</strong></span> 
     </span>
    </p>
   </div>
   <div class='ocr_carea' id='block_1_53' title="bbox 2057 2286 3624 2356">
    <p class='ocr_par' dir='ltr' id='par_1_53' title="bbox 2057 2286 3624 2356">
     <span class='ocr_line' id='line_1_53' title="bbox 2057 2286 3624 2356; baseline -0.001 -15"><span class='ocrx_word' id='word_1_381' title='bbox 2057 2299 2232 2356; x_wconf 88' lang='lat' dir='ltr'><strong>pestas</strong></span> <span class='ocrx_word' id='word_1_382' title='bbox 2256 2303 2375 2340; x_wconf 91' lang='lat' dir='ltr'><strong>cum</strong></span> <span class='ocrx_word' id='word_1_383' title='bbox 2417 2288 2562 2354; x_wconf 88' lang='lat' dir='ltr'><strong>gravi</strong></span> <span class='ocrx_word' id='word_1_384' title='bbox 2619 2287 2990 2338; x_wconf 88' lang='lat' dir='ltr'><strong>coruscatione</strong></span> <span class='ocrx_word' id='word_1_385' title='bbox 3037 2294 3196 2354; x_wconf 89' lang='lat' dir='ltr'><strong>atque</strong></span> <span class='ocrx_word' id='word_1_386' title='bbox 3245 2286 3502 2350; x_wconf 89' lang='lat' dir='ltr'><strong>tonitruo,</strong></span> <span class='ocrx_word' id='word_1_387' title='bbox 3529 2301 3624 2340; x_wconf 88' lang='lat' dir='ltr'><strong>eos</strong></span> 
     </span>
    </p>
   </div>
   <div class='ocr_carea' id='block_1_54' title="bbox 2057 2375 3625 2446">
    <p class='ocr_par' dir='ltr' id='par_1_54' title="bbox 2057 2375 3625 2446">
     <span class='ocr_line' id='line_1_54' title="bbox 2057 2375 3625 2446; baseline -0.003 -14"><span class='ocrx_word' id='word_1_388' title='bbox 2057 2394 2122 2433; x_wconf 89' lang='lat' dir='ltr'><strong>ne</strong></span> <span class='ocrx_word' id='word_1_389' title='bbox 2153 2388 2472 2446; x_wconf 81' lang='lat' dir='ltr'><strong>pugnarent,</strong></span> <span class='ocrx_word' id='word_1_390' title='bbox 2501 2377 2748 2429; x_wconf 84' lang='lat' dir='ltr'><strong>inhibuit.</strong></span> <span class='ocrx_word' id='word_1_391' title='bbox 2781 2377 3085 2429; x_wconf 73' lang='lat' dir='ltr'><strong>RetiCllﬂiCS</strong></span> <span class='ocrx_word' id='word_1_392' title='bbox 3131 2385 3305 2431; x_wconf 87' lang='lat' dir='ltr'><strong>autem</strong></span> <span class='ocrx_word' id='word_1_393' title='bbox 3338 2375 3403 2428; x_wconf 88' lang='lat' dir='ltr'><strong>ad</strong></span> <span class='ocrx_word' id='word_1_394' title='bbox 3428 2387 3625 2441; x_wconf 89' lang='lat' dir='ltr'><strong>castra,</strong></span> 
     </span>
    </p>
   </div>
   <div class='ocr_carea' id='block_1_55' title="bbox 2056 2467 3626 2534">
    <p class='ocr_par' dir='ltr' id='par_1_55' title="bbox 2056 2467 3626 2534">
     <span class='ocr_line' id='line_1_55' title="bbox 2056 2467 3626 2534; baseline -0.004 -9"><span class='ocrx_word' id='word_1_395' title='bbox 2056 2471 2356 2526; x_wconf 87' lang='lat' dir='ltr'><strong>Chratnnus</strong></span> <span class='ocrx_word' id='word_1_396' title='bbox 2398 2469 2581 2522; x_wconf 91' lang='lat' dir='ltr'><strong>dolose</strong></span> <span class='ocrx_word' id='word_1_397' title='bbox 2637 2484 2727 2533; x_wconf 90' lang='lat' dir='ltr'><strong>per</strong></span> <span class='ocrx_word' id='word_1_398' title='bbox 2775 2479 3084 2520; x_wconf 74' lang='lat' dir='ltr'><strong>extraneam</strong></span> <span class='ocrx_word' id='word_1_399' title='bbox 3131 2481 3412 2534; x_wconf 83' lang='lat' dir='ltr'><strong>personam</strong></span> <span class='ocrx_word' id='word_1_400' title='bbox 3463 2467 3626 2531; x_wconf 83' lang='lat' dir='ltr'><strong>patris</strong></span> 
     </span>
    </p>
   </div>
   <div class='ocr_carea' id='block_1_56' title="bbox 2055 2556 3622 2626">
    <p class='ocr_par' dir='ltr' id='par_1_56' title="bbox 2055 2556 3622 2626">
     <span class='ocr_line' id='line_1_56' title="bbox 2055 2556 3622 2626; baseline -0.008 -9"><span class='ocrx_word' id='word_1_401' title='bbox 2055 2572 2279 2617; x_wconf 85' lang='lat' dir='ltr'><strong>mortem</strong></span> <span class='ocrx_word' id='word_1_402' title='bbox 2296 2560 2545 2613; x_wconf 83' lang='lat' dir='ltr'><strong>fratribus</strong></span> <span class='ocrx_word' id='word_1_403' title='bbox 2564 2559 2886 2626; x_wconf 86' lang='lat' dir='ltr'><strong>pronuntiat.</strong></span> <span class='ocrx_word' id='word_1_404' title='bbox 2913 2557 2989 2610; x_wconf 86' lang='lat' dir='ltr'><strong>Eo</strong></span> <span class='ocrx_word' id='word_1_405' title='bbox 3011 2557 3151 2610; x_wconf 87' lang='lat' dir='ltr'><strong>enim</strong></span> <span class='ocrx_word' id='word_1_406' title='bbox 3169 2568 3406 2618; x_wconf 63' lang='lat' dir='ltr'><strong>tempore</strong></span> <span class='ocrx_word' id='word_1_407' title='bbox 3427 2556 3622 2608; x_wconf 89' lang='lat' dir='ltr'><strong>bellum</strong></span> 
     </span>
    </p>
   </div>
   <div class='ocr_carea' id='block_1_57' title="bbox 2053 2648 3622 2720">
    <p class='ocr_par' dir='ltr' id='par_1_57' title="bbox 2053 2648 3622 2720">
     <span class='ocr_line' id='line_1_57' title="bbox 2053 2648 3622 2720; baseline -0.005 -10"><span class='ocrx_word' id='word_1_408' title='bbox 2053 2665 2236 2710; x_wconf 89' lang='lat' dir='ltr'><strong>contra</strong></span> <span class='ocrx_word' id='word_1_409' title='bbox 2269 2654 2530 2719; x_wconf 77' lang='lat' dir='ltr'><strong>Saxones,</strong></span> <span class='ocrx_word' id='word_1_410' title='bbox 2555 2651 2693 2720; x_wconf 88' lang='lat' dir='ltr'><strong>quod</strong></span> <span class='ocrx_word' id='word_1_411' title='bbox 2719 2666 2876 2719; x_wconf 86' lang='lat' dir='ltr'><strong>supra</strong></span> <span class='ocrx_word' id='word_1_412' title='bbox 2909 2650 3138 2704; x_wconf 84' lang='lat' dir='ltr'><strong>diximus</strong></span> <span class='ocrx_word' id='word_1_413' title='bbox 3161 2648 3312 2718; x_wconf 86' lang='lat' dir='ltr'><strong>(Cap.</strong></span> <span class='ocrx_word' id='word_1_414' title='bbox 3350 2649 3412 2704; x_wconf 67' lang='grc' dir='ltr'><strong>ιο</strong></span> <span class='ocrx_word' id='word_1_415' title='bbox 3436 2659 3481 2700; x_wconf 83' lang='lat' dir='ltr'><strong>et</strong></span> <span class='ocrx_word' id='word_1_416' title='bbox 3515 2650 3622 2713; x_wconf 69' lang='grc'><strong>14),</strong></span> 
     </span>
    </p>
   </div>
   <div class='ocr_carea' id='block_1_58' title="bbox 2056 2738 3624 2814">
    <p class='ocr_par' dir='ltr' id='par_1_58' title="bbox 2056 2738 3624 2814">
     <span class='ocr_line' id='line_1_58' title="bbox 2056 2738 3624 2814; baseline -0.003 -17"><span class='ocrx_word' id='word_1_417' title='bbox 2056 2744 2356 2814; x_wconf 89' lang='lat' dir='ltr'><strong>gerebatur.</strong></span> <span class='ocrx_word' id='word_1_418' title='bbox 2384 2745 2451 2796; x_wconf 79' lang='lat' dir='ltr'><strong>At</strong></span> <span class='ocrx_word' id='word_1_419' title='bbox 2477 2741 2549 2795; x_wconf 90' lang='lat' dir='ltr'><strong>illi</strong></span> <span class='ocrx_word' id='word_1_420' title='bbox 2598 2743 2870 2804; x_wconf 89' lang='lat' dir='ltr'><strong>timentes,</strong></span> <span class='ocrx_word' id='word_1_421' title='bbox 2921 2755 3041 2794; x_wconf 91' lang='lat' dir='ltr'><strong>cum</strong></span> <span class='ocrx_word' id='word_1_422' title='bbox 3081 2753 3288 2792; x_wconf 88' lang='lat' dir='ltr'><strong>summa</strong></span> <span class='ocrx_word' id='word_1_423' title='bbox 3342 2738 3624 2793; x_wconf 82' lang='lat' dir='ltr'><strong>velocitate</strong></span> 
     </span>
    </p>
   </div>
   <div class='ocr_carea' id='block_1_59' title="bbox 2055 2829 3618 2904">
    <p class='ocr_par' dir='ltr' id='par_1_59' title="bbox 2055 2829 3618 2904">
     <span class='ocr_line' id='line_1_59' title="bbox 2055 2829 3618 2904; baseline -0.005 -14"><span class='ocrx_word' id='word_1_424' title='bbox 2055 2831 2412 2904; x_wconf 84' lang='lat' dir='ltr'><strong>Burgundiam</strong></span> <span class='ocrx_word' id='word_1_425' title='bbox 2437 2833 2726 2886; x_wconf 86' lang='lat' dir='ltr'><strong>redierunt.</strong></span> <span class='ocrx_word' id='word_1_426' title='bbox 2760 2832 3056 2885; x_wconf 87' lang='lat' dir='ltr'><strong>Cliratnnns</strong></span> <span class='ocrx_word' id='word_1_427' title='bbox 3078 2846 3204 2884; x_wconf 91' lang='lat' dir='ltr'><strong>vero</strong></span> <span class='ocrx_word' id='word_1_428' title='bbox 3231 2846 3350 2884; x_wconf 90' lang='lat' dir='ltr'><strong>cum</strong></span> <span class='ocrx_word' id='word_1_429' title='bbox 3381 2829 3618 2883; x_wconf 86' lang='lat' dir='ltr'><strong>exercitu</strong></span> 
     </span>
    </p>
   </div>
   <div class='ocr_carea' id='block_1_60' title="bbox 2058 2921 3616 2996">
    <p class='ocr_par' dir='ltr' id='par_1_60' title="bbox 2058 2921 3616 2996">
     <span class='ocr_line' id='line_1_60' title="bbox 2058 2921 3616 2996; baseline -0.004 -16"><span class='ocrx_word' id='word_1_430' title='bbox 2058 2940 2174 2996; x_wconf 90' lang='lat' dir='ltr'><strong>post</strong></span> <span class='ocrx_word' id='word_1_431' title='bbox 2197 2941 2289 2980; x_wconf 88' lang='lat' dir='ltr'><strong>eos</strong></span> <span class='ocrx_word' id='word_1_432' title='bbox 2311 2925 2566 2995; x_wconf 83' lang='lat' dir='ltr'><strong>dirigens,</strong></span> <span class='ocrx_word' id='word_1_433' title='bbox 2594 2939 2758 2991; x_wconf 89' lang='lat' dir='ltr'><strong>usque</strong></span> <span class='ocrx_word' id='word_1_434' title='bbox 2784 2924 3050 2976; x_wconf 80' lang='lat' dir='ltr'><strong>civitatem</strong></span> <span class='ocrx_word' id='word_1_435' title='bbox 3079 2921 3501 2975; x_wconf 87' lang='lat' dir='ltr'><strong>Cavillonensem</strong></span> <span class='ocrx_word' id='word_1_436' title='bbox 3525 2935 3616 2973; x_wconf 54' lang='lat' dir='ltr'><strong>ve-</strong></span> 
     </span>
    </p>
   </div>
   <div class='ocr_carea' id='block_1_61' title="bbox 2055 3011 3626 3085">
    <p class='ocr_par' dir='ltr' id='par_1_61' title="bbox 2055 3011 3626 3085">
     <span class='ocr_line' id='line_1_61' title="bbox 2055 3011 3626 3085; baseline -0.003 -16"><span class='ocrx_word' id='word_1_437' title='bbox 2055 3015 2153 3083; x_wconf 89' lang='lat' dir='ltr'><strong>nit,</strong></span> <span class='ocrx_word' id='word_1_438' title='bbox 2184 3030 2404 3085; x_wconf 90' lang='lat' dir='ltr'><strong>eamque</strong></span> <span class='ocrx_word' id='word_1_439' title='bbox 2432 3014 2681 3068; x_wconf 88' lang='lat' dir='ltr'><strong>obsidens</strong></span> <span class='ocrx_word' id='word_1_440' title='bbox 2702 3014 3005 3082; x_wconf 86' lang='lat' dir='ltr'><strong>acquisivit.</strong></span> <span class='ocrx_word' id='word_1_441' title='bbox 3033 3012 3234 3066; x_wconf 81' lang='lat' dir='ltr'><strong>Exinde</strong></span> <span class='ocrx_word' id='word_1_442' title='bbox 3265 3028 3373 3080; x_wconf 75' lang='lat' dir='ltr'><strong>usqu</strong></span> <span class='ocrx_word' id='word_1_443' title='bbox 3396 3026 3428 3064; x_wconf 92' lang='lat' dir='ltr'><strong>e</strong></span> <span class='ocrx_word' id='word_1_444' title='bbox 3454 3011 3626 3064; x_wconf 75' lang='lat' dir='ltr'><strong>Divio~</strong></span> 
     </span>
    </p>
   </div>
   <div class='ocr_carea' id='block_1_62' title="bbox 2059 3102 3630 3172">
    <p class='ocr_par' dir='ltr' id='par_1_62' title="bbox 2059 3102 3630 3172">
     <span class='ocr_line' id='line_1_62' title="bbox 2059 3102 3630 3172; baseline -0.003 -13"><span class='ocrx_word' id='word_1_445' title='bbox 2059 3121 2224 3159; x_wconf 90' lang='lat' dir='ltr'><strong>nense</strong></span> <span class='ocrx_word' id='word_1_446' title='bbox 2262 3113 2493 3159; x_wconf 89' lang='lat' dir='ltr'><strong>castrum</strong></span> <span class='ocrx_word' id='word_1_447' title='bbox 2551 3105 2832 3172; x_wconf 79' lang='lat' dir='ltr'><strong>pertendit,</strong></span> <span class='ocrx_word' id='word_1_448' title='bbox 2858 3105 3034 3171; x_wconf 87' lang='lat' dir='ltr'><strong>ibique</strong></span> <span class='ocrx_word' id='word_1_449' title='bbox 3061 3118 3179 3156; x_wconf 89' lang='lat' dir='ltr'><strong>cum</strong></span> <span class='ocrx_word' id='word_1_450' title='bbox 3226 3103 3314 3156; x_wconf 92' lang='lat' dir='ltr'><strong>die</strong></span> <span class='ocrx_word' id='word_1_451' title='bbox 3362 3102 3630 3155; x_wconf 74' lang='lat' dir='ltr'><strong>dominica</strong></span> 
     </span>
    </p>
   </div>
   <div class='ocr_carea' id='block_1_63' title="bbox 385 3193 3632 3265">
    <p class='ocr_par' dir='ltr' id='par_1_63' title="bbox 385 3193 3632 3265">
     <span class='ocr_line' id='line_1_63' title="bbox 385 3193 3632 3265; baseline -0 -17"><span class='ocrx_word' id='word_1_452' title='bbox 385 3196 580 3249; x_wconf 85' lang='lat' dir='ltr'><strong>virtute</strong></span> <span class='ocrx_word' id='word_1_453' title='bbox 607 3195 996 3259; x_wconf 89' lang='lat' dir='ltr'><strong>confessorum,</strong></span> <span class='ocrx_word' id='word_1_454' title='bbox 1027 3196 1218 3249; x_wconf 89' lang='lat' dir='ltr'><strong>surdus</strong></span> <span class='ocrx_word' id='word_1_455' title='bbox 1232 3207 1281 3248; x_wconf 89' lang='lat' dir='ltr'><strong>et</strong></span> <span class='ocrx_word' id='word_1_456' title='bbox 1303 3207 1479 3248; x_wconf 88' lang='lat' dir='ltr'><strong>mutus</strong></span> <span class='ocrx_word' id='word_1_457' title='bbox 1501 3196 1738 3263; x_wconf 84' lang='lat' dir='ltr'><strong>effectus,</strong></span> <span class='ocrx_word' id='word_1_458' title='bbox 1771 3211 1955 3250; x_wconf 87' lang='lat' dir='ltr'><strong>amens</strong></span> <span class='ocrx_word' id='word_1_459' title='bbox 1983 3193 2029 3256; x_wconf 86' lang='lat' dir='ltr'>C</span> <span class='ocrx_word' id='word_1_460' title='bbox 2062 3197 2386 3259; x_wconf 87' lang='lat' dir='ltr'><strong>advenisset,</strong></span> <span class='ocrx_word' id='word_1_461' title='bbox 2432 3195 2558 3264; x_wconf 90' lang='lat' dir='ltr'><strong>quid</strong></span> <span class='ocrx_word' id='word_1_462' title='bbox 2591 3204 2796 3265; x_wconf 89' lang='lat' dir='ltr'><strong>gestum</strong></span> <span class='ocrx_word' id='word_1_463' title='bbox 2831 3195 2987 3247; x_wconf 87' lang='lat' dir='ltr'><strong>fuerit</strong></span> <span class='ocrx_word' id='word_1_464' title='bbox 3027 3194 3218 3247; x_wconf 86' lang='lat' dir='ltr'><strong>dicam.</strong></span> <span class='ocrx_word' id='word_1_465' title='bbox 3254 3195 3378 3248; x_wconf 80' lang='lat' dir='ltr'><strong>Erat</strong></span> <span class='ocrx_word' id='word_1_466' title='bbox 3417 3194 3486 3247; x_wconf 91' lang='lat' dir='ltr'><strong>ibi</strong></span> <span class='ocrx_word' id='word_1_467' title='bbox 3512 3205 3632 3248; x_wconf 85' lang='lat' dir='ltr'><strong>tunc</strong></span> 
     </span>
    </p>
   </div>
   <div class='ocr_carea' id='block_1_64' title="bbox 384 3287 1952 3343">
    <p class='ocr_par' dir='ltr' id='par_1_64' title="bbox 384 3287 1952 3343">
     <span class='ocr_line' id='line_1_64' title="bbox 384 3287 1952 3343; baseline 0 -1"><span class='ocrx_word' id='word_1_468' title='bbox 384 3297 463 3342; x_wconf 87' lang='lat' dir='ltr'><strong>est</strong></span> <span class='ocrx_word' id='word_1_469' title='bbox 493 3297 757 3341; x_wconf 87' lang='lat' dir='ltr'><strong>tnortuus.</strong></span> <span class='ocrx_word' id='word_1_470' title='bbox 791 3287 945 3342; x_wconf 81' lang='lat' dir='ltr'><strong>Venit</strong></span> <span class='ocrx_word' id='word_1_471' title='bbox 971 3289 1113 3342; x_wconf 91' lang='lat' dir='ltr'><strong>enim</strong></span> <span class='ocrx_word' id='word_1_472' title='bbox 1157 3289 1318 3341; x_wconf 85' lang='lat' dir='ltr'><strong>miser</strong></span> <span class='ocrx_word' id='word_1_473' title='bbox 1343 3287 1408 3341; x_wconf 87' lang='lat' dir='ltr'><strong>ad</strong></span> <span class='ocrx_word' id='word_1_474' title='bbox 1466 3288 1734 3343; x_wconf 75' lang='lat' dir='ltr'><strong>basilicam</strong></span> <span class='ocrx_word' id='word_1_475' title='bbox 1781 3288 1952 3342; x_wconf 87' lang='lat' dir='ltr'><strong>sancti</strong></span> 
     </span>
    </p>
   </div>
   <div class='ocr_carea' id='block_1_65' title="bbox 390 3380 1956 3449">
    <p class='ocr_par' dir='ltr' id='par_1_65' title="bbox 390 3380 1956 3449">
     <span class='ocr_line' id='line_1_65' title="bbox 390 3380 1956 3449; baseline -0.002 -13"><span class='ocrx_word' id='word_1_476' title='bbox 390 3380 606 3436; x_wconf 71' lang='lat' dir='ltr'><strong>Martini</strong></span> <span class='ocrx_word' id='word_1_477' title='bbox 637 3380 885 3445; x_wconf 79' lang='lat' dir='ltr'><strong>Turonis,</strong></span> <span class='ocrx_word' id='word_1_478' title='bbox 950 3380 1344 3449; x_wconf 81' lang='lat' dir='ltr'><strong>celebravitque</strong></span> <span class='ocrx_word' id='word_1_479' title='bbox 1393 3381 1616 3449; x_wconf 75' lang='lat' dir='ltr'><strong>vigilias,</strong></span> <span class='ocrx_word' id='word_1_480' title='bbox 1647 3380 1794 3436; x_wconf 89' lang='lat' dir='ltr'><strong>dedit</strong></span> <span class='ocrx_word' id='word_1_481' title='bbox 1839 3397 1956 3435; x_wconf 84' lang='lat' dir='ltr'><strong>mu-</strong></span> 
     </span>
    </p>
   </div>
   <div class='ocr_carea' id='block_1_66' title="bbox 383 3469 1954 3536">
    <p class='ocr_par' dir='ltr' id='par_1_66' title="bbox 383 3469 1954 3536">
     <span class='ocr_line' id='line_1_66' title="bbox 383 3469 1954 3536; baseline -0.001 -11"><span class='ocrx_word' id='word_1_482' title='bbox 383 3485 510 3525; x_wconf 87' lang='lat' dir='ltr'><strong>nera</strong></span> <span class='ocrx_word' id='word_1_483' title='bbox 539 3487 552 3522; x_wconf 91' lang='lat'>:</span> <span class='ocrx_word' id='word_1_484' title='bbox 585 3469 677 3523; x_wconf 88' lang='lat' dir='ltr'><strong>sed</strong></span> <span class='ocrx_word' id='word_1_485' title='bbox 703 3485 806 3523; x_wconf 88' lang='lat' dir='ltr'><strong>non</strong></span> <span class='ocrx_word' id='word_1_486' title='bbox 838 3485 955 3522; x_wconf 83' lang='lat' dir='ltr'><strong>eum</strong></span> <span class='ocrx_word' id='word_1_487' title='bbox 1016 3469 1250 3536; x_wconf 84' lang='lat' dir='ltr'><strong>respexit</strong></span> <span class='ocrx_word' id='word_1_488' title='bbox 1297 3469 1463 3523; x_wconf 85' lang='lat' dir='ltr'><strong>virtus</strong></span> <span class='ocrx_word' id='word_1_489' title='bbox 1515 3478 1803 3535; x_wconf 84' lang='lat' dir='ltr'><strong>c0nsueta;</strong></span> <span class='ocrx_word' id='word_1_490' title='bbox 1833 3485 1954 3524; x_wconf 86' lang='lat' dir='ltr'><strong>cum</strong></span> 
     </span>
    </p>
   </div>
   <div class='ocr_carea' id='block_1_67' title="bbox 388 3559 1954 3631">
    <p class='ocr_par' dir='ltr' id='par_1_67' title="bbox 388 3559 1954 3631">
     <span class='ocr_line' id='line_1_67' title="bbox 388 3559 1954 3631; baseline 0.001 -18"><span class='ocrx_word' id='word_1_491' title='bbox 388 3560 502 3630; x_wconf 77' lang='lat' dir='ltr'><strong>ipsa</strong></span> <span class='ocrx_word' id='word_1_492' title='bbox 547 3561 692 3615; x_wconf 89' lang='lat' dir='ltr'><strong>enim</strong></span> <span class='ocrx_word' id='word_1_493' title='bbox 745 3576 846 3629; x_wconf 87' lang='lat' dir='ltr'><strong>qua</strong></span> <span class='ocrx_word' id='word_1_494' title='bbox 900 3571 1114 3614; x_wconf 86' lang='lat' dir='ltr'><strong>venerat</strong></span> <span class='ocrx_word' id='word_1_495' title='bbox 1164 3559 1489 3626; x_wconf 88' lang='lat' dir='ltr'><strong>inlirmitate,</strong></span> <span class='ocrx_word' id='word_1_496' title='bbox 1525 3576 1798 3631; x_wconf 87' lang='lat' dir='ltr'><strong>regressus</strong></span> <span class='ocrx_word' id='word_1_497' title='bbox 1853 3570 1954 3615; x_wconf 88' lang='lat' dir='ltr'><strong>est.</strong></span> 
     </span>
    </p>
   </div>
   <div class='ocr_carea' id='block_1_68' title="bbox 386 3652 1960 3722">
    <p class='ocr_par' dir='ltr' id='par_1_68' title="bbox 386 3652 1960 3722">
     <span class='ocr_line' id='line_1_68' title="bbox 386 3652 1960 3722; baseline 0.001 -16"><span class='ocrx_word' id='word_1_498' title='bbox 386 3652 685 3706; x_wconf 76' lang='lat' dir='ltr'><strong>Cbramnus</strong></span> <span class='ocrx_word' id='word_1_499' title='bbox 711 3663 886 3708; x_wconf 87' lang='lat' dir='ltr'><strong>autem</strong></span> <span class='ocrx_word' id='word_1_500' title='bbox 915 3652 984 3705; x_wconf 90' lang='lat' dir='ltr'><strong>ab</strong></span> <span class='ocrx_word' id='word_1_501' title='bbox 1008 3654 1254 3708; x_wconf 84' lang='lat' dir='ltr'><strong>Arverno</strong></span> <span class='ocrx_word' id='word_1_502' title='bbox 1302 3666 1604 3722; x_wconf 71' lang='lat' dir='ltr'><strong>regressus,</strong></span> <span class='ocrx_word' id='word_1_503' title='bbox 1636 3655 1702 3708; x_wconf 92' lang='lat' dir='ltr'><strong>ad</strong></span> <span class='ocrx_word' id='word_1_504' title='bbox 1729 3653 1960 3709; x_wconf 86' lang='lat' dir='ltr'><strong>Pictavis</strong></span> 
     </span>
    </p>
   </div>
   <div class='ocr_carea' id='block_1_69' title="bbox 393 3741 1956 3813">
    <p class='ocr_par' dir='ltr' id='par_1_69' title="bbox 393 3741 1956 3813">
     <span class='ocr_line' id='line_1_69' title="bbox 393 3741 1956 3813; baseline 0.001 -14"><span class='ocrx_word' id='word_1_505' title='bbox 393 3741 666 3799; x_wconf 76' lang='lat' dir='ltr'><strong>civitatem</strong></span> <span class='ocrx_word' id='word_1_506' title='bbox 696 3744 863 3797; x_wconf 85' lang='lat' dir='ltr'><strong>venit.</strong></span> <span class='ocrx_word' id='word_1_507' title='bbox 903 3741 999 3798; x_wconf 87' lang='lat' dir='ltr'><strong>Ubi</strong></span> <span class='ocrx_word' id='word_1_508' title='bbox 1022 3744 1218 3798; x_wconf 79' lang='lat' dir='ltr'><strong>cuin-iu</strong></span> <span class='ocrx_word' id='word_1_509' title='bbox 1248 3757 1437 3813; x_wconf 85' lang='lat' dir='ltr'><strong>magna</strong></span> <span class='ocrx_word' id='word_1_510' title='bbox 1469 3745 1709 3813; x_wconf 83' lang='lat' dir='ltr'><strong>potentia</strong></span> <span class='ocrx_word' id='word_1_511' title='bbox 1743 3743 1956 3801; x_wconf 82' lang='lat' dir='ltr'><strong>reside-</strong></span> 
     </span>
    </p>
   </div>
   <div class='ocr_carea' id='block_1_70' title="bbox 384 3833 1945 3901">
    <p class='ocr_par' dir='ltr' id='par_1_70' title="bbox 384 3833 1945 3901">
     <span class='ocr_line' id='line_1_70' title="bbox 384 3833 1945 3901; baseline 0.001 -14"><span class='ocrx_word' id='word_1_512' title='bbox 384 3845 486 3899; x_wconf 87' lang='lat' dir='ltr'><strong>ret,</strong></span> <span class='ocrx_word' id='word_1_513' title='bbox 517 3833 889 3901; x_wconf 29' lang='lat' dir='ltr'><strong>seductus‘per</strong></span> <span class='ocrx_word' id='word_1_514' title='bbox 919 3834 1176 3887; x_wconf 78' lang='lat' dir='ltr'><strong>malorum</strong></span> <span class='ocrx_word' id='word_1_515' title='bbox 1208 3834 1509 3899; x_wconf 80' lang='lat' dir='ltr'><strong>consilium,</strong></span> <span class='ocrx_word' id='word_1_516' title='bbox 1532 3834 1599 3888; x_wconf 84' lang='lat' dir='ltr'><strong>ad</strong></span> <span class='ocrx_word' id='word_1_517' title='bbox 1627 3833 1945 3891; x_wconf 82' lang='lat' dir='ltr'><strong>Childeber-</strong></span> 
     </span>
    </p>
   </div>
   <div class='ocr_carea' id='block_1_71' title="bbox 386 3927 1953 3997">
    <p class='ocr_par' dir='ltr' id='par_1_71' title="bbox 386 3927 1953 3997">
     <span class='ocr_line' id='line_1_71' title="bbox 386 3927 1953 3997; baseline -0.001 -15"><span class='ocrx_word' id='word_1_518' title='bbox 386 3936 498 3982; x_wconf 86' lang='lat' dir='ltr'><strong>tum</strong></span> <span class='ocrx_word' id='word_1_519' title='bbox 528 3938 773 3997; x_wconf 90' lang='lat' dir='ltr'><strong>patruum</strong></span> <span class='ocrx_word' id='word_1_520' title='bbox 803 3942 955 3981; x_wconf 89' lang='lat' dir='ltr'><strong>suum</strong></span> <span class='ocrx_word' id='word_1_521' title='bbox 989 3929 1211 3982; x_wconf 81' lang='lat' dir='ltr'><strong>transire</strong></span> <span class='ocrx_word' id='word_1_522' title='bbox 1239 3928 1424 3997; x_wconf 86' lang='lat' dir='ltr'><strong>cupit,</strong></span> <span class='ocrx_word' id='word_1_523' title='bbox 1445 3928 1580 3995; x_wconf 88' lang='lat' dir='ltr'><strong>patri</strong></span> <span class='ocrx_word' id='word_1_524' title='bbox 1607 3927 1826 3982; x_wconf 83' lang='lat' dir='ltr'><strong>insidias</strong></span> <span class='ocrx_word' id='word_1_525' title='bbox 1861 3943 1953 3997; x_wconf 82' lang='lat' dir='ltr'><strong>pa-</strong></span> 
     </span>
    </p>
   </div>
   <div class='ocr_carea' id='block_1_72' title="bbox 377 4019 1958 4088">
    <p class='ocr_par' dir='ltr' id='par_1_72' title="bbox 377 4019 1958 4088">
     <span class='ocr_line' id='line_1_72' title="bbox 377 4019 1958 4088; baseline -0.003 -12"><span class='ocrx_word' id='word_1_526' title='bbox 377 4019 850 4088; x_wconf 63' lang='lat' dir='ltr'><strong>rare-disputem.</strong></span> <span class='ocrx_word' id='word_1_527' title='bbox 893 4019 984 4074; x_wconf 75' lang='lat' dir='ltr'><strong>ille</strong></span> <span class='ocrx_word' id='word_1_528' title='bbox 1004 4035 1139 4074; x_wconf 70' lang='lat' dir='ltr'><strong>vero</strong></span> <span class='ocrx_word' id='word_1_529' title='bbox 1181 4020 1366 4074; x_wconf 78' lang='lat' dir='ltr'><strong>dolose</strong></span> <span class='ocrx_word' id='word_1_530' title='bbox 1393 4019 1631 4088; x_wconf 85' lang='lat' dir='ltr'><strong>quidem,</strong></span> <span class='ocrx_word' id='word_1_531' title='bbox 1673 4019 1958 4074; x_wconf 81' lang='lat' dir='ltr'><strong>sedsusci-</strong></span> 
     </span>
    </p>
   </div>
   <div class='ocr_carea' id='block_1_73' title="bbox 389 4109 1961 4180">
    <p class='ocr_par' dir='ltr' id='par_1_73' title="bbox 389 4109 1961 4180">
     <span class='ocr_line' id='line_1_73' title="bbox 389 4109 1961 4180; baseline -0.003 -14"><span class='ocrx_word' id='word_1_532' title='bbox 389 4128 516 4180; x_wconf 85' lang='lat' dir='ltr'><strong>pere</strong></span> <span class='ocrx_word' id='word_1_533' title='bbox 551 4113 702 4165; x_wconf 92' lang='lat' dir='ltr'><strong>illum</strong></span> <span class='ocrx_word' id='word_1_534' title='bbox 734 4112 1016 4179; x_wconf 89' lang='lat' dir='ltr'><strong>promittit,</strong></span> <span class='ocrx_word' id='word_1_535' title='bbox 1040 4127 1198 4180; x_wconf 90' lang='lat' dir='ltr'><strong>quem</strong></span> <span class='ocrx_word' id='word_1_536' title='bbox 1252 4125 1470 4164; x_wconf 81' lang='lat' dir='ltr'><strong>monere</strong></span> <span class='ocrx_word' id='word_1_537' title='bbox 1505 4109 1818 4178; x_wconf 72' lang='lat' dir='ltr'><strong>spiritaliter</strong></span> <span class='ocrx_word' id='word_1_538' title='bbox 1869 4110 1961 4162; x_wconf 81' lang='lat' dir='ltr'><strong>de-</strong></span> 
     </span>
    </p>
   </div>
   <div class='ocr_carea' id='block_1_74' title="bbox 389 4199 1956 4275">
    <p class='ocr_par' dir='ltr' id='par_1_74' title="bbox 389 4199 1956 4275">
     <span class='ocr_line' id='line_1_74' title="bbox 389 4199 1956 4275; baseline -0.003 -18"><span class='ocrx_word' id='word_1_539' title='bbox 389 4209 599 4269; x_wconf 83' lang='lat' dir='ltr'><strong>buerat,</strong></span> <span class='ocrx_word' id='word_1_540' title='bbox 627 4219 696 4259; x_wconf 85' lang='lat' dir='ltr'><strong>ne</strong></span> <span class='ocrx_word' id='word_1_541' title='bbox 724 4205 860 4275; x_wconf 84' lang='lat' dir='ltr'><strong>patri</strong></span> <span class='ocrx_word' id='word_1_542' title='bbox 891 4203 1146 4256; x_wconf 74' lang='lat' dir='ltr'><strong>existeret</strong></span> <span class='ocrx_word' id='word_1_543' title='bbox 1174 4201 1441 4256; x_wconf 86' lang='lat' dir='ltr'><strong>inimicus.</strong></span> <span class='ocrx_word' id='word_1_544' title='bbox 1473 4199 1623 4254; x_wconf 84' lang='lat' dir='ltr'><strong>Tunc</strong></span> <span class='ocrx_word' id='word_1_545' title='bbox 1645 4215 1739 4269; x_wconf 90' lang='lat' dir='ltr'><strong>per</strong></span> <span class='ocrx_word' id='word_1_546' title='bbox 1772 4200 1956 4255; x_wconf 85' lang='lat' dir='ltr'><strong>occul-</strong></span> 
     </span>
    </p>
   </div>
   <div class='ocr_carea' id='block_1_75' title="bbox 381 4291 1960 4363">
    <p class='ocr_par' dir='ltr' id='par_1_75' title="bbox 381 4291 1960 4363">
     <span class='ocr_line' id='line_1_75' title="bbox 381 4291 1960 4363; baseline -0.003 -14"><span class='ocrx_word' id='word_1_547' title='bbox 381 4304 473 4349; x_wconf 68' lang='lat' dir='ltr'><strong>tos</strong></span> <span class='ocrx_word' id='word_1_548' title='bbox 487 4296 719 4350; x_wconf 76' lang='lat' dir='ltr'><strong>.mmtios</strong></span> <span class='ocrx_word' id='word_1_549' title='bbox 748 4293 1264 4363; x_wconf 72' lang='lat' dir='ltr'><strong>interaeeonjusati,</strong></span> <span class='ocrx_word' id='word_1_550' title='bbox 1281 4308 1386 4347; x_wconf 86' lang='lat' dir='ltr'><strong>.con</strong></span> <span class='ocrx_word' id='word_1_551' title='bbox 1397 4301 1471 4347; x_wconf 90' lang='lat' dir='ltr'><strong>tra</strong></span> <span class='ocrx_word' id='word_1_552' title='bbox 1493 4291 1960 4348; x_wconf 86' lang='lat' dir='ltr'><strong>Cblothacbarium</strong></span> 
     </span>
    </p>
   </div>
   <div class='ocr_carea' id='block_1_76' title="bbox 388 4382 1962 4456">
    <p class='ocr_par' dir='ltr' id='par_1_76' title="bbox 388 4382 1962 4456">
     <span class='ocr_line' id='line_1_76' title="bbox 388 4382 1962 4456; baseline -0.003 -12"><span class='ocrx_word' id='word_1_553' title='bbox 388 4390 711 4444; x_wconf 85' lang='lat' dir='ltr'><strong>unanimiter</strong></span> <span class='ocrx_word' id='word_1_554' title='bbox 739 4388 1066 4456; x_wconf 78' lang='lat' dir='ltr'><strong>conspirant.</strong></span> <span class='ocrx_word' id='word_1_555' title='bbox 1097 4387 1202 4443; x_wconf 77' lang='lat' dir='ltr'><strong>Sed</strong></span> <span class='ocrx_word' id='word_1_556' title='bbox 1227 4401 1324 4441; x_wconf 89' lang='lat' dir='ltr'><strong>nec</strong></span> <span class='ocrx_word' id='word_1_557' title='bbox 1355 4399 1561 4440; x_wconf 84' lang='lat' dir='ltr'><strong>memor</strong></span> <span class='ocrx_word' id='word_1_558' title='bbox 1607 4384 1705 4438; x_wconf 81' lang='lat' dir='ltr'><strong>fuit</strong></span> <span class='ocrx_word' id='word_1_559' title='bbox 1742 4382 1962 4439; x_wconf 83' lang='lat' dir='ltr'><strong>Cbilde-</strong></span> 
     </span>
    </p>
   </div>
   <div class='ocr_carea' id='block_1_77' title="bbox 389 4475 1958 4549">
    <p class='ocr_par' dir='ltr' id='par_1_77' title="bbox 389 4475 1958 4549">
     <span class='ocr_line' id='line_1_77' title="bbox 389 4475 1958 4549; baseline -0.001 -16"><span class='ocrx_word' id='word_1_560' title='bbox 389 4482 595 4544; x_wconf 84' lang='lat' dir='ltr'><strong>bertus,</strong></span> <span class='ocrx_word' id='word_1_561' title='bbox 618 4479 760 4549; x_wconf 91' lang='lat' dir='ltr'><strong>quod</strong></span> <span class='ocrx_word' id='word_1_562' title='bbox 789 4477 1207 4548; x_wconf 77' lang='lat' dir='ltr'><strong>quodescunque</strong></span> <span class='ocrx_word' id='word_1_563' title='bbox 1255 4477 1511 4531; x_wconf 87' lang='lat' dir='ltr'><strong>adversus</strong></span> <span class='ocrx_word' id='word_1_564' title='bbox 1551 4475 1771 4530; x_wconf 79' lang='lat' dir='ltr'><strong>fratrem</strong></span> <span class='ocrx_word' id='word_1_565' title='bbox 1801 4489 1958 4531; x_wconf 85' lang='lat' dir='ltr'><strong>suum</strong></span> 
     </span>
    </p>
   </div>
   <div class='ocr_carea' id='block_1_78' title="bbox 2057 3283 3632 3353">
    <p class='ocr_par' dir='ltr' id='par_1_78' title="bbox 2057 3283 3632 3353">
     <span class='ocr_line' id='line_1_78' title="bbox 2057 3283 3632 3353; baseline -0.002 -12"><span class='ocrx_word' id='word_1_566' title='bbox 2057 3296 2273 3341; x_wconf 88' lang='lat' dir='ltr'><strong>sanctus</strong></span> <span class='ocrx_word' id='word_1_567' title='bbox 2301 3286 2545 3339; x_wconf 80' lang='lat' dir='ltr'><strong>TetriCus</strong></span> <span class='ocrx_word' id='word_1_568' title='bbox 2574 3287 2873 3353; x_wconf 88' lang='lat' dir='ltr'><strong>episcopus,</strong></span> <span class='ocrx_word' id='word_1_569' title='bbox 2896 3284 3046 3352; x_wconf 89' lang='lat' dir='ltr'><strong>cujus</strong></span> <span class='ocrx_word' id='word_1_570' title='bbox 3073 3283 3124 3337; x_wconf 93' lang='lat' dir='ltr'><strong>in</strong></span> <span class='ocrx_word' id='word_1_571' title='bbox 3153 3285 3412 3352; x_wconf 85' lang='lat' dir='ltr'><strong>superiori</strong></span> <span class='ocrx_word' id='word_1_572' title='bbox 3451 3285 3632 3338; x_wconf 88' lang='lat' dir='ltr'><strong>libello</strong></span> 
     </span>
    </p>
   </div>
   <div class='ocr_carea' id='block_1_79' title="bbox 2057 3371 3626 3433">
    <p class='ocr_par' dir='ltr' id='par_1_79' title="bbox 2057 3371 3626 3433">
     <span class='ocr_line' id='line_1_79' title="bbox 2057 3371 3626 3433; baseline -0.004 0"><span class='ocrx_word' id='word_1_573' title='bbox 2057 3379 2369 3433; x_wconf 89' lang='lat' dir='ltr'><strong>memoriam</strong></span> <span class='ocrx_word' id='word_1_574' title='bbox 2399 3377 2620 3432; x_wconf 80' lang='lat' dir='ltr'><strong>fecimus</strong></span> <span class='ocrx_word' id='word_1_575' title='bbox 2651 3371 2700 3429; x_wconf 69' lang='grc' dir='ltr'><strong>ά.</strong></span> <span class='ocrx_word' id='word_1_576' title='bbox 2731 3375 2921 3428; x_wconf 86' lang='lat' dir='ltr'><strong>Positis</strong></span> <span class='ocrx_word' id='word_1_577' title='bbox 2959 3375 3137 3428; x_wconf 90' lang='lat' dir='ltr'><strong>clerici</strong></span> <span class='ocrx_word' id='word_1_578' title='bbox 3166 3375 3332 3428; x_wconf 87' lang='lat' dir='ltr'><strong>tribus</strong></span> <span class='ocrx_word' id='word_1_579' title='bbox 3357 3374 3504 3427; x_wconf 89' lang='lat' dir='ltr'><strong>libris</strong></span> <span class='ocrx_word' id='word_1_580' title='bbox 3532 3389 3626 3428; x_wconf 89' lang='lat' dir='ltr'><strong>su-</strong></span> 
     </span>
    </p>
   </div>
   <div class='ocr_carea' id='block_1_80' title="bbox 2059 3466 3621 3542">
    <p class='ocr_par' dir='ltr' id='par_1_80' title="bbox 2059 3466 3621 3542">
     <span class='ocr_line' id='line_1_80' title="bbox 2059 3466 3621 3542; baseline -0.004 -16"><span class='ocrx_word' id='word_1_581' title='bbox 2059 3489 2152 3542; x_wconf 80' lang='lat' dir='ltr'><strong>per</strong></span> <span class='ocrx_word' id='word_1_582' title='bbox 2180 3470 2448 3537; x_wconf 88' lang='lat' dir='ltr'><strong>altarium,</strong></span> <span class='ocrx_word' id='word_1_583' title='bbox 2479 3468 2530 3523; x_wconf 90' lang='lat' dir='ltr'><strong>id</strong></span> <span class='ocrx_word' id='word_1_584' title='bbox 2549 3477 2631 3523; x_wconf 89' lang='lat' dir='ltr'><strong>est</strong></span> <span class='ocrx_word' id='word_1_585' title='bbox 2653 3467 2968 3536; x_wconf 69' lang='lat' dir='ltr'><strong>Prophetiae,</strong></span> <span class='ocrx_word' id='word_1_586' title='bbox 2995 3467 3228 3537; x_wconf 78' lang='lat' dir='ltr'><strong>Apostnli</strong></span> <span class='ocrx_word' id='word_1_587' title='bbox 3262 3479 3422 3533; x_wconf 80' lang='lat' dir='ltr'><strong>atque</strong></span> <span class='ocrx_word' id='word_1_588' title='bbox 3446 3466 3621 3519; x_wconf 84' lang='lat' dir='ltr'><strong>Evan-</strong></span> 
     </span>
    </p>
   </div>
   <div class='ocr_carea' id='block_1_81' title="bbox 2058 3557 3626 3637">
    <p class='ocr_par' dir='ltr' id='par_1_81' title="bbox 2058 3557 3626 3637">
     <span class='ocr_line' id='line_1_81' title="bbox 2058 3557 3626 3637; baseline -0.006 -17"><span class='ocrx_word' id='word_1_589' title='bbox 2058 3566 2336 3637; x_wconf 87' lang='lat' dir='ltr'><strong>geliorum,</strong></span> <span class='ocrx_word' id='word_1_590' title='bbox 2369 3571 2653 3617; x_wconf 88' lang='lat' dir='ltr'><strong>oraverunt</strong></span> <span class='ocrx_word' id='word_1_591' title='bbox 2683 3561 2751 3614; x_wconf 89' lang='lat' dir='ltr'><strong>ad</strong></span> <span class='ocrx_word' id='word_1_592' title='bbox 2780 3560 3086 3624; x_wconf 89' lang='lat' dir='ltr'><strong>Dominum,</strong></span> <span class='ocrx_word' id='word_1_593' title='bbox 3121 3571 3178 3614; x_wconf 88' lang='lat' dir='ltr'><strong>ut</strong></span> <span class='ocrx_word' id='word_1_594' title='bbox 3202 3559 3472 3614; x_wconf 87' lang='lat' dir='ltr'><strong>Chramno</strong></span> <span class='ocrx_word' id='word_1_595' title='bbox 3500 3557 3626 3624; x_wconf 88' lang='lat' dir='ltr'><strong>quid</strong></span> 
     </span>
    </p>
   </div>
   <div class='ocr_carea' id='block_1_82' title="bbox 2059 3648 3621 3713">
    <p class='ocr_par' dir='ltr' id='par_1_82' title="bbox 2059 3648 3621 3713">
     <span class='ocr_line' id='line_1_82' title="bbox 2059 3648 3621 3713; baseline -0.008 -1"><span class='ocrx_word' id='word_1_596' title='bbox 2059 3656 2300 3712; x_wconf 89' lang='lat' dir='ltr'><strong>eveniret</strong></span> <span class='ocrx_word' id='word_1_597' title='bbox 2323 3653 2628 3708; x_wconf 70' lang='lat' dir='ltr'><strong>ostenderet</strong></span> <span class='ocrx_word' id='word_1_598' title='bbox 2675 3660 2815 3708; x_wconf 85' lang='lat' dir='ltr'><strong>:aut</strong></span> <span class='ocrx_word' id='word_1_599' title='bbox 2860 3652 2902 3704; x_wconf 93' lang='lat' dir='ltr'><strong>si</strong></span> <span class='ocrx_word' id='word_1_600' title='bbox 2932 3653 2979 3706; x_wconf 90' lang='lat' dir='ltr'><strong>ei</strong></span> <span class='ocrx_word' id='word_1_601' title='bbox 3023 3650 3244 3706; x_wconf 89' lang='lat' dir='ltr'><strong>felicitas</strong></span> <span class='ocrx_word' id='word_1_602' title='bbox 3290 3648 3621 3713; x_wconf 84' lang='lat' dir='ltr'><strong>succederet,</strong></span> 
     </span>
    </p>
   </div>
   <div class='ocr_carea' id='block_1_83' title="bbox 2060 3740 3626 3812">
    <p class='ocr_par' dir='ltr' id='par_1_83' title="bbox 2060 3740 3626 3812">
     <span class='ocr_line' id='line_1_83' title="bbox 2060 3740 3626 3812; baseline -0.004 -13"><span class='ocrx_word' id='word_1_603' title='bbox 2060 3755 2153 3800; x_wconf 86' lang='lat' dir='ltr'><strong>aut</strong></span> <span class='ocrx_word' id='word_1_604' title='bbox 2181 3758 2326 3800; x_wconf 90' lang='lat' dir='ltr'><strong>certe</strong></span> <span class='ocrx_word' id='word_1_605' title='bbox 2348 3746 2389 3798; x_wconf 89' lang='lat' dir='ltr'><strong>si</strong></span> <span class='ocrx_word' id='word_1_606' title='bbox 2417 3758 2634 3812; x_wconf 80' lang='lat' dir='ltr'><strong>regnare</strong></span> <span class='ocrx_word' id='word_1_607' title='bbox 2659 3753 2859 3810; x_wconf 83' lang='lat' dir='ltr'><strong>posset,</strong></span> <span class='ocrx_word' id='word_1_608' title='bbox 2889 3741 3064 3795; x_wconf 88' lang='lat' dir='ltr'><strong>divina</strong></span> <span class='ocrx_word' id='word_1_609' title='bbox 3108 3741 3338 3808; x_wconf 89' lang='lat' dir='ltr'><strong>potentia</strong></span> <span class='ocrx_word' id='word_1_610' title='bbox 3385 3740 3626 3794; x_wconf 87' lang='lat' dir='ltr'><strong>declara-</strong></span> 
     </span>
    </p>
   </div>
   <div class='ocr_carea' id='block_1_84' title="bbox 2060 3830 3626 3904">
    <p class='ocr_par' dir='ltr' id='par_1_84' title="bbox 2060 3830 3626 3904">
     <span class='ocr_line' id='line_1_84' title="bbox 2060 3830 3626 3904; baseline -0.008 -12"><span class='ocrx_word' id='word_1_611' title='bbox 2060 3849 2174 3902; x_wconf 81' lang='lat' dir='ltr'><strong>ret;</strong></span> <span class='ocrx_word' id='word_1_612' title='bbox 2222 3837 2483 3904; x_wconf 82' lang='lat' dir='ltr'><strong>simulque</strong></span> <span class='ocrx_word' id='word_1_613' title='bbox 2533 3849 2689 3886; x_wconf 91' lang='lat' dir='ltr'><strong>unam</strong></span> <span class='ocrx_word' id='word_1_614' title='bbox 2748 3833 3006 3886; x_wconf 78' lang='lat' dir='ltr'><strong>habentes</strong></span> <span class='ocrx_word' id='word_1_615' title='bbox 3057 3830 3445 3886; x_wconf 84' lang='lat' dir='ltr'><strong>conniventiain</strong></span> <span class='ocrx_word' id='word_1_616' title='bbox 3478 3839 3527 3894; x_wconf 79' lang='grc' dir='ltr'><strong>ο,</strong></span> <span class='ocrx_word' id='word_1_617' title='bbox 3565 3837 3626 3880; x_wconf 92' lang='lat' dir='ltr'><strong>ut</strong></span> 
     </span>
    </p>
   </div>
   <div class='ocr_carea' id='block_1_85' title="bbox 2063 3917 3628 3996">
    <p class='ocr_par' dir='ltr' id='par_1_85' title="bbox 2063 3917 3628 3996">
     <span class='ocr_line' id='line_1_85' title="bbox 2063 3917 3628 3996; baseline -0.006 -13"><span class='ocrx_word' id='word_1_618' title='bbox 2063 3917 2424 3996; x_wconf 76' lang='lat' dir='ltr'><strong>unusquisque</strong></span> <span class='ocrx_word' id='word_1_619' title='bbox 2447 3926 2495 3979; x_wconf 91' lang='lat' dir='ltr'><strong>in</strong></span> <span class='ocrx_word' id='word_1_620' title='bbox 2529 3924 2664 3978; x_wconf 88' lang='lat' dir='ltr'><strong>libro</strong></span> <span class='ocrx_word' id='word_1_621' title='bbox 2695 3923 2835 3991; x_wconf 86' lang='lat' dir='ltr'><strong>quod</strong></span> <span class='ocrx_word' id='word_1_622' title='bbox 2869 3924 3092 3992; x_wconf 92' lang='lat' dir='ltr'><strong>primum</strong></span> <span class='ocrx_word' id='word_1_623' title='bbox 3115 3924 3401 3991; x_wconf 82' lang='lat' dir='ltr'><strong>aperiebat,</strong></span> <span class='ocrx_word' id='word_1_624' title='bbox 3436 3923 3536 3974; x_wconf 85' lang='lat' dir='ltr'><strong>hoe</strong></span> <span class='ocrx_word' id='word_1_625' title='bbox 3562 3920 3628 3974; x_wconf 89' lang='lat' dir='ltr'><strong>ad</strong></span> 
     </span>
    </p>
   </div>
   <div class='ocr_carea' id='block_1_86' title="bbox 2063 4012 3634 4084">
    <p class='ocr_par' dir='ltr' id='par_1_86' title="bbox 2063 4012 3634 4084">
     <span class='ocr_line' id='line_1_86' title="bbox 2063 4012 3634 4084; baseline -0.004 -11"><span class='ocrx_word' id='word_1_626' title='bbox 2063 4019 2251 4074; x_wconf 69' lang='lat' dir='ltr'><strong>tliSsas</strong></span> <span class='ocrx_word' id='word_1_627' title='bbox 2291 4021 2448 4071; x_wconf 86' lang='lat' dir='ltr'><strong>etiam</strong></span> <span class='ocrx_word' id='word_1_628' title='bbox 2502 4018 2724 4084; x_wconf 83' lang='lat' dir='ltr'><strong>legeret.</strong></span> <span class='ocrx_word' id='word_1_629' title='bbox 2764 4017 2962 4084; x_wconf 82' lang='lat' dir='ltr'><strong>Aperta</strong></span> <span class='ocrx_word' id='word_1_630' title='bbox 3001 4029 3128 4084; x_wconf 89' lang='lat' dir='ltr'><strong>ergo</strong></span> <span class='ocrx_word' id='word_1_631' title='bbox 3183 4017 3350 4083; x_wconf 90' lang='lat' dir='ltr'><strong>primo</strong></span> <span class='ocrx_word' id='word_1_632' title='bbox 3399 4012 3634 4068; x_wconf 86' lang='lat' dir='ltr'><strong>omnium</strong></span> 
     </span>
    </p>
   </div>
   <div class='ocr_carea' id='block_1_87' title="bbox 2063 4104 3628 4174">
    <p class='ocr_par' dir='ltr' id='par_1_87' title="bbox 2063 4104 3628 4174">
     <span class='ocr_line' id='line_1_87' title="bbox 2063 4104 3628 4174; baseline -0.008 -11"><span class='ocrx_word' id='word_1_633' title='bbox 2063 4109 2449 4173; x_wconf 87' lang='lat' dir='ltr'><strong>Prophetarum</strong></span> <span class='ocrx_word' id='word_1_634' title='bbox 2479 4106 2635 4169; x_wconf 90' lang='lat' dir='ltr'><strong>libro,</strong></span> <span class='ocrx_word' id='word_1_635' title='bbox 2680 4107 2954 4174; x_wconf 88' lang='lat' dir='ltr'><strong>reperiunt</strong></span> <span class='ocrx_word' id='word_1_636' title='bbox 3009 4121 3022 4158; x_wconf 92' lang='lat'>:</span> <span class='ocrx_word' id='word_1_637' title='bbox 3069 4105 3312 4172; x_wconf 73' lang='lat' dir='ltr'><strong>Auferam</strong></span> <span class='ocrx_word' id='word_1_638' title='bbox 3357 4104 3628 4154; x_wconf 83' lang='lat' dir='ltr'><strong>maceriam</strong></span> 
     </span>
    </p>
   </div>
   <div class='ocr_carea' id='block_1_88' title="bbox 2062 4191 3634 4268">
    <p class='ocr_par' dir='ltr' id='par_1_88' title="bbox 2062 4191 3634 4268">
     <span class='ocr_line' id='line_1_88' title="bbox 2062 4191 3634 4268; baseline -0.008 -16"><span class='ocrx_word' id='word_1_639' title='bbox 2062 4203 2190 4268; x_wconf 77' lang='lat' dir='ltr'><strong>eius,</strong></span> <span class='ocrx_word' id='word_1_640' title='bbox 2223 4209 2268 4250; x_wconf 91' lang='lat' dir='ltr'><strong>et</strong></span> <span class='ocrx_word' id='word_1_641' title='bbox 2296 4200 2388 4251; x_wconf 85' lang='lat' dir='ltr'><strong>erit</strong></span> <span class='ocrx_word' id='word_1_642' title='bbox 2418 4198 2469 4247; x_wconf 85' lang='lat' dir='ltr'><strong>in</strong></span> <span class='ocrx_word' id='word_1_643' title='bbox 2517 4194 2880 4248; x_wconf 77' lang='lat' dir='ltr'><strong>desolationem</strong></span> <span class='ocrx_word' id='word_1_644' title='bbox 2909 4209 2928 4246; x_wconf 90' lang='lat'><strong><em>:</em></strong></span> <span class='ocrx_word' id='word_1_645' title='bbox 2966 4209 3058 4262; x_wconf 85' lang='lat' dir='ltr'><strong>pro</strong></span> <span class='ocrx_word' id='word_1_646' title='bbox 3083 4208 3142 4245; x_wconf 81' lang='lat' dir='ltr'><strong>eo</strong></span> <span class='ocrx_word' id='word_1_647' title='bbox 3165 4193 3303 4260; x_wconf 71' lang='lat' dir='ltr'><strong>quod</strong></span> <span class='ocrx_word' id='word_1_648' title='bbox 3351 4192 3522 4243; x_wconf 78' lang='lat' dir='ltr'><strong>debuit</strong></span> <span class='ocrx_word' id='word_1_649' title='bbox 3557 4191 3634 4258; x_wconf 80' lang='lat' dir='ltr'><strong>fa-</strong></span> 
     </span>
    </p>
   </div>
   <div class='ocr_carea' id='block_1_89' title="bbox 2061 4280 3629 4356">
    <p class='ocr_par' dir='ltr' id='par_1_89' title="bbox 2061 4280 3629 4356">
     <span class='ocr_line' id='line_1_89' title="bbox 2061 4280 3629 4356; baseline -0.008 -12"><span class='ocrx_word' id='word_1_650' title='bbox 2061 4307 2174 4344; x_wconf 82' lang='lat' dir='ltr'><strong>cere</strong></span> <span class='ocrx_word' id='word_1_651' title='bbox 2199 4304 2363 4350; x_wconf 86' lang='lat' dir='ltr'><strong>uvam,</strong></span> <span class='ocrx_word' id='word_1_652' title='bbox 2388 4288 2504 4356; x_wconf 79' lang='lat' dir='ltr'><strong>fecit</strong></span> <span class='ocrx_word' id='word_1_653' title='bbox 2530 4296 2697 4338; x_wconf 84' lang='lat' dir='ltr'><strong>autem</strong></span> <span class='ocrx_word' id='word_1_654' title='bbox 2718 4285 3002 4338; x_wconf 83' lang='lat' dir='ltr'><strong>labruscam</strong></span> <span class='ocrx_word' id='word_1_655' title='bbox 3018 4281 3169 4354; x_wconf 77' lang='lat' dir='ltr'><strong>(lsai.</strong></span> <span class='ocrx_word' id='word_1_656' title='bbox 3195 4280 3243 4344; x_wconf 67' lang='grc' dir='ltr'><strong>ὑ,</strong></span> <span class='ocrx_word' id='word_1_657' title='bbox 3277 4281 3329 4344; x_wconf 84' lang='grc'><strong>5,</strong></span> <span class='ocrx_word' id='word_1_658' title='bbox 3354 4281 3437 4346; x_wconf 73' lang='grc'><strong>2).</strong></span> <span class='ocrx_word' id='word_1_659' title='bbox 3466 4281 3629 4332; x_wconf 77' lang='lat' dir='ltr'><strong>[lese-</strong></span> 
     </span>
    </p>
   </div>
   <div class='ocr_carea' id='block_1_90' title="bbox 2049 4367 3630 4446">
    <p class='ocr_par' dir='ltr' id='par_1_90' title="bbox 2049 4367 3630 4446">
     <span class='ocr_line' id='line_1_90' title="bbox 2049 4367 3630 4446; baseline -0.009 -14"><span class='ocrx_word' id='word_1_660' title='bbox 2049 4389 2282 4446; x_wconf 83' lang='lat' dir='ltr'><strong>.ratoque</strong></span> <span class='ocrx_word' id='word_1_661' title='bbox 2304 4377 2541 4445; x_wconf 80' lang='lat' dir='ltr'><strong>Apostoli</strong></span> <span class='ocrx_word' id='word_1_662' title='bbox 2567 4375 2725 4439; x_wconf 89' lang='lat' dir='ltr'><strong>libro,</strong></span> <span class='ocrx_word' id='word_1_663' title='bbox 2765 4370 3038 4427; x_wconf 85' lang='lat' dir='ltr'><strong>inveniunt</strong></span> <span class='ocrx_word' id='word_1_664' title='bbox 3067 4387 3083 4423; x_wconf 85' lang='lat'><strong>:</strong></span> <span class='ocrx_word' id='word_1_665' title='bbox 3114 4368 3227 4438; x_wconf 79' lang='lat' dir='ltr'><strong>Ipsi</strong></span> <span class='ocrx_word' id='word_1_666' title='bbox 3250 4370 3380 4422; x_wconf 80' lang='lat' dir='ltr'><strong>enim</strong></span> <span class='ocrx_word' id='word_1_667' title='bbox 3407 4367 3630 4437; x_wconf 69' lang='lat' dir='ltr'><strong>diligat-</strong></span> 
     </span>
    </p>
   </div>
   <div class='ocr_carea' id='block_1_91' title="bbox 2059 4461 3639 4538">
    <p class='ocr_par' dir='ltr' id='par_1_91' title="bbox 2059 4461 3639 4538">
     <span class='ocr_line' id='line_1_91' title="bbox 2059 4461 3639 4538; baseline -0.008 -11"><span class='ocrx_word' id='word_1_668' title='bbox 2059 4483 2142 4527; x_wconf 74' lang='lat' dir='ltr'><strong>ter</strong></span> <span class='ocrx_word' id='word_1_669' title='bbox 2169 4469 2332 4534; x_wconf 78' lang='lat' dir='ltr'><strong>scitis,</strong></span> <span class='ocrx_word' id='word_1_670' title='bbox 2361 4472 2567 4538; x_wconf 77' lang='lat' dir='ltr'><strong>fratres,</strong></span> <span class='ocrx_word' id='word_1_671' title='bbox 2595 4466 2718 4538; x_wconf 79' lang='lat' dir='ltr'><strong>quia</strong></span> <span class='ocrx_word' id='word_1_672' title='bbox 2738 4465 2844 4520; x_wconf 78' lang='lat' dir='ltr'><strong>dies</strong></span> <span class='ocrx_word' id='word_1_673' title='bbox 2883 4463 3090 4517; x_wconf 81' lang='lat' dir='ltr'><strong>Domini</strong></span> <span class='ocrx_word' id='word_1_674' title='bbox 3123 4463 3252 4516; x_wconf 77' lang='lat' dir='ltr'><strong>sicut</strong></span> <span class='ocrx_word' id='word_1_675' title='bbox 3294 4464 3377 4532; x_wconf 71' lang='lat' dir='ltr'><strong>fur</strong></span> <span class='ocrx_word' id='word_1_676' title='bbox 3403 4461 3457 4514; x_wconf 82' lang='lat' dir='ltr'><strong>iu</strong></span> <span class='ocrx_word' id='word_1_677' title='bbox 3491 4469 3639 4515; x_wconf 70' lang='lat' dir='ltr'><strong>nocte</strong></span> 
     </span>
    </p>
   </div>
   <div class='ocr_carea' id='block_1_92' title="bbox 391 4615 3632 4708">
    <p class='ocr_par' dir='ltr' id='par_1_92' title="bbox 391 4615 3632 4708">
     <span class='ocr_line' id='line_1_92' title="bbox 391 4615 3632 4708; baseline -0.01 -10"><span class='ocrx_word' id='word_1_678' title='bbox 391 4643 626 4698; x_wconf 77' lang='lat' dir='ltr'><strong>Ecclesia</strong></span> <span class='ocrx_word' id='word_1_679' title='bbox 649 4647 863 4708; x_wconf 74' lang='lat' dir='ltr'><strong>pastore</strong></span> <span class='ocrx_word' id='word_1_680' title='bbox 885 4636 1094 4708; x_wconf 54' lang='lat' dir='ltr'><strong>viduata</strong></span> <span class='ocrx_word' id='word_1_681' title='bbox 1125 4649 1217 4688; x_wconf 83' lang='lat' dir='ltr'><strong>rex</strong></span> <span class='ocrx_word' id='word_1_682' title='bbox 1250 4631 1445 4688; x_wconf 80' lang='lat' dir='ltr'><strong>certior</strong></span> <span class='ocrx_word' id='word_1_683' title='bbox 1473 4631 1652 4708; x_wconf 81' lang='lat' dir='ltr'><strong>ﬁebat,</strong></span> <span class='ocrx_word' id='word_1_684' title='bbox 1678 4629 1745 4684; x_wconf 86' lang='lat' dir='ltr'><strong>ab</strong></span> <span class='ocrx_word' id='word_1_685' title='bbox 1760 4646 1838 4708; x_wconf 87' lang='lat' dir='ltr'><strong>_eo</strong></span> <span class='ocrx_word' id='word_1_686' title='bbox 1865 4640 1955 4694; x_wconf 75' lang='grc' dir='ltr'><strong>νο·</strong></span> <span class='ocrx_word' id='word_1_687' title='bbox 1985 4633 2036 4692; x_wconf 81' lang='grc' dir='ltr'>ο</span> <span class='ocrx_word' id='word_1_688' title='bbox 2133 4629 2171 4708; x_wconf 44' lang='grc' dir='ltr'><strong>ιι.</strong></span> <span class='ocrx_word' id='word_1_689' title='bbox 2201 4623 2290 4708; x_wconf 71' lang='lat' dir='ltr'><strong>sic</strong></span> <span class='ocrx_word' id='word_1_690' title='bbox 2321 4637 2506 4678; x_wconf 86' lang='lat' dir='ltr'><strong>omnes</strong></span> <span class='ocrx_word' id='word_1_691' title='bbox 2543 4635 2674 4675; x_wconf 88' lang='lat' dir='ltr'><strong>mss.</strong></span> <span class='ocrx_word' id='word_1_692' title='bbox 2701 4627 2894 4690; x_wconf 73' lang='lat' dir='ltr'><strong>praeter</strong></span> <span class='ocrx_word' id='word_1_693' title='bbox 2921 4619 3042 4672; x_wconf 84' lang='lat' dir='ltr'><strong>Bec.</strong></span> <span class='ocrx_word' id='word_1_694' title='bbox 3075 4631 3198 4671; x_wconf 90' lang='lat' dir='ltr'><strong>cum</strong></span> <span class='ocrx_word' id='word_1_695' title='bbox 3225 4616 3337 4682; x_wconf 89' lang='lat' dir='ltr'><strong>ed.,</strong></span> <span class='ocrx_word' id='word_1_696' title='bbox 3375 4615 3463 4669; x_wconf 92' lang='lat' dir='ltr'><strong>ubi</strong></span> <span class='ocrx_word' id='word_1_697' title='bbox 3494 4616 3632 4668; x_wconf 80' lang='lat' dir='ltr'><strong>Aua-</strong></span> 
     </span>
    </p>
   </div>
   <div class='ocr_carea' id='block_1_93' title="bbox 387 4700 1945 4772">
    <p class='ocr_par' dir='ltr' id='par_1_93' title="bbox 387 4700 1945 4772">
     <span class='ocr_line' id='line_1_93' title="bbox 387 4700 1945 4772; baseline -0.011 -5"><span class='ocrx_word' id='word_1_698' title='bbox 387 4700 734 4772; x_wconf 58' lang='lat' dir='ltr'><strong>atulandn,&#39;ut</strong></span> <span class='ocrx_word' id='word_1_699' title='bbox 769 4722 889 4761; x_wconf 87' lang='lat' dir='ltr'><strong>eum</strong></span> <span class='ocrx_word' id='word_1_700' title='bbox 918 4707 1006 4771; x_wconf 81' lang='lat' dir='ltr'><strong>qui</strong></span> <span class='ocrx_word' id='word_1_701' title='bbox 1036 4707 1086 4758; x_wconf 91' lang='lat' dir='ltr'><strong>in</strong></span> <span class='ocrx_word' id='word_1_702' title='bbox 1124 4718 1488 4772; x_wconf 73' lang='lat' dir='ltr'><strong>sucressorem</strong></span> <span class='ocrx_word' id='word_1_703' title='bbox 1523 4702 1728 4772; x_wconf 85' lang='lat' dir='ltr'><strong>electus</strong></span> <span class='ocrx_word' id='word_1_704' title='bbox 1757 4700 1945 4772; x_wconf 84' lang='lat' dir='ltr'><strong>fuerat,</strong></span> 
     </span>
    </p>
   </div>
   <div class='ocr_carea' id='block_1_94' title="bbox 385 4771 1949 4846">
    <p class='ocr_par' dir='ltr' id='par_1_94' title="bbox 385 4771 1949 4846">
     <span class='ocr_line' id='line_1_94' title="bbox 385 4771 1949 4846; baseline -0.009 -9"><span class='ocrx_word' id='word_1_705' title='bbox 385 4771 692 4837; x_wconf 77' lang='lat' dir='ltr'><strong>consecrari</strong></span> <span class='ocrx_word' id='word_1_706' title='bbox 733 4777 1090 4846; x_wconf 79' lang='lat' dir='ltr'><strong>permitteret.</strong></span> <span class='ocrx_word' id='word_1_707' title='bbox 1125 4773 1250 4846; x_wconf 80' lang='lat' dir='ltr'><strong>Ejus</strong></span> <span class='ocrx_word' id='word_1_708' title='bbox 1289 4771 1570 4846; x_wconf 84' lang='lat' dir='ltr'><strong>formulam</strong></span> <span class='ocrx_word' id='word_1_709' title='bbox 1602 4771 1763 4846; x_wconf 81' lang='lat' dir='ltr'><strong>habes</strong></span> <span class='ocrx_word' id='word_1_710' title='bbox 1793 4771 1884 4846; x_wconf 63' lang='lat' dir='ltr'><strong>lib.</strong></span> <span class='ocrx_word' id='word_1_711' title='bbox 1919 4786 1949 4823; x_wconf 77' lang='grc' dir='ltr'><strong>χ</strong></span> 
     </span>
    </p>
   </div>
   <div class='ocr_carea' id='block_1_95' title="bbox 389 4839 1952 4915">
    <p class='ocr_par' dir='ltr' id='par_1_95' title="bbox 389 4839 1952 4915">
     <span class='ocr_line' id='line_1_95' title="bbox 389 4839 1952 4915; baseline -0.008 -8"><span class='ocrx_word' id='word_1_712' title='bbox 389 4853 648 4915; x_wconf 69' lang='lat' dir='ltr'><strong>Marculﬁ,</strong></span> <span class='ocrx_word' id='word_1_713' title='bbox 681 4839 799 4915; x_wconf 42' lang='lat' dir='ltr'><strong>ca‘p.</strong></span> <span class='ocrx_word' id='word_1_714' title='bbox 831 4848 882 4900; x_wconf 90' lang='lat'><strong>.7.</strong></span> <span class='ocrx_word' id='word_1_715' title='bbox 939 4839 1228 4915; x_wconf 70' lang='lat' dir='ltr'><strong>Prteceptio</strong></span> <span class='ocrx_word' id='word_1_716' title='bbox 1283 4851 1484 4915; x_wconf 80' lang='lat' dir='ltr'><strong>autem,</strong></span> <span class='ocrx_word' id='word_1_717' title='bbox 1515 4842 1582 4894; x_wconf 87' lang='lat' dir='ltr'><strong>de</strong></span> <span class='ocrx_word' id='word_1_718' title='bbox 1613 4842 1796 4908; x_wconf 86' lang='lat' dir='ltr'><strong>quain</strong></span> <span class='ocrx_word' id='word_1_719' title='bbox 1849 4839 1952 4894; x_wconf 89' lang='lat' dir='ltr'><strong>line</strong></span> 
     </span>
    </p>
   </div>
   <div class='ocr_carea' id='block_1_96' title="bbox 389 4911 1954 4991">
    <p class='ocr_par' dir='ltr' id='par_1_96' title="bbox 389 4911 1954 4991">
     <span class='ocr_line' id='line_1_96' title="bbox 389 4911 1954 4991; baseline -0.009 -15"><span class='ocrx_word' id='word_1_720' title='bbox 389 4923 548 4991; x_wconf 84' lang='lat' dir='ltr'><strong>hujus</strong></span> <span class='ocrx_word' id='word_1_721' title='bbox 592 4911 800 4986; x_wconf 79' lang='lat' dir='ltr'><strong>capitis,</strong></span> <span class='ocrx_word' id='word_1_722' title='bbox 855 4932 982 4991; x_wconf 87' lang='lat' dir='ltr'><strong>seu_,</strong></span> <span class='ocrx_word' id='word_1_723' title='bbox 1011 4923 1067 4968; x_wconf 93' lang='lat' dir='ltr'><strong>ut</strong></span> <span class='ocrx_word' id='word_1_724' title='bbox 1112 4911 1501 4991; x_wconf 79' lang='lat' dir='ltr'><strong>alias_dit-itnr,</strong></span> <span class='ocrx_word' id='word_1_725' title='bbox 1554 4920 1954 4991; x_wconf 67' lang='lat' dir='ltr'><strong>p_rzeceptutn,a</strong></span> 
     </span>
    </p>
   </div>
   <div class='ocr_carea' id='block_1_97' title="bbox 393 4981 1954 5058">
    <p class='ocr_par' dir='ltr' id='par_1_97' title="bbox 393 4981 1954 5058">
     <span class='ocr_line' id='line_1_97' title="bbox 393 4981 1954 5058; baseline -0.007 -14"><span class='ocrx_word' id='word_1_726' title='bbox 393 4981 513 5058; x_wconf 59' lang='lat' dir='ltr'><strong>rege</strong></span> <span class='ocrx_word' id='word_1_727' title='bbox 542 4981 853 5044; x_wconf 71' lang='lat' dir='ltr'><strong>mittebatur</strong></span> <span class='ocrx_word' id='word_1_728' title='bbox 903 4986 967 5038; x_wconf 83' lang='lat' dir='ltr'><strong>ad</strong></span> <span class='ocrx_word' id='word_1_729' title='bbox 1018 4983 1508 5058; x_wconf 74' lang='lat' dir='ltr'><strong>metropolitanum,</strong></span> <span class='ocrx_word' id='word_1_730' title='bbox 1541 4989 1607 5058; x_wconf 26' lang='lat' dir='ltr'><strong>nt.</strong></span> <span class='ocrx_word' id='word_1_731' title='bbox 1640 4981 1808 5034; x_wconf 90' lang='lat' dir='ltr'><strong>virum</strong></span> <span class='ocrx_word' id='word_1_732' title='bbox 1829 4994 1954 5058; x_wconf 51' lang='lat' dir='ltr'><strong>asc</strong></span> 
     </span>
    </p>
   </div>
   <div class='ocr_carea' id='block_1_98' title="bbox 390 5049 1956 5128">
    <p class='ocr_par' dir='ltr' id='par_1_98' title="bbox 390 5049 1956 5128">
     <span class='ocr_line' id='line_1_98' title="bbox 390 5049 1956 5128; baseline 0.004 -1"><span class='ocrx_word' id='word_1_733' title='bbox 390 5049 670 5128; x_wconf 48' lang='lat' dir='ltr'><strong>Minium</strong></span> <span class='ocrx_word' id='word_1_734' title='bbox 700 5067 754 5111; x_wconf 84' lang='lat' dir='ltr'><strong>et</strong></span> <span class='ocrx_word' id='word_1_735' title='bbox 783 5059 1010 5128; x_wconf 62' lang='grc' dir='ltr'><strong>ειεςιυιιι</strong></span> <span class='ocrx_word' id='word_1_736' title='bbox 1049 5056 1100 5106; x_wconf 65' lang='lat' dir='ltr'><strong>i“</strong></span> <span class='ocrx_word' id='word_1_737' title='bbox 1147 5049 1453 5128; x_wconf 68' lang='lat' dir='ltr'><strong>ePiSE&quot;l?&quot;&#39;.&#39;!</strong></span> <span class='ocrx_word' id='word_1_738' title='bbox 1499 5051 1789 5128; x_wconf 59' lang='lat' dir='ltr'><strong>&quot;.&#39;d&quot;&#39;9.&#39;e&quot;</strong></span> <span class='ocrx_word' id='word_1_739' title='bbox 1829 5049 1956 5128; x_wconf 54' lang='lat' dir='ltr'><strong>Eius</strong></span> 
     </span>
    </p>
   </div>
   <div class='ocr_carea' id='block_1_99' title="bbox 390 5118 1956 5188">
    <p class='ocr_par' dir='ltr' id='par_1_99' title="bbox 390 5118 1956 5188">
     <span class='ocr_line' id='line_1_99' title="bbox 390 5118 1956 5188; baseline -0.011 -4"><span class='ocrx_word' id='word_1_740' title='bbox 390 5118 615 5183; x_wconf 75' lang='lat' dir='ltr'><strong>ionnula</strong></span> <span class='ocrx_word' id='word_1_741' title='bbox 641 5130 861 5181; x_wconf 85' lang='lat' dir='ltr'><strong>habetur</strong></span> <span class='ocrx_word' id='word_1_742' title='bbox 889 5126 1079 5178; x_wconf 85' lang='lat' dir='ltr'><strong>ibidem</strong></span> <span class='ocrx_word' id='word_1_743' title='bbox 1103 5118 1222 5188; x_wconf 85' lang='lat' dir='ltr'><strong>cap.</strong></span> <span class='ocrx_word' id='word_1_744' title='bbox 1255 5123 1308 5176; x_wconf 79' lang='grc' dir='ltr'><strong>ὅ.</strong></span> <span class='ocrx_word' id='word_1_745' title='bbox 1337 5118 1607 5172; x_wconf 81' lang='lat' dir='ltr'><strong>lndiculus</strong></span> <span class='ocrx_word' id='word_1_746' title='bbox 1626 5119 1784 5171; x_wconf 88' lang='lat' dir='ltr'><strong>etiam</strong></span> <span class='ocrx_word' id='word_1_747' title='bbox 1812 5118 1956 5185; x_wconf 81' lang='lat' dir='ltr'><strong>ejus-</strong></span> 
     </span>
    </p>
   </div>
   <div class='ocr_carea' id='block_1_100' title="bbox 391 5188 1958 5261">
    <p class='ocr_par' dir='ltr' id='par_1_100' title="bbox 391 5188 1958 5261">
     <span class='ocr_line' id='line_1_100' title="bbox 391 5188 1958 5261; baseline -0.008 -8"><span class='ocrx_word' id='word_1_748' title='bbox 391 5202 510 5253; x_wconf 84' lang='lat' dir='ltr'><strong>dem</strong></span> <span class='ocrx_word' id='word_1_749' title='bbox 541 5200 616 5252; x_wconf 90' lang='lat' dir='ltr'><strong>rei</strong></span> <span class='ocrx_word' id='word_1_750' title='bbox 649 5213 805 5252; x_wconf 85' lang='lat' dir='ltr'><strong>causa</strong></span> <span class='ocrx_word' id='word_1_751' title='bbox 836 5212 866 5249; x_wconf 88' lang='lat' dir='ltr'><strong>a</strong></span> <span class='ocrx_word' id='word_1_752' title='bbox 896 5210 1020 5261; x_wconf 84' lang='lat' dir='ltr'><strong>rege</strong></span> <span class='ocrx_word' id='word_1_753' title='bbox 1047 5192 1375 5261; x_wconf 87' lang='lat' dir='ltr'><strong>mittebatur,</strong></span> <span class='ocrx_word' id='word_1_754' title='bbox 1409 5203 1463 5240; x_wconf 91' lang='lat' dir='ltr'><strong>ut</strong></span> <span class='ocrx_word' id='word_1_755' title='bbox 1487 5198 1628 5256; x_wconf 86' lang='lat' dir='ltr'><strong>patet</strong></span> <span class='ocrx_word' id='word_1_756' title='bbox 1648 5205 1709 5241; x_wconf 84' lang='lat' dir='ltr'><strong>ex</strong></span> <span class='ocrx_word' id='word_1_757' title='bbox 1735 5188 1958 5240; x_wconf 76' lang='lat' dir='ltr'><strong>formula</strong></span> 
     </span>
    </p>
   </div>
   <div class='ocr_carea' id='block_1_101' title="bbox 392 5260 1959 5336">
    <p class='ocr_par' dir='ltr' id='par_1_101' title="bbox 392 5260 1959 5336">
     <span class='ocr_line' id='line_1_101' title="bbox 392 5260 1959 5336; baseline -0.009 -15"><span class='ocrx_word' id='word_1_758' title='bbox 392 5273 425 5321; x_wconf 80' lang='grc' dir='ltr'>ὓ</span> <span class='ocrx_word' id='word_1_759' title='bbox 455 5269 700 5336; x_wconf 74' lang='lat' dir='ltr'><strong>ejusdem</strong></span> <span class='ocrx_word' id='word_1_760' title='bbox 733 5266 872 5319; x_wconf 90' lang='lat' dir='ltr'><strong>libri.</strong></span> <span class='ocrx_word' id='word_1_761' title='bbox 1056 5263 1191 5314; x_wconf 86' lang='lat' dir='ltr'><strong>inter</strong></span> <span class='ocrx_word' id='word_1_762' title='bbox 1223 5260 1510 5336; x_wconf 73' lang='lat' dir='ltr'><strong>indicnlttm</strong></span> <span class='ocrx_word' id='word_1_763' title='bbox 1544 5267 1598 5310; x_wconf 92' lang='lat' dir='ltr'><strong>et</strong></span> <span class='ocrx_word' id='word_1_764' title='bbox 1638 5270 1959 5336; x_wconf 72' lang='lat' dir='ltr'><strong>prteteplum</strong></span> 
     </span>
    </p>
   </div>
   <div class='ocr_carea' id='block_1_102' title="bbox 391 5326 1957 5395">
    <p class='ocr_par' dir='ltr' id='par_1_102' title="bbox 391 5326 1957 5395">
     <span class='ocr_line' id='line_1_102' title="bbox 391 5326 1957 5395; baseline -0.01 -4"><span class='ocrx_word' id='word_1_765' title='bbox 391 5326 530 5392; x_wconf 57' lang='lat' dir='ltr'><strong>han&#39;c</strong></span> <span class='ocrx_word' id='word_1_766' title='bbox 570 5338 733 5390; x_wconf 81' lang='lat' dir='ltr'><strong>fuisse</strong></span> <span class='ocrx_word' id='word_1_767' title='bbox 777 5334 1166 5388; x_wconf 87' lang='lat' dir='ltr'><strong>distinctionem</strong></span> <span class='ocrx_word' id='word_1_768' title='bbox 1214 5341 1397 5384; x_wconf 84' lang='lat' dir='ltr'><strong>censet</strong></span> <span class='ocrx_word' id='word_1_769' title='bbox 1447 5329 1762 5395; x_wconf 69' lang='lat' dir='ltr'><strong>Bignunius,</strong></span> <span class='ocrx_word' id='word_1_770' title='bbox 1817 5326 1957 5393; x_wconf 87' lang='lat' dir='ltr'><strong>quod</strong></span> 
     </span>
    </p>
   </div>
   <div class='ocr_carea' id='block_1_103' title="bbox 391 5397 1958 5478">
    <p class='ocr_par' dir='ltr' id='par_1_103' title="bbox 391 5397 1958 5478">
     <span class='ocr_line' id='line_1_103' title="bbox 391 5397 1958 5478; baseline -0.008 -19"><span class='ocrx_word' id='word_1_771' title='bbox 391 5409 675 5478; x_wconf 66' lang='lat' dir='ltr'><strong>praeceptio</strong></span> <span class='ocrx_word' id='word_1_772' title='bbox 709 5405 938 5478; x_wconf 89' lang='lat' dir='ltr'><strong>diploma</strong></span> <span class='ocrx_word' id='word_1_773' title='bbox 972 5401 1186 5478; x_wconf 84' lang='lat' dir='ltr'><strong>majoris</strong></span> <span class='ocrx_word' id='word_1_774' title='bbox 1215 5409 1359 5478; x_wconf 45' lang='lat' dir='ltr'><strong>essent</strong></span> <span class='ocrx_word' id='word_1_775' title='bbox 1397 5397 1758 5477; x_wconf 70' lang='lat' dir='ltr'><strong>auctoritatis,</strong></span> <span class='ocrx_word' id='word_1_776' title='bbox 1798 5411 1958 5478; x_wconf 61' lang='lat' dir='ltr'><strong>manu</strong></span> 
     </span>
    </p>
   </div>
   <div class='ocr_carea' id='block_1_104' title="bbox 387 5465 1959 5546">
    <p class='ocr_par' dir='ltr' id='par_1_104' title="bbox 387 5465 1959 5546">
     <span class='ocr_line' id='line_1_104' title="bbox 387 5465 1959 5546; baseline -0.01 -15"><span class='ocrx_word' id='word_1_777' title='bbox 387 5465 596 5531; x_wconf 68' lang='lat' dir='ltr'><strong>scilicet</strong></span> <span class='ocrx_word' id='word_1_778' title='bbox 626 5465 1182 5546; x_wconf 43' lang='lat' dir='ltr'><strong>regis-subscriptum,</strong></span> <span class='ocrx_word' id='word_1_779' title='bbox 1216 5484 1277 5546; x_wconf 88' lang='lat' dir='ltr'><strong>ac</strong></span> <span class='ocrx_word' id='word_1_780' title='bbox 1325 5469 1462 5521; x_wconf 88' lang='lat' dir='ltr'><strong>forte</strong></span> <span class='ocrx_word' id='word_1_781' title='bbox 1511 5466 1624 5546; x_wconf 73' lang='lat' dir='ltr'><strong>rjos</strong></span> <span class='ocrx_word' id='word_1_782' title='bbox 1652 5466 1829 5546; x_wconf 79' lang='lat' dir='ltr'><strong>annuli</strong></span> <span class='ocrx_word' id='word_1_783' title='bbox 1860 5465 1959 5546; x_wconf 52' lang='lat' dir='ltr'><strong>imf</strong></span> 
     </span>
    </p>
   </div>
   <div class='ocr_carea' id='block_1_105' title="bbox 390 5538 1960 5616">
    <p class='ocr_par' dir='ltr' id='par_1_105' title="bbox 390 5538 1960 5616">
     <span class='ocr_line' id='line_1_105' title="bbox 390 5538 1960 5616; baseline -0.008 -16"><span class='ocrx_word' id='word_1_784' title='bbox 390 5547 668 5616; x_wconf 81' lang='lat' dir='ltr'><strong>pressione</strong></span> <span class='ocrx_word' id='word_1_785' title='bbox 687 5538 1006 5616; x_wconf 51' lang='lat' dir='ltr'><strong>&#39;tnunitamf,</strong></span> <span class='ocrx_word' id='word_1_786' title='bbox 1056 5541 1320 5616; x_wconf 63' lang='lat' dir='ltr'><strong>indicatus</strong></span> <span class='ocrx_word' id='word_1_787' title='bbox 1358 5553 1495 5616; x_wconf 78' lang='lat' dir='ltr'><strong>_v_ero_</strong></span> <span class='ocrx_word' id='word_1_788' title='bbox 1541 5538 1763 5616; x_wconf 65' lang='lat' dir='ltr'><strong>simplex</strong></span> <span class='ocrx_word' id='word_1_789' title='bbox 1817 5545 1960 5590; x_wconf 86' lang='lat' dir='ltr'><strong>esset</strong></span> 
     </span>
    </p>
   </div>
   <div class='ocr_carea' id='block_1_106' title="bbox 387 5606 1892 5686">
    <p class='ocr_par' dir='ltr' id='par_1_106' title="bbox 387 5606 1892 5686">
     <span class='ocr_line' id='line_1_106' title="bbox 387 5606 1892 5686; baseline -0.009 -14"><span class='ocrx_word' id='word_1_790' title='bbox 387 5606 613 5686; x_wconf 71' lang='lat' dir='ltr'><strong>epistola</strong></span> <span class='ocrx_word' id='word_1_791' title='bbox 642 5618 843 5686; x_wconf 82' lang='lat' dir='ltr'><strong>absque</strong></span> <span class='ocrx_word' id='word_1_792' title='bbox 869 5613 1065 5686; x_wconf 83' lang='lat' dir='ltr'><strong>sigillo.</strong></span> <span class='ocrx_word' id='word_1_793' title='bbox 1111 5612 1182 5663; x_wconf 85' lang='lat' dir='ltr'><strong>De</strong></span> <span class='ocrx_word' id='word_1_794' title='bbox 1214 5608 1294 5686; x_wconf 75' lang='lat' dir='ltr'><strong>bis</strong></span> <span class='ocrx_word' id='word_1_795' title='bbox 1324 5610 1439 5686; x_wconf 78' lang='lat' dir='ltr'><strong>vide</strong></span> <span class='ocrx_word' id='word_1_796' title='bbox 1459 5606 1892 5686; x_wconf 39' lang='lat' dir='ltr'><strong>‘Appendicem...</strong></span> 
     </span>
    </p>
   </div>
   <div class='ocr_carea' id='block_1_107' title="bbox 461 5674 1952 5752">
    <p class='ocr_par' dir='ltr' id='par_1_107' title="bbox 461 5674 1952 5752">
     <span class='ocr_line' id='line_1_107' title="bbox 461 5674 1952 5752; baseline -0.008 -12"><span class='ocrx_word' id='word_1_797' title='bbox 461 5697 486 5724; x_wconf 82' lang='grc'><strong><em>⁸</em></strong></span> <span class='ocrx_word' id='word_1_798' title='bbox 528 5674 877 5752; x_wconf 72' lang='lat' dir='ltr'><strong>Lingonensis</strong></span> <span class='ocrx_word' id='word_1_799' title='bbox 911 5674 1115 5735; x_wconf 60' lang='lat' dir='ltr'><strong>scilicet</strong></span> <span class='ocrx_word' id='word_1_800' title='bbox 1142 5679 1404 5752; x_wconf 49' lang='lat' dir='ltr'><strong>episcopi.</strong></span> <span class='ocrx_word' id='word_1_801' title='bbox 1437 5678 1504 5730; x_wconf 89' lang='lat' dir='ltr'><strong>de</strong></span> <span class='ocrx_word' id='word_1_802' title='bbox 1534 5691 1636 5752; x_wconf 73' lang='lat' dir='ltr'><strong>quo</strong></span> <span class='ocrx_word' id='word_1_803' title='bbox 1681 5690 1835 5740; x_wconf 88' lang='lat' dir='ltr'><strong>supra</strong></span> <span class='ocrx_word' id='word_1_804' title='bbox 1862 5674 1952 5728; x_wconf 88' lang='lat' dir='ltr'><strong>lib.</strong></span> 
     </span>
    </p>
   </div>
   <div class='ocr_carea' id='block_1_108' title="bbox 390 5748 1789 5824">
    <p class='ocr_par' dir='ltr' id='par_1_108' title="bbox 390 5748 1789 5824">
     <span class='ocr_line' id='line_1_108' title="bbox 390 5748 1789 5824; baseline -0.01 -12"><span class='ocrx_word' id='word_1_805' title='bbox 390 5773 467 5823; x_wconf 73' lang='lat' dir='ltr'><strong>tu,</strong></span> <span class='ocrx_word' id='word_1_806' title='bbox 501 5748 735 5824; x_wconf 39' lang='lat' dir='ltr'><strong>capfw,</strong></span> <span class='ocrx_word' id='word_1_807' title='bbox 767 5765 818 5810; x_wconf 90' lang='lat' dir='ltr'><strong>et</strong></span> <span class='ocrx_word' id='word_1_808' title='bbox 845 5754 981 5814; x_wconf 74' lang='lat' dir='ltr'><strong>inter</strong></span> <span class='ocrx_word' id='word_1_809' title='bbox 1017 5752 1160 5808; x_wconf 77' lang='lat' dir='ltr'><strong>Vitas</strong></span> <span class='ocrx_word' id='word_1_810' title='bbox 1188 5751 1426 5815; x_wconf 80' lang='lat' dir='ltr'><strong>l’atruin,</strong></span> <span class='ocrx_word' id='word_1_811' title='bbox 1455 5764 1572 5816; x_wconf 74' lang='lat' dir='ltr'><strong>cap.</strong></span> <span class='ocrx_word' id='word_1_812' title='bbox 1602 5748 1653 5812; x_wconf 88' lang='lat'><strong>7,</strong></span> <span class='ocrx_word' id='word_1_813' title='bbox 1684 5757 1789 5798; x_wconf 85' lang='lat' dir='ltr'><strong>etc.</strong></span> 
     </span>
    </p>
   </div>
   <div class='ocr_carea' id='block_1_109' title="bbox 2061 4697 2350 4750">
    <p class='ocr_par' dir='ltr' id='par_1_109' title="bbox 2061 4697 2350 4750">
     <span class='ocr_line' id='line_1_109' title="bbox 2061 4697 2350 4750; baseline -0.01 -1"><span class='ocrx_word' id='word_1_814' title='bbox 2061 4697 2350 4750; x_wconf 79' lang='lat' dir='ltr'><strong>couindum.</strong></span> 
     </span>
    </p>
   </div>
   <div class='ocr_carea' id='block_1_110' title="bbox 2133 4755 3498 4826">
    <p class='ocr_par' dir='ltr' id='par_1_110' title="bbox 2133 4755 3498 4826">
     <span class='ocr_line' id='line_1_110' title="bbox 2133 4755 3498 4826; baseline -0.007 -11"><span class='ocrx_word' id='word_1_815' title='bbox 2133 4776 2155 4802; x_wconf 70' lang='grc' dir='ltr'><em>ε</em></span> <span class='ocrx_word' id='word_1_816' title='bbox 2200 4767 2407 4817; x_wconf 78' lang='lat' dir='ltr'><strong>Primus</strong></span> <span class='ocrx_word' id='word_1_817' title='bbox 2441 4773 2776 4814; x_wconf 68' lang='lat' dir='ltr'><strong>LCIIIOVICIND</strong></span> <span class='ocrx_word' id='word_1_818' title='bbox 2819 4758 3101 4826; x_wconf 76' lang='lat' dir='ltr'><strong>episcopus</strong></span> <span class='ocrx_word' id='word_1_819' title='bbox 3127 4767 3181 4810; x_wconf 76' lang='lat' dir='ltr'><strong>et</strong></span> <span class='ocrx_word' id='word_1_820' title='bbox 3211 4755 3498 4818; x_wconf 74' lang='lat' dir='ltr'><strong>apostolus.</strong></span> 
     </span>
    </p>
   </div>
   <div class='ocr_carea' id='block_1_111' title="bbox 2127 4823 3637 4894">
    <p class='ocr_par' dir='ltr' id='par_1_111' title="bbox 2127 4823 3637 4894">
     <span class='ocr_line' id='line_1_111' title="bbox 2127 4823 3637 4894; baseline -0.009 -5"><span class='ocrx_word' id='word_1_821' title='bbox 2127 4831 2155 4871; x_wconf 67' lang='grc' dir='ltr'><em>δ</em></span> <span class='ocrx_word' id='word_1_822' title='bbox 2195 4834 2332 4888; x_wconf 77' lang='lat' dir='ltr'><strong>Nihil</strong></span> <span class='ocrx_word' id='word_1_823' title='bbox 2375 4833 2441 4885; x_wconf 85' lang='lat' dir='ltr'><strong>de</strong></span> <span class='ocrx_word' id='word_1_824' title='bbox 2478 4831 2536 4886; x_wconf 92' lang='lat' dir='ltr'><strong>S.</strong></span> <span class='ocrx_word' id='word_1_825' title='bbox 2565 4829 2778 4882; x_wconf 80' lang='lat' dir='ltr'><strong>Tetrico</strong></span> <span class='ocrx_word' id='word_1_826' title='bbox 2823 4823 2875 4880; x_wconf 84' lang='lat' dir='ltr'><strong>in</strong></span> <span class='ocrx_word' id='word_1_827' title='bbox 2907 4823 3169 4894; x_wconf 79' lang='lat' dir='ltr'><strong>superiori</strong></span> <span class='ocrx_word' id='word_1_828' title='bbox 3207 4826 3383 4888; x_wconf 88' lang='lat' dir='ltr'><strong>libro,</strong></span> <span class='ocrx_word' id='word_1_829' title='bbox 3429 4823 3637 4890; x_wconf 81' lang='lat' dir='ltr'><strong>qualem</strong></span> 
     </span>
    </p>
   </div>
   <div class='ocr_carea' id='block_1_112' title="bbox 2062 4893 3637 4962">
    <p class='ocr_par' dir='ltr' id='par_1_112' title="bbox 2062 4893 3637 4962">
     <span class='ocr_line' id='line_1_112' title="bbox 2062 4893 3637 4962; baseline -0.013 -4"><span class='ocrx_word' id='word_1_830' title='bbox 2062 4920 2200 4958; x_wconf 91' lang='lat' dir='ltr'><strong>nunc</strong></span> <span class='ocrx_word' id='word_1_831' title='bbox 2243 4903 2533 4962; x_wconf 82' lang='lat' dir='ltr'><strong>habemus,</strong></span> <span class='ocrx_word' id='word_1_832' title='bbox 2565 4898 2828 4961; x_wconf 83' lang='lat' dir='ltr'><strong>occurrit;</strong></span> <span class='ocrx_word' id='word_1_833' title='bbox 2879 4893 2985 4949; x_wconf 15' lang='lat' dir='ltr'><strong>sed,</strong></span> <span class='ocrx_word' id='word_1_834' title='bbox 3019 4907 3072 4948; x_wconf 74' lang='lat' dir='ltr'><strong>et</strong></span> <span class='ocrx_word' id='word_1_835' title='bbox 3103 4897 3154 4947; x_wconf 93' lang='lat' dir='ltr'><strong>in</strong></span> <span class='ocrx_word' id='word_1_836' title='bbox 3186 4894 3357 4947; x_wconf 85' lang='lat' dir='ltr'><strong>indice</strong></span> <span class='ocrx_word' id='word_1_837' title='bbox 3402 4893 3517 4944; x_wconf 87' lang='lat' dir='ltr'><strong>libri</strong></span> <span class='ocrx_word' id='word_1_838' title='bbox 3547 4897 3637 4962; x_wconf 34' lang='grc' dir='ltr'><strong>ᾼιΙθ</strong></span> 
     </span>
    </p>
   </div>
   <div class='ocr_carea' id='block_1_113' title="bbox 2063 4960 3634 5034">
    <p class='ocr_par' dir='ltr' id='par_1_113' title="bbox 2063 4960 3634 5034">
     <span class='ocr_line' id='line_1_113' title="bbox 2063 4960 3634 5034; baseline -0.009 -6"><span class='ocrx_word' id='word_1_839' title='bbox 2063 4973 2240 5028; x_wconf 83' lang='lat' dir='ltr'><strong>Gloria</strong></span> <span class='ocrx_word' id='word_1_840' title='bbox 2263 4972 2412 5026; x_wconf 87' lang='lat' dir='ltr'><strong>Cnnl.</strong></span> <span class='ocrx_word' id='word_1_841' title='bbox 2448 4960 2604 5034; x_wconf 78' lang='lat' dir='ltr'><strong>caput</strong></span> <span class='ocrx_word' id='word_1_842' title='bbox 2635 4967 2732 5020; x_wconf 81' lang='grc'><strong>105</strong></span> <span class='ocrx_word' id='word_1_843' title='bbox 2785 4960 2837 5018; x_wconf 89' lang='lat' dir='ltr'><strong>in</strong></span> <span class='ocrx_word' id='word_1_844' title='bbox 2867 4981 2993 5018; x_wconf 84' lang='lat' dir='ltr'><strong>mss.</strong></span> <span class='ocrx_word' id='word_1_845' title='bbox 3027 4965 3332 5018; x_wconf 87' lang='lat' dir='ltr'><strong>inscribitur</strong></span> <span class='ocrx_word' id='word_1_846' title='bbox 3360 4964 3424 5014; x_wconf 81' lang='lat' dir='ltr'><strong>de</strong></span> <span class='ocrx_word' id='word_1_847' title='bbox 3453 4962 3511 5015; x_wconf 78' lang='lat'><strong>8.</strong></span> <span class='ocrx_word' id='word_1_848' title='bbox 3539 4960 3634 5034; x_wconf 80' lang='lat' dir='ltr'><strong>Te-</strong></span> 
     </span>
    </p>
   </div>
   <div class='ocr_carea' id='block_1_114' title="bbox 2065 5032 3637 5111">
    <p class='ocr_par' dir='ltr' id='par_1_114' title="bbox 2065 5032 3637 5111">
     <span class='ocr_line' id='line_1_114' title="bbox 2065 5032 3637 5111; baseline -0.011 -15"><span class='ocrx_word' id='word_1_849' title='bbox 2065 5047 2189 5096; x_wconf 70' lang='lat' dir='ltr'><strong>trico</strong></span> <span class='ocrx_word' id='word_1_850' title='bbox 2219 5045 2371 5111; x_wconf 80' lang='lat' dir='ltr'><strong>episc.</strong></span> <span class='ocrx_word' id='word_1_851' title='bbox 2409 5032 2749 5111; x_wconf 64' lang='lat' dir='ltr'><strong>Lingonensi,</strong></span> <span class='ocrx_word' id='word_1_852' title='bbox 2796 5037 2861 5088; x_wconf 92' lang='lat' dir='ltr'><strong>de</strong></span> <span class='ocrx_word' id='word_1_853' title='bbox 2908 5046 3218 5111; x_wconf 67' lang='lat' dir='ltr'><strong>quotamen</strong></span> <span class='ocrx_word' id='word_1_854' title='bbox 3257 5039 3306 5084; x_wconf 91' lang='lat' dir='ltr'><strong>in</strong></span> <span class='ocrx_word' id='word_1_855' title='bbox 3353 5036 3468 5111; x_wconf 66' lang='lat' dir='ltr'><strong>ipso</strong></span> <span class='ocrx_word' id='word_1_856' title='bbox 3504 5032 3637 5111; x_wconf 69' lang='lat' dir='ltr'><strong>libro</strong></span> 
     </span>
    </p>
   </div>
   <div class='ocr_carea' id='block_1_115' title="bbox 2066 5103 3639 5174">
    <p class='ocr_par' dir='ltr' id='par_1_115' title="bbox 2066 5103 3639 5174">
     <span class='ocr_line' id='line_1_115' title="bbox 2066 5103 3639 5174; baseline -0.008 -8"><span class='ocrx_word' id='word_1_857' title='bbox 2066 5125 2170 5166; x_wconf 85' lang='lat' dir='ltr'><strong>tam</strong></span> <span class='ocrx_word' id='word_1_858' title='bbox 2201 5103 2256 5165; x_wconf 40' lang='lat' dir='ltr'><strong>in.</strong></span> <span class='ocrx_word' id='word_1_859' title='bbox 2281 5112 2436 5164; x_wconf 87' lang='lat' dir='ltr'><strong>editis</strong></span> <span class='ocrx_word' id='word_1_860' title='bbox 2481 5103 2635 5174; x_wconf 51' lang='lat' dir='ltr'><strong>q&#39;uatn</strong></span> <span class='ocrx_word' id='word_1_861' title='bbox 2669 5107 2720 5159; x_wconf 90' lang='lat' dir='ltr'><strong>in</strong></span> <span class='ocrx_word' id='word_1_862' title='bbox 2764 5121 2890 5158; x_wconf 76' lang='lat' dir='ltr'><strong>mss.</strong></span> <span class='ocrx_word' id='word_1_863' title='bbox 2925 5106 3053 5156; x_wconf 80' lang='lat' dir='ltr'><strong>nillil</strong></span> <span class='ocrx_word' id='word_1_864' title='bbox 3098 5105 3339 5155; x_wconf 52' lang='lat' dir='ltr'><strong>habetur.</strong></span> <span class='ocrx_word' id='word_1_865' title='bbox 3392 5103 3542 5174; x_wconf 41' lang='lat' dir='ltr'><strong>Plutia</strong></span> <span class='ocrx_word' id='word_1_866' title='bbox 3569 5103 3639 5174; x_wconf 81' lang='lat' dir='ltr'><strong>de</strong></span> 
     </span>
    </p>
   </div>
   <div class='ocr_carea' id='block_1_116' title="bbox 2065 5170 3636 5247">
    <p class='ocr_par' dir='ltr' id='par_1_116' title="bbox 2065 5170 3636 5247">
     <span class='ocr_line' id='line_1_116' title="bbox 2065 5170 3636 5247; baseline -0.007 -13"><span class='ocrx_word' id='word_1_867' title='bbox 2065 5201 2130 5234; x_wconf 73' lang='lat' dir='ltr'><strong>ea</strong></span> <span class='ocrx_word' id='word_1_868' title='bbox 2161 5186 2401 5247; x_wconf 76' lang='lat' dir='ltr'><strong>leguntur</strong></span> <span class='ocrx_word' id='word_1_869' title='bbox 2431 5170 2519 5232; x_wconf 60' lang='lat' dir='ltr'><strong>lib.</strong></span> <span class='ocrx_word' id='word_1_870' title='bbox 2546 5192 2686 5242; x_wconf 80' lang='lat' dir='ltr'><strong>seq.,</strong></span> <span class='ocrx_word' id='word_1_871' title='bbox 2746 5191 2884 5247; x_wconf 78' lang='lat' dir='ltr'><strong>cap._</strong></span> <span class='ocrx_word' id='word_1_872' title='bbox 2909 5175 2977 5240; x_wconf 80' lang='lat'><strong>6,</strong></span> <span class='ocrx_word' id='word_1_873' title='bbox 3009 5184 3063 5227; x_wconf 82' lang='lat' dir='ltr'><strong>et</strong></span> <span class='ocrx_word' id='word_1_874' title='bbox 3118 5174 3169 5226; x_wconf 90' lang='lat' dir='ltr'><strong>in</strong></span> <span class='ocrx_word' id='word_1_875' title='bbox 3215 5174 3356 5247; x_wconf 68' lang='lat' dir='ltr'><strong>libro</strong></span> <span class='ocrx_word' id='word_1_876' title='bbox 3379 5245 3384 5247; x_wconf 84' lang='lat'>_</span> <span class='ocrx_word' id='word_1_877' title='bbox 3407 5175 3472 5247; x_wconf 79' lang='lat' dir='ltr'><strong>de</strong></span> <span class='ocrx_word' id='word_1_878' title='bbox 3505 5170 3636 5247; x_wconf 40' lang='lat' dir='ltr'><strong>vitis</strong></span> 
     </span>
    </p>
   </div>
   <div class='ocr_carea' id='block_1_117' title="bbox 2067 5241 3637 5317">
    <p class='ocr_par' dir='ltr' id='par_1_117' title="bbox 2067 5241 3637 5317">
     <span class='ocr_line' id='line_1_117' title="bbox 2067 5241 3637 5317; baseline -0.009 -13"><span class='ocrx_word' id='word_1_879' title='bbox 2067 5241 2309 5305; x_wconf 80' lang='lat' dir='ltr'><strong>Panum.</strong></span> <span class='ocrx_word' id='word_1_880' title='bbox 2346 5249 2434 5317; x_wconf 90' lang='lat' dir='ltr'><strong>qui</strong></span> <span class='ocrx_word' id='word_1_881' title='bbox 2475 5247 2609 5298; x_wconf 86' lang='lat' dir='ltr'><strong>forte</strong></span> <span class='ocrx_word' id='word_1_882' title='bbox 2628 5241 2724 5298; x_wconf 85' lang='lat' dir='ltr'><strong>hic</strong></span> <span class='ocrx_word' id='word_1_883' title='bbox 2768 5241 3038 5317; x_wconf 67' lang='lat' dir='ltr'><strong>laudatur,</strong></span> <span class='ocrx_word' id='word_1_884' title='bbox 3061 5259 3187 5317; x_wconf 60' lang='lat' dir='ltr'><strong>can.</strong></span> <span class='ocrx_word' id='word_1_885' title='bbox 3214 5243 3268 5317; x_wconf 73' lang='grc'><strong>7,</strong></span> <span class='ocrx_word' id='word_1_886' title='bbox 3305 5243 3388 5294; x_wconf 92' lang='lat' dir='ltr'><strong>ubi</strong></span> <span class='ocrx_word' id='word_1_887' title='bbox 3508 5241 3637 5317; x_wconf 64' lang='lat' dir='ltr'><strong>Gre-</strong></span> 
     </span>
    </p>
   </div>
   <div class='ocr_carea' id='block_1_118' title="bbox 2063 5313 3636 5388">
    <p class='ocr_par' dir='ltr' id='par_1_118' title="bbox 2063 5313 3636 5388">
     <span class='ocr_line' id='line_1_118' title="bbox 2063 5313 3636 5388; baseline -0.009 -14"><span class='ocrx_word' id='word_1_888' title='bbox 2063 5320 2199 5388; x_wconf 79' lang='lat' dir='ltr'><strong>gorii</strong></span> <span class='ocrx_word' id='word_1_889' title='bbox 2232 5313 2377 5372; x_wconf 54' lang='lat' dir='ltr'><strong>liliut&#39;</strong></span> <span class='ocrx_word' id='word_1_890' title='bbox 2396 5327 2455 5388; x_wconf 66' lang='lat' dir='ltr'><strong>et</strong></span> <span class='ocrx_word' id='word_1_891' title='bbox 2473 5331 2750 5388; x_wconf 73' lang='lat' dir='ltr'><strong>successor</strong></span> <span class='ocrx_word' id='word_1_892' title='bbox 2777 5315 2987 5367; x_wconf 90' lang='lat' dir='ltr'><strong>dicitur.</strong></span> <span class='ocrx_word' id='word_1_893' title='bbox 3025 5313 3260 5388; x_wconf 68' lang='lat' dir='ltr'><strong>interfuit</strong></span> <span class='ocrx_word' id='word_1_894' title='bbox 3293 5313 3489 5388; x_wconf 69' lang='lat' dir='ltr'><strong>concil.</strong></span> <span class='ocrx_word' id='word_1_895' title='bbox 3523 5313 3636 5388; x_wconf 54' lang='grc' dir='ltr'><strong>ῥυ·</strong></span> 
     </span>
    </p>
   </div>
   <div class='ocr_carea' id='block_1_119' title="bbox 2065 5378 3627 5455">
    <p class='ocr_par' dir='ltr' id='par_1_119' title="bbox 2065 5378 3627 5455">
     <span class='ocr_line' id='line_1_119' title="bbox 2065 5378 3627 5455; baseline -0.009 -13"><span class='ocrx_word' id='word_1_896' title='bbox 2065 5378 2161 5442; x_wconf 62' lang='lat' dir='ltr'><strong>rel.</strong></span> <span class='ocrx_word' id='word_1_897' title='bbox 2197 5405 2244 5449; x_wconf 89' lang='lat' dir='ltr'><strong>v,</strong></span> <span class='ocrx_word' id='word_1_898' title='bbox 2277 5403 2363 5441; x_wconf 89' lang='lat' dir='ltr'><strong>an.</strong></span> <span class='ocrx_word' id='word_1_899' title='bbox 2395 5385 2521 5447; x_wconf 70' lang='lat' dir='ltr'><strong>Sil),</strong></span> <span class='ocrx_word' id='word_1_900' title='bbox 2571 5385 2738 5437; x_wconf 80' lang='lat' dir='ltr'><strong>Paris.</strong></span> <span class='ocrx_word' id='word_1_901' title='bbox 2771 5400 2828 5449; x_wconf 89' lang='lat' dir='ltr'><strong>tt,</strong></span> <span class='ocrx_word' id='word_1_902' title='bbox 2860 5400 2999 5436; x_wconf 90' lang='lat' dir='ltr'><strong>anno</strong></span> <span class='ocrx_word' id='word_1_903' title='bbox 3031 5382 3240 5455; x_wconf 10' lang='lat' dir='ltr'><strong>553,7et</strong></span> <span class='ocrx_word' id='word_1_904' title='bbox 3289 5395 3381 5455; x_wconf 81' lang='lat' dir='ltr'><strong>per</strong></span> <span class='ocrx_word' id='word_1_905' title='bbox 3428 5378 3627 5455; x_wconf 80' lang='lat' dir='ltr'><strong>l’iolum</strong></span> 
     </span>
    </p>
   </div>
   <div class='ocr_carea' id='block_1_120' title="bbox 2067 5451 3633 5528">
    <p class='ocr_par' dir='ltr' id='par_1_120' title="bbox 2067 5451 3633 5528">
     <span class='ocr_line' id='line_1_120' title="bbox 2067 5451 3633 5528; baseline -0.01 -16"><span class='ocrx_word' id='word_1_906' title='bbox 2067 5463 2428 5528; x_wconf 76' lang='lat' dir='ltr'><strong>presbyterum</strong></span> <span class='ocrx_word' id='word_1_907' title='bbox 2472 5456 2711 5528; x_wconf 81' lang='lat' dir='ltr'><strong>Lngdnn.</strong></span> <span class='ocrx_word' id='word_1_908' title='bbox 2748 5469 2782 5508; x_wconf 90' lang='lat' dir='ltr'><strong>tt</strong></span> <span class='ocrx_word' id='word_1_909' title='bbox 2807 5498 2819 5518; x_wconf 93' lang='lat'><strong>,</strong></span> <span class='ocrx_word' id='word_1_910' title='bbox 2851 5470 2936 5506; x_wconf 90' lang='lat' dir='ltr'><strong>an.</strong></span> <span class='ocrx_word' id='word_1_911' title='bbox 2971 5455 3113 5528; x_wconf 42' lang='lat'><strong>567:</strong></span> <span class='ocrx_word' id='word_1_912' title='bbox 3144 5451 3476 5528; x_wconf 44' lang='lat' dir='ltr'><strong>Epitaphium</strong></span> <span class='ocrx_word' id='word_1_913' title='bbox 3517 5451 3633 5512; x_wconf 82' lang='lat' dir='ltr'><strong>ejus</strong></span> 
     </span>
    </p>
   </div>
   <div class='ocr_carea' id='block_1_121' title="bbox 2063 5521 3639 5598">
    <p class='ocr_par' dir='ltr' id='par_1_121' title="bbox 2063 5521 3639 5598">
     <span class='ocr_line' id='line_1_121' title="bbox 2063 5521 3639 5598; baseline -0.011 -16"><span class='ocrx_word' id='word_1_914' title='bbox 2063 5521 2279 5598; x_wconf 79' lang='lat' dir='ltr'><strong>scripsit</strong></span> <span class='ocrx_word' id='word_1_915' title='bbox 2309 5521 2625 5598; x_wconf 72' lang='lat' dir='ltr'><strong>Fortunatus</strong></span> <span class='ocrx_word' id='word_1_916' title='bbox 2655 5527 2746 5579; x_wconf 83' lang='lat' dir='ltr'><strong>lib.</strong></span> <span class='ocrx_word' id='word_1_917' title='bbox 2783 5541 2852 5587; x_wconf 87' lang='lat' dir='ltr'><strong>tv,</strong></span> <span class='ocrx_word' id='word_1_918' title='bbox 2883 5539 3050 5577; x_wconf 89' lang='lat' dir='ltr'><strong>carm.</strong></span> <span class='ocrx_word' id='word_1_919' title='bbox 3083 5525 3135 5578; x_wconf 79' lang='grc'><strong>5.</strong></span> <span class='ocrx_word' id='word_1_920' title='bbox 3163 5521 3371 5598; x_wconf 62' lang='lat' dir='ltr'><strong>Festum</strong></span> <span class='ocrx_word' id='word_1_921' title='bbox 3403 5521 3520 5596; x_wconf 73' lang='lat' dir='ltr'><strong>ejus</strong></span> <span class='ocrx_word' id='word_1_922' title='bbox 3550 5529 3639 5598; x_wconf 84' lang='lat' dir='ltr'><strong>ce-</strong></span> 
     </span>
    </p>
   </div>
   <div class='ocr_carea' id='block_1_122' title="bbox 2064 5589 3640 5660">
    <p class='ocr_par' dir='ltr' id='par_1_122' title="bbox 2064 5589 3640 5660">
     <span class='ocr_line' id='line_1_122' title="bbox 2064 5589 3640 5660; baseline -0.01 -6"><span class='ocrx_word' id='word_1_923' title='bbox 2064 5589 2294 5654; x_wconf 76' lang='lat' dir='ltr'><strong>lebratur</strong></span> <span class='ocrx_word' id='word_1_924' title='bbox 2323 5598 2409 5650; x_wconf 91' lang='lat' dir='ltr'><strong>diu</strong></span> <span class='ocrx_word' id='word_1_925' title='bbox 2442 5598 2506 5648; x_wconf 80' lang='grc'><strong>18</strong></span> <span class='ocrx_word' id='word_1_926' title='bbox 2557 5595 2756 5656; x_wconf 75' lang='lat' dir='ltr'><strong>Martii,</strong></span> <span class='ocrx_word' id='word_1_927' title='bbox 2791 5599 3029 5660; x_wconf 79' lang='lat' dir='ltr'><strong>sepultus</strong></span> <span class='ocrx_word' id='word_1_928' title='bbox 3070 5601 3150 5644; x_wconf 81' lang='lat' dir='ltr'><strong>est</strong></span> <span class='ocrx_word' id='word_1_929' title='bbox 3198 5589 3416 5642; x_wconf 84' lang='lat' dir='ltr'><strong>Divioue</strong></span> <span class='ocrx_word' id='word_1_930' title='bbox 3457 5589 3512 5640; x_wconf 84' lang='lat' dir='ltr'><strong>in</strong></span> <span class='ocrx_word' id='word_1_931' title='bbox 3549 5597 3640 5649; x_wconf 67' lang='lat' dir='ltr'><strong>eo-</strong></span> 
     </span>
    </p>
   </div>
   <div class='ocr_carea' id='block_1_123' title="bbox 2064 5661 3189 5736">
    <p class='ocr_par' dir='ltr' id='par_1_123' title="bbox 2064 5661 3189 5736">
     <span class='ocr_line' id='line_1_123' title="bbox 2064 5661 3189 5736; baseline -0.015 -11"><span class='ocrx_word' id='word_1_932' title='bbox 2064 5672 2221 5725; x_wconf 72' lang='lat' dir='ltr'><strong>clesia</strong></span> <span class='ocrx_word' id='word_1_933' title='bbox 2250 5669 2304 5721; x_wconf 90' lang='lat' dir='ltr'><strong>S.</strong></span> <span class='ocrx_word' id='word_1_934' title='bbox 2330 5667 2545 5720; x_wconf 85' lang='lat' dir='ltr'><strong>Joannis</strong></span> <span class='ocrx_word' id='word_1_935' title='bbox 2586 5665 2740 5732; x_wconf 83' lang='lat' dir='ltr'><strong>juxta</strong></span> <span class='ocrx_word' id='word_1_936' title='bbox 2774 5667 2832 5718; x_wconf 82' lang='lat' dir='ltr'><strong>S.</strong></span> <span class='ocrx_word' id='word_1_937' title='bbox 2861 5661 3189 5736; x_wconf 62' lang='lat' dir='ltr'><strong>Gregorium.</strong></span> 
     </span>
    </p>
   </div>
   <div class='ocr_carea' id='block_1_124' title="bbox 2139 5729 3224 5801">
    <p class='ocr_par' dir='ltr' id='par_1_124' title="bbox 2139 5729 3224 5801">
     <span class='ocr_line' id='line_1_124' title="bbox 2139 5729 3224 5801; baseline -0.012 -8"><span class='ocrx_word' id='word_1_938' title='bbox 2139 5750 2163 5776; x_wconf 74' lang='grc'><strong><em>⁸</em></strong></span> <span class='ocrx_word' id='word_1_939' title='bbox 2205 5741 2388 5801; x_wconf 68' lang='lat' dir='ltr'><strong>Cor-b.,</strong></span> <span class='ocrx_word' id='word_1_940' title='bbox 2419 5739 2540 5790; x_wconf 69' lang='lat' dir='ltr'><strong>ilco.</strong></span> <span class='ocrx_word' id='word_1_941' title='bbox 2569 5729 2621 5790; x_wconf 76' lang='lat' dir='ltr'><strong>et</strong></span> <span class='ocrx_word' id='word_1_942' title='bbox 2651 5735 2808 5797; x_wconf 80' lang='lat' dir='ltr'><strong>Bcll.,</strong></span> <span class='ocrx_word' id='word_1_943' title='bbox 2840 5729 3224 5785; x_wconf 57' lang='lat' dir='ltr'><strong>centimanum.</strong></span> 
     </span>
    </p>
   </div>
  </div>
