4016 6338
417 299 520 356 εδδ

1434 297 1492 352 S.
1533 293 1860 351 GBEGORII
1903 292 2206 376 EPISCOPl
2245 290 2680 348 'i'llllUi‘U-JNSIS

3559 285 3668 340 28$

416 415 576 468 sortist
610 419 662 465 ⁸.
689 409 817 466 Cum
868 409 1118 474 dixerint,
1147 405 1260 463 Pas:
1275 417 1322 461 et
1368 409 1639 470 securitas,
1661 418 1783 461 tunc
1807 423 1988 472 repert-
2016 411 2068 469 Α
2093 383 2284 476 sponte
2311 421 2405 459 sua
2441 405 2509 458 de
2546 405 2761 456 basilica
2809 411 2992 459 sancta
3023 401 3293 470 periturus
3321 398 3496 456 exiret
3525 416 3538 450 :
3572 409 3670 452 ae-

419 505 556 557 tirius
594 503 696 555 illis
733 502 1043 570 superveniet
1082 501 1331 566 interitus,
1397 501 1557 571 158
1607 501 1738 552 sicut
1786 498 1989 554 dolores

421 592 761 659 parturientis,
817 601 861 643 et
916 608 1018 646 rion
1063 589 1302 659 effugient
1341 587 1418 659 b,(
1448 587 1479 641 1
1509 588 1688 642 Thess.
1715 604 1770 655 ι,
1795 587 1853 653 2,
1904 587 1990 652 3).

423 683 673 738 Dominus
698 690 874 736 autem
909 698 1002 749 per
1045 683 1388 751 Evangeliiim
1416 681 1491 734 ait
1524 697 1536 731 :
1573 679 1674 745 Qui
1716 696 1818 731 non
1848 678 1992 730 audit

420 779 566 828 uerba
595 792 729 838 mea,
747 775 1112 828 assimitabitur
1147 776 1253 831 uiro
1276 773 1453 837 stulto,
1481 773 1568 842 qui
1597 771 1870 838 wdiﬁcavit
1895 771 1990 823 do-

420 881 560 918 mum
587 882 730 919 suam
771 881 924 933 super
961 881 1165 917 arenam
1191 865 1488 920 :descendit
1536 863 1725 931 pluvia,
1772 864 1988 917 advene-

419 966 539 1008 runt
581 957 814 1022 flumina,
836 958 1084 1025 [lat'erunt
1133 955 1285 1018 senti,
1315 963 1362 1008 et
1407 955 1664 1010 irrueruut
1691 954 1744 1006 in
1782 953 1991 1005 domum

421 1047 586 1109 illum,
616 1057 662 1103 et
683 1048 886 1110 cecidit,
917 1057 964 1100 et
990 1049 1125 1116 facta
1154 1056 1223 1099 est
1246 1050 1396 1103 ruina
1429 1046 1538 1112 ejus
1570 1061 1758 1115 magna
1775 1041 1989 1114 (Matth.

423 1151 518 1201 vit,
550 1135 665 1203 27).
689 1138 988 1190 tjtiraninus
1024 1151 1152 1190 vero
1196 1136 1260 1190 ad
1293 1135 1540 1190 basilicas
1570 1143 1592 1171 ο
1625 1134 1693 1187 ab
1718 1132 1988 1187 aiitedicto

423 1227 702 1280 sacerdote
724 1238 1004 1293 susceptus
1024 1235 1126 1287 est,
1156 1225 1332 1291 ibique
1359 1224 1645 1280 comedens
1676 1237 1888 1288 panem,
1919 1220 1986 1274 ad

419 1316 819 1372 Cliitdebertum
854 1318 1140 1386 pertendit.
1180 1317 1319 1371 Infra
1369 1326 1548 1371 tamen
1583 1330 1765 1371 muros
1811 1315 1989 1368 Divic-

422 1425 616 1463 neiises
643 1425 748 1463 non
772 1419 854 1463 est
895 1409 1187 1478 permissus
1225 1409 1439 1462 intrare.
1466 1407 1696 1462 Fortiter
1748 1417 1870 1462 tunc
1897 1420 1991 1464 rex

421 1498 864 1556 Clilothaeharius
900 1510 1084 1554 contra
1113 1501 1354 1556 Saxones
1383 1500 1708 1556 decertabat.
1745 1499 1990 1556 Saxones

380 1640 390 1650 ,
423 1592 593 1656 enim,
630 1598 689 1646 ut
735 1591 1015 1646 audierunt
1043 1590 1108 1657 ἀ.
1139 1607 1235 1660 per
1273 1590 1668 1646 Childebertiim
1715 1589 1993 1653 commoti,

421 1689 580 1751 atque
617 1680 952 1751 indignantes
1004 1689 1189 1735 contra
1238 1679 1474 1738 Francos
1511 1679 1772 1748 superiori
1823 1694 1993 1743 anno,

2091 498 2290 553 cedens
2316 497 2531 566 quidam
2563 495 2832 549 vasculum
2869 493 2944 547 illi
2971 507 3091 547 cum
3120 507 3252 560 aqua
3283 492 3544 547 seuiivivo
3573 491 3672 545 de-

2091 589 2214 644 tulit
2241 588 2304 642 ad
2333 587 2645 656 potandum.
2677 587 2791 652 Quo
2817 595 3058 652 accepto,
3091 583 3344 637 velociter
3365 583 3526 650 judex
3566 582 3672 636 loci

2087 679 2398 742 advolavit,
2423 687 2770 746 ereptumque
2799 675 2864 729 de
2891 688 3048 727 manu
3074 672 3221 741 ejus,
3256 682 3412 728 terra:
3435 673 3667 727 diffudit.

2091 769 2241 836 Quod
2273 767 2428 823 velox
2456 767 2547 821 Dei
2595 765 2726 820 ultio
2747 805 2763 830 ,
2796 775 2849 819 et
2889 763 3031 819 beati
3080 764 3335 819 antistitis
3367 767 3536 819 virtus
3583 775 3672 820 est

2091 860 2400 914 subsecuta.
2431 857 2504 912 Ea
2531 870 2760 929 namque
2791 855 2879 910 die
2903 854 3068 928 jiidex
3093 895 3114 921 ι
3138 857 3227 931 qui
3269 856 3370 910 ista
3393 868 3670 925 gesserat,

2090 960 2369 1017 correptus
2393 962 2422 1000 a
2455 946 2627 1012 febre,
2656 953 2813 999 nocte
2853 945 3026 1000 media
3058 945 3384 1015 exspiravit;
3419 963 3517 1002 nec
3542 963 3670 1018 per-

2091 1041 2241 1095 venit
2266 1041 2317 1095 in
2360 1039 2651 1094 crastinum
2676 1039 2742 1093 ad
2773 1037 2917 1094 illam
2955 1039 3177 1104 horam,
3209 1053 3310 1109 qua
3354 1041 3406 1094 in
3452 1040 3671 1096 basilica

2090 1133 2261 1188 sancti
2293 1131 2540 1201 poculum
2586 1130 2656 1185 de
2703 1145 2864 1184 manu
2913 1138 3220 1186 excusserat
3270 1131 3496 1201 fugitivi.
3544 1134 3672 1189 Post

2092 1225 2219 1281 illud
2252 1225 2596 1287 miraculum,
2627 1237 2814 1278 omnes
2843 1222 2894 1278 ei
2935 1223 3341 1291 opulentissime
3367 1239 3489 1293 quae
3519 1235 3673 1279 erant
3763 1269 3774 1273 -

2092 1317 2397 1374 necessaria
2427 1315 2753 1370 detulerunt.
2803 1313 3078 1370 Redeuute
3128 1325 3306 1374 autem
3348 1315 3400 1370 in
3447 1330 3670 1384 regnum

2090 1422 2247 1462 suum
2272 1420 2394 1474 rege
2431 1404 2865 1468 Clilotliacliario,
2905 1418 3124 1474 magnus
3147 1418 3272 1460 cum
3323 1419 3389 1457 eo
3437 1413 3522 1458 est
3577 1404 3672 1457 lia-

2091 1497 2254 1555 bitus.
2277 1496 2544 1564 Tempore
2572 1508 2700 1548 vero
2727 1493 2874 1565 ejus,
2928 1494 2993 1550 ad
3042 1493 3354 1548 clericatum
3405 1493 3672 1548 accedens

2091 1585 2232 1655 apud
2264 1584 2504 1640 Sellense
2539 1593 2774 1636 casuum
2801 1591 2847 1646 8,
2899 1582 3038 1652 quod
3069 1583 3123 1637 iii
3181 1582 3389 1637 Pictava
3443 1582 3672 1638 liabetur

2091 1674 2310 1731 dioecesi
2333 1713 2347 1738 ,
2375 1672 2652 1727 ordinatur
2683 1689 2696 1726 :
2742 1672 2975 1725 futurum
3009 1679 3068 1725 ut
3111 1671 3198 1726 dei
3213 1671 3410 1726 edente
3459 1672 3669 1726 Pientio

423 1779 787 1840 exeuntesque
822 1770 889 1825 de
911 1773 1130 1838 regione
1169 1783 1264 1823 sua
1288 1769 1342 1822 in
1370 1766 1649 1825 Franciam
1703 1775 1983 1826 venerunt.
2019 1772 2066 1832 Β
2091 1761 2357 1827 antistite,
2390 1761 2480 1830 qui
2513 1769 2636 1815 tunc
2668 1760 2933 1814 Piciavam
2959 1761 3177 1827 regebat
3200 1761 3521 1827 Ecclesiam,
3554 1763 3670 1829 ipse

420 1873 476 1920 ct
500 1877 667 1932 usque
693 1862 760 1916 ad
817 1860 1062 1916 Divitiam
1109 1869 1134 1897 ⁸
1175 1861 1444 1915 civitatein
1490 1859 1695 1928 praedas
1745 1867 1993 1927 egerunt,

418 1952 745 2021 nimiumque
766 1966 928 2020 grave
951 1950 1056 2022 [AL
1081 1949 1310 2021 grande}
1323 1952 1502 2006 scelus
1519 1949 1817 2033 perpetrati
1843 1959 1985 2003 sunt.

493 2041 654 2098 XVII.
691 2039 841 2094 Tunc
865 2037 1167 2094 Cliramnus
1189 2037 1299 2107 jam
1348 2049 1566 2108 acci'pta
1596 2035 1938 2098 Uviliaebarii
1966 2035 1991 2076 τ’

420 2132 560 2201 lilia,
592 2131 825 2186 Parisios
850 2130 1142 2195 accedens,
1169 2143 1350 2186 secum
1380 2127 1777 2184 Cbildebertuiii
1810 2143 1987 2195 regem

420 2222 732 2293 constringit
773 2221 826 2276 in
864 2222 966 2275 fide
999 2230 1157 2289 atque
1199 2219 1490 2285 charitate,
1519 2219 1706 2288 jurans
1753 2235 1812 2275 se
1855 2221 1995 2286 patri

419 2326 540 2370 esse
561 2311 913 2366 certissimum
939 2310 1236 2368 inimicum.
1272 2310 1641 2366 Childebertus
1661 2319 1836 2367 autem
1867 2326 1990 2376 rex,

426 2404 553 2456 dum
608 2401 1050 2457 Cblottiacliarius
1076 2412 1260 2456 contra
1288 2403 1525 2459 Saxones
1546 2403 1873 2470 decertaret,
1935 2404 1990 2462 'ui

424 2492 766 2562 Campaniam
815 2492 1169 2549 Rbemeuseui
1201 2493 1436 2556 accedit,
1466 2503 1522 2550 et
1558 2508 1725 2563 usque
1772 2494 1991 2552 ltbemis

426 2583 694 2638 civitatem
735 2597 1056 2653 properans,
1095 2590 1285 2638 cuncta
1334 2583 1524 2650 praedis
1552 2593 1711 2654 atque
1745 2584 1992 2642 incendio

427 2673 742 2729 devastavit.
777 2673 1033 2728 Audierat
1072 2672 1217 2729 enim
1257 2673 1474 2730 fratrem
1516 2689 1670 2730 suum
1701 2689 1729 2727 a
1761 2677 1990 2732 Saxoni-

428 2767 528 2820 bus
556 2766 718 2822 fuisse
748 2776 1111 2837 peremptum,
1164 2778 1213 2820 et
1245 2781 1409 2834 regno
1434 2781 1534 2819 suo
1581 2777 1770 2820 cuncta
1801 2766 1992 2837 subjici

428 2857 724 2921 aestimans,
749 2873 870 2925 qua:
908 2856 1058 2911 adire
1089 2858 1260 2926 potuit
1288 2856 1534 2914 universa
1561 2857 1815 2926 pervasit.

493 2946 682 3000 XVIII.
719 2948 870 3000 Tunc
913 2957 965 2998 et
995 2947 1310 3012 Austrapiiis
1345 2948 1451 3002 dux
1498 2946 1825 3005 Ctiratuiiuin
1875 2963 1991 3005 me-

428 3046 610 3102 tuens,
639 3037 690 3091 in
720 3037 989 3090 basilicam
1017 3038 1186 3091 sancti
1218 3036 1422 3089 Maitini
1449 3038 1681 3104 coniugit
1723 3055 1738 3094 :
1770 3039 1854 3094 cui
1900 3038 1991 3092 tali

2087 1853 2424 1908 succederet.
2455 1851 2558 1906 Sed
2590 1867 2681 1905 rex
2713 1851 3062 1905 Cbaribertus
3093 1852 3144 1904 in
3169 1851 3312 1906 aliud
3345 1852 3503 1906 vertit
3544 1865 3666 1906 seu-

2090 1945 2332 2001 teutiam.
2378 1943 2612 2011 Denique
2661 1957 2782 1996 cum
2827 1942 3065 1997 Pieiitius
3094 1943 3375 2011 episcopus
3405 1941 3432 1979 ιι
3462 1944 3531 1997 ab
3565 1944 3667 1997 liae

2089 2036 2206 2091 luce
2235 2033 2546 2110 migrasset,
2577 2031 2715 2106 apud
2745 2033 2976 2088 Parisios
3005 2034 3279 2089 civitatem
3319 2035 3662 2100 Pascentius,

2089 2125 2182 2193 qui
2212 2134 2340 2178 tunc
2375 2123 2547 2181 abbas
2581 2133 2698 2176 erat
2725 2122 2957 2177 basilicae
2995 2124 3164 2178 sancti
3206 2123 3424 2192 Hilarii,
3458 2125 3505 2178 ei
3537 2139 3660 2178 suc-

2089 2216 2260 2280 cedit,
2287 2231 2352 2270 ex
2376 2215 2528 2283 jussu
2558 2217 2698 2284 regis
2723 2212 3019 2268 Chariberti
3037 2254 3052 2279 ,
3078 2215 3344 2269 clamante
3372 2217 3663 2282 Austrapio

2088 2308 2188 2362 sibi
2219 2306 2360 2368 hunc
2401 2304 2670 2360 redhiberi
2709 2302 2728 2340 ί
2760 2304 2934 2358 locum
2970 2321 2984 2357 :
3032 2303 3127 2358 sed
3176 2319 3358 2372 parum
3387 2308 3434 2359 ei
3473 2306 3664 2374 jactatl

2091 2398 2339 2475 profuere
2384 2411 2689 2459 sermones.
2733 2396 2850 2462 ipse
2878 2411 3094 2466 quoque
3129 2412 3404 2466 regressus
3440 2400 3504 2451 ad
3536 2415 3662 2453 επ-

2093 2505 2230 2548 trum
2258 2508 2445 2557 suum,
2476 2499 2616 2544 mota
2647 2505 2807 2559 super
2830 2505 2888 2544 se
2908 2488 3267 2544 Tlieifaloruin
3305 2489 3320 2540 i
3371 2490 3666 2556 seditione,

2092 2600 2231 2654 quos
2257 2597 2397 2652 sa:pe
2439 2589 2778 2651 gravaverat,
2832 2583 3009 2636 lancea
3062 2583 3331 2635 sauciatus
3365 2582 3520 2652 160
3543 2598 3665 2635 cru-

2091 2677 2284 2735 deliter
2321 2677 2481 2731 vitam
2525 2673 2711 2727 finivit.
2762 2671 3035 2732 Dimceses
3083 2687 3210 2729 vero
3256 2687 3379 2728 suas
3426 2673 3666 2729 Ecclesia

2093 2769 2308 2832 Pictava
2335 2770 2556 2835 recepit.
3082 2780 3091 2785 ·
3269 2749 3284 2756 ’

2166 2858 2309 2917 XIX.
2349 2857 2613 2925 Tempore
2637 2853 2661 2893 ι
2678 2869 2889 2928 quoque
2909 2852 3306 2909 Chlothaebarll
3332 2855 3502 2924 regis,
3519 2871 3666 2910 sane-

2095 2960 2183 3005 tus
2215 2951 2306 3005 Dei
2339 2949 2621 3006 Medardus
2654 2950 2965 3018 episcOpus,
2997 2957 3364 3004 consummato
3391 2948 3512 3002 boni
3540 2964 3668 3015 Ope~

2097 3040 2172 3102 ris
2198 3054 2356 3094 cursu
2377 3081 2392 3102 ,
2422 3048 2478 3096 et
2507 3039 2693 3108 plenus
2731 3037 2936 3092 dierum
2957 3079 2971 3101 ,
3030 3039 3310 3092 sanctitate
3335 3057 3346 3104 ι
3367 3041 3630 3106 rzecipuus
3652 3080 3668 3102 ,

424 3134 479 3187 in
519 3130 858 3185 tribulatione
885 3131 1056 3198 posito
1085 3145 1191 3184 non
1234 3130 1398 3189 deluit
1447 3131 1682 3189 diviuiim
1714 3130 1987 3184 auxilium.
2019 3140 2066 3202 ς
2096 3130 2236 3183 diem
2268 3128 2422 3183 obiit.
2470 3132 2636 3196 Quem
2687 3127 3130 3182 Clilotliacbarius
3181 3145 3269 3182 rex
3301 3143 3420 3182 cum
3459 3143 3668 3182 summu

429 3218 561 3274 Nam
591 3235 712 3274 cum
743 3220 1041 3275 Cliramniis
1073 3223 1139 3273 ita
1174 3237 1292 3274 eum
1323 3221 1612 3290 constringi
1635 3221 1910 3290 jus-isset,
1944 3229 2002 3275 ut

430 3309 611 3366 nullus
652 3310 726 3364 illi
786 3312 942 3383 159
969 3311 1215 3366 ειιίιισειιιει
1248 3312 1484 3380 praebere
1528 3325 1899 3379 pra-sumeret,
1947 3326 2000 3368 et

431 3401 498 3453 ita
550 3401 747 3454 arctius
789 3400 1169 3464 custodiretur,
1226 3411 1285 3454 ut
1323 3415 1422 3454 nec
1466 3415 1655 3467 aquam
1693 3402 1909 3468 quid-ni
1949 3402 2000 3455 ei

430 3491 642 3546 liaurire
694 3491 898 3555 liceret,
929 3505 1035 3558 quo
1074 3489 1280 3544 facilius
1308 3490 1615 3557 compulsus
1648 3489 1856 3553 inedia,
1889 3490 2002 3559 ipse

502 3672 528 3700 ⁸
568 3665 656 3719 Sic
682 3664 846 3720 Corb.
875 3675 928 3718 et
957 3663 1109 3729 Bel|.;
1137 3665 1226 3716 alii
1255 3679 1374 3717 cum
1403 3665 1594 3730 editis,
1626 3677 1798 3731 nocte,
1823 3667 1893 3719 ita
1920 3683 2003 3722 ve-

432 3733 552 3808 niet.
574 3733 776 3808 βοείῃ.
795 3736 941 3808 infra
957 3777 971 3801 ,
1004 3736 1438 3808 tunchreiieutinus
1473 3737 1631 3808 veniet
1657 3736 1909 3808 interitus.

503 3801 889 3874 biﬂic'desinit
920 3807 1090 3856 codex
1117 3804 1344 3871 Regius,
1376 3805 1622 3870 quamvis
1653 3806 1803 3857 initio
1845 3805 2002 3874 huius

436 3872 558 3926 libri
601 3873 756 3927 index
787 3874 1024 3926 omnium
1055 3874 1218 3937 ipsius
1245 3876 1473 3938 capitum
1503 3875 1780 3936 lisibeiitur,
1813 3885 1867 3928 et
1896 3872 2000 3930 non

431 3945 502 3994 sit
524 3942 749 3995 laceros.
775 3943 908 3996 Tum
926 3945 1164 4010 proxime
1178 3942 1510 4012 sulijuiigitur
1527 3944 1810 4012 llegiiioiiis
1831 3943 2002 3998 Cliro-

431 4013 591 4091 nicon
617 4014 802 4066 eadem
828 4014 1048 4067 omnino
1072 4029 1229 4067 manu
1246 4011 1386 4083 ,qua
1409 4011 1648 4082 Gregorii
1679 4013 1819 4079 libri,
1873 4030 2003 4069 con-

429 4093 704 4148 scriptum.

503 4161 527 4189 ε
565 4151 717 4205 Colli.
765 4161 818 4204 et
847 4151 1032 4220 Regm.
1063 4153 1320 4207 basilicum
1343 4191 1360 4216 ,
1411 4152 1544 4205 forte
1573 4152 1742 4210 sancti
1785 4153 2002 4221 Benigni

428 4231 519 4273 aut
551 4222 611 4275 8.
649 4221 839 4276 Joaiini
881 4262 898 4286 ,
931 4239 1046 4291 quin
1091 4239 1229 4277 nunc
1283 4223 1417 4276 intra
1477 4238 1659 4276 muros
1695 4224 1838 4278 urbis
1866 4239 1998 4280 eon-

429 4291 592 4343 clusa:
621 4301 762 4345 sunt.
800 4293 875 4345 Ex
910 4293 1007 4346 lioc
1037 4294 1153 4346 loco
1181 4301 1322 4361 patet
1353 4302 1474 4345 tunc
1497 4292 1546 4344 iii
1575 4292 1742 4345 Gallia
1766 4304 1874 4347 tres
1896 4295 2002 4347 lec-

431 4361 604 4431 tiones
633 4361 683 4413 iii
711 4361 869 4414 Missa
893 4363 990 4430 legi
1014 4363 1201 4416 solitas
1233 4364 1430 4424 fuisse,
1462 4378 1686 4431 quarum
1719 4365 1861 4428 prior
1885 4373 2000 4417 erat

428 4429 622 4482 veteris
651 4429 1006 4496 'l‘estaiiieiiti,
1038 4433 1269 4484 secunda
1296 4446 1366 4484 ex
1408 4429 1693 4496 Apostolo,
1744 4433 1896 4486 tertia
1929 4447 1995 4486 ex

433 4499 746 4568 Evangelio.
785 4499 910 4551 Vide
941 4500 1228 4567 Liturgiam
1259 4500 1582 4552 Gallicanam
1613 4501 1924 4558 Mabillottii.

499 4567 526 4603 ⁴¹
568 4567 657 4622 Sic
680 4567 839 4620 Corb.
865 4577 918 4620 et
949 4568 1102 4630 Bel|.;
1132 4570 1221 4622 atii
1252 4569 1508 4636 plerique,
1544 4580 1596 4621 ut
1633 4581 1886 4626 asserunt.

505 4646 530 4673 ⁶
574 4638 662 4691 Sic
708 4636 869 4689 Corb.
910 4648 963 4689 et
1008 4637 1164 4699 Bell.;
1219 4639 1372 4705 vulgo
1438 4639 1627 4690 dicitur
1669 4653 1789 4692 esse
1834 4638 1997 4693 Deut:

473 4720 600 4774 rope
636 4705 909 4760 Coloniam
937 4707 1304 4775 Agrippinam.
1355 4708 1459 4761 Sed
1507 4711 1695 4760 mirum
1727 4718 1812 4762 est
1857 4710 1996 4764 hunc

451 4791 604 4829 ocum
635 4775 902 4830 civitatem
946 4778 1226 4844 appellari,
1275 4779 1364 4844 qui
1407 4777 1562 4832 hodie
1593 4777 1823 4832 'l'iiitium
1862 4779 1995 4834 dici-

433 4855 536 4915 tur,
575 4845 804 4915 eelebris
835 4847 904 4900 ob
931 4847 1224 4910 abbatiam,
1251 4846 1336 4901 cui
1367 4847 1570 4914 praefuit
1604 4847 1864 4915 lliipertiis
1904 4850 1997 4901 ali-

431 4914 544 4969 bas.
581 4914 907 4970 Divitensium
931 4917 1172 4972 tnetniuit
1199 4917 1512 4972 Ammianus
1535 4914 1872 4972 Marcellinus
1901 4919 1992 4974 lib.

431 4997 634 5065 xvaAet
655 5002 824 5065 xxvii.
860 4987 956 5042 llic
982 4987 1296 5065 gregarius,
1327 4987 1464 5041 sicut
1489 4996 1543 5065 et
1580 5001 1735 5065 supra
1767 4990 1996 5065 passim,

431 5056 661 5122 appellat
687 5057 953 5124 regionem
982 5054 1453 5112 Transrhenaiiam
1480 5054 1793 5122 simpliciter
1822 5054 1998 5111 Fian-

428 5127 586 5203 cium.
616 5126 769 5180 Colb.
798 5129 957 5181 liabet
981 5126 1248 5181 Mustiam.
1281 5127 1419 5181 Editi
1449 5135 1506 5181 ut
1537 5127 1817 5196 plurimum
1836 5167 1854 5195 ,
1886 5126 2003 5180 Nu-

507 5263 537 5338 '_
568 5261 841 5338 AliiAcuin
869 5263 1046 5327 (‘.olb.,
1088 5265 1398 5338 Wili'ci'iarii.
1445 5281 1492 5321 is
1531 5275 1648 5338 erat
1682 5265 1798 5338 _dux
1839 5267 2004 5338 Aqui-

434 5336 623 5397 taniae;
665 5332 950 5406 [iliaejuh
986 5350 1104 5406 Ψέτδτ
1132 5337 1400 5406 miramini
1427 5336 1637 5403 nupsit,
1669 5335 1870 5392 Chalda
1905 5332 2002 5406 ap-

432 5406 658 5471 pellatur
683 5403 736 5456 iti
761 5405 897 5456 libro
922 5404 988 5455 de
1013 5403 1190 5460 Gestis
1221 5404 1566 5459 Francorum.

500 5482 527 5520 ι
568 5473 746 5543 Etiam
788 5487 928 5543 nunc
974 5475 1102 5543 sub
1128 5473 1301 5537 prisco
1331 5477 1542 5527 nomine
1589 5487 1804 5542 notum,
1839 5475 1994 5543 vulgo

430 5540 570 5611 Scite
596 5553 685 5596 aut
710 5542 880 5608 Celle,
912 5543 999 5596 ubi
1021 5541 1231 5595 abbatia
1259 5559 1631 5598 canonicoruni
1654 5540 1995 5611 regulariiiiii.

501 5608 528 5647 ¹¹
561 5613 616 5667 Si
649 5613 882 5666 Pienlins
899 5652 916 5674 ,
940 5621 1000 5666 υι
1021 5613 1268 5665 obseruit
1290 5615 1516 5677 Desinis,
1539 5616 1677 5681 apud
1704 5608 1953 5671 Rutulum
1979 5653 1994 5676 ,

431 5682 587 5751 vulgo
615 5682 791 5753 ιιιιιε,
815 5685 870 5741 in
897 5700 992 5741 sua
1020 5683 1240 5740 dioecesi
1262 5684 1411 5752 obiit,
1437 5685 1552 5741 lucc
1578 5684 1765 5756 Gicgoi
1783 5687 1814 5740 ii
1840 5688 1996 5740 Vesta

2101 3221 2303 3276 honore
2331 3219 2470 3288 apud
2526 3220 2842 3276 Suessionas
2880 3219 3146 3277 civitatem
3174 3221 3454 3290 sepelivit,
3482 3233 3535 3276 et
3579 3223 3674 3275 ba-

2100 3314 2305 3370 silicam
2333 3327 2494 3380 super
2513 3328 2632 3372 eum
2664 3312 2924 3369 fabricare
2953 3312 3149 3380 capit;
3181 3329 3337 3382 quam
3371 3323 3551 3383 postea
3585 3313 3668 3367 Si-

2099 3405 2338 3476 gibertus
2381 3403 2525 3460 ﬁlius
2554 3402 2669 3469 ejus
2697 3401 2969 3470 explevit,
3015 3413 3173 3469 atque
3217 3404 3535 3470 composuit.
3587 3405 3669 3460 Ad

2100 3495 2254 3566 cujus
2281 3496 2492 3550 beatum
2535 3493 2839 3567 sepulcrum
2867 3493 3100 3547 vidimus
3127 3495 3420 3551 vinctorum
3454 3509 3671 3562 compe~

2100 3670 2238 3741 apud
2272 3668 2496 3721 Parisios
2522 3708 2537 3729 ,
2589 3666 2655 3741 ad
2690 3665 3022 3741 Pascentium
3046 3707 3060 3729 ,
3104 3683 3207 3741 non
3239 3682 3368 3741 vero
3398 3668 3462 3720 ad
3512 3668 3672 3721 Pien-

2103 3736 2234 3792 tium
2262 3749 2385 3793 sunt
2414 3736 2714 3792 referenda.
2762 3736 2928 3790 Porro
2954 3737 3157 3790 Pientio
3195 3745 3252 3790 et
3276 3739 3557 3804 Austrapio
3588 3741 3678 3797 liic

2101 3810 2407 3863 memoratis
2436 3823 2563 3863 cura
2604 3807 2908 3861 exstruendi
2933 3807 3241 3860 monasterii
3270 3816 3468 3860 sanctze
3500 3808 3672 3863 [lade-

2101 3879 2295 3946 gundis
2325 3879 2494 3935 fuerat
2523 3877 2834 3946 commissa,
2868 3877 2979 3944 ipsa
3019 3877 3339 3930 Baudoiiivia
3365 3887 3671 3932 attestante.

2104 3945 2380 4004 Pasceiitio
2410 3947 2728 4001 Fortunatus
2757 3945 2926 3998 Vitam
2973 3946 3030 4000 S.
3065 3946 3247 4015 Hilarii
3276 3961 3306 3999 a
3339 3961 3397 3999 se
3422 3950 3672 4015 scriptam

2103 4018 2446 4082 nuncupavit.
2494 4015 2683 4086 Pientii
2710 4029 2838 4086 vero
2861 4055 2876 4080 ,
2907 4020 3062 4086 vulgo
3087 4015 3154 4071 S.
3180 4013 3336 4083 Pieri,
3366 4013 3555 4072 festum
3582 4033 3671 4074 ce-

2103 4089 2337 4143 lebratur
2357 4087 2445 4140 die
2475 4087 2540 4141 15
2570 4084 2758 4139 Martii.

2181 4159 2196 4194 ι
2245 4159 2434 4223 ltegiii.
2461 4155 2605 4208 reddi
2630 4154 2828 4214 debere.
2861 4154 3012 4222 Bec.,
3049 4154 3295 4215 redeberi.

2177 4226 2193 4283 ί
2242 4225 2426 4281 Teil‘ali
2474 4240 2568 4282 seu
2595 4224 2816 4288 Taifali,
2847 4240 2948 4278 una
2975 4239 3044 4278 ex
3079 4225 3160 4295 his
3199 4224 3446 4295 gentibus
3486 4227 3670 4282 barlia~

2104 4298 2210 4362 ris,
2259 4313 2376 4365 quae
2409 4296 2606 4349 sarculo
2636 4295 2820 4360 quinto
2851 4296 3066 4365 ineunte
3093 4294 3292 4365 Gallias
3325 4296 3669 4352 inundarunt.

2107 4364 2304 4421 lloruui
2335 4366 2536 4434 aliquot
2563 4365 2716 4417 sedes
2743 4365 2908 4418 lixere
2927 4364 3065 4432 apud
3091 4364 3334 4419 Pictones
3351 4405 3366 4428 ,
3392 4379 3454 4419 ac
3477 4383 3675 4422 nomen

2102 4440 2300 4492 dedere
2331 4433 2443 4488 vico
2475 4433 2697 4502 Teifalia
2724 4435 2888 4495 dicto,
2943 4435 3030 4498 qui
3056 4437 3214 4487 etiam
3245 4450 3385 4489 nunc
3429 4448 3675 4502 superest

2027 4512 2076 4570 D
2101 4509 2202 4561 sub
2233 4505 2446 4559 nomine
2474 4504 2764 4570 Tifaiigiai,
2797 4503 2953 4571 uolgo
2983 4503 3222 4573 Tifauge,
3256 4503 3394 4557 inter
3415 4507 3678 4559 Cliccliio-

2104 4592 2223 4630 nem
2252 4583 2308 4630 et
2356 4575 2717 4638 ltloritaniam,
2771 4585 2972 4640 positus
3017 4575 3085 4626 ad
3141 4575 3355 4627 ﬂuvium
3407 4574 3650 4641 Separiin

2105 4646 2275 4702 Fuere
2300 4655 2354 4698 et
2383 4642 2568 4700 Taifali
2599 4642 2856 4710 gentiles,
2889 4658 3112 4710 quorum
3141 4659 3240 4699 una
3266 4659 3385 4697 cum
3412 4644 3675 4701 Sarmatis

2101 4715 2239 4783 apud
2274 4714 2516 4771 Pictones
2547 4713 2847 4777 praesidium
2880 4712 3011 4783 fuit,
3035 4727 3099 4768 ex
3143 4715 3337 4783 Notitia
3378 4713 3673 4778 provincia.

2104 4781 2218 4839 ruin
2275 4783 2483 4852 iiiipeiii
2539 4783 2782 4852 lloiiiiiiti.
2845 4784 2944 4852 Adi
2978 4781 3150 4839 Vales.
3210 4782 3304 4838 lib.
3350 4798 3443 4838 vnt
3476 4783 3671 4838 lterum

2105 4851 2367 4918 Francia,
2394 4863 2486 4911 aut
2514 4853 2567 4906 iu
2588 4851 2785 4907 Nomia
2806 4851 3095 4906 Galliarum
3124 4867 3186 4906 ea
3212 4856 3278 4907 de
3315 4867 3375 4908 re
3405 4854 3672 4908 disseram

2104 4937 2231 4982 tein.

2178 4998 2202 5031 κ
2246 4993 2400 5050 Dei-st
2451 4991 2549 5045 hoc
2577 5001 2732 5058 caput
2762 4991 2816 5048 in
2867 4990 3022 5044 Corb.
3057 4999 3112 5046 et
3161 4991 3316 5055 Bell.;
3368 4993 3590 5046 habetur
3620 4994 3673 5050 in

2107 5065 2348 5127 cirteris,
2393 5071 2449 5118 et
2502 5061 2764 5117 indicatur
2796 5064 2934 5117 inter
2979 5063 3151 5130 capita
3200 5063 3320 5114 libri
3365 5076 3416 5116 tv
3461 5063 3512 5116 iu
3544 5066 3666 5115 eod.

2108 5132 2292 5202 Regio.
2346 5135 2417 5186 De
2454 5133 2510 5188 S.
2547 5131 2794 5202 Medardo
2839 5131 3009 5202 agitur
3049 5133 3172 5186 item
3204 5135 3254 5183 in
3285 5129 3376 5202 lib.
3417 5135 3485 5185 de
3520 5132 3672 5186 Glor.

2107 5200 2261 5261 Coiﬁ.
2296 5216 2413 5269 cap.
2455 5204 2544 5256 U5.
2587 5200 2801 5256 Ubitum
2829 5201 2943 5268 ejus
2980 5206 3255 5266 consignat
3300 5200 3543 5254 Coinliiis
3583 5220 3672 5254 :Ill.

2111 5272 2242 5332 545;
2272 5271 2509 5325 Valesius
2548 5287 2635 5323 an.
2668 5271 2791 5322 560.
2827 5270 2995 5323 btiam
3037 5286 3177 5322 nunc
3223 5285 3388 5338 prope
3431 5272 3674 5328 Suessio-

2113 5358 2208 5398 ηαδ
2252 5353 2423 5396 exstat
2456 5341 2664 5396 basilica
2692 5355 2811 5391 cum
2837 5341 3026 5410 insigni
3060 5344 3382 5393 tiioiiasterio
3418 5343 3535 5393 0rd.
3571 5341 3672 5393 Be-

2105 5412 2358 5470 nedictiiii
2385 5411 2485 5463 sub
2510 5423 2678 5462 sancti
2710 5409 2873 5461 Mauri
2905 5411 3344 5476 congregatione,
3380 5412 3466 5462 tibi
3495 5413 3672 5478 sepul-

2103 5497 2250 5536 Cruiii
2283 5483 2341 5532 Β.
2376 5479 2607 5534 Medardi
2641 5480 2822 5531 visitur
2851 5483 2900 5530 in
2933 5489 3114 5548 crypta
3147 5479 3508 5533 subterranea.
3541 5479 3670 5533 For~

2105 5560 2318 5603 tunzitus
2347 5557 2537 5619 praeter
2565 5548 2701 5619 ejus
2723 5549 2916 5619 vitam,
2949 5550 3161 5619 scripsit
3192 5549 3260 5600 de
3288 5553 3472 5601 eodeni
3502 5565 3668 5602 «uirili.

2108 5623 2168 5678 17
2202 5621 2322 5676 Ltiri
2354 5635 2422 5686 tt,
2453 5618 2541 5676 ulti
2595 5617 2661 5674 de
2691 5617 2908 5673 basizica
2940 5633 2970 5672 a
2994 5618 3258 5688 Sigiberto
3288 5625 3516 5688 perlecm
3544 5623 3669 5688 agit.
