4016 6338
379 304 488 364 εδδ

1303 306 1620 363 HISTORIA
1662 305 2110 363 FRANCORUM.
2152 305 2356 362 LIBER
2392 304 2738 376 QUARTUS.

3519 309 3627 366 ηδ

377 419 479 476 des
523 430 682 488 atque
728 430 946 476 catenas
995 420 1267 490 disruptas
1310 422 1713 490 contractasque
1738 419 1949 490 jacere,
1979 419 2031 481 Α
2056 433 2161 474 non
2192 419 2454 488 permisit.
2485 419 2637 475 Mane
2675 428 2854 474 autem
2884 418 3056 484 facto,
3092 427 3318 491 uterque
3353 434 3625 480 commoto

377 529 502 581 qua:
533 528 700 582 usque
729 512 889 566 hodie
945 512 998 566 in
1043 511 1405 567 testimonium
1459 513 1670 567 virtutis
1696 511 1843 580 ejus,
1883 509 1952 565 ad

383 603 558 671 ipsum
594 602 735 657 beati
783 601 1086 673 sepulcrum
1131 612 1490 660 reservantur.
1533 601 1640 658 Sed
1679 601 1746 656 ad
1792 616 1951 672 supe-

381 695 526 750 riora
556 693 855 750 redeamus.

457 784 575 841 XX.
616 785 985 841 Cbildebertus
1026 786 1185 855 igitur
1221 801 1315 842 rex
1355 795 1618 854 aegrotare
1644 785 1839 854 cepit,
1895 791 1952 839 et

379 890 506 930 eum
544 875 844 930 diutissime
888 876 1026 944 apud
1076 874 1307 930 Parisios
1355 875 1553 930 lectulo
1597 875 1946 937 decubasset,

383 965 549 1031 obiit;
590 975 646 1020 et
683 966 750 1019 ad
784 965 1058 1018 basilicam
1107 965 1247 1018 beati
1280 964 1540 1019 Vincentii
1569 971 1619 1028 ι,
1647 978 1805 1030 quam
1842 963 1956 1030 ipse

387 1065 788 1121 construxerat,
820 1064 904 1111 est
931 1055 1197 1123 sepultus.
1226 1051 1393 1124 Cujus
1420 1068 1637 1122 regnum
1659 1063 1713 1107 et
1738 1052 1957 1106 thesau-

384 1161 478 1200 ros
524 1145 968 1216 Cblutliacharius
1022 1159 1116 1198 rex
1177 1144 1382 1210 accepit
1430 1141 1868 1212 :Ultrogottham
1927 1136 1957 1177 δ

383 1250 516 1291 vero
544 1246 597 1291 et
637 1236 772 1292 ﬁlias
798 1236 918 1304 ejus
967 1236 1099 1290 duas
1138 1235 1189 1290 in
1218 1235 1465 1290 exsilium
1497 1234 1693 1302 posuit.
1735 1233 1958 1287 Cbratn-

383 1341 490 1380 nus
537 1335 714 1383 autem
746 1326 884 1397 patri
915 1335 1347 1397 repraesentatur,
1380 1324 1474 1380 sed
1506 1334 1685 1393 postea
1727 1322 1958 1378 inﬁdelis

385 1417 614 1472 exstitit.
668 1416 907 1487 Cumque
951 1431 1012 1473 se
1053 1425 1298 1473 cerneret
1345 1416 1574 1472 evadere
1624 1431 1729 1469 non
1770 1428 1956 1484 posse,

385 1506 715 1561 Britanniam
738 1507 889 1576 petiit
917 1523 932 1560 :
964 1506 1144 1576 ibique
1170 1520 1291 1560 cum
1311 1505 1599 1559 Cbonobro
1623 1515 1646 1542 ο
1679 1495 1960 1560 Britanno-

366 1580 507 1652 rum
541 1598 769 1663 comite,
800 1599 916 1667 ipse
949 1607 1004 1653 et
1050 1613 1186 1652 uxor
1219 1597 1366 1665 ejus,
1413 1610 1476 1650 ac
1515 1595 1635 1650 tilia:
1664 1594 1954 1652 latuerunt.

387 1691 764 1749 Wiliaeliarius
789 1701 968 1749 autem
1009 1705 1162 1748 socer
1186 1691 1303 1761 ejus
1341 1687 1369 1728 ά
1393 1689 1460 1744 ad
1490 1689 1763 1744 basilicam
1787 1689 1958 1744 sancti

2053 509 2292 564 exercitu
2334 510 2400 564 ad
2456 509 2657 565 bellum
2713 519 2896 563 contra
2943 523 3002 564 se
3050 520 3353 580 properant.
3414 513 3628 583 lbatquc

2052 598 2500 657 Cblotbacharius
2521 617 2616 657 rex
2641 610 2891 668 tanquam
2920 617 3088 657 novus
3118 603 3278 659 David
3306 613 3491 660 contra
3514 608 3628 661 Ab-

2051 689 2290 746 salonem
2322 691 2486 746 ﬁlium
2515 703 2876 762 pugnaturus,
2911 691 3168 761 plangens
3208 704 3366 764 atque
3391 696 3576 752 dicens
3607 714 3625 753 :

2056 779 2301 851 Respice,
2334 783 2578 851 Domine,
2606 783 2671 837 de
2698 784 2869 853 cmlo,
2897 791 2952 839 et
2972 783 3148 853 judica
3190 801 3403 842 causam
3429 805 3626 859 meam,
3697 823 3702 828 -

2054 871 2176 941 quia
2206 872 2401 943 injuste
2429 890 2458 928 a
2492 875 2600 929 ﬁlio
2623 874 2843 943 injurias
2863 877 3053 944 patior.
3087 877 3336 946 Respice,
3369 890 3424 933 et
3447 881 3624 946 judica

2053 959 2221 1030 justo;
2266 963 2503 1032 illudque
2531 965 2742 1034 impone
2766 965 3021 1035 judicium
3040 1008 3055 1031 ,
3081 969 3222 1037 quod
3251 972 3512 1038 quondam
3547 974 3626 1026 in-

2055 1061 2140 1106 ter
2160 1053 2479 1109 Absalonem
2521 1065 2576 1109 et
2615 1066 2817 1125 patrem
2848 1059 2966 1127 ejus
3005 1060 3169 1116 David
3210 1065 3448 1132 posuisti.
3483 1067 3621 1120 Con-

2057 1143 2358 1214 Iligentibus
2383 1145 2544 1214 igitur
2590 1147 2807 1214 pariter,
2850 1149 3219 1206 Britannorum
3261 1169 3440 1210 comes
3480 1165 3624 1226 terga

2056 1238 2244 1300 vertit,
2277 1237 2455 1306 ibique
2483 1248 2538 1294 et
2581 1239 2796 1295 cecidit.
2840 1239 3080 1312 Denique
3124 1244 3424 1303 Cliramuus
3453 1251 3626 1320 fugam

2033 1327 2203 1402 iniit,
2235 1343 2398 1383 naves
2427 1329 2478 1383 in
2509 1330 2642 1384 mari
2682 1340 2895 1398 paratas
2935 1333 3138 1389 habens
3171 1352 3184 1389 :
3216 1338 3309 1391 sed
3339 1339 3464 1393 dum
3494 1357 3627 1394 uxo-

2059 1432 2171 1472 rem
2202 1428 2256 1474 et
2284 1418 2422 1474 ﬁlias
2462 1433 2588 1474 suas
2616 1418 2848 1476 liberare
2871 1423 3064 1489 voluit,
3103 1425 3171 1479 ab
3199 1428 3432 1482 exercitu
3465 1431 3630 1498 patris

2057 1520 2374 1577 oppressus,
2400 1518 2588 1579 captus
2611 1519 2772 1580 atque
2792 1512 2984 1582 ligatus
3013 1523 3114 1568 est.
3146 1517 3298 1580 Quod
3327 1531 3446 1572 cum
3469 1519 3630 1573 Chlo-

2060 1596 2337 1653 tbacbario
2375 1599 2486 1668 regi
2530 1602 2828 1656 nuntiatum
2875 1602 3095 1670 fuisset,
3133 1605 3293 1674 jussit
3333 1623 3454 1663 eum
3505 1625 3627 1665 cum

2061 1702 2228 1744 uxore
2255 1696 2312 1744 et
2343 1689 2551 1746 ﬁliabus
2585 1693 2742 1763 163
2788 1693 2896 1764 igni
2923 1697 3164 1750 consumi
3194 1713 3210 1751 ε
3251 1698 3546 1770 inclusique
3571 1702 3627 1758 in

385 1781 598 1839 Iartlni
623 1783 882 1854 confugit.
900 1782 1053 1838 Tunc
1080 1790 1263 1838 sancta
1293 1781 1508 1837 basilica
1536 1794 1567 1834 a
1605 1782 1836 1850 peccatis
1860 1794 1954 1850 po-
1981 1774 2032 1834 B
2057 1778 2269 1848 tugurio
2313 1778 2590 1848 cujusdam
2651 1782 2955 1849 pauperculi
3008 1781 3030 1820 ¹
3053 1824 3070 1850 ,
3116 1785 3417 1843 Cbramuus
3467 1805 3630 1860 super

387 1871 495 1942 puli
521 1887 586 1927 ac
617 1870 896 1937 ludibriis,
945 1887 1067 1941 qua:
1105 1870 1161 1926 in
1188 1885 1251 1927 ea
1281 1871 1511 1938 ﬁebant,
1552 1885 1648 1940 per
1674 1870 1959 1926 Wiliacba-

386 1962 527 2017 rium
551 1962 936 2033 coniugemque
951 1960 1070 2030 ejus
1088 1974 1347 2016 succensa
1369 1970 1452 2015 est
1466 2000 1484 2024 ,
1506 1962 1644 2031 quod
1668 1976 1772 2016 non
1805 1961 1958 2033 ιθι

387 2053 506 2108 sine
532 2053 680 2123 gravi
708 2052 937 2120 suspirio
967 2066 1344 2107 memoramus.
1371 2050 1477 2107 Sed
1508 2062 1561 2104 et
1582 2051 1769 2105 civitas
1793 2051 1962 2106 Turo-

390 2142 508 2198 nica
537 2152 662 2200 ante
693 2157 894 2197 annum
919 2142 1026 2211 jam
1075 2142 1181 2211 igni
1209 2152 1523 2211 consumpta
1573 2141 1766 2208 fuerat,
1792 2153 1847 2197 et
1875 2152 1963 2198 to-

389 2241 462 2288 ta
501 2233 742 2290 ecclesia
769 2233 822 2288 in
871 2233 1057 2289 eadem
1093 2243 1442 2299 constructae,
1490 2234 1718 2290 deserta:
1760 2233 1964 2289 relictas

389 2333 533 2380 sunt.
562 2324 810 2379 Protinus
831 2323 968 2378 beati
988 2323 1196 2378 Martini
1225 2324 1439 2380 basilica
1458 2364 1474 2389 ,
1503 2324 1784 2379 ordinante
1799 2323 1967 2379 Chio.

392 2413 675 2469 thacltario
704 2429 858 2485 rege,
911 2423 1101 2469 stanno
1142 2423 1392 2484 coepi-tta
1421 2424 1535 2475 est,
1569 2425 1620 2468 et
1653 2415 1705 2468 in
1734 2414 1854 2481 illa,
1908 2423 1966 2469 ut

391 2505 542 2574 prius
585 2506 791 2572 fuerat,
822 2505 1116 2574 elegantia,
1167 2515 1428 2573 reparata.
1482 2504 1630 2560 Tunc
1663 2503 1784 2559 duze
1821 2504 1966 2559 acies

397 2596 725 2648 locustarum
765 2603 1159 2662 apparuerunt,
1190 2611 1308 2664 qua:
1339 2609 1434 2663 per
1482 2595 1779 2648 Arvernum
1808 2603 1968 2664 atque

395 2683 792 2739 Lemoviciuum
824 2693 848 2722 ⁸
881 2693 1244 2751 transeuntes,
1277 2694 1334 2739 ut
1354 2685 1559 2749 ferunt,
1588 2684 1966 2740 Romaniacum

392 2789 640 2844 campum
671 2782 962 2840 venerunt,
1015 2775 1067 2829 in
1114 2792 1254 2843 quo,
1289 2776 1473 2846 praelio
1500 2791 1692 2844 magno
1743 2777 1884 2830 inter
1908 2791 1968 2831 se

392 2876 539 2933 acto,
595 2867 826 2920 maxime
876 2875 1001 2921 sunt
1040 2867 1261 2922 collisae.
1311 2865 1753 2922 Cblotliacbarius
1789 2877 1965 2922 autem

392 2972 511 3021 rex,
540 2965 727 3012 contra
755 2954 1078 3011 Cbramnum
1122 2955 1400 3021 frendens,
1449 2972 1570 3010 cum
1613 2958 1850 3012 exercitu
1875 2957 1968 3012 ad-

393 3064 583 3104 versus
613 3064 734 3103 eum
773 3046 825 3101 in
869 3045 1190 3102 Britanniam
1216 3045 1413 3116 dirigit.
1463 3047 1568 3101 Sed
1599 3061 1696 3101 nec
1724 3047 1812 3102 ille
1838 3062 1968 3102 cett-

2057 1882 2332 1924 scamnum
2357 1878 2606 1926 extensus
2635 1873 2813 1927 orario
2841 1874 3150 1944 suggillatus
3177 1886 3285 1942 est;
3303 1886 3357 1932 et
3381 1879 3458 1934 sic
3479 1893 3628 1945 post-

2059 1973 2121 2013 ea
2149 1972 2310 2026 super
2333 1973 2429 2015 eos
2469 1961 2683 2017 incensa
2721 1963 2933 2031 casula,
2962 1980 3082 2019 cum
3111 1981 3276 2023 uxore
3321 1978 3377 2024 et
3419 1969 3629 2029 ﬁliabus

2059 2048 2281 2105 interiit.

2133 2138 2277 2195 XXI.
2297 2139 2409 2195 Rex
2425 2154 2554 2196 vero
2573 2140 3010 2198 Cblotbacharius
3030 2159 3171 2198 anno
3190 2149 3628 2219 quinquagesimo

2063 2229 2237 2298 primo
2264 2230 2414 2302 regni
2441 2231 2546 2296 sui,
2576 2246 2698 2286 cum
2732 2233 2910 2288 multis
2938 2237 3246 2290 muneribus
3274 2238 3457 2296 limina
3480 2243 3622 2298 beati

2065 2319 2273 2376 Martini
2318 2320 2545 2390 expetiit
2571 2330 2622 2385 8,
2650 2330 2704 2376 et
2731 2322 3023 2378 adveniens
3064 2323 3293 2380 Turonis
3331 2329 3396 2382 ad
3449 2333 3625 2398 sepul-

2064 2423 2215 2463 crum
2243 2409 2494 2463 antedicti
2523 2408 2799 2478 antistitis,
2826 2420 3046 2465 cunctas
3091 2413 3328 2469 actiones
3357 2431 3491 2485 quas
3513 2418 3624 2472 for-

2067 2506 2209 2552 tasse
2256 2499 2583 2568 negligenter
2631 2509 2810 2568 egerat
2861 2500 3162 2569 replicans,
3208 2513 3261 2558 et
3305 2521 3464 2560 orans
3509 2523 3629 2564 cum

2065 2589 2251 2657 grandi
2282 2591 2518 2662 gemitu,
2551 2599 2606 2643 ut
2637 2605 2733 2659 pro
2779 2593 2892 2644 suis
2925 2592 3094 2660 culpis
3127 2593 3314 2649 beatus
3357 2597 3630 2654 confessor

2068 2682 2277 2739 Doutiui
2307 2683 2722 2737 misericordiam
2767 2693 3034 2749 exoraret,
3067 2694 3120 2739 et
3149 2701 3210 2739 ea
3260 2703 3377 2754 quae
3422 2689 3631 2744 irratio-

2069 2771 2314 2827 nabiliter
2344 2773 2703 2837 commiserat,
2736 2787 2834 2826 suo
2859 2773 3080 2828 obtentu
3111 2773 3355 2830 dilueret.
3393 2777 3525 2831 Exin
3553 2795 3632 2834 re-

2068 2880 2309 2937 gressus,
2344 2863 2785 2933 quinquagesimo
2813 2866 2984 2934 primo
3022 2867 3169 2937 regni
3200 2868 3282 2922 sui
3308 2885 3479 2936 anno,
3508 2869 3632 2926 dum

2069 2958 2120 3012 itt
2143 2957 2293 3012 Cotia
2323 2958 2454 3010 silva
2481 2956 2508 2993 δ
2539 2958 2873 3011 venationem
2905 2972 3198 3022 excretiret.
3224 2976 3252 3014 a
3285 2963 3431 3018 febre
3461 2965 3625 3018 corri-

2069 3048 2234 3116 pitur,
2267 3057 2317 3101 et
2355 3047 2549 3102 exinde
2577 3048 2964 3116 Compendium
3005 3051 3180 3105 villam
3212 3053 3368 3108 rediit
3397 3071 3412 3108 :
3445 3056 3496 3108 in
3527 3071 3628 3124 qua

395 3150 476 3193 tra
531 3150 732 3208 patrem
785 3137 964 3208 egredi
1014 3137 1208 3192 timuit.
1241 3136 1477 3205 Cumque
1525 3137 1578 3190 iit
1627 3154 1734 3193 uno
1778 3152 1968 3206 campo
1995 3132 2040 3194 C
2073 3152 2191 3192 cum
2223 3139 2452 3208 graviter
2479 3147 2763 3192 vexaretur
2790 3153 2819 3190 a
2853 3139 3020 3206 febre,
3053 3142 3224 3196 aiebat
3257 3161 3271 3201 :
3314 3144 3459 3199 Vua!
3491 3147 3624 3213 Quid

393 3229 742 3298 conglobatus
772 3238 993 3296 uterque
1038 3227 1296 3282 resideret
1335 3228 1630 3290 exercitus,
1659 3237 1712 3282 et
1745 3228 1967 3282 Cbram-

237 3361 250 3370 .
283 3363 289 3367 .
393 3337 496 3376 nus
525 3336 642 3376 cum
668 3319 932 3375 Britannis
954 3328 1138 3374 contra
1181 3329 1380 3388 patrem
1407 3319 1575 3374 aciem
1607 3319 1964 3386 instruxisset,

395 3413 736 3467 incumbente
770 3418 926 3464 nocte
955 3425 983 3462 a
1013 3410 1151 3464 bello
1199 3419 1462 3464 cessatum
1492 3418 1595 3464 est.
1647 3410 1720 3480 Ea
1759 3426 1968 3480 quoque

393 3512 553 3556 nocte
581 3500 866 3555 Cbouober
892 3514 1074 3554 comes
1100 3500 1470 3554 Britannorum
1498 3501 1627 3554 dicit
1654 3500 1720 3554 ad
1747 3501 1970 3556 Cbram-

394 3610 522 3647 num
552 3609 564 3644 :
597 3593 854 3662 lnjnstum
876 3607 1070 3648 censeo
1092 3601 1142 3647 te
1164 3603 1349 3646 contra
1376 3600 1580 3661 patrem
1605 3601 1749 3646 tuum
1772 3592 1969 3647 debere

395 3683 601 3750 egredi.
651 3682 906 3738 Permitte
951 3699 1036 3737 me
1077 3681 1176 3737 hac
1231 3691 1420 3747 nocte,
1477 3691 1534 3736 ut
1562 3682 1757 3736 irruam
1809 3697 1970 3748 super

393 3788 546 3838 eum,
575 3772 851 3841 ipsumque
879 3787 1002 3826 cum
1027 3781 1138 3826 toto
1165 3773 1403 3827 exercitu
1435 3781 1784 3841 prosternam.
1816 3772 1968 3838 Quod

395 3865 734 3930 Chramnus,
767 3874 822 3918 ut
866 3864 1063 3928 credo,
1109 3863 1303 3918 virtute
1339 3863 1434 3918 Dei
1487 3871 1815 3934 praeventus,
1854 3864 1967 3918 ﬁeri

470 3987 494 4014 ι
533 3979 656 4033 Ilaec
702 3987 788 4033 est
831 3977 1042 4032 basilica
1072 3977 1129 4032 S.
1169 3977 1414 4032 Germani
1444 3992 1473 4030 a
1506 3975 1677 4031 Pratis
1703 3977 1872 4042 dicta,
1900 3977 1969 4031 de

397 4065 498 4112 qua
529 4063 687 4114 supra
717 4049 781 4100 ad
820 4063 940 4116 cap.
979 4049 1046 4100 29
1071 4048 1161 4101 lib.
1195 4062 1287 4110 ιιι,
1311 4046 1398 4100 ubi
1431 4047 1483 4101 in
1512 4047 1690 4101 medio
1714 4046 1862 4101 chori
1895 4047 1970 4101 vi-

399 4122 530 4171 situr
558 4120 716 4172 etiam
767 4133 905 4170 nunc
939 4116 1264 4187 Cliildeberti
1321 4116 1844 4187 regissepulcrutn,
1891 4126 1970 4170 ta-

401 4188 555 4242 metsi
584 4204 688 4240 nou
718 4196 879 4241 tautae
908 4186 1254 4252 antiquitatis.
1308 4185 1434 4254 Ejus
1463 4185 1726 4252 depositio
1777 4187 1828 4239 in
1875 4201 1968 4238 au-

402 4257 664 4324 tographa
700 4256 929 4311 Usuartli
979 4255 1355 4325 Martyrologio
1405 4256 1492 4310 die
1541 4255 1613 4325 25
1664 4255 1968 4310 Decembris

401 4323 760 4396 consignatur,
804 4341 911 4394 quo
936 4325 1036 4396 die
1063 4323 1287 4394 singulis
1314 4325 1468 4378 annis
1513 4323 1630 4392 ejus
1656 4325 1968 4396 anniversa-

405 4389 691 4449 rium'cum
721 4389 948 4452 solémni
999 4389 1193 4462 pompa
1234 4397 1392 4448 etiam
1434 4389 1574 4448 nunc
1616 4395 1964 4448 celebramus.

408 4483 430 4518 s
477 4466 586 4518 Non
621 4465 772 4519 facile
802 4465 1064 4534 reperias,
1108 4463 1276 4529 inquit
1301 4463 1574 4526 Valesius,
1618 4464 1712 4519 lib.
1744 4480 1835 4516 vui
1863 4465 1968 4516 ιιυ-

405 4550 519 4589 rum
552 4534 818 4595 Francia,
849 4533 1001 4602 t-ujus
1031 4534 1197 4600 pietas
1239 4541 1294 4588 et
1338 4534 1405 4587 de
1447 4535 1669 4587 summis
1720 4535 1971 4588 Ecclesia:

408 4605 566 4657 rebus
594 4605 894 4659 sollicitudo
919 4602 1102 4657 multis
1127 4611 1182 4656 et
1221 4603 1427 4672 magnis
1449 4603 1834 4671 experimentis
1866 4612 1972 4656 tes-

403 4678 570 4728 tatior
615 4673 744 4738 fuit,
776 4689 935 4741 quam
964 4672 1310 4726 Cbildeberti.
1349 4692 1368 4724 ι
1402 4673 1454 4726 Id
1488 4674 1708 4738 probant
1738 4675 1850 4727 loca
1881 4688 1971 4726 sa-

405 4758 498 4798 cra
521 4783 537 4805 ,
569 4759 688 4812 qua:
710 4742 1010 4804 exstruxit,
1033 4742 1255 4812 dotavit,
1283 4743 1539 4806 protexit;
1583 4743 1827 4807 concilia,
1852 4758 1970 4811 qua:

406 4827 474 4881 eo
502 4811 726 4869 curante
774 4812 1082 4881 frequenter
1124 4811 1395 4865 celebrata
1453 4820 1609 4875 sunt,
1666 4815 1972 4878 pontiﬁcum

410 4880 767 4936 Romanorum
784 4923 798 4945 ,
824 4880 1158 4949 aliorumque
1178 4881 1547 4948 episcoporum
1574 4882 1844 4948 epistolae,
1867 4896 1974 4935 om-

409 4951 903 5022 uiutufertnerjus
929 4950 1027 5004 aevi
1059 4962 1331 5022 auctorum
1364 4951 1683 5004 testimonia.
1715 4953 1793 5004 Oli
1819 4966 1968 5022 suam

407 5022 462 5091 i_n
489 5021 690 5074 cultum
742 5021 974 5076 divinum
1029 5021 1307 5091 pietatem,
1352 5035 1442 5072 rex
1471 5031 1622 5091 atque
1669 5021 1971 5091 sacerdosa

410 5088 704 5159 Fortunato
743 5092 1058 5159 appellatur,
1108 5105 1140 5159 q
1181 5089 1195 5142 i
1237 5101 1291 5144 et
1335 5105 1454 5144 eum
1487 5088 1711 5155 passim,
1769 5098 1873 5142 tum
1921 5090 1972 5140 iu

413 5158 530 5212 Vita
560 5169 726 5212 sancti
760 5158 1037 5223 Germani,
1095 5158 1202 5212 tum
1246 5159 1298 5212 iu
1341 5159 1664 5214 carminibus
1691 5161 1973 5228 Plurimum

415 5230 614 5283 laudat.
650 5229 779 5283 Vide
810 5230 986 5285 Vales.
1037 5228 1172 5284 libro
1203 5229 1443 5289 laudato,
1474 5239 1526 5282 et
1557 5231 1688 5282 alios
1733 5241 1975 5281 auctores

415 5303 628 5380 passim.
689 5300 816 5380 Ejus
859 5299 1300 5380 Constitutionem
1353 5298 1605 5354 adversus
1654 5314 1974 5368 paganorqu

415 5370 661 5438 reliquias
684 5371 927 5449 dabimus
955 5370 1006 5422 iu
1039 5370 1360 5436 A-ppeudire.
1487 5439 1497 5449 _
1903 5438 1914 5448 .

459 5436 516 5509 -δ
556 5439 779 5494 Uxorem
805 5440 1012 5493 SCIlIt'el
1037 5439 1360 5509 Cbildeberti
1392 5455 1561 5509 regis,
1592 5454 1653 5491 ac
1683 5437 1813 5492 duas
1845 5437 1978 5492 ﬁlias

416 5507 567 5577 ejus,
598 5509 982 5576 Cbrotbet'gatu
1011 5519 1065 5562 et
1091 5507 1518 5562 (Σιιιοοιθδίηάιιιὶη

495 5589 518 5617 ε
557 5581 686 5641 Alii,
708 5574 996 5644 Continere,-
1023 5580 1176 5646 Bell.,
1205 5578 1433 5642 Chartae,
1461 5587 1514 5633 et
1534 5577 1611 5632 sic
1633 5576 1786 5634 infra.
1815 5574 1976 5632 Corb.

424 5648 645 5703 (Ilioneo.
703 5649 766 5703 Et
814 5651 891 5703 sic
944 5651 994 5704 iu
1041 5660 1140 5703 isto
1185 5648 1358 5714 capite
1387 5649 1574 5716 legitur
1609 5647 1706 5709 bis,
1750 5659 1853 5700 tam
1887 5664 1979 5712 pro

424 5720 704 5786 Llioiwber,
737 5737 892 5789 quam
925 5737 1018 5790 pro
1047 5719 1330 5775 Client/bro.
1363 5721 1464 5773 Sed
1493 5730 1547 5771 et
1594 5733 1747 5789 rupta
1779 5719 1830 5772 iu
1859 5733 1976 5788 cap.

2072 3228 2297 3295 putatis,
2323 3227 2494 3296 qualis
2519 3239 2600 3282 est
2631 3228 2718 3280 ille
2749 3227 2857 3282 Rex
2888 3229 3141 3296 caelestis,
3171 3231 3257 3300 qui
3289 3234 3364 3289 sic
3391 3245 3494 3290 tam
3523 3254 3620 3290 ma-

2067 3331 2200 3386 gnos
2225 3330 2377 3385 rcges
2403 3316 2685 3369 interficit!
2708 3316 2762 3369 In
2793 3317 2892 3370 hoc
2919 3318 3061 3371 enim
3086 3320 3243 3374 taedio
3276 3325 3494 3390 positus,
3523 3329 3617 3393 spi-

2069 3409 2227 3466 ritum
2269 3406 2554 3460 exhalavit.
2596 3407 2762 3473 Quem
2793 3416 3016 3475 quatuor
3059 3409 3149 3463 lilii
3179 3413 3257 3465 sui
3287 3428 3405 3467 cum
3439 3432 3614 3484 magus

2071 3499 2272 3551 Itonore
2301 3497 2619 3552 Suessiones
2643 3497 2977 3561 deferentcs,
3009 3502 3058 3554 ιιι
3092 3502 3301 3556 basilica
3334 3504 3470 3559 beati
3519 3507 3617 3560 Μι-

2068 3588 2218 3642 dardi
2248 3588 2592 3656 sepelierunt.
2636 3588 2782 3642 Obiit
2809 3597 2987 3642 autem
3018 3601 3135 3660 post
3164 3608 3322 3654 unum
3349 3593 3617 3648 decurrer—

2071 3680 2138 3736 tis
2166 3681 2293 3734 anni
2321 3680 2483 3745 diem,
2517 3695 2622 3749 quo
2646 3679 2941 3735 Chrautuus
2966 3681 3133 3735 fuerat
3163 3683 3486 3739 interfectus.

2146 3771 2309 3829 XXII.
2339 3771 2670 3840 Chilpericus
2717 3787 2842 3825 vero
2874 3781 2993 3840 post
3046 3772 3212 3842 patris
3253 3775 3472 3838 funera,
3515 3775 3615 3830 tle-

2071 3876 2259 3917 sauros
2282 3863 2369 3930 qui
2390 3864 2442 3916 in
2487 3862 2612 3915 villa
2638 3862 2896 3916 Brinnaco
2930 3863 2946 3900 ι
2980 3872 3136 3917 erant
3177 3867 3503 3935 congregati,
3545 3882 3618 3919 a3-

2069 3973 2364 4046 gtejusdeni
2422 3975 2541 4028 libri
2579 3989 2654 4046 ty,
2683 3974 2789 4046 col.
2823 3975 2948 4046 lla,
2984 3975 3074 4028 liti.
3104 3975 3202 4038 ΞΟ.
3236 3993 3331 4046 pro
3359 3978 3617 4031 Cltaname

2071 4045 2260 4117 legitur
2291 4044 2341 4097 iu
2371 4046 2558 4117 eodem
2587 4042 2771 4108 Corb.,
2807 4043 3081 4099 Clionooue
3103 4085 3119 4110 ,
3157 4042 3456 4117 quanquam
3488 4049 3607 4102 idun

2069 4114 2201 4168 alias
2224 4115 2417 4167 dicitur
2442 4114 2672 4169 Chanan-

2144 4179 2172 4220 ἀ
2210 4183 2373 4237 Ctirb.
2404 4193 2459 4236 ct
2486 4184 2641 4244 Bell.,
2679 4181 3062 4235 Williacltorius
3089 4196 3254 4237 autem
3286 4188 3522 4241 sacerdos
3545 4189 3617 4242 id.

2071 4251 2232 4310 Corb.
2268 4263 2321 4305 et
2348 4253 2548 4319 aliquot
2584 4251 2743 4314 editi,
2779 4251 3154 4310 Willicharius,
3192 4263 3247 4304 ιιι
3275 4269 3453 4313 suum.

2145 4333 2170 4391 tt
2215 4323 2367 4384 Bell.,
2402 4321 2840 4390 Lemajecinum...
2877 4321 3209 4373 Romanicuut
3238 4339 3491 4391 campum.

2146 4389 2166 4432 ί
2209 4392 2337 4458 Alii,
2365 4389 2732 4458 inclusitque...
2751 4390 3095 4455 pauperculir.
3129 4392 3320 4444 Marius
3350 4389 3415 4445 ad
3442 4411 3616 4446 antuut

2002 4493 2048 4551 υ
2205 4462 2542 4551 ιιςξῖθιημιιιιιιΔ
2558 4476 2676 4551 cura
2693 4471 2956 4551 exercet
2979 4461 3104 4551 ξιτεδ
3133 4474 3429 4551 crematum
3454 4465 3612 4544 fusse.

2145 4541 2171 4580 s
2208 4531 2416 4586 Itineris
2443 4545 2621 4585 comes
2653 4529 2751 4583 ftiit
2777 4530 2960 4583 beatus
2989 4531 3282 4585 Germanus
3315 4532 3615 4586 I'arisitruut

2074 4603 2375 4669 episcopus,
2406 4603 2494 4667 qui
2525 4615 2586 4653 ea
2616 4602 2896 4654 occasione
2925 4601 3164 4655 l’ictavos
3193 4605 3443 4669 perrexit,
3478 4604 3616 4656 Iade

2074 4672 2236 4741 gundi
2266 4687 2360 4738 pro
2387 4686 2514 4741 rege
2540 4670 2749 4741 veniam
2782 4672 3060 4736 petiturus,
3091 4680 3147 4726 ut
3176 4683 3356 4725 narrat
3383 4675 3595 4725 Bauioui

2075 4739 2158 4793 ita
2189 4741 2241 4794 in
2278 4741 2388 4810 Vita
2411 4739 2466 4794 S.
2501 4739 2858 4810 Radeguudis.
2891 4741 3040 4795 Tunc
3064 4743 3240 4808 procul
3272 4742 3431 4794 dubio
3461 4745 3616 4810 Igne-

2076 4821 2181 4863 tem
2208 4808 2530 4932 a‘bgbntissam
2576 4809 2886 4874 benedixit,
2933 4821 2986 4863 ut
3024 4811 3216 4864 dicitur
3260 4813 3392 4865 intra
3437 4808 3512 4866 lii:
3543 4827 3617 4876 ix,

2076 4894 2191 4932 can.
2298 4920 2315 4932 .

2073 4894 2191 4945 cap.
2225 4894 2315 4939 sx.

2151 4948 2179 4991 ³³
2220 4950 2390 5004 Etiam
2421 4963 2559 5003 nunc
2603 4964 2792 5019 nomen
2812 4948 3052 5019 retinet,
3103 4951 3152 5001 la
3192 4951 3330 5019 forét
3366 4951 3428 5003 de
3472 4948 3620 5017 Cuise,

2078 5019 2415 5086 Compendio
2438 5020 2696 5086 proxima.
2728 5018 2970 5072 Coiutius
3001 5018 3232 5086 pluribus
3269 5021 3625 5087 probathlo—

2080 5096 2270 5143 tariutu
2300 5103 2442 5142 anno
2471 5088 2538 5141 50
2568 5091 2713 5156 regni
2759 5088 2838 5140 sui
2886 5090 3081 5141 «abiisse
3104 5129 3119 5151 ,
3156 5089 3392 5141 Valesius
3438 5089 3622 5156 aliquot

2079 5158 2265 5211 diebus
2297 5173 2492 5209 annum
2541 5157 2836 5211 excessisse
2887 5159 3159 5225 probabile
3206 5159 3490 5212 existima:
3523 5174 3627 5224 quo

2083 5237 2236 5296 pacto
2262 5226 2536 5292 legendum
2560 5235 2702 5279 esset
2730 5229 2915 5279 saltem
2948 5227 3100 5296 hujus
3123 5231 3309 5296 capitis
3342 5231 3472 5282 initi)
3490 5245 3628 5279 «(uno

2084 5299 2170 5350 50.
2203 5297 2565 5349 lienselu'uius
2594 5304 2774 5348 Censet
2810 5297 2895 5350 ltic
2937 5299 3274 5352 scribendum
3301 5298 3389 5352 5'2.
3427 5299 3627 5351 Clilola-

2085 5365 2191 5419 rius
2220 5367 2353 5419 obiit
2373 5381 2436 5437 ex
2471 5363 2633 5437 Mario
2659 5382 2794 5418 anno
2815 5365 2884 5419 20
2916 5380 3033 5437 post
3069 5368 3412 5423 Consulatum
3433 5367 3624 5431 Basilii,

2085 5437 2134 5490 id
2165 5447 2246 5491 est
2267 5452 2354 5488 an.
2386 5435 2510 5498 501,
2543 5432 2658 5487 ltiti.
2693 5451 2770 5489 Ix.

2164 5507 2177 5543 ί
2222 5505 2363 5570 Alii,
2408 5503 2674 5576 Branuaco
2700 5545 2715 5571 ,
2744 5507 2899 5576 vulgo
2930 5506 3152 5574 Braiue,
3199 5505 3434 5573 οιψὶιΙιιιι
3464 5505 3628 5558 tribus

2083 5577 2294 5634 circiter
2326 5576 2488 5630 lem-is
2515 5575 2582 5626 ab
2607 5575 3207 5642 AugustzrSuessionum
3231 5579 3422 5628 distant
3449 5589 3630 5628 tersus

2087 5647 2314 5700 Rlieutos
2343 5685 2356 5706 ,
2392 5644 2477 5697 ubi
2519 5645 2738 5711 insignis
2769 5646 2972 5700 abbatia
3021 5646 3233 5700 Ordinis
3269 5647 3630 5711 Prmuoustra-

2087 5721 2250 5772 tensis
2273 5719 2330 5769 5.
2366 5715 2564 5769 Ενυιιιυ
2591 5716 2782 5769 dicata.
