4016 6338
375 264 482 324 287

1395 266 1454 322 S.
1494 261 1820 320 GllEGOlUl
1864 261 2162 316 LPISCUPI
2204 261 2631 320 TUltONENSlS

3513 265 3618 319 288

374 381 538 448 cepit,
570 386 624 434 et
652 377 716 432 ad
746 377 978 437 Francos
1007 375 1246 429 utiliores
1279 374 1448 446 petiit,
1477 376 1728 444 ipsosque
1758 389 1940 429 mune-
1968 377 2020 434 Α
2046 384 2247 442 mento,
2285 391 2350 429 ne
2381 353 2616 444 uuqiiam
2639 385 2823 430 contra
2855 391 2976 430 eum
3004 392 3161 446 agere
3188 378 3406 433 deberet
3435 394 3449 432 :
3474 379 3617 448 quod

377 469 528 523 ribus
558 469 787 526 mollitus
820 467 919 520 sibi
957 465 1213 518 subdidit.
1251 466 1310 519 Et
1344 482 1463 518 mox
1500 465 1738 520 Parisios
1769 465 1943 536 ingre-

378 561 539 623 ditur,
572 560 857 621 sedemque
879 557 1206 612 Cliiideberti
1242 558 1383 627 regis
1426 566 1673 626 occupat,
1700 557 1792 612 sed
1836 573 1940 610 non

375 650 463 703 diu
508 649 608 702 hoc
655 650 704 702 ei
749 648 895 702 licuit
938 649 1238 717 possidere;
1281 663 1400 700 nam
1450 647 1722 718 conjuncti
1754 647 1944 701 fratres

373 740 488 805 ejus
514 755 632 792 eum
659 738 854 792 exinde
879 739 1142 806 reptilere,
1173 747 1226 792 et
1253 739 1330 792 sic
1353 737 1490 791 inter
1520 754 1578 789 se
1610 739 1660 790 lii
1691 745 1941 807 quatuor,

375 827 428 882 id
468 843 546 881 εει
570 827 938 893 Cliaribertus,
971 828 1405 884 Guutcbramnus
1428 867 1442 890 ,
1466 827 1826 894 'Cbilpericus,
1857 836 1942 891 at-

373 933 476 987 que
507 918 824 987 Sigibertus,
849 919 1158 976 divisionem
1193 919 1478 988 legitimam
1511 917 1730 973 faciunt.
1758 918 1941 972 Dedit-

379 1025 483 1078 que
514 1026 629 1069 sors
661 1019 684 1045 °
717 1009 1028 1068 Cbariberto
1076 1025 1295 1079 regnum
1325 1008 1648 1063 Childeberti
1673 1049 1689 1074 ,
1736 1010 1944 1063 sedem-

377 1116 482 1168 que
537 1100 732 1154 habere
789 1100 1050 1164 Parisios;
1083 1099 1522 1155 Cuntbcbramno
1553 1115 1677 1155 vero
1721 1115 1940 1169 regnum

375 1190 781 1255 Clilodoineris,
839 1206 901 1252 ac
951 1203 1129 1248 tenere
1173 1191 1358 1257 sedem
1411 1189 1940 1257 Aurelianensemb;

373 1279 672 1350 Chilperico
701 1298 828 1335 vero
873 1299 1089 1352 regnum
1139 1281 1538 1337 Cblotbacbarii
1587 1284 1753 1352 patris
1783 1285 1934 1352 ejus,

371 1371 790 1439 cathedramque
836 1375 988 1442 163
1037 1374 1354 1428 Suessiooas
1405 1374 1633 1440 habere;
1674 1375 1941 1442 Sigiberto

371 1479 581 1533 quoque
609 1479 827 1534 regnum
860 1464 1201 1532 Theudorici,
1232 1465 1521 1534 sedemque
1549 1465 1745 1520 habere
1795 1465 1940 1519 Rhe-

371 1566 688 1611 tnensentc.
1053 1547 1058 1552 .

439 1642 628 1702 XXIII.
653 1646 778 1703 Nam
806 1645 1570 1715 postmortemCblotliacharii
1603 1647 1745 1718 regis
1767 1646 1936 1702 Cbuni

2043 477 2229 535 posma
2261 467 2489 532 peccatis
2520 467 2832 521 facientibus
2860 475 2941 521 est
2966 467 3248 534 irruptum.

2113 551 2302 607 XXIV.
2329 554 2462 607 Cum
2495 561 2671 607 autem
2715 552 3145 610 Guntchramnus
3182 571 3272 608 rex
3305 556 3454 625 regni
3493 571 3619 627 par-

2043 651 2170 710 tem,
2201 645 2338 698 sicut
2363 646 2550 698 fratres
2581 645 2685 710 sui,
2717 645 3052 712 obtinuisset,
3081 656 3261 700 amoto
3284 649 3562 715 Agrtncula
3589 657 3617 686 ⁸

2045 734 2291 801 patricio,
2320 733 2531 788 Celsum
2568 736 2876 803 patriciatus
2909 735 3111 791 honore
3156 737 3402 804 donavit,
3447 739 3616 792 virum

2043 837 2323 893 procerum
2355 835 2493 878 statu
2528 822 2573 893 ί,
2603 824 2655 878 in
2686 825 2920 891 scapulis
2955 825 3110 895 164
3131 828 3381 892 validum,
3417 828 3618 881 lacerto

2044 917 2346 980 robustum,
2377 917 2428 970 in
2458 918 2635 972 verbis
2659 918 2941 983 tumidum,
2968 919 3022 971 in
3055 919 3323 986 responsis
3353 929 3613 987 opportu-

2044 1026 2191 1076 num,
2223 1011 2359 1077 juris
2385 1010 2610 1064 lectione
2641 1011 2868 1078 peritum
2904 1025 2918 1062 :
2956 1011 3038 1063 cui
3072 1019 3214 1063 tanta
3240 1009 3493 1078 deinceps
3521 1009 3617 1063 ha-

2042 1099 2198 1162 bendi
2239 1099 2502 1167 cupiditas
2540 1099 2770 1163 exstitit,
2805 1107 2861 1152 ut
2890 1101 3084 1167 saepius
3125 1099 3476 1154 ecclesiarum
3525 1114 3614 1153 res

2044 1191 2295 1244 auferens
2318 1233 2332 1256 ,
2365 1191 2478 1244 suis
2519 1191 2810 1247 ditionibus
2852 1189 3166 1260 sulijugarit.
3197 1191 3326 1244 Nam
3356 1206 3476 1244 eum
3521 1206 3616 1244 au-

2041 1279 2208 1333 disset
2241 1281 2468 1347 quadam
2506 1281 2622 1335 vice
2653 1280 2800 1335 Isaias
2837 1281 3110 1350 prophetae
3137 1281 3420 1334 lectionem
3448 1281 3498 1336 iu
3517 1293 3616 1332 ec-

2044 1369 2201 1424 clesia
2236 1370 2334 1438 legi
2361 1411 2375 1435 ,
2405 1370 2456 1424 in
2487 1387 2590 1439 qua
2620 1372 2693 1425 ait
2720 1389 2732 1424 :
2773 1371 2869 1424 Va:
2913 1373 2992 1424 his
3034 1372 3120 1439 qui
3152 1372 3379 1442 jungunt
3405 1373 3616 1426 domum

2039 1458 2107 1512 ad
2145 1459 2352 1512 domum
2375 1501 2390 1525 ,
2437 1469 2484 1513 et
2524 1476 2706 1529 agrum
2752 1460 2820 1512 ad
2847 1475 3028 1529 agrum
3066 1462 3306 1529 copulant
3343 1477 3498 1527 usque
3543 1463 3613 1515 ad

2041 1550 2314 1602 terminum
2347 1549 2444 1602 loci
2469 1549 2624 1619 (lsai.
2650 1566 2700 1614 v,
2732 1550 2811 1618 8),
2836 1551 3165 1606 exclamasse
3197 1551 3364 1606 fertur
3390 1568 3404 1602 :
3431 1551 3613 1606 Incon-

2039 1656 2169 1710 grue
2199 1641 2300 1693 hoc
2328 1641 2418 1693 Vae
2457 1641 2584 1695 milii
2616 1651 2669 1695 et
2703 1641 2822 1695 filiis
2846 1643 2998 1696 tneis.
3031 1643 3135 1696 Sed
3168 1643 3382 1712 reliquit
3418 1641 3611 1706 ﬁlium,

372 1735 480 1807 [ΑΙ.
515 1736 711 1808 Hunni]
737 1736 939 1796 Gallias
969 1745 1244 1814 appetunt,
1276 1745 1460 1790 contra
1491 1752 1625 1807 quos
1648 1737 1942 1807 Sigibertus
1975 1729 2020 1788 Β
2048 1729 2136 1797 qui
2169 1729 2370 1798 absque
2401 1730 2585 1785 liberis
2622 1732 2858 1794 functus.
2890 1733 3173 1786 maximam
3215 1742 3413 1799 partem
3443 1732 3613 1786 facqu

371 1829 663 1881 exercitum
692 1828 892 1898 dirigit,
927 1836 981 1880 et
1009 1835 1160 1897 gesto
1189 1836 1371 1881 contra
1402 1843 1494 1881 eos
1524 1828 1690 1892 bello,
1723 1828 1945 1883 vicitat-

371 1934 475 1986 que
505 1918 701 1988 fugavit
729 1935 742 1973 :
772 1921 864 1973 sel
910 1929 1090 1987 postea
1134 1935 1224 1973 rex
1278 1935 1462 1973 eormn
1511 1920 1772 1974 amicitias
1821 1935 1942 1976 cum

371 2009 552 2064 eodem
579 2025 670 2076 per
692 2012 892 2079 legatos
922 2009 1130 2062 meruit.
1159 2008 1288 2062 Dum
1313 2019 1488 2063 autem
1513 2025 1633 2062 cum
1655 2010 1736 2064 eis
1758 2011 1942 2063 turba-

371 2109 452 2152 tus
484 2109 621 2152 esset
654 2099 950 2168 Sigibertus
975 2138 989 2160 ,
1022 2098 1356 2166 Cliilpericus
1387 2097 1552 2152 frater
1577 2100 1694 2167 ejus
1723 2100 1942 2160 fllietuis

372 2188 628 2255 pervadit,
662 2197 716 2241 et
745 2189 876 2240 alias
903 2183 1314 2255 civilates,_qu:e
1340 2188 1404 2240 ad
1424 2204 1547 2247 eum
1578 2191 1940 2261 gertinebant,

373 2278 609 2330 abstulit.
648 2277 724 2330 Ex
750 2278 859 2330 hoc
889 2277 1029 2332 enim
1057 2277 1193 2330 inter
1217 2291 1330 2347 eos,
1356 2278 1494 2345 quod
1528 2277 1678 2348 pejus
1703 2289 1805 2345 est,
1830 2279 1874 2333 b:
1901 2281 1944 2334 l—

373 2383 474 2418 ium
505 2367 662 2420 civile
685 2367 939 2421 surrexit.
977 2367 1210 2420 llediens
1240 2379 1420 2422 autem
1452 2367 1751 2437 Sigibertus
1774 2371 1945 2424 victor

374 2469 397 2508 a
426 2455 625 2508 Cilonis
646 2499 662 2525 ,
695 2455 1010 2510 Suessiouas
1038 2457 1308 2510 civitatem
1340 2467 1599 2524 occupat,
1638 2457 1817 2526 ibique
1861 2459 1943 2513 iu-

374 2553 587 2598 ventum
611 2544 1068 2610 Theodobertum,
1100 2544 1388 2614 Cliilperici
1430 2546 1570 2614 regis
1618 2547 1780 2600 lilium
1806 2589 1820 2612 ,
1849 2563 1946 2616 ap-

373 2636 687 2705 prehendit,
719 2647 774 2691 et
801 2637 850 2688 io
883 2636 1127 2690 exsilium
1169 2637 1503 2692 transmittit.
1539 2640 1815 2700 Accedens
1843 2657 1943 2696 au-

374 2736 477 2782 tem
527 2739 706 2782 contra
759 2727 1159 2798 Cliilpericuiu,
1214 2729 1410 2784 bellum
1459 2731 1798 2787 eotnmovit:
1838 2747 1944 2801 quo

375 2817 514 2872 victo
537 2826 695 2884 atque
729 2815 928 2885 fugato,
955 2818 1200 2872 civitates
1218 2833 1345 2872 suas
1373 2821 1422 2873 in
1455 2836 1602 2874 suam
1629 2819 1943 2876 dominatio-

375 2923 491 2961 nem
525 2908 771 2968 restituit.
799 2907 1228 2961 'l'beodobertum
1259 2924 1385 2962 vero
1423 2909 1589 2963 lilium
1616 2910 1774 2979 illius,
1801 2915 1939 2980 apud

376 2992 715 3050 Ponticonem
749 2997 926 3050 v-llam
958 2994 984 3032 ἀ
1014 2997 1270 3052 cusmdiri
1297 2999 1457 3067 jussit
1493 3015 1598 3072 per
1634 3017 1828 3055 annum
1859 3004 1941 3057 iti-

2048 1820 2169 1874 tatls
2193 1822 2455 1884 ecclesiis,
2489 1838 2619 1891 quas
2650 1831 2799 1891 pater
2836 1823 3231 1891 e-xspoliaverat
3255 1863 3271 1888 ,
3308 1824 3610 1892 dereliquit.

2120 1910 2283 1966 XXV.
2316 1913 2746 1969 Cuutchramnus
2768 1922 2945 1968 autem
2977 1929 3073 1970 rex
3112 1914 3299 1976 bonus,
3325 1913 3493 1982 primo
3515 1913 3613 1969 Ve-

2048 2003 2369 2066 net-audam,
2415 2003 2690 2073 cujusdam
2737 2019 2957 2058 suorum
2988 2003 3256 2068 ancillam,
3291 2018 3390 2072 pro
3415 2019 3612 2058 concu-

2046 2094 2168 2147 bina
2214 2094 2368 2148 thoro
2427 2094 2734 2161 sulijuuxit.
2767 2094 2834 2148 de
2883 2108 2985 2162 qua
3033 2093 3418 2148 Cundobadum
3448 2094 3612 2148 tilium

2044 2183 2299 2252 suscepit.
2329 2182 2520 2236 Postea
2552 2198 2678 2237 vero
2707 2183 3094 2237 Marcatrudem
3124 2193 3178 2247 -ε,
3211 2183 3374 2236 filim
3399 2182 3611 2252 Magna-

2044 2275 2132 2340 rii,
2160 2275 2211 2328 in
2251 2276 2647 2328 matrimonium
2679 2275 2902 2340 accepit.
2937 2273 3323 2328 Gundobadum
3346 2271 3372 2310 ³³
3406 2290 3532 2328 vero
3552 2274 3611 2328 fi-

2045 2364 2178 2418 lium
2205 2381 2357 2419 suum
2383 2364 2681 2419 Aureliauis
2712 2365 3020 2419 transmisit.
3047 2364 3259 2418 Emula
3285 2375 3458 2420 autem
3475 2366 3609 2420 Mar-

2043 2456 2278 2511 catrudis
2307 2464 2424 2523 post
2454 2457 2688 2510 habitum
2719 2457 2904 2523 lilium,
2931 2457 2981 2509 in
3017 2457 3174 2525 hujus
3203 2473 3269 2510 in:
3295 2467 3427 2512 rtem
3459 2472 3609 2527 gras-

2044 2560 2192 2602 satur
2219 2547 2261 2615 ί,
2293 2558 2347 2602 et
2376 2547 2774 2612 transmissum,
2825 2558 2880 2602 ut
2913 2549 3092 2613 aiunt,
3136 2563 3399 2602 venenum
3432 2549 3484 2602 iu
3516 2542 3622 2618 po?

2045 2647 2182 2705 tum,
2210 2638 2404 2692 occidit
2436 2637 2481 2691 i.
2506 2639 2621 2702 Quo
2667 2646 2911 2704 mortuo,
2943 2638 3051 2707 ipsa
3091 2638 3290 2703 judicio
3323 2639 3412 2692 Dei
3441 2639 3609 2694 tilium

2042 2742 2196 2782 suum
2228 2743 2384 2797 quem
2405 2727 2647 2781 habebat
2669 2726 2919 2796 perdidit,
2949 2737 3004 2783 et
3030 2728 3209 2781 odium
3244 2729 3384 2796 regis
3433 2730 3611 2783 incur-

2043 2819 2138 2882 rit,
2167 2819 2491 2890 dimissaque
2529 2821 2596 2874 ab
2625 2818 2814 2873 eodem
2835 2859 2850 2883 ,
2884 2835 2987 2874 non
3015 2821 3183 2874 multo
3224 2829 3340 2888 post
3367 2829 3608 2888 tempore

2043 2921 2254 2966 mortua
2299 2920 2399 2967 est.
2437 2910 2565 2967 Post
2599 2928 2757 2983 quam
2822 2929 2914 2966 rex
2975 2915 3396 2970 Austrecbildem
3440 2917 3487 2984 ιτ,
3518 2935 3607 2974 co-

2042 3011 2326 3071 gnomento
2355 3002 2609 3070 Bobilam,
2638 3001 2861 3070 accepit.
2894 3003 2960 3056 de
2978 3019 3076 3071 qua
3100 3004 3286 3059 iterum
3318 3007 3451 3062 duos
3474 3009 3608 3064 ﬁlios

379 3094 605 3155 tegrum,
631 3103 789 3156 quem
838 3095 1018 3153 postea
1040 3130 1054 3156 ,
1088 3096 1147 3141 ut
1174 3097 1290 3142 erat
1339 3090 1593 3156 clemens,
1627 3092 1933 3147 muneribus
1960 3092 2004 3160 Ω
2039 3091 2243 3159 habuit,
2268 3109 2488 3161 quorum
2517 3093 2697 3148 senior
2721 3093 3060 3148 Cblotbarius
3093 3135 3108 3161 ,
3154 3096 3334 3165 junior
3377 3097 3607 3154 Cblutlu-

376 3175 593 3229 ditatum
627 3181 757 3245 patri
792 3177 1018 3230 reddidit
1047 3192 1258 3244 sanum,
1283 3177 1406 3230 dato
1431 3187 1605 3233 tamen
1628 3181 1725 3234 sibi
1759 3195 1938 3234 sacra-

443 3317 468 3344 "
507 3308 634 3364 Sors
661 3310 884 3371 dicitur,
915 3309 1054 3376 quod
1085 3310 1277 3364 sortito
1325 3312 1472 3379 regni
1519 3322 1694 3376 partes
1733 3313 1941 3369 divide-

385 3388 574 3438 "eutur,
627 3391 680 3432 ut
721 3381 968 3432 observat
1016 3380 1254 3434 Valesius
1303 3382 1453 3436 initio
1504 3383 1596 3436 lib.
1630 3399 1698 3436 vtt
1741 3383 1937 3437 Iterum

388 3447 567 3521 'i‘ranc.
599 3450 840 3521 Nonnulli
866 3461 1049 3521 tamen
1079 3452 1264 3503 Volunt
1287 3451 1422 3504 hanc
1449 3452 1761 3506 divisionem
1792 3463 1940 3521 patre

394 3517 547 3569 adhuc
573 3523 783 3571 vivente
805 3517 967 3571 fuisse
995 3519 1206 3572 factam.

447 3585 472 3622 δ
513 3587 896 3640 Guntramautn
944 3603 1210 3656 nunquam
1241 3588 1544 3644 Aurelianis
1582 3590 1786 3646 sedisse
1813 3604 1941 3648 enn-

395 3657 546 3709 endit
580 3657 833 3710 Valesius.

453 3734 476 3798 ς
516 3725 603 3798 _Sie
629 3740 814 3798 omnes
845 3739 972 3777 mss.
997 3736 1050 3778 et
1071 3725 1217 3798 editi,
1249 3737 1470 3796 excepto
1501 3729 1656 3783 unico
1685 3729 1937 3798 Cbesnio,

399 3794 465 3844 tui
516 3794 672 3847 habet
724 3795 1041 3848 Mettemem.
1105 3795 1294 3849 Verum
1339 3794 1548 3864 quidem
1597 3810 1677 3852 est
1714 3801 1766 3853 in
1813 3794 1935 3856 cod.

398 3864 556 3938 tolle,
579 3865 681 3938 qui
705 3866 829 3938 olim
874 3866 968 3917 fuit
1011 3866 1318 3938 monasterii
1342 3871 1398 3919 S.
1424 3869 1624 3920 Aruulli
1647 3870 1940 3938 Meneni-is,

399 3931 534 4005 lodie
585 3933 682 4001 legi
733 3932 1062 4005 Mettensem;
1108 3937 1199 3988 sed
1254 3937 1301 3988 id
1342 3938 1410 3989 ab
1458 3938 1635 4005 aliquo
1678 3931 1942 4000 nebulone

399 4001 572 4054 actum
603 4012 708 4066 est,
738 4005 824 4071 qui
857 4004 1051 4056 detrito
1074 4004 1232 4072 priori
1263 4001 1706 4071 vocabulopistud
1737 4012 1939 4064 substi-

400 4073 497 4144 ttit.
525 4075 741 4144 lleinde
786 4083 986 4126 certum
1035 4085 1114 4127 est
1162 4076 1479 4140 Sigibertum
1522 4079 1657 4144 apud
1711 4080 1942 4135 libemus

395 4141 626 4196 labuissc
656 4145 888 4212 regiam,
920 4160 1075 4210 ququ
1105 4147 1288 4199 urbem
1317 4141 1661 4202 Cbludov'eus
1697 4149 1943 4204 'l‘lieudo-

397 4225 486 4286 [ρο
511 4213 619 4286 lilio
647 4228 745 4266 sou
773 4223 898 4286 natu
928 4214 1158 4286 maximo
1184 4216 1326 4286 rigui
1352 4229 1504 4282 caput
1524 4219 1866 4285 attribuerat;
1889 4230 1944 4276 et

397 4279 775 4337 'Iieodebertos
834 4283 1153 4340 Theudorici
1207 4279 1348 4340 filius
1392 4279 1509 4341 cum
1560 4279 1941 4345 Cabillouey'iu

397 4355 620 4404 norbum
675 4354 1023 4419 incurrisset,
1075 4357 1306 4408 libemus
1351 4367 1623 4410 revertens
1671 4359 1720 4411 iu
1750 4360 1942 4415 itinere

398 4419 659 4474 tltl‘unctus
686 4432 765 4475 est
790 4463 804 4485 ,
854 4433 908 4475 ut
937 4433 1156 4477 testatur
1185 4423 1509 4478 Fortunatus
1537 4428 1585 4478 io
1624 4426 1738 4481 Vita
1767 4429 1937 4484 sancti

397 4487 647 4543 Cirtnani.
679 4467 810 4543 Hinc
856 4501 1006 4545 vetus
1052 4502 1236 4545 auctor
1276 4495 1366 4560 qui
1411 4495 1469 4548 S.
1491 4467 1738 4560 Quinidii
1966 4467 2016 4525 Β

400 4562 559 4630 uersis
587 4560 820 4628 episcopi
850 4569 996 4623 gesta
1024 4562 1260 4626 Scripsit,
1291 4574 1343 4612 ut
1369 4578 1520 4626 eum,
1551 4565 1638 4630 qui
1668 4567 1765 4618 sub
1787 4566 1940 4621 Chlo-

399 4626 535 4681 dorei
569 4629 690 4682 liltis
728 4626 1078 4699 etneputibus
1106 4633 1255 4694 vixit,
1282 4631 1472 4699 ubique
1493 4626 1755 4688 celebrem
1775 4633 1940 4692 fuisse

393 4699 679 4770 ost-rideret
703 4717 714 4751 :
743 4697 912 4751 Fama
946 4768 958 4770 _
987 4700 1168 4770 ipsius,
1202 4697 1398 4768 inquit,
1417 4701 1630 4754 Romam
1653 4720 1753 4757 non
1769 4706 1937 4763 latuit.

397 4765 553 4832 Regna
595 4768 859 4823 Gallorum
884 4814 898 4834 ,
935 4765 1140 4823 [litantis
1157 4765 1377 4835 denique
1397 4787 1510 4823 cum
1539 4777 1646 4824 suis
1673 4773 1941 4829 Germani-

393 4837 465 4907 cis
479 4840 672 4907 nuptilis
801 4855 900 4891 non
933 4849 1180 4893 texerunt.
1219 4840 1513 4894 Germanos
1541 4842 1760 4898 Rbemis
1789 4848 1940 4899 attri-

400 4906 495 4984 bui.
517 4906 546 4975 ,⁷
573 4910 713 4978 quod
762 4911 834 4962 illi
859 4910 1071 4977 regibus
1099 4911 1418 4984 austrasiw,
1449 4912 1775 4984 cujus__regiii
1808 4919 1935 4969 urbs

402 4975 700 5047 Illumorum
729 4989 843 5034 erat
869 4975 1054 5047 caput,
1087 4980 1310 5047 subjecti
1340 4975 1538 5035 essent.
1593 4975 1938 5039 llis'conseu-

399 5045 518 5101 tiutt
545 5060 693 5104 vetus
728 5045 946 5114 auctor,
974 5051 1062 5117 qui
1095 5045 1252 5104 Gesta
1286 5049 1608 5104 Francorum
1639 5054 1738 5106 sub
1769 5056 1934 5120 prima

400 5133 562 5191 reguu
597 5132 896 5191 nostrorum
919 5123 1084 5186 stirpe
1112 5121 1427 5184 conscripsit
1452 5121 1713 5191 ,lloricii,
1740 5123 1938 5191 aliique

397 5188 633 5257 plerque,
662 5191 747 5255 qui
776 5190 1008 5243 ltheuius
1030 5192 1208 5244 sedem
1241 5191 1435 5260 regiam
1466 5190 1626 5244 fuisse
1657 5188 1934 5249 testantur.

403 5260 688 5323 Barmium,
723 5261 987 5313 Petavium
1010 5301 1024 5325 ,
1057 5260 1316 5312 Cuintiuui
1345 5262 1584 5328 aliosque
1615 5264 1938 5318 recentiores

396 5331 745 5396 praetermitto.
774 5330 1027 5400 Scaliger,
1064 5328 1198 5400 llad.
1230 5328 1471 5386 Valesius
1496 5341 1548 5385 et
1573 5332 1679 5395 alii,
1716 5331 1935 5386 Rhemos

394 5409 496 5458 aut.
528 5401 629 5454 iive
655 5410 700 5453 et
733 5400 916 5453 Mettus
937 5443 950 5466 ,
983 5399 1127 5466 regni
1153 5400 1331 5452 sedem
1366 5400 1529 5454 l'uisse
1557 5402 1813 5466 scribunt,
1849 5419 1935 5455 re-

393 5484 574 5539 gesque
593 5471 925 5526 Mettensium
958 5483 1012 5524 et
1049 5469 1369 5522 libetuurum
1403 5470 1705 5536 appellant;
1738 5481 1792 5523 et
1822 5471 1939 5537 qui-

394 5541 510 5610 dem
542 5558 698 5594 nemo
746 5542 964 5610 inlle'giri
999 5547 1206 5610 potest,
1251 5540 1528 5610 plerosque
1552 5553 1624 5610 ex
1656 5542 1940 5605 postremis

389 5609 661 5732 ιιῒιι-ιιιδίειε
708 5608 919 5681 regibus
962 5610 1100 5679 apud
1145 5608 1332 5663 Mettus
1379 5608 1712 5677 potissimum
1752 5625 1941 5668 consu-

430 5698 550 5732 lSsd-

430 5698 550 5736 me.

2041 3183 2201 3237 meris
2227 3183 2518 3240 dicebatur.

2111 3314 2139 3354 ά
2165 3315 2314 3388 ,γιιιει
2347 3315 2583 3388 τεείαῌᾳά
2613 3314 2813 3388 saltum
2845 3315 3057 3370 fluvium
3098 3316 3153 3388 in
3182 3288 3608 3388 pago.Pertensi,

2043 3384 2180 3467 haud
2205 3387 2386 3467 procul
2419 3403 2447 3438 a
2480 3385 2775 3467 Victor-iace
2798 3387 3022 3467 Incensa
3047 3387 3096 3438 in
3121 3384 3426 3467 Campania,
3448 3384 3606 3458 quam

2045 3454 2284 3527 Papirius
2330 3454 2926 3527 Massotttis__tnale_cum
2967 3454 3385 3527 _Po_uteflcauute
3439 3454 3606 3527 prope

2030 3526 2282 3595 Senonas
2297 3525 2554 3579 confudit.
2589 3524 2722 3595 Vide
2747 3524 2840 3578 lib.
2870 3539 2922 3578 tv
2949 3525 3017 3578 de
3042 3523 3123 3579 Rc
3141 3523 3481 3595 diplomatica
3502 3523 3590 3585 ubi

2027 3594 2109 3648 .de
2138 3595 2370 3657 l’alatiis,
2397 3610 2542 3648 num.
2577 3592 2695 3647 H8.

2119 3676 2161 3736 r_
2183 3664 2272 3736 Sic
2303 3663 2430 3716 Bell.
2460 3675 2515 3736 et
2543 3664 2686 3736 ΒεείτΣ
2725 3662 3056 3736 cum_edit.;
3107 3673 3162 3717 at
3201 3663 3385 3736 Corb.,
3419 3667 3604 3736 Regm.

2043 3733 2297 3798 ctColb.,
2347 3733 2600 3800 Agricola.
2658 3733 2732 3787 De
2784 3733 2940 3787 Celso
2994 3749 3098 3786 non
3145 3733 3311 3788 semel
3368 3733 3607 3792 inferius.

2029 3803 2186 3856 Obiit
2209 3817 2276 3857 ex
2307 3803 2453 3857 Marii
2482 3803 2826 3856 Chronico-«tv
2867 3803 3031 3856 Cons.
3065 3803 3253 3857 Jusﬁui
3276 3805 3521 3871 iunioris,
3553 3810 3603 3862 id

2025 3882 2123 3927 est
2171 3889 2258 3930 an.
2287 3871 2410 3926 570.
2458 3872 2639 3926 Silviae
2678 3873 2842 3941 ipsius
2881 3876 3065 3927 matris
3089 3874 3413 3940 epitaphium
3446 3880 3610 3932 refert

2043 3943 2303 4013 Cliesnius
2352 3951 2494 4013 tumo
2539 3942 2576 4005 Ι,
2611 3958 2728 4010 pag.
2760 3941 2883 3994 5l7.
2932 3942 3142 4013 Patricii
3170 3955 3346 3997 autem
3379 3947 3609 4013 dignitas

2046 4012 2096 4063 in
2117 4012 2438 4065 Guntramni
2469 4027 2676 4079 reguoa
2703 4012 3131 4080 Burgundionum
3161 4015 3373 4081 regibus
3401 4017 3611 4071 deriva-

2043 4082 2158 4144 bat,
2187 4082 2272 4148 qui
2303 4096 2420 4135 cum
2450 4097 2566 4136 eam
2589 4086 2666 4136 ab
2691 4083 3096 4147 imperatoribus
3123 4085 3482 4151 accepissent,
3513 4102 3608 4140 eo-

2043 4166 2146 4218 que
2175 4153 2386 4205 nomine
2405 4151 2632 4206 vocitari
2666 4154 2860 4218 saepius
2892 4152 3285 4206 delectarentur
3305 4195 3318 4218 ,
3349 4154 3414 4206 iis
3444 4157 3606 4209 etiam

2043 4220 2319 4292 exstinctis
2342 4263 2356 4287 ,
2387 4222 2473 4292 qui
2506 4230 2687 4289 postea
2714 4221 2814 4292 sub
2854 4220 3066 4292 regibus
3113 4223 3307 4277 nostris
3349 4224 3454 4276 illis
3487 4240 3612 4292 pro-

2041 4290 2229 4344 vinciis
2277 4290 2507 4356 prtefectl
2546 4301 2666 4343 sunt
2692 4335 2706 4358 ,
2755 4290 2968 4345 Patricii
3010 4305 3201 4345 nomen
3235 4303 3290 4344 ut
3322 4290 3606 4356 plurimum

2045 4361 2229 4430 tulere.
2285 4360 2412 4430 Vide
2464 4361 2728 4414 Valesiuin
2786 4360 2880 4412 lib.
2912 4375 2980 4430 δι
3012 4360 3209 4414 lterum
3252 4361 3610 4430 Francic.,get

2039 4429 2353 4498 'Bignunium
2386 4429 2438 4484 iu
2469 4431 2561 4482 llb.
2591 4445 2604 4483 ι
2629 4430 2861 4485 Marculfi
2905 4429 3165 4495 Formul.,
3194 4447 3341 4484 num.
3371 4431 3460 4486 55.

2119 4499 2137 4537 ί
2180 4503 2359 4553 Status
2383 4515 2478 4567 pro
2501 4509 2701 4553 statura
2733 4503 2894 4554 etiam
2941 4501 3079 4566 apud
3109 4511 3353 4555 auctores
3381 4517 3485 4554 non
3527 4501 3610 4555 iu-

2043 4568 2230 4636 llmos,
2279 4583 2461 4622 sacros
2507 4580 2557 4622 et
2611 4571 2890 4636 profanos,
2930 4572 3184 4624 occurrit.
3215 4570 3342 4625 Vide
3369 4571 3587 4626 Glossar

2041 4635 2209 4707 Calig.
2242 4647 2296 4692 et
2321 4649 2496 4692 notam
2525 4639 2632 4693 275
2653 4642 2703 4692 in
2731 4655 2854 4692 nov.
2886 4639 3211 4694 odit..sanoti
3239 4641 3464 4694 Paulini.

2113 4718 2139 4755 8
2173 4707 2349 4773 Culb.,
2375 4709 2780 4762 Mercatruilem.
2826 4710 2900 4763 De
2936 4709 3238 4778 Maguario,
3266 4726 3362 4765 seu
3399 4711 3605 4779 Magna-

2040 4777 2225 4832 cbario
2255 4780 2387 4831 inl'ra
2410 4780 2502 4833 lib.
2531 4794 2581 4842 ν,
2613 4795 2733 4847 cap.
2768 4781 2856 4834 l7.

2113 4856 2140 4893 ¹³
2174 4857 2261 4911 Sic
2289 4858 2419 4913 Bell.
2453 4865 2506 4913 et
2537 4859 2697 4922 Bec.;
2730 4858 2944 4926 Regtn.,
2969 4857 3392 4912 Gundebaudum.
3424 4858 3604 4923 Culb.,

2044 4925 2435 4993 Gundebadum;
2460 4927 2570 4993 alii,
2603 4925 3018 4984 Gundebaldum.

2120 5017 2135 5054 ί
2179 5020 2310 5085 Qua:
2338 5029 2631 5087 sequuntur
2659 5033 2824 5085 usque
2861 5018 2925 5072 ad
2959 5017 3071 5071 haec
3102 5017 3266 5080 verba
3294 5017 3484 5085 capitis
3513 5031 3604 5072 se-

2041 5090 2287 5172 que-ritis,
2330 5087 2601 5172 Exartisna
2631 5087 2840 5172 lucentia
2869 5089 3124 5172 episcopo,
3151 5089 3346 5172 desunt
3375 5090 3425 5141 iu
3460 5087 3608 5151 Bec.,

2041 5157 2220 5224 Culb.,
2250 5159 2438 5226 Regni.
2467 5167 2520 5211 et
2545 5158 2670 5211 Bad.
2702 5159 2831 5223 Qua:
2854 5168 3028 5210 autem
3060 5157 3142 5210 hic
3170 5157 3429 5210 habentur
3453 5173 3610 5210 nemo

2043 5227 2238 5281 dixerit
2286 5228 2596 5292 interpolata
2619 5268 2633 5291 ,
2681 5242 2800 5280 cum
2830 5228 2912 5280 his
2955 5228 3167 5280 omissis
3196 5235 3376 5282 textus
3403 5228 3471 5282 sit
3498 5229 3611 5283 evi-

2042 5296 2230 5353 denter
2254 5300 2472 5351 omnino
2499 5310 2717 5352 mancus
2746 5307 2799 5350 et
2819 5296 3167 5366 interruptus.

2114 5389 2129 5437 ι
2175 5389 2260 5442 Sic
2285 5389 2445 5444 Corb.
2485 5404 2579 5455 pro
2625 5389 3014 5442 uertendum...
3061 5402 3269 5442 veneno.
3315 5387 3448 5443 Bell.
3488 5401 3608 5445 cum

2041 5457 2153 5522 od.,
2181 5458 2234 5510 in
2257 5469 2430 5522 potant
2450 5461 2495 5512 ei
2524 5458 2636 5512 duri
2664 5459 2877 5512 curavit.

2115 5543 2142 5618 '5
2180 5547 2267 5603 Sic
2292 5547 2448 5602 Corb.
2493 5548 2630 5616 Alii,
2683 5546 3068 5618 Austrigildem.
3119 5547 3270 5618 Apud
3299 5545 3501 5603 Chesu.
3530 5547 3607 5605 al.

2044 5617 2234 5685 codex,
2266 5627 2593 5689 cognomento
2615 5617 2933 5674 Bobilrmam.
2965 5618 3096 5673 Bell.
3108 5657 3125 5687 ,
3156 5617 3431 5672 Robillaat.
