4016 6338
379 352 476 410 i9!

1374 347 1433 414 s.
1469 353 1800 431 cuneum
1839 350 2142 415 EPISCOPI
2183 356 2611 420 reservasse

3531 359 3638 414 209

385 473 469 524 (ιρι
495 479 598 545 una
626 461 927 538 reginarum
957 469 1094 540 ejus,
1130 468 1344 524 nuntios
1384 470 1451 525 ad
1492 470 1954 526 Guntchramnum
1983 471 2034 532 Α
2059 473 2178 543 gnis
2207 476 2401 545 opibus
2429 480 2740 533 destinavit.
2771 476 2904 534 Nam
2929 474 3244 533 Galsttintha
3271 485 3427 532 artato
3457 480 3640 534 senior

381 542 580 629 regem
611 554 834 630 dirigit,
881 575 941 614 se
979 562 1120 614 ultro
1150 554 1381 616 oll‘erens
1435 561 1778 617 matrimonio
1818 562 1956 630 ejus.

379 651 581 718 Quibus
612 667 700 704 rex
735 651 834 705 hoc
863 651 1094 706 reddidit
1133 653 1186 707 in
1236 653 1546 722 responsis:
1591 654 1865 709 Accedere
1892 653 1959 709 ad

2056 580 2218 634 quam
2260 564 2617 622 Brunichilds
2659 579 2793 622 erat.
2835 570 2965 635 Quze
3009 583 3131 622 cum
3178 569 3242 621 ad
3269 569 3640 635 Cltilperirllm

2059 670 2237 724 regem
2262 656 2514 711 venisset.
2544 671 2666 711 cum
2697 658 2880 728 grandi
2908 658 3114 712 honore
3135 667 3400 727 snseepla.
3418 658 3644 728 ejuSquo

379 754 466 793 me
493 740 541 794 ei
575 751 679 792 non
711 740 888 811 pigeat
912 755 1032 793 cum
1069 738 1336 796 thesauris
1383 743 1497 796 suis
1527 760 1541 796 :
1570 757 1667 810 ego
1691 736 1833 796 enim
1865 757 1959 795 ac-
2058 753 2142 799 est
2171 747 2370 800 sociata
2398 740 2648 818 conjugin
2677 765 2689 801 :
2720 763 2748 799 a
2779 757 2885 817 quo
2915 745 3074 801 etiam
3106 763 3304 817 magno
3332 763 3518 803 amore
3559 750 3646 806 di-

377 829 574 898 cipiam
604 840 747 894 eam,
779 825 1075 898 faciamque
1102 847 1342 900 magnam
1375 834 1424 886 in
1457 834 1680 901 p0pulis,
1728 842 1786 885 ttt
1809 833 1960 887 scili-

376 929 465 974 cet
492 917 694 990 majore
725 929 931 976 mecum
960 918 1165 977 honore
1194 938 1356 988 quam
1388 939 1510 977 cum
1539 933 1795 993 germano
1818 935 1958 988 meo,

384 1010 474 1078 qui
505 1020 674 1080 nuper
693 1009 978 1065 defunctus
1003 1019 1107 1076 est,
1134 1011 1388 1082 potiatur.
1415 1011 1484 1066 At
1513 1011 1598 1066 illa
1626 1009 1830 1081 gavisa,
1853 1013 1965 1066 col-

383 1101 541 1156 lectis
571 1102 850 1168 omnibus,
872 1096 942 1156 ad
981 1112 1110 1157 eum
1152 1103 1388 1172 profecta
1418 1111 1520 1158 est.
1562 1098 1715 1170 Quod
1737 1113 1963 1158 cernens

388 1209 484 1249 rex
516 1195 592 1247 ait
623 1189 883 1250 :Rectius
911 1201 995 1249 est
1031 1196 1202 1264 enim,
1229 1205 1287 1249 ut
1318 1193 1370 1248 hi
1422 1193 1662 1250 thesauri
1694 1207 1857 1266 penes
1877 1207 1965 1249 tne

383 1284 701 1349 habeantur,
734 1296 891 1354 quam
917 1295 1036 1354 post
1064 1278 1194 1358 [Ed.
1228 1279 1392 1356 apud]
1417 1287 1586 1349 hanc,
1608 1297 1727 1355 qua:
1749 1278 1965 1352 indigno

381 1377 623 1445 germani
673 1376 776 1429 mei
823 1377 1036 1429 thnrum
1085 1369 1274 1428 adivit.
1311 1375 1464 1430 Tunc
1512 1370 1703 1429 ablatis
1756 1373 1962 1443 multis,

386 1461 572 1536 paucis
603 1467 825 1531 relictis,
856 1466 1152 1521 Arelatensi
1176 1479 1293 1520 eam
1317 1463 1643 1522 monasterio
1662 1464 1962 1519 destinavit.

391 1555 518 1611 Haec
543 1567 672 1610 vero
693 1572 837 1628 aegre
877 1557 1223 1626 acquiescens
1244 1549 1465 1625 jejuniis
1494 1570 1557 1610 ac
1581 1550 1780 1624 vigiliis
1800 1553 1941 1608 al’l'lci

386 1663 484 1715 per
512 1648 752 1701 occultos
781 1641 993 1700 nuntios
1025 1639 1277 1700 Gotthum
1299 1644 1584 1714 quemdam
1613 1644 1837 1698 advocat
1853 1639 1966 1714 [Αι.

384 1733 595 1810 adivit],
624 1738 941 1805 promittens
960 1731 1103 1807 quod
1132 1733 1179 1790 si
1209 1750 1268 1790 se
1298 1735 1350 1788 in
1381 1729 1662 1803 Hispanias
1681 1731 1966 1789 deductam

2061 830 2345 907 ligebatur.
2377 833 2655 892 Detulerat
2685 839 2829 893 enim
2860 855 3043 894 secum
3078 856 3300 908 magnos
3329 839 3642 897 thesauros.

2063 919 2169 983 Sed
2201 941 2292 994 per
2315 941 2550 982 amorem
2575 921 2936 999 Fredegundis
2953 969 2969 994 ,
2992 945 3152 998 quam
3187 932 3334 999 prius
3365 928 3644 995 habuerat,

2062 1029 2240 1072 ortum
2265 1025 2350 1074 est
2376 1019 2514 1073 inter
2537 1035 2630 1074 eos
2656 1019 2856 1088 grande
2879 1019 3211 1074 scandalum.
3241 1019 3358 1075 iam
3403 1022 3547 1077 enim
3590 1023 3644 1077 in

2064 1106 2179 1176 lege
2199 1104 2462 1166 catholica
2490 1125 2748 1186 conversa
2776 1108 2969 1177 fuerat,
2996 1121 3052 1166 et
3084 1113 3371 1168 chrismate
3405 1122 3454 1166 ο.
3479 1112 3646 1168 Cum-

2063 1217 2169 1272 que
2187 1216 2248 1257 se
2267 1198 2380 1272 regi
2409 1213 2726 1272 quereretur
2752 1202 2970 1259 assidue
3015 1202 3237 1272 injurias
3267 1206 3535 1275 perferre,
3565 1207 3647 1260 di-

2065 1305 2321 1361 ceretque
2350 1293 2547 1348 nullam
2587 1307 2646 1349 se
2674 1291 2987 1363 dignitatem
3033 1309 3154 1348 cum
3201 1296 3389 1351 eodem
3426 1293 3649 1360 habere,

2068 1379 2221 1453 petiit
2259 1393 2316 1438 ut
2342 1380 2545 1439 relictis
2569 1379 2832 1439 thesauris
2851 1425 2868 1448 ,
2890 1399 3026 1454 quos
3048 1401 3231 1441 secum
3263 1386 3559 1451 detulerat,
3591 1388 3649 1439 li-

2069 1474 2252 1530 berem
2284 1474 2460 1530 redire
2499 1472 2832 1542 permitteret
2857 1472 2922 1530 ad
2949 1473 3200 1545 patriam.
3233 1477 3385 1543 Quod
3435 1477 3528 1533 ille
3559 1493 3652 1546 per

2071 1565 2278 1637 ingenia
2311 1563 2676 1634 dissimulans,
2702 1568 2887 1622 verbis
2910 1583 3028 1622 eam
3051 1564 3258 1623 lenibus
3281 1567 3560 1624 demulsit.
3578 1570 3657 1621 Ad

2072 1669 2374 1714 extremum
2400 1673 2520 1713 eam
2550 1659 2824 1728 suggillari
2863 1655 3018 1731 169
3035 1659 3197 1730 jussit
3222 1674 3251 1714 a
3282 1674 3450 1729 puero
3471 1700 3489 1728 ,
3511 1674 3660 1713 mor-

2075 1757 2327 1817 tuamque
2358 1747 2557 1816 reperit
2588 1750 2640 1802 in
2683 1759 2874 1804 strato.
2908 1751 3032 1804 Post
3075 1748 3230 1818 cujus
3263 1749 3465 1805 obitum
3521 1748 3659 1802 Dens

385 1830 633 1899 conjugio
662 1830 956 1898 copularet,
990 1843 1112 1882 curn
1150 1825 1420 1881 thesauris
1446 1827 1561 1881 suis
1587 1824 1656 1881 de
1696 1832 1968 1880 monasw

2079 1840 2328 1896 virtutem
2379 1856 2627 1913 magnam
2667 1841 2924 1897 ostendit.
2953 1839 3207 1913 Lychnus
3233 1842 3375 1899 enim
3407 1843 3534 1910 ille,
3560 1842 3654 1913 qui

385 1919 468 1978 rio
506 1921 810 1991 egrediens,
852 1919 1037 1975 libenti
1073 1932 1196 1973 eum
1223 1913 1403 1971 animo
1437 1925 1775 1986 sequeretur.
1816 1914 1971 1982 Quod

387 2011 504 2077 ille,
539 2005 669 2066 nihil
702 2011 952 2066 dubitans
979 2049 996 2077 ,
1037 2009 1366 2079 repromisit.
1410 2005 1654 2077 Cumque
1704 2007 1821 2061 haec
1858 2004 1973 2060 col-

390 2103 547 2157 Icctis
577 2100 738 2157 rebus
756 2140 774 2166 ,
805 2099 1068 2169 factisque
1093 2098 1320 2154 voluclis
1349 2095 1459 2170 [ΑΙ.
1497 2089 1790 2168 volucris],
1812 2111 1842 2150 a
1867 2111 1976 2152 cm-

392 2189 556 2250 nobio
588 2203 803 2263 pararet
845 2192 1068 2262 egredi,
1117 2187 1432 2258 anticipavit
1484 2189 1812 2245 voluntatem
1856 2183 1974 2256 ejus

393 2287 655 2342 industria
694 2285 976 2340 abbatissa:
999 2294 1026 2323 ι
1059 2283 1540 2354 :deprehensaque
1591 2278 1813 2346 fraude,
1854 2295 1974 2336 eam

388 2363 626 2450 graviter
653 2392 847 2432 caream
867 2375 1124 2432 oustodize
1147 2375 1456 2442 mancipare
1479 2371 1732 2441 prtecepit
1749 2411 1764 2435 ,
1790 2371 1842 2425 in
1866 2386 1969 2440 qua

391 2483 561 2540 usque
587 2467 654 2522 ad
688 2468 890 2523 exitum
943 2467 1069 2521 vita:
1115 2465 1426 2534 praesentis,
1477 2479 1582 2518 non
1612 2463 1975 2518 mediocribus

395 2565 575 2618 attrita
605 2561 959 2633 passionlbus,
990 2559 1315 2630 perduravit.

473 2673 682 2727 XXHI.
703 2648 903 2726 'Porro
941 2671 1241 2740 Sigibertus
1267 2685 1394 2737 rex,
1431 2683 1552 2724 cum
1598 2669 1804 2724 videret
1831 2668 1976 2739 quod

394 2767 590 2821 fratres
631 2764 750 2834 ejus
795 2764 1038 2834 indignas
1083 2763 1308 2818 sibimet
1337 2777 1535 2818 uxores
1567 2761 1892 2831 acciperent,
1924 2771 1980 2817 et

395 2876 490 2930 per
536 2860 795 2914 vilitatem
826 2873 976 2912 suam
1019 2858 1182 2912 etiam
1231 2858 1454 2912 ancillas
1499 2857 1550 2912 in
1579 2859 1979 2912 matrimonium

401 2954 692 3015 sociarent,
727 2951 1045 3020 legationem
1095 2949 1148 3004 in
1195 2948 1505 3018 Hispaniam
1545 2948 1745 3017 mittit,
1774 2958 1977 3002 etcum

397 3043 578 3098 multis
599 3043 910 3097 muneribus
953 3039 1347 3096 Brunichildem
1371 3038 1714 3108 Athanagildi
1741 3038 1883 3108 regis
1915 3039 1975 3091 li-

400 3134 522 3189 lium
552 3133 725 3204 petiit.
762 3133 886 3187 Erat
927 3133 1070 3186 enim
1115 3132 1288 3201 puella
1334 3131 1554 3201 elegans
1601 3144 1786 3199 opere.
1821 3130 1980 3200 168

2076 1932 2202 1987 l‘une
2229 1947 2524 2002 suspensus
2565 1946 2746 1988 coram
2786 1919 3037 1998 sepulcro
3073 1935 3193 2003 ejus
3220 1932 3476 1997 ardebat,
3504 1935 3654 1988 nullo

2076 2033 2346 2093 tangente,
2382 2024 2506 2078 tune
2534 2023 2779 2092 disrupto
2817 2024 2872 2078 i
2916 2024 3280 2092 pavimentum
3317 2022 3523 2088 corruit
3552 2043 3567 2078 :
3598 2033 3654 2080 et

2075 2111 2311 2192 _fugftente
2336 2119 2463 2170 ante
2479 2129 2601 2169 eum
2629 2115 2826 2169 duritia
2856 2114 3168 2184 pavimenti,
3197 2126 3447 2188 tanquam
3478 2118 3530 2171 in
3557 2119 3659 2172 ali-

2079 2207 2219 2277 quod
2251 2208 2410 2262 molle
2441 2208 2766 2262 elementum
2815 2207 3113 2275 descendit,
3141 2217 3301 2279 atque
3345 2209 3552 2266 medius
3575 2218 3657 2265 est

2077 2298 2372 2362 sutl'nssus,
2433 2313 2532 2353 nec
2578 2301 2802 2354 omnino
2855 2301 3118 2354 contritus
3164 2300 3351 2368 :quod
3395 2315 3501 2354 non
3537 2300 3656 2356 sine

2076 2389 2266 2459 grandi
2301 2389 2321 2428 ῐ
2358 2391 2615 2444 miraculo
2663 2391 2970 2446 videntibus
2997 2392 3117 2448 fuit.
3147 2391 3261 2449 Rex
3302 2403 3481 2448 autem
3532 2408 3659 2448 cum

2078 2499 2197 2538 eam
2226 2483 2808 2560 mortuam’deltesset,
2831 2494 2952 2555 post
2976 2500 3177 2556 paucos
3207 2485 3324 2542 dies
3353 2487 3660 2556 Fredegun-

2078 2576 2198 2630 dem
2226 2577 2428 2646 recepit
2455 2578 2507 2630 in
2536 2578 2898 2634 matrimonio.
2930 2578 3057 2632 Post
3084 2577 3470 2648 quod'l’actutn,
3500 2594 3661 2648 repu-

2082 2679 2257 2723 tantes
2281 2669 2398 2738 ejus
2424 2667 2587 2741 [Bell.
2611 2667 2683 2740 ei]
2710 2668 2924 2732 fratres.
2954 2669 3093 2739 quod
3125 2683 3220 2724 sua
3245 2670 3540 2724 emissiOne
3561 2685 3660 2724 an-

2081 2760 2277 2815 tedicta
2323 2760 2502 2828 regina
2537 2759 2698 2814 fuerit
2727 2759 3026 2823 interfecta,
3057 2775 3180 2814 eum
3225 2761 3293 2815 de
3335 2776 3501 2831 regno
3527 2761 3662 2831 deji-

2081 2854 2251 2907 ciunt.
2278 2852 2516 2907 Habebat
2536 2864 2715 2907 autem
2749 2861 2875 2907 tunc
2911 2849 3246 2921 Chilpericns
3287 2863 3395 2908 tres
3425 2853 3566 2908 ﬁlios
3593 2857 3663 2909 de

2082 2944 2368 2998 Audnuera
2402 2943 2578 3012 priore
2601 2944 2782 3012 regina
2820 2961 2917 2998 sua
2953 2962 2966 2996 :
2998 2945 3049 2998 id
3081 2955 3163 2999 est
3201 2944 3660 3012 Thcodobertunt,

2082 3036 2237 3106 cujus
2265 3051 2424 3106 supra
2455 3037 2796 3090 meminimus
2835 3036 2985 3105 (Cap.
3017 3035 3132 3105 25).
3172 3036 3547 3092 Merovechum
3585 3048 3666 3093 at-

2088 3145 2192 3199 que
2220 3129 2677 3183 Chlodovechtnn.
2703 3131 2807 3184 Sed
2836 3129 2902 3182 ad
2933 3138 3107 3194 t'mpta
3141 3128 3426 3184 redeamus

401 3232 620 3283 venusta
643 3233 884 3293 aspectu,
911 3223 1134 3277 honesta
1155 3220 1393 3276 moribus
1414 3231 1576 3288 atque
1595 3220 1814 3282 decora.
1841 3235 1968 3288 pru-
1995 3215 2043 3277 C
2151 3221 2343 3275 XXIX.
2378 3220 2550 3275 Chuni
2584 3230 2610 3268 s
2645 3235 2771 3276 vero
2799 3220 2990 3274 iterum
3020 3220 3072 3274 in
3103 3219 3300 3276 Gallias
3352 3220 3538 3276 venire
3575 3235 3668 3276 co-

398 3317 534 3385 dens
561 3315 810 3381 consilio,
836 3321 892 3368 et
920 3313 1112 3368 blanda
1159 3312 1446 3380 colloquio.
1480 3311 1650 3379 Quam
1684 3320 1835 3380 pater
1859 3312 1978 3378 ejus

401 3423 506 3462 non
530 3407 834 3477 denegans,
863 3420 984 3460 cum
1015 3403 1223 3473 magnis
1246 3401 1515 3458 thesauris
1551 3401 1826 3455 antedicto
1867 3400 1978 3468 regi

400 3500 720 3557 transmisit.
759 3498 857 3552 lllc
881 3512 1013 3553 vero
1035 3497 1376 3565 congregatis
1417 3493 1720 3548 senioribus
1758 3507 1979 3559 secum,

403 3592 718 3662 praeparatis
742 3588 938 3658 epulis,
967 3601 1090 3641 cum
1121 3585 1378 3640 immensa
1403 3582 1590 3637 laetitia
1613 3591 1771 3651 atque
1790 3579 1983 3650 iocun-

403 3684 570 3737 ditate
599 3696 720 3735 eam
747 3678 954 3747 accepit
983 3690 1229 3732 uxorem.
1257 3677 1325 3730 Et
1351 3674 1474 3744 quia
1507 3675 1719 3729 Arianae
1745 3673 1846 3743 legi
1869 3675 1985 3728 sub-

402 3774 544 3847 jecta
573 3781 712 3838 erat,
742 3786 838 3842 per
865 3769 1294 3839 pradicationem
1325 3766 1699 3832 sacerdotum,
1723 3776 1882 3835 atque
1906 3767 1985 3834 ip-

403 3867 518 3921 sius
566 3863 706 3932 regis
744 3861 1216 3916 commonitionem
1259 3857 1288 3897 δ
1328 3872 1623 3923 conversa,
1675 3859 1882 3912 beatam
1931 3857 1984 3911 itt

407 3957 610 4009 unitate
631 3951 878 4007 confessa
897 3951 1212 4006 Trinitatem
1246 3948 1497 4015 credidit,
1522 3958 1681 4018 atque
1699 3947 1984 4003 cbrismata

405 4056 513 4113 est,
541 4063 662 4114 qua:
683 4047 737 4100 in
765 4046 986 4099 nomine
1013 4041 1219 4097 Christi
1246 4040 1506 4095 catholica
1534 4052 1836 4110 perseverat
1863 4050 1912 4092 ο.

482 4144 719 4202 XXVIII.
751 4144 905 4212 Quod
957 4142 1143 4198 videns
1188 4139 1529 4210 Cltilpcricus
1559 4154 1680 4205 res,
1723 4155 1842 4195 cum
1874 4141 1985 4208 jam

407 4239 588 4310 plures
613 4237 836 4292 haberet
863 4251 1090 4298 uxores,
1123 4248 1363 4288 sororem
1410 4231 1525 4301 ejus
1556 4231 1924 4287 Galsuintham
1953 4231 1980 4270 ά

404 4332 649 4398 expetiit,
680 4329 1000 4399 promittens
1030 4341 1122 4396 per
1154 4327 1355 4394 legatos
1389 4337 1450 4378 se
1477 4324 1608 4377 alias
1635 4322 1984 4378 relicturum:

406 4431 610 4475 tantum
640 4418 960 4488 condignam
1009 4416 1135 4480 sibi,
1177 4416 1429 4485 regisque
1453 4412 1658 4481 prolem
1687 4424 1987 4468 mereretur

405 4510 672 4579 accipere.
690 4508 846 4562 Pater
877 4521 1004 4561 vero
1029 4505 1149 4575 ejus
1171 4505 1265 4558 has
1294 4503 1674 4572 promissiones
1694 4503 1985 4573 accipiens,

2079 3314 2361 3378 nabantur,
2388 3313 2648 3367 adversus
2677 3327 2812 3380 quos
2839 3312 3134 3379 Sigibertus
3160 3326 3283 3367 cum
3311 3313 3550 3368 exercitu
3578 3314 3663 3368 di-

2080 3407 2221 3476 rigit,
2265 3405 2466 3460 habt-ns
2492 3417 2674 3459 secum
2722 3417 2964 3472 magnam
3008 3402 3399 3459 multitudinem
3427 3404 3664 3459 virorum

2082 3500 2318 3554 fortium.
2369 3497 2613 3567 Cumque
2655 3498 2797 3552 conti
2821 3511 2948 3564 gere
2995 3495 3270 3559 deberent,
3315 3497 3399 3551 isti
3447 3496 3670 3567 magicis

2081 3591 2284 3645 artibus
2305 3588 2568 3654 instructi,
2599 3588 2840 3642 diversas
2867 3588 2948 3642 eis
2979 3588 3235 3642 fantasias
3272 3588 3590 3654 ostendunt,
3614 3598 3672 3646 et

2081 3700 2180 3740 eos
2208 3684 2365 3739 valde
2405 3691 2681 3752 superant.
2723 3681 2993 3751 Fugiente
3035 3693 3211 3738 autem
3254 3684 3499 3738 exercitu
3528 3683 3673 3755 Sigi-

2086 3777 2242 3842 berti,
2268 3776 2381 3845 ipse
2408 3776 2643 3830 lm‘lllSlls
2671 3790 2701 3827 a
2728 3774 2930 3827 Chunis
2956 3774 3299 3838 retinebatur,
3332 3773 3432 3829 nisi
3458 3786 3673 3841 postea,

2085 3878 2145 3922 nt
2163 3878 2277 3922 erat
2303 3868 2519 3935 elegans
2542 3875 2598 3919 ct
2627 3877 2890 3931 versutus,
2921 3879 3058 3934 quos
3088 3879 3194 3919 non
3215 3865 3388 3934 putuit
3408 3879 3670 3933 superare

2085 3962 2279 4014 virtute
2300 3958 2490 4027 praelii,
2527 3955 2797 4024 superavit
2829 3965 2942 4011 arte
2967 3955 3218 4012 donandi.
3253 3956 3382 4012 Nam
3398 3956 3537 4011 datis
3558 3971 3672 4011 mu-

2088 4048 2308 4104 neribus
2338 4046 2511 4102 haedus
2540 4061 2662 4100 cum
2708 4059 2837 4115 rege
2880 4042 2998 4100 iniit
3028 4041 3078 4110 δ,
3111 4055 3168 4100 ut
3210 4046 3459 4102 omnibus
3484 4046 3678 4103 diebus

2087 4143 2211 4195 vitae
2245 4155 2355 4194 suze
2392 4139 2537 4192 nulla
2575 4135 2713 4192 inter
2741 4153 2802 4193 se
2835 4136 3020 4206 prtelia
3048 4147 3487 4194 commoverent:
3518 4139 3678 4209 idque

2087 4231 2326 4302 eimagis
2351 4230 2416 4284 ad
2447 4229 2679 4294 laudem,
2701 4243 2861 4298 quam
2901 4228 2967 4283 ad
3013 4227 3231 4299 aliquod
3279 4230 3549 4299 pertinere
3579 4244 3678 4298 op-

2088 4325 2360 4395 probrium
2379 4321 2521 4390 justa
2545 4320 2750 4374 ratione
2782 4330 3054 4389 pensatur.
3097 4320 3204 4375 Sed
3241 4328 3298 4374 et
3339 4336 3434 4376 rex
3462 4317 3680 4375 Chuno-

2089 4433 2208 4472 rum
2242 4415 2405 4472 multa
2436 4427 2658 4469 munera
2703 4413 2816 4483 regi
2862 4412 3134 4482 Sigiberto
3159 4413 3328 4468 dedit.
3376 4412 3680 4470 Vocabatur

2072 4511 2268 4564 “autem
2301 4506 2547 4576 Gaganus
2582 4504 2596 4542 ί
2632 4521 2648 4570 ;
2693 4518 2882 4560 omnes
2921 4505 3064 4560 enim
3115 4518 3270 4575 reges
3309 4504 3486 4575 gentis
3530 4504 3679 4561 illius

407 4611 570 4666 tiliam
593 4623 763 4672 suam,
791 4609 929 4662 sicut
946 4606 1294 4669 anteriorem,
1321 4602 1570 4659 similiter
1597 4602 1696 4672 ipsi
1723 4618 1847 4658 cum
1876 4620 1991 4660 ma-
2020 4601 2073 4662 D
2099 4606 2199 4660 hoc
2217 4600 2555 4672 appellantur
2583 4598 2818 4654 nomine.

403 4746 569 4802 dovei
597 4761 661 4798 es
687 4744 847 4812 priori
879 4757 1044 4797 uxore
1077 4743 1256 4805 ﬁliam,
1290 4754 1526 4795 sororem
1557 4739 1881 4812 Theoderici
1926 4750 1982 4796 et

407 4810 764 4873 Thendebe'rti
791 4814 1028 4869 amitam.
1057 4814 1129 4868 De
1155 4811 1455 4867 Chariberti
1481 4811 1627 4865 obitu
1649 4810 1768 4866 vide
1790 4812 1886 4868 lib.
1915 4812 1983 4868 de

404 4890 587 4943 Gloria
618 4884 883 4946 Confess.,
910 4899 1032 4952 cap.
1069 4885 1156 4938 19.

476 4968 504 4994 ⁸
527 4958 651 5012 llzec
675 4965 790 5009 erat
811 4951 1018 5019 Liliola,
1044 4955 1200 5009 tertia
1224 4951 1327 5007 loci
1344 4951 1637 5017 abbatissa,
1660 4966 1818 5022 quam
1846 4968 1984 5023 prae-

403 5035 677 5083 cesserant
701 5025 818 5079 dua:
843 5025 1116 5077 Ctesaria',

478 5098 504 5135 δ
535 5098 624 5150 Sic
650 5095 805 5149 Colb.
836 5095 972 5149 Editi
1004 5093 1630 5148 habentcommotiouem.
1663 5090 1819 5155 Bad.,
1843 5108 1981 5146 cem-

401 5182 709 5220 mumauem.

476 5249 499 5275 ο
533 5237 621 5291 Sic
645 5235 833 5298 ϐοήν..
864 5234 985 5288 Bcc.
1014 5242 1067 5288 et
1096 5233 1252 5295 Bel|.,
1280 5240 1336 5286 et
1379 5242 1525 5288 recte
1572 5230 1820 5302 quidem;
1855 5247 1978 5302 nam

399 5309 674 5361 scribente
696 5303 953 5372 Gregorio
975 5304 1146 5357 adhuc
1169 5305 1219 5356 in
1250 5304 1384 5356 vivis
1407 5313 1542 5366 erat,
1566 5301 1685 5370 quae
1707 5316 1849 5355 anno
1873 5301 1978 5356 6M

396 5380 664 5444 discerpta
695 5376 807 5428 fuit.
842 5374 977 5427 Editi
1029 5375 1394 5438 perseveravit;
1438 5372 1619 5444 Colb.,
1652 5373 1977 5444 permansit.

400 5441 652 5512 Sigibe'rti
680 5456 736 5502 et
766 5444 1135 5499 Brunechildis
1163 5445 1373 5512 nuptias
1401 5443 1688 5496 celebravit
1720 5441 1978 5494 Fortuna-

399 5527 488 5571 tus
520 5517 654 5571 libro
687 5533 761 5579 vl,
793 5530 962 5569 carm.
995 5513 1048 5566 '2.

467 5583 495 5624 ⁴
527 5588 711 5650 Corb.,
737 5586 870 5641 Bell.
900 5595 953 5638 et
983 5585 1142 5639 Freh.
1177 5602 1189 5637 :
1223 5583 1319 5647 al.,
1349 5580 1714 5643 Galsuendam,
1745 5590 1796 5633 et
1822 5579 1975 5645 infra,

397 5671 518 5710 nant
542 5657 835 5710 Celsueudu
867 5665 1017 5710 atate
1051 5656 1248 5708 seniore
1277 5671 1306 5704 a
1338 5652 1677 5706 Brunecht'lde
1703 5661 1836 5704 erat.

475 5737 498 5764 ⁸
535 5727 606 5780 lle
630 5729 745 5794 ejus
792 5727 1022 5794 nuptiis.
1073 5724 1425 5778 conversione
1467 5731 1520 5777 et
1570 5728 1741 5777 morte
1783 5719 1978 5776 cecinit

400 5797 724 5853 Fortunatus
753 5813 920 5850 carm.
953 5796 980 5846 7
1017 5797 1136 5848 libr.
1174 5811 1238 5847 δί.

2172 4740 2192 4781 ί
2234 4738 2339 4796 Alii
2371 4753 2491 4793 cum
2521 4736 2677 4805 edit.,
2702 4752 2907 4807 magno.

2162 4821 2187 4860 ε
2231 4810 2362 4864 Vide
2380 4823 2540 4878 supra
2570 4802 2691 4874 cap.
2720 4802 2812 4870 23',
2842 4817 2899 4862 et
2927 4806 3151 4878 Paulum
3193 4803 3341 4860 Diae.
3389 4805 3485 4861 lib.
3535 4821 3571 4860 ll
3601 4802 3674 4862 de

2087 4882 2264 4939 Gestis
2289 4874 2548 4947 Langnb.,
2579 4893 2698 4943 cap.
2743 4878 2830 4944 10,
2865 4878 2949 4929 ubi
2978 4874 3165 4938 Chuni,
3185 4877 3278 4947 qui
3303 4884 3349 4928 et
3374 4878 3562 4930 Λυσι-ετ
3587 4877 3671 4930 di-

2087 4965 2299 5008 cuntur.
2334 4946 2576 5004 Valesius
2603 4947 2740 5000 libro
2772 4959 2823 5000 ιι
2869 4948 3065 5000 lterum
3097 4946 3338 5001 Francic.
3372 4947 3540 5002 fusius
3565 4949 3679 5017 agit

2085 5023 2155 5078 de
2184 5020 2388 5076 Chunis
2421 5019 2702 5082 Avaribus,
2738 5032 2897 5084 quem
2930 5018 3175 5072 consule.

2155 5095 2183 5130 ³⁸
2222 5093 2356 5146 Cod.
2382 5088 2596 5157 Regtu.,
2629 5087 2795 5156 fmzlus
2821 5088 2957 5141 iuit.

2161 5162 2176 5200 ί
2221 5163 2309 5216 Sic
2338 5155 2498 5214 tiorli.
2531 5167 2585 5210 rt
2618 5160 2737 5212 Bec.
2787 5173 2906 5210 cum
2952 5156 3109 5227 editis
3156 5155 3393 5226 aliquot;
3449 5157 3660 5227 ηριηι..

2081 5230 2525 5305 Garganus;.alii,
2553 5227 2826 5305 διαπέμψαι
2853 5236 2944 5281 aut
2965 5223 3222 5297 Caganus.
3250 5223 3366 5281 Mos
3397 5229 3482 5305 hic
3523 5223 3670 5281 flun-

2083 5306 2166 5356 nis
2191 5300 2480 5370 peculiaris
2508 5313 2612 5351 non
2662 5300 2777 5360 luit,
2815 5309 2868 5350 ut
2897 5312 3096 5370 omne:
3130 5311 3262 5370 διιῐιξΔ
3285 5300 3458 5367 gentis
3513 5313 3670 5368 reges

2081 5365 2218 5428 idem
2252 5387 2444 5425 nomen
2479 5373 2699 5423 ferrent.
2738 5370 2827 5422 Sic
2855 5370 2982 5421 olim
3033 5365 3265 5437 Egyptii
3292 5365 3449 5436 reges
3496 5365 3672 5437 primo

2089 5443 2413 5499 Pharaones.
2447 5450 2556 5492 tum
2602 5439 2868 5491 Ptolemzei
2898 5439 3068 5491 vocati
3111 5449 3257 5498 sunt,
3292 5439 3469 5492 Persae
3508 5441 3670 5491 Arsa-

2085 5515 2238 5574 cidae,
2274 5511 2624 5564 Athenienses
2669 5509 2999 5576 Cecropidae,
3048 5507 3331 5574 [Etlttopes
3367 5507 3670 5572 Candaces,

2086 5579 2413 5650 Langnlnrdi
2477 5578 2664 5650 Flavii,
2714 5591 2844 5650 εις..
2881 5588 2952 5650 _ut
2996 5579 3237 5650 Caesares
3279 5587 3334 5632 et
3401 5582 3674 5646 Augustos

2083 5648 2507 5723 przet'ermittam.
2552 5649 2642 5704 Sic
2691 5649 2847 5704 hodie
2880 5648 3165 5718 Presbyter
3193 5648 3428 5704 Joannes
3475 5651 3671 5703 dicitur

2083 5722 2174 5779 rex
2207 5722 2539 5790 Ethiopum,
2572 5729 2676 5774 etc.
