4016 6338
311 417 417 483 293

1285 417 1595 478 HISTORIA
1640 412 2083 475 FRANCORUM.
2125 410 2323 473 LIBER
2361 408 2686 485 QUARTUS

3455 414 3560 474 298

388 540 552 595 XXX.
595 538 887 608 Sigibcrtns
913 553 1042 592 vero
1070 551 1162 592 rex
1196 539 1557 591 Arelatensem
1587 537 1770 590 urbem
1789 549 1880 588 ca-
1911 537 1951 591 A
1983 533 2084 587 sibi
2114 547 2430 600 propinquo,
2457 547 2576 585 cum
2604 523 2933 591 hominibus,
2965 529 3232 593 ecclesiis.
3264 530 3563 601 'oplbusque

312 645 440 698 pere
466 633 706 697 cupiens,
752 631 1020 681 Arvernos
1059 627 1385 681 commoveri
1435 627 1710 693 precepit.
1759 625 1889 678 Erat

317 722 477 795 17o
504 722 645 774 enim
677 727 804 771 tniic
842 715 1112 770 Firminus
1165 730 1348 770 comes
1395 713 1540 768 urbis
1586 713 1750 782 illius,
1799 715 1886 782 qul

312 829 438 866 cum
469 811 597 879 ipsis
625 810 676 862 iii
707 809 879 875 capite
909 807 1056 860 abiit.
1088 804 1194 861 Sed
1224 813 1280 860 et
1325 805 1392 859 de
1442 805 1543 857 alia
1593 813 1744 866 parte
1781 803 1890 856 Au-

315 902 571 954 dnuarius
597 908 621 934 ι
650 913 769 951 cum
815 897 1051 948 exercitu
1077 894 1311 956 advenit,
1349 893 1678 962 ingressique
1705 892 1886 946 urbem

319 991 712 1049 Arelatensem,
761 994 1090 1038 sacramenta
1121 999 1216 1051 pro
1258 991 1409 1051 parte
1453 980 1701 1051 Sigiberti
1748 980 1890 1049 regis

315 1088 630 1149 exegeriint.
645 1076 794 1146 Quod
818 1089 939 1130 cum
953 1073 1382 1130 Guntchramnus
1403 1088 1498 1128 rex
1517 1073 1886 1142 comperisset,

317 1168 532 1224 Celsum
551 1169 825 1236 patricium
839 1180 956 1219 rum
971 1164 1204 1219 exercitu
1221 1165 1347 1218 illuc
1366 1162 1576 1232 dirigit:
1605 1163 1890 1231 quiabiens

317 1258 673 1325 Avenni‘cainl
705 1251 1070 1324 Avenionem]
1115 1253 1298 1307 urbem
1344 1252 1578 1307 abstulit.
1621 1253 1892 1306 Accedens

318 1357 499 1399 autem
530 1348 825 1407 Arelatem,
856 1355 909 1396 et
937 1343 1141 1395 vallatis
1179 1357 1317 1405 eain,
1350 1344 1660 1413 impugnare
1687 1342 1892 1395 exerci-

319 1447 434 1490 tuin
464 1436 738 1504 Sigiberti,
780 1434 870 1502 qui
897 1432 1032 1486 infra
1060 1447 1242 1486 muros
1280 1433 1675 1495 continebatur,
1705 1433 1888 1497 cmpit.

320 1529 476 1581 Tunc
500 1527 779 1581 Sabiiidus
804 1526 1087 1593 episcopus
1116 1523 1248 1575 dixit
1285 1521 1349 1574 ad
1389 1536 1482 1575 eos
1513 1539 1525 1573 :
1561 1521 1888 1590 Egredimini

320 1621 487 1682 foras,
513 1628 568 1672 et
607 1617 732 1670 inite
770 1626 1062 1678 certamen,
1093 1618 1212 1682 quia
1245 1628 1348 1665 non
1377 1613 1620 1680 poteritis
1649 1612 1749 1664 sub
1777 1627 1894 1665 niu-

321 1726 505 1764 rorum
536 1709 877 1762 conclusione
903 1707 1178 1775 degentes,
1210 1719 1383 1773 neque
1405 1719 1522 1768 nos,
1548 1719 1718 1771 neque
1747 1705 1892 1757 urbis

321 1801 482 1854 istius
508 1798 746 1867 subjecta
783 1796 1091 1851 defendere.
1122 1797 1272 1861 Quod
1303 1796 1347 1849 si
1375 1811 1468 1849 vos
1518 1796 1626 1848 Deo
1667 1797 1892 1863 propitio

1990 639 2050 678 ac
2071 624 2315 675 domibus
2353 625 2402 674 in
2434 622 2653 675 lluviiini
2697 621 2822 682 ruit,
2853 621 3183 688 exclusaque
3221 622 3392 676 amnis
3419 621 3562 675 illius

1991 713 2187 776 littore,
2210 728 2342 780 aqua
2374 723 2666 766 retrorsum
2712 711 2861 778 petiit
2918 710 3090 764 Locus
3134 711 3332 764 etenim
3380 709 3472 764 ille
3495 711 3564 763 ah

1992 815 2212 871 utraque
2247 811 2395 870 parte
2426 817 2454 854 a
2486 803 2754 854 montibus
2780 801 3062 855 conclusus
3103 811 3240 865 erat,
3273 801 3410 854 inter
3433 815 3525 868 qui
3551 827 3563 841 ο

1990 909 2105 946 rnni
2135 893 2410 963 angustias
2450 904 2661 946 torrens
2699 892 2907 945 deﬂuit.
2959 892 3226 945 lnundans
3250 906 3378 958 ergo
3406 905 3562 958 snpe-

1990 989 2182 1041 riorein
2225 998 2448 1052 partem,
2476 1001 2592 1053 qui:
2622 985 2750 1051 ripae
2779 983 3036 1038 insidebat
3065 982 3124 1048 ⁵,
3157 982 3364 1049 operuit
3407 993 3567 1049 atqna

1989 1075 2204 1129 delevit.
2239 1076 2581 1129 Accumulata
2610 1074 2754 1126 enim
2798 1089 2934 1143 aqua
2983 1087 3267 1135 erumpens
3293 1072 3566 1131 deorsum.

1991 1165 2295 1232 inopinatos
2340 1165 2614 1231 reperiens
2666 1163 2927 1226 homines,
2970 1173 3029 1216 ut
3071 1164 3302 1230 desuper
3349 1160 3566 1223 fecerat.

1993 1259 2136 1324 ipsos
2179 1257 2443 1321 enecavit,
2487 1257 2676 1310 domos
2705 1257 2918 1318 evertit,
2963 1255 3201 1322 jumenta
3243 1255 3461 1314 delevit,
3513 1261 3570 1305 et

1991 1364 2108 1418 qua:
2138 1357 2329 1402 cuncta
2373 1346 2642 1400 littoribus
2681 1347 2787 1399 illis
2816 1345 3148 1406 insidebant,
3191 1360 3360 1410 usque
3387 1346 3451 1397 ad
3479 1345 3568 1398 Je-

1996 1442 2190 1492 nnliznn
2229 1438 2243 1475 ί
2276 1439 2566 1500 civitatem,
2590 1438 2823 1490 violenta
2849 1445 3008 1505 atque
3028 1436 3199 1490 subita
3223 1433 3568 1488 inundatiiziit

1995 1531 2217 1595 diripuit
2249 1539 2407 1597 atque
2451 1529 2732 1582 subvertit.
2775 1527 3022 1581 Traditur
3066 1542 3094 1579 a
3141 1527 3322 1580 multis
3367 1535 3564 1579 tantam

1992 1621 2293 1690 congeriem
2341 1619 2468 1672 inihi
2499 1635 2649 1686 aqum
2689 1618 2884 1683 fuisse,
2918 1627 2976 1672 ut
3005 1618 3055 1670 in
3079 1619 3401 1671 anteilictain
3440 1618 3568 1669 rivi—

1997 1721 2162 1764 tatein
2193 1725 2352 1775 super
2374 1725 2554 1762 muros
2591 1709 2974 1777 ingrederetur.
3020 1709 3169 1773 Quod
3208 1709 3426 1761 dubium
3461 1725 3564 1760 non

1994 1815 2094 1866 est,
2123 1803 2271 1871 quia,
2319 1811 2376 1855 ut
2404 1803 2652 1865 diximus,
2694 1801 2979 1854 Rhodanus
3028 1801 3079 1855 in
3112 1802 3239 1856 locis
3271 1803 3376 1856 illis
3427 1801 3567 1855 iiiii-r

321 1891 447 1943 illu‘s
482 1887 784 1950 devincitis,
825 1900 920 1939 nos
951 1886 1106 1938 ﬁdem
1137 1900 1300 1954 quam
1343 1884 1678 1952 promisimus
1707 1895 1886 1957 custo-
1923 1893 1966 1952 Β
1992 1893 2258 1961 angustias
2292 1893 2548 1945 montium
2578 1891 2781 1952 deﬂuit,
2811 1905 2910 1944 nec
2939 1890 3120 1944 habuit
3152 1893 3204 1944 in
3232 1892 3416 1957 latere,
3443 1907 3564 1945 cuin

318 1984 532 2037 diemus
563 1997 580 2034 :
605 1981 648 2034 si
679 1994 804 2032 vero
833 1978 907 2032 illi
946 1989 1128 2032 contra
1163 1992 1256 2031 vos
1287 1977 1625 2040 invaluerint,
1657 1987 1785 2031 ecce
1813 1991 1898 2030 re-

318 2084 529 2127 seratas
579 2072 855 2139 reparieiis
899 2081 1112 2137 portas;
1149 2068 1478 2137 ingredimini
1524 2083 1590 2123 ne
1642 2069 1892 2137 pereatis.

323 2165 438 2218 lloe
462 2164 534 2216 illi
565 2163 688 2216 dolo
717 2161 909 2225 delusi,
936 2161 1136 2229 egressi
1165 2162 1306 2213 foras
1336 2161 1534 2213 bellum
1565 2169 1778 2227 parant;
1803 2159 1895 2212 sed

319 2261 558 2327 superati
590 2258 659 2310 ab
687 2267 924 2312 exercitii
954 2253 1115 2317 Celsi,
1148 2253 1324 2321 fugam
1360 2253 1562 2313 ineunt,
1596 2252 1899 2306 venientes-

320 2367 430 2419 que
454 2349 518 2402 ad
549 2349 755 2411 urbem,
800 2356 978 2414 portas
1026 2346 1301 2412 reperiunt
1331 2343 1673 2403 obseratasb.
1737 2343 1900 2396 Cuni-

321 2459 430 2510 que
455 2440 722 2495 exercitus
759 2455 786 2490 a
820 2450 968 2502 tergo
989 2437 1180 2503 jaciil'is
1201 2435 1454 2488 feriretur
1484 2445 1506 2472 ι
1525 2471 1540 2499 ,
1571 2434 1897 2502 operiretur-

322 2548 432 2600 qiie
465 2529 724 2598 lapidibus
754 2528 820 2580 ab
843 2528 1079 2587 urbanis,
1109 2527 1172 2579 ad
1200 2541 1409 2579 amnem
1436 2525 1746 2579 Rhodanum
1771 2523 1900 2577 diri-

321 2637 477 2696 gunt,
506 2633 682 2693 ibique
732 2627 929 2692 parmis
977 2622 1318 2689 superpositi,
1371 2618 1675 2671 ulteriorem
1726 2618 1894 2682 ripam

326 2724 609 2784 expetunt.
628 2713 732 2768 Sed
758 2713 952 2767 multos
977 2727 1041 2764 ex
1077 2711 1158 2764 liis
1187 2707 1439 2762 violentia
1468 2707 1640 2759 amnis
1666 2706 1901 2769 direptis

321 2803 593 2869 caecavit,
624 2803 849 2872 fecitque
881 2801 1166 2854 Rhodanus
1187 2810 1309 2852 tunc.
1354 2798 1628 2859 Arvernis,
1655 2795 1796 2865 quod
1825 2794 1902 2849 le-

325 2900 466 2949 cisse
491 2893 757 2964 quondam
791 2892 986 2946 Simois
1014 2886 1041 2925 δ
1077 2890 1270 2960 legitur
1299 2887 1366 2941 de
1387 2885 1632 2956 Troianis
1656 2903 1670 2938 :

1109 3058 1118 3074 .
1150 3058 1165 3074 .
1203 3059 1218 3074 .
1246 3059 1261 3074 .
1293 3056 1309 3073 .
1340 3017 1593 3084 Correpta
1623 3017 1902 3072 suliiindis

401 3096 558 3148 Scuta
596 3094 788 3156 virum,
819 3091 1124 3161 galeasque,
1151 3101 1203 3146 et
1244 3090 1397 3144 fortia
1429 3105 1650 3157 corpora
1680 3089 1862 3142 volvit.

405 3173 675 3234 Apparent
712 3165 815 3218 rari
847 3174 1034 3217 nantes
1070 3163 1120 3214 in
1146 3161 1350 3234 gurgite
1369 3173 1543 3234 vasto.

1143 3227 1314 3302 (Virg.
1345 3228 1561 3284 Eneid.
1590 3229 1684 3284 lib.
1710 3227 1776 3297 I.)

328 3347 427 3410 Qui
458 3346 542 3398 vix
572 3341 810 3404 natandi,
833 3349 893 3396 iit
926 3341 1179 3403 diximus,
1207 3340 1464 3409 impulsu,
1488 3353 1900 3407 parmarumque

327 3425 492 3505 adiuti
521 3432 868 3497 adminiculo,
903 3430 1094 3485 littoris
1129 3429 1348 3484 alterius
1397 3432 1554 3498 plana
1592 3438 1903 3495 contingere

327 3523 746 3592 potueruiii.Qui
770 3521 947 3574 nudati
981 3535 1011 3573 a
1026 3520 1202 3584 rebus,
1224 3520 1293 3573 ab
1312 3518 1580 3588 equitibus
1602 3516 1708 3589 [Αι.
1730 3516 1901 3589 equis]

324 3613 586 3673 destituti,
636 3627 740 3664 non
769 3611 884 3664 sine
931 3608 1116 3679 grandi
1151 3607 1470 3663 contumelia
1502 3607 1686 3677 patrize
1749 3610 1904 3662 ri-sti-

328 3703 580 3756 tutisunt.
605 3700 842 3754 Firmino
855 3708 1029 3755 tamen
1051 3709 1073 3736 ο
1097 3707 1155 3755 et
1167 3698 1470 3754 Audouarlo
1488 3699 1794 3754 discedendi
1817 3701 1900 3754 via

329 3793 534 3847 indulta
565 3799 670 3846 est.
701 3791 846 3844 Multi
876 3791 949 3845 ibi
989 3801 1116 3844 tunc
1141 3791 1242 3845 viri
1272 3805 1338 3844 ex
1364 3792 1642 3857 Arvernis,
1677 3806 1783 3845 non
1812 3806 1901 3846 so-

330 3887 440 3940 lum
481 3883 737 3937 torrentis
767 3883 964 3951 impetu
993 3881 1154 3949 rapti,
1191 3895 1377 3935 verum
1407 3882 1566 3935 etiam
1605 3875 1901 3950 gladiorum

330 3978 520 4034 ictibus
544 3985 674 4030 sunt
723 3973 994 4042 prostrati.
1031 3973 1182 4044 171
1231 3973 1309 4028 Ac
1351 3971 1428 4026 sic
1473 3973 1904 4030 Gunichrsmnus

332 4086 428 4125 rex
462 4076 676 4136 recepta
706 4067 838 4121 urbe
862 4067 974 4129 illa,
995 4065 1149 4134 juxta
1181 4066 1620 4120 consuetudinem
1651 4067 1905 4123 bonitatis

332 4174 464 4222 suae,
495 4157 827 4214 Avennicam
856 4155 1148 4210 ditionibus
1179 4155 1357 4210 fratris
1385 4154 1404 4194 τ
1437 4157 1518 4211 sui
1549 4158 1798 4213 restituit.

402 4248 594 4311 XXXI.
637 4247 876 4316 lgiturin
920 4245 1108 4300 Galliis
1141 4260 1387 4315 magnum
1446 4247 1740 4316 prodigium
1769 4256 1793 4297 I
1837 4247 1906 4304 de

334 4340 655 4394 Taurednuo
683 4349 859 4393 castro
899 4339 1174 4406 apparuit,
1217 4336 1358 4407 quod
1403 4349 1562 4409 Super
1588 4339 1904 4395 Rhodanum

335 4431 547 4484 lluviiiin
580 4432 632 4483 in
660 4440 841 4485 monte
863 4431 1180 4485 collocatum
1206 4439 1340 4485 erat.
1371 4430 1475 4497 Qui
1506 4446 1626 4485 cum
1662 4445 1757 4498 per
1785 4433 1898 4488 dies

336 4522 562 4589 amplius
589 4523 864 4589 sexaginta
891 4521 1073 4576 nescio
1111 4536 1271 4592 quem
1302 4524 1557 4591 mugitum
1587 4523 1759 4590 darei,
1785 4531 1906 4580 tan-

1998 1981 2090 2034 fuit
2118 1983 2381 2043 exclusus,
2405 1997 2510 2049 quo
2532 1995 2589 2033 se
2615 1981 2904 2034 diverteret
2926 1995 2942 2035 :
2966 1990 3396 2051 commotumque
3419 1997 3572 2034 mon-

1997 2081 2102 2125 trin
2138 2073 2224 2141 qui
2258 2071 2605 2126 descende-rat
2631 2071 2870 2125 adsemel
2915 2070 3112 2142 erupit,
3143 2082 3198 2126 et
3250 2074 3326 2126 sic
3375 2083 3566 2126 cuncta

1996 2163 2210 2216 delevit.
2243 2161 2395 2227 Quod
2419 2176 2538 2216 cuin
2583 2161 2776 2214 factum
2806 2161 3012 2224 fuisset,
3044 2164 3256 2231 triginta
3302 2165 3571 2226 monachi,

1996 2254 2136 2307 unde
2179 2265 2414 2306 casuum
2465 2263 2644 2306 ruerat
2688 2251 3040 2317 advenerunt,
3089 2262 3145 2306 et
3173 2262 3366 2306 terrain
3399 2255 3573 2320 illam,

1996 2359 2115 2414 qua:
2156 2353 2337 2398 monte
2364 2345 2609 2398 diruenie
2642 2353 2998 2410 remanserat,
3031 2343 3311 2408 fodientes,
3348 2360 3423 2398 res
3465 2347 3575 2400 sive

1999 2439 2198 2491 ferrum
2221 2437 2518 2505 reperiunt.
2549 2436 2698 2502 Quod
2722 2436 2850 2489 dum
2879 2447 3117 2502 agerent,
3142 2437 3398 2502 mugitum
3424 2451 3577 2489 mon-

2001 2526 2091 2588 tis,
2123 2534 2179 2578 ut
2209 2527 2356 2594 prius
2399 2526 2591 2590 fuerat,
2618 2524 2924 2579 audierunt.
2948 2524 3052 2579 Sed
3088 2524 3208 2577 dum
3237 2539 3265 2576 a
3304 2539 3442 2579 saeva
3483 2542 3577 2578 cii-

2005 2620 2230 2688 piilitate
2256 2619 2578 2681 retinentur,
2610 2631 2734 2686 pars
2791 2618 2879 2671 illa
2930 2631 3050 2686 qua:
3092 2617 3324 2671 nondum
3380 2628 3576 2684 ruerat,

2007 2712 2160 2781 172
2207 2725 2368 2774 super
2395 2724 2490 2762 eos
2517 2709 2728 2774 cecidit,
2763 2722 2897 2777 quos
2933 2709 3142 2775 operuit
3170 2716 3328 2775 atque
3358 2707 3577 2763 interfe-

2001 2804 2096 2865 cit,
2129 2816 2225 2852 nec
2277 2799 2414 2852 ultra
2445 2799 2644 2852 inventi
2674 2808 2818 2852 sunt.
2865 2797 3120 2854 Similiter
3147 2807 3202 2852 et
3227 2806 3350 2853 ante
3373 2799 3576 2853 cladem

2002 2892 2316 2952 Arvernam,
2345 2903 2532 2955 magna
2565 2889 2837 2956 regionem
2886 2888 3027 2941 illam
3084 2887 3316 2956 prodigia
3368 2899 3576 2942 terrue-

2003 2991 2147 3033 runt.
2178 2979 2307 3034 Nulli
2354 2981 2668 3047 plerumque
2714 2988 2825 3032 ties
2855 2988 2947 3032 aut
2993 2990 3221 3047 quatuor
3263 2980 3577 3049 splendores

2006 3072 2183 3140 magni
2224 3072 2367 3124 circa
2409 3071 2576 3123 solent
2625 3079 3010 3138 apparuerunt,
3041 3085 3176 3138 quos
3207 3071 3388 3124 rustici
3436 3070 3579 3124 soles

2005 3163 2288 3225 vocabant,
2318 3161 2559 3215 dicentes
2591 3177 2603 3212 :
2653 3161 2788 3214 Ecce
2822 3169 2929 3214 tres
2968 3160 3048 3214 vel
3102 3170 3329 3229 quatuor
3354 3163 3494 3217 soles
3521 3163 3574 3216 in

1928 3244 1974 3307 C
2003 3253 2162 3307 creto.
2205 3254 2438 3316 Quadam
2471 3260 2647 3305 tamen
2685 3252 2804 3304 vice
2850 3251 2902 3303 in
2950 3249 3187 3304 kalendis
3233 3251 3575 3317 Octobribus,

2005 3344 2077 3397 ita
2105 3342 2184 3394 sol
2213 3343 2524 3394 ubscnratus
2567 3341 2830 3409 apparuit,
2882 3350 2939 3393 nt
2978 3353 3077 3394 nec
3121 3348 3309 3408 quarta
3356 3339 3588 3408 quidem,

2003 3446 2126 3501 pars
2148 3432 2198 3484 in
2236 3430 2422 3484 eodem
2448 3429 2630 3482 lucens
2655 3437 2974 3494 remaneret,
3001 3429 3094 3483 sed
3121 3438 3257 3483 teter
3283 3437 3443 3499 atque
3471 3430 3570 3486 de-

2004 3527 2156 3576 color
2210 3536 2496 3590 apparens,
2555 3521 2707 3590 quasi
2758 3535 2948 3574 saccus
2993 3521 3289 3598 videbatur.
3336 3521 3468 3576 Na
3523 3533 3578 3577 et

2003 3614 2180 3676 stella,
2229 3626 2388 3680 quam
2417 3609 2634 3678 quidam
2667 3621 2933 3664 cometem
2964 3619 3174 3677 vocant,
3208 3610 3410 3666 radium
3455 3622 3575 3667 tau-

2003 3719 2160 3775 qnam
2186 3701 2417 3770 gladium
2459 3701 2678 3763 habens,
2708 3715 2868 3769 super
2893 3700 3164 3768 regionem
3191 3701 3332 3755 illam
3368 3717 3463 3771 per
3484 3718 3580 3757 an-

2006 3809 2130 3847 num
2157 3793 2416 3861 integrum
2443 3791 2710 3860 apparuit,
2752 3801 2806 3845 et
2831 3790 3026 3845 cmlum
3065 3791 3255 3846 ardere
3280 3793 3451 3846 visura
3474 3802 3577 3858 est,

2002 3893 2059 3939 et
2088 3886 2250 3938 multa
2291 3884 2396 3938 alia
2427 3884 2576 3952 signa
2627 3875 2943 3952 apparuere.
2976 3883 3033 3938 In
3060 3883 3280 3938 ecclesia
3310 3899 3440 3939 vero
3476 3887 3579 3938 Ar-

2006 3992 2186 4044 verna,
2217 3976 2345 4030 dum
2393 3975 2670 4030 matutinis
2697 3975 3099 4030 celebrarentur
3127 3975 3317 4043 vigiliae
3348 3977 3400 4032 in
3443 3993 3578 4046 qun-

2004 4069 2126 4121 dam
2186 4064 2496 4132 festivitate,
2539 4069 2654 4120 avis
2704 4066 2990 4136 corydalus
3024 4069 3070 4131 l,
3128 4081 3286 4136 quam
3337 4065 3578 4122 alendam

2007 4175 2276 4222 vocamus,
2312 4161 2572 4229 ingressa,
2603 4159 2781 4212 omnia
2828 4157 3106 4212 luminaria
3147 4173 3268 4226 qua:
3309 4157 3578 4227 lucebant,

2005 4249 2110 4304 alis
2137 4250 2491 4319 superpositis
2526 4249 2578 4301 in
2609 4255 2755 4301 tanta
2785 4249 3064 4300 velocitate
3091 4246 3366 4311 exstinxit,
3396 4257 3450 4300 ut
3481 4264 3579 4317 pu-

2008 4349 2152 4396 tares
2181 4354 2243 4395 ea
2267 4339 2321 4396 lii
2353 4340 2506 4392 unius
2537 4337 2768 4392 hominis
2797 4353 2955 4392 manu
2999 4338 3188 4405 posita,
3234 4351 3366 4404 aqua
3409 4337 3576 4394 fuisse

2008 4433 2282 4489 submersa
2315 4448 2329 4487 :
2362 4431 2416 4486 in
2442 4430 2676 4485 sacrario
2701 4439 2877 4483 autem
2906 4429 3004 4484 sub
3033 4429 3154 4482 velo
3180 4429 3469 4486 transiens.
3501 4431 3578 4484 ci-

2009 4523 2278 4579 cindelum
2310 4523 2332 4558 ι
2362 4521 2701 4590 exstinguere
2726 4521 2914 4586 voluit,
2940 4521 3032 4575 sed
3061 4522 3130 4576 ali
3153 4524 3385 4578 ostiariis
3415 4522 3581 4591 proliii

250 4662 290 4696 ,ς
337 4613 460 4665 dem
490 4613 687 4666 scissus
717 4621 873 4679 atque
900 4622 1175 4680 separatus
1204 4626 1359 4666 mons
1387 4613 1474 4666 ille
1499 4612 1568 4666 ab
1591 4614 1698 4668 alio
1727 4624 1906 4669 monte
1937 4612 1986 4672 D
2011 4614 2117 4669 bita
2145 4622 2305 4682 atque
2332 4611 2505 4666 occisa
2536 4621 2638 4666 est.
2683 4610 2870 4667 Simile
2899 4622 2953 4668 et
2979 4612 3034 4668 in
3066 4613 3282 4670 basilica
3311 4615 3449 4670 beati
3473 4617 3580 4669 An-

409 4781 437 4810 ⁸
477 4771 566 4827 Sic
591 4780 697 4823 vet.
725 4784 855 4823 mss.
877 4786 890 4828 :
916 4769 1131 4840 Regm.,
1160 4771 1493 4840 Adouagrius.
1525 4771 1684 4837 Eiliti,
1709 4775 1918 4825 Attons-

338 4845 470 4906 vitis,
501 4851 591 4894 ant
620 4841 960 4894 Eudouarius.

411 4911 439 4950 ιι
635 4919 926 4979 sequuntur
953 4923 1120 4977 usque
1153 4908 1264 4965 fere
1292 4908 1358 4962 ad
1386 4909 1543 4966 linem
1573 4924 1692 4978 cap.
1720 4910 1790 4967 58
1816 4910 1912 4968 de-

342 4985 535 5036 suntiu
569 4981 755 5048 Regni.

419 5062 441 5089 ε
484 5051 696 5116 Aliquot
725 5062 853 5102 mss.
884 5064 1003 5102 cum
1030 5049 1139 5110 ed.,
1173 5047 1451 5116 foderetur.

2023 4787 2136 4824 cum
2163 4786 2214 4822 in
2243 4769 2559 4839 longitudine
2588 4768 2656 4822 60
2680 4769 2895 4828 millium
2913 4779 2960 4825 et
2987 4771 3253 4827 latitudine
3271 4773 3340 4825 ευ
3368 4777 3581 4830 millium

2020 4841 2092 4894 ita
2117 4851 2276 4893 totum
2304 4840 2475 4904 movit,
2506 4848 2558 4891 ut
2599 4855 2824 4906 egressus
2867 4851 3076 4908 utraque
3112 4858 3228 4909 ripa
3266 4844 3401 4897 vicos
3447 4848 3583 4899 anti-

2017 4912 2285 4980 quissimos
2313 4924 2427 4962 cum
2455 4909 2744 4961 hominibus
2772 4919 2816 4961 et
2839 4914 3097 4976 pecoribus
3133 4920 3393 4975 vastasset,
3425 4930 3455 4967 θ
3477 4916 3582 4970 inira

2018 4984 2180 5033 multa
2209 4989 2528 5053 sacrosancta
2557 4980 2668 5030 loca
2696 4994 2815 5053 cuni
2827 4981 2899 5031 eis
2926 4981 3252 5053 servientibus
3271 4982 3580 5053 demolisset,

2017 5060 2068 5101 et
2098 5058 2303 5118 pontem
2331 5046 2670 5110 Genavacum,
2693 5048 2907 5118 melinus
2935 5057 2981 5100 et
3009 5047 3234 5103 homines
3258 5067 3346 5118 per
3367 5052 3464 5106 sint
3490 5046 3583 5109 d0;

302 5117 314 5131 '
415 5119 442 5158 ἀ
484 5120 700 5174 Fluvius
728 5127 809 5172 est
839 5118 1058 5188 Troadis
1077 5134 1140 5172 ex
1161 5116 1249 5170 Ida
1275 5127 1454 5174 monte
1473 5117 1728 5184 deﬂuens,
1753 5118 1911 5176 hodie
2003 5119 2151 5188 jecit,
2182 5125 2230 5171 et
2249 5116 2456 5171 Genava
2481 5118 2680 5171 civitate
2706 5117 2965 5186 ingressus
2991 5119 3162 5188 plures
3183 5116 3408 5176 homines
3427 5125 3584 5179 ἱηιεμ

344 5206 375 5244 a
405 5192 592 5244 Turcis
617 5189 813 5243 dicitur
847 5187 1090 5253 Chisi'me,
1120 5189 1173 5242 in
1208 5189 1430 5258 Phrygia
1459 5191 1682 5243 minore.

420 5271 445 5298 ο
489 5262 621 5313 Editi
653 5260 887 5327 quidam,
925 5257 1218 5312 Firmino...
1250 5257 1467 5324 tantum,
1496 5269 1551 5312 et
1577 5260 1715 5314 infra
1749 5259 1914 5316 (ἔοι-Ι).

345 5346 398 5390 et
431 5331 655 5392 ltellov.,
689 5328 866 5398 ﬂagiti
888 5328 956 5380 ibi
995 5337 1111 5380 tunc
1131 5329 1243 5380 viri.

417 5403 442 5470 ,ι
487 5401 574 5456 Sic
599 5413 730 5453 mss.
761 5397 946 5452 omnes
981 5418 994 5453 :
1044 5398 1281 5467 plerique
1324 5407 1500 5452 tamen
1545 5397 1672 5452 editi
1719 5397 1917 5454 habent

381 5483 530 5525 atria.

345 5492 586 5592 Pmaniiic
629 5538 779 5594 locus
806 5535 1024 5590 omnino
1071 5536 1361 5590 illustratur
1401 5553 1464 5592 ex
1518 5536 1663 5592 Marii
1697 5537 1915 5591 Aventi-

347 5612 523 5664 censis
553 5609 817 5662 Chronico
843 5609 927 5660 [liii
959 5605 1025 5660 de
1047 5607 1233 5660 eadem
1276 5622 1334 5662 re
1361 5609 1438 5662 sic
1479 5608 1710 5676 loquitur
1739 5624 1755 5662 :
1800 5606 1914 5659 Hoc

347 5698 487 5735 anno
519 5677 670 5748 (565)
702 5695 844 5729 mons
888 5678 1085 5730 ualidus
1128 5677 1535 5748 'l'auretunensi's
1564 5678 1618 5728 in
1661 5679 1913 5730 territorio

361 5747 580 5804 i’allrnsi
614 5750 686 5800 ita
711 5748 875 5801 subito
904 5748 1025 5808 ruit,
1065 5755 1118 5798 ut
1143 5757 1364 5799 castrum
1385 5747 1466 5799 cui
1494 5747 1684 5799 uicinus
1713 5757 1842 5809 erat,
1865 5756 1914 5800 et

349 5825 485 5874 vicos
505 5837 617 5871 cuin
649 5819 877 5871 omnibus
907 5818 972 5869 ibi
1015 5817 1354 5870 habitantibus
1381 5816 1725 5884 Oppressisset,
1755 5829 1798 5870 et
1830 5819 1909 5869 la-

2015 5189 2399 5335 ίεεῖξδξῗμετξςιυς
2426 5254 2580 5335 edi“...
2603 5253 2906 5335 εξείέερρῑιε·

2095 5326 2111 5361 ί
2155 5328 2245 5381 Sic
2271 5323 2432 5380 Cbrb.
2461 5325 2678 5396 et_Bell.
2712 5323 2847 5396 Edjii
2877 5324 3112 5396 plerique
3154 5343 3272 5385 cum
3305 5331 3449 5396 Bec.,
3480 5332 3582 5387 Ja.

2017 5396 2400 5467 nosamtcolb.
2442 5405 2496 5467 et
2517 5394 2738 5467 Cliesii.,
2764 5392 3147 5467 Genuam—Sed
3175 5400 3259 5454 hic
3286 5392 3578 5467 Genavam,

2020 5465 2416 5538 vulgoﬁenéve,
2445 5464 2708 5538 designari
2751 5465 3086 5538 manifestum
3129 5479 3239 5533 est;
3288 5479 3342 5524 et
3365 5464 3578 5538 quidem

2019 5537 2069 5590 id
2094 5535 2145 5590 in
2176 5535 2428 5601 Vallensi,
2458 5535 2504 5589 le
2538 5535 2731 5597 Volcis,
2755 5536 2994 5604 contigit.

2089 5607 2104 5656 i
2152 5605 2311 5661 Cori).
2343 5615 2399 5660 et
2419 5607 2566 5668 Bec.,
2599 5604 2919 5658 Coredallus.
2944 5605 3120 5669 Colb.,
3153 5606 3480 5662 Corailallus.
3511 5609 3578 5664 γ.

2015 5675 2362 5731 Alteserraiii.

2089 5745 2114 5783 "
2155 5745 2244 5800 Sic
2269 5744 2430 5800 Corb.
2460 5751 2517 5797 et
2547 5742 2676 5797 Bell.
2709 5743 2808 5798 Alii
2839 5754 2893 5797 ct
2918 5744 3154 5812 plerique
3179 5743 3330 5808 editi,
3356 5748 3580 5802 Cicinde-

2017 5816 2136 5869 lein.
2163 5815 2350 5871 Nosu'a
2385 5815 2540 5869 lectio
2563 5814 2906 5868 confirmatur
2933 5830 2996 5868 ex
3032 5815 3142 5866 Vita
3184 5814 3241 5871 S.
3272 5816 3423 5888 Eligii
3461 5835 3491 5873 a
3519 5823 3568 5876 ὃ
