4016 6338
446 394 550 453 ιω

1445 384 1502 440 8.
1539 373 1874 438 GliEGOiill
1915 370 2220 431 EPISCOPI
2257 367 2688 426 TURONENSIS

3601 361 3708 420 296

444 513 626 564 dresr
644 505 713 561 de
741 501 948 576 lychnis
975 499 1298 566 lucentibus,
1329 496 1442 552 avis
1469 495 1572 550 aiia
1592 493 1740 549 fecit.
1761 491 1880 548 Jam
1899 501 2029 542 vero
2057 485 2109 546 Α
2133 496 2227 552 per
2251 489 2544 576 orationem
2573 476 2808 532 remedia
2831 473 3160 576 conferebat.
3188 471 3293 576 Qui
3318 471 3419 528 sub
3441 471 3546 528 hoc
3572 481 3709 576 tem-

445 598 763 652 adveuiente
804 596 919 660 ipsa
946 593 1121 660 clade,
1147 599 1290 645 tanta
1321 600 1525 658 strages
1569 586 1639 640 de
1691 583 1888 652 populo
1937 577 2028 636 illo

353 670 362 679 ’
440 690 576 742 facta
606 695 693 742 est
716 700 810 752 per
832 693 996 738 totam
1035 682 1304 751 regionem
1331 676 1502 740 illam,
1527 686 1585 729 ιιι
1613 688 1714 729 nec
1748 669 2024 726 numerari

442 779 611 839 possit
655 786 872 846 quantae
898 776 1092 828 ibidem
1123 771 1413 826 ceciderim
1446 769 1704 839 legiones.
1751 766 1881 822 Nam
1905 778 2024 816 cuin

443 871 550 940 jam
582 869 844 938 sarcofagi
873 877 962 920 ant
1002 866 1191 920 tabula).
1218 863 1560 922 defecissent.
1597 861 1787 915 decem
1827 865 1921 910 ant
1960 871 2026 910 eo

441 962 669 1030 amplius
698 960 751 1014 in
798 973 900 1012 una
927 957 1072 1011 humi
1104 955 1244 1010 fossa
1287 953 1705 1020 sepeliebantur.
1741 949 2022 1002 Numerata

441 1061 565 1106 sunt
585 1061 761 1104 autem
797 1048 1027 1116 quadam
1061 1044 1331 1098 Dominica
1364 1045 1414 1095 in
1443 1055 1548 1096 una
1590 1038 1729 1094 beati
1762 1037 1900 1091 Petri
1931 1035 2025 1089 ha-

445 1141 594 1195 silica
631 1138 660 1178 ιι
713 1146 945 1193 trecenta
990 1135 1359 1190 defunctorum
1401 1145 1625 1198 corpora
1651 1147 1668 1182 :
1716 1135 1834 1184 erat
1881 1127 2024 1182 enim

441 1239 496 1282 et
524 1229 635 1297 ipsa
666 1242 810 1280 mors
833 1225 1026 1280 subita.
1063 1223 1192 1276 Nam
1223 1228 1482 1276 nascente
1525 1220 1574 1271 in
1607 1218 1824 1288 inguine
1850 1227 1938 1267 aut
1971 1215 2022 1269 in

446 1321 640 1373 ascella
667 1318 883 1372 vulnere
931 1316 984 1369 in
1016 1314 1238 1368 modum
1263 1311 1552 1380 serpentis,
1602 1311 1674 1364 ita
1719 1307 2029 1362 inlicieban-

443 1417 527 1463 tur
558 1409 799 1461 homines
829 1407 902 1459 illi
930 1416 954 1444 °
991 1405 1145 1476 173
1193 1418 1223 1458 a
1253 1417 1480 1469 veneno,
1519 1410 1577 1454 ιιι
1603 1401 1688 1454 die
1717 1403 1881 1452 altera
1927 1405 2025 1451 ant

445 1501 601 1553 tertia
633 1498 877 1566 spiritum
924 1497 1256 1550 ulularent.
1308 1494 1414 1550 Sed
1472 1503 1526 1546 et
1574 1506 1790 1546 sensum
1823 1489 1903 1542 vis
1930 1489 2019 1542 illa

444 1587 635 1642 veneni
673 1586 946 1641 auferebat
981 1586 1050 1638 ab
1079 1586 1314 1640 homine.
1365 1583 1513 1636 Tunc
1542 1591 1597 1636 et
1635 1582 1768 1635 Cato
1799 1580 2023 1650 presby-

445 1690 526 1736 ter
551 1690 796 1734 mortuus
821 1690 904 1733 est
924 1676 973 1733 ἀ.
1021 1678 1152 1732 Nam
1179 1693 1300 1732 cum
1333 1677 1401 1732 de
1431 1676 1529 1730 hac
1556 1677 1642 1730 lue
1687 1674 1836 1729 multi
1865 1673 2026 1740 fugis-

444 1781 584 1834 sent.
612 1771 703 1826 ille
734 1781 909 1825 tamen
935 1769 1188 1839 populum
1217 1770 1506 1837 sepeliens,
1534 1777 1588 1820 et
1628 1765 1811 1819 Missas
1840 1764 2025 1817 dicens

2130 589 2258 644 pore
2309 573 2429 634 luis.
2473 571 2680 626 dierum
2730 575 2888 638 atque
2943 567 3195 620 virtutum
3242 563 3431 636 plenus
3477 579 3545 619 ex
3605 563 3708 618 hoc

2130 665 2327 720 mundo
2348 672 2430 718 est
2452 671 2753 730 assumptus
2783 659 2832 712 in
2861 659 3062 727 requie.

2204 755 2362 829 174
2385 758 2403 778 ⁶
2435 752 2670 808 XXXIII.
2715 750 2948 805 Transiit
2970 759 3095 804 tunc
3125 757 3180 804 et
3205 747 3370 803 abbas
3393 747 3706 802 monasterii

2131 847 2318 913 ipsius.
2333 846 2415 898 cui
2433 838 2781 900 Sunninllush
2794 839 3069 904 successit,
3083 839 3164 892 vir
3176 837 3336 893 totius
3351 837 3708 918 simplicitatis

2127 935 2500 992 etcbaritatis.
2544 934 2676 988 Nam
2721 933 3032 1002 plerumque
3062 932 3330 1000 hospitum
3379 930 3543 1000 pedes
3593 930 3708 1000 ipse

2127 1030 2396 1093 abluebat,
2429 1027 2778 1096 manibusque
2822 1027 2938 1095 ipse
2977 1024 3247 1094 tergebat;
3279 1033 3440 1078 unum
3472 1032 3704 1089 tantum,

2126 1120 2267 1189 quod
2299 1135 2513 1192 gregem
2543 1120 2887 1174 commissum
2937 1133 3042 1172 non
3076 1118 3286 1178 timore.
3316 1114 3408 1170 sed
3440 1115 3710 1183 supplica-

2127 1211 2275 1268 tione
2305 1214 2544 1282 regcbat.
2592 1212 2708 1280 Ipse
2752 1225 2962 1282 quoque
2993 1208 3193 1265 referre
3221 1215 3336 1262 erat
3371 1208 3582 1272 solitus,
3616 1209 3710 1262 du-

2126 1311 2269 1357 ctum
2312 1317 2373 1360 se
2421 1319 2515 1373 per
2562 1304 2733 1358 visum
2761 1301 2828 1356 ad
2857 1300 3121 1370 quoddam
3151 1299 3350 1356 ﬂumen
3383 1300 3617 1369 igneum.
3655 1301 3707 1353 in

2127 1409 2233 1466 quo
2259 1396 2327 1449 ab
2368 1411 2471 1449 una
2517 1406 2668 1464 parte
2717 1395 2910 1448 littoris
2953 1401 3336 1448 concurrentes
3379 1392 3556 1461 populi
3608 1405 3710 1448 ceu

2125 1501 2254 1550 anes
2279 1486 2343 1541 ad
2372 1486 2604 1541 alvearia
2635 1483 3007 1555 mergebantur
3030 1504 3044 1536 :
3065 1493 3120 1540 et
3146 1493 3300 1539 erant
3327 1481 3417 1537 alii
3443 1497 3620 1551 u~que
3643 1487 3708 1537 ad

2125 1577 2418 1648 cingulum,
2441 1575 2530 1630 alii
2551 1590 2679 1632 vero
2701 1589 2868 1643 usque
2895 1575 2961 1628 ad
2990 1573 3239 1639 ascellas,
3269 1573 3507 1646 nonnulli
3535 1587 3710 1642 usque

2126 1679 2386 1734 meatum,
2411 1668 2702 1724 clamantes
2729 1681 2848 1720 cum
2895 1665 3021 1724 ﬂetu
3047 1680 3107 1722 se
3147 1665 3494 1722 vehementer
3523 1663 3702 1718 aduri.

2126 1760 2252 1813 Erat
2279 1762 2421 1814 enim
2443 1768 2498 1814 et
2521 1756 2642 1814 fons
2668 1773 2830 1826 super
2857 1755 3073 1811 ﬂuvium
3101 1755 3303 1825 positus
3325 1755 3397 1810 ita
3426 1763 3702 1822 angustus,

444 1865 638 1918 viritim
674 1873 730 1928 ο,
760 1876 1030 1931 nunquam
1059 1861 1216 1916 abeo
1247 1860 1364 1914 loco
1392 1858 1658 1913 discessit.
1704 1856 1800 1914 llic
1839 1864 2017 1909 autem
2053 1845 2095 1903 Β
2123 1861 2179 1904 ιιι
2205 1851 2290 1905 vis
2315 1849 2471 1904 unius
2501 1849 2706 1918 vestigii
2730 1847 3064 1904 latitudinem
3091 1847 3328 1914 recipere
3355 1855 3555 1915 posset.
3587 1846 3702 1910 Ap—

443 1954 720 2024 presbyter
743 1954 924 2006 multa
956 1950 1322 2016 humanitatis,
1344 1957 1400 2004 et
1424 1949 1554 2003 satis
1573 1948 1803 2001 dilectur
1825 1959 2026 2012 paupe-

444 2061 560 2102 rum
591 2046 684 2101 fuit
717 2065 732 2101 :
767 2058 824 2100 et
857 2045 1022 2100 credo
1050 2044 1165 2098 hanc
1210 2055 1370 2097 causa
1409 2039 1480 2105 ei,
1514 2039 1562 2093 si
1591 2039 1715 2108 quid
1760 2035 2026 2106 superbia

445 2144 650 2208 habuit,
679 2142 1129 2196 medicamentum
1171 2136 1295 2192 l‘uit.
1330 2134 1586 2192 Catilinas
1607 2140 1783 2186 autem
1803 2130 2028 2199 .episcoo

448 2247 567 2300 pus,
618 2247 738 2285 cum
777 2231 988 2284 diversa
1047 2229 1185 2294 loca,
1231 2226 1369 2280 hanc
1411 2223 1618 2278 cladem
1669 2221 1885 2285 timens,
1923 2219 2031 2273 cir-

447 2324 727 2388 cumisset,
757 2321 822 2375 ad
852 2321 1122 2374 civitatem
1154 2330 1431 2388 regressus
1474 2322 1581 2379 est,
1607 2319 1665 2367 et
1694 2313 1831 2366 hanc
1855 2310 2030 2363 incur-

451 2427 594 2472 rens.
625 2424 911 2479 parasceve
955 2407 1229 2463 Passionis
1263 2404 1546 2460 dominica:
1567 2401 1722 2457 obiit.
1752 2399 1884 2455 Nam
1915 2400 2027 2468 ipsa

445 2506 580 2556 hora
617 2513 672 2556 et
720 2499 1002 2556 Tetradius
1049 2498 1404 2553 consobrinus
1449 2493 1571 2564 eius
1623 2501 1870 2547 mortuus
1919 2498 2024 2546 est.

450 2595 598 2650 Tunc
625 2605 679 2651 et
717 2592 1047 2664 Lugdunum.
1079 2591 1305 2650 Biturix.
1336 2588 1669 2642 Cavillonum
1707 2583 1724 2623 ι
1750 2593 1912 2654 atque
1940 2583 2029 2638 Di-

450 2682 661 2736 vionum
690 2685 758 2735 ab
789 2684 888 2734 hac
915 2681 1225 2734 inlirmitate
1254 2678 1407 2732 valde
1434 2675 1756 2745 depopulata
1785 2681 1932 2728 sunt.

519 2777 537 2797 ⁴
563 2773 780 2828 XXXII.
815 2774 944 2826 Erat
967 2780 992 2819 ε
1022 2784 1143 2824 tunc
1191 2769 1448 2837 temporis
1485 2766 1623 2835 apud
1671 2764 2028 2821 Randanense

449 2862 830 2916 monasterium
855 2861 1092 2915 civitatis
1122 2859 1428 2914 Arvernic‘a
1457 2855 1733 2926 presbyter
1757 2855 2028 2924 praeclare

451 2955 682 3017 virtutis.
718 2952 964 3007 Julianus
1006 2950 1224 3006 notnine
1248 2989 1263 3014 ,
1292 2948 1374 3001 vir
1403 2961 1624 3014 magna
1671 2944 2026 3010 abstinentiae,

447 3047 540 3114 qui
563 3060 738 3115 neque
765 3044 948 3098 vinum
992 3056 1168 3112 neque
1196 3040 1359 3093 ullum
1392 3039 1721 3108 pulmentum
1757 3037 2025 3104 utebatur,

446 3138 676 3192 cilicium
690 3133 1207 3200 omnitemporesub
1231 3131 1462 3186 tunicam
1494 3128 1714 3194 habens,
1745 3129 1796 3183 in
1834 3127 2026 3197 vigiliis

2125 1941 2350 2010 parebat
2374 1951 2551 1996 autem
2581 1951 2635 1996 et
2660 1940 2715 1994 in
2737 1940 2838 1996 alia
2881 1950 3030 2008 parte
3071 1939 3266 1994 littoris
3293 1939 3484 1993 domus
3513 1952 3702 2008 magna

2127 2034 2460 2089 extrinsecus
2503 2032 2770 2088 dealbata.
2816 2032 2963 2088 Tunc
3005 2032 3070 2087 iis
3115 2031 3204 2100 qui
3247 2046 3367 2086 cum
3416 2045 3483 2086 eo
3517 2039 3700 2095 erant,

2120 2124 2249 2194 quid
2277 2124 2380 2181 sibi
2422 2124 2538 2180 lucc
2562 2123 2728 2180 velint
2757 2124 3064 2192 interrogat.
3111 2123 3181 2176 At
3207 2122 3279 2176 illi
3310 2121 3559 2176 dixerunt
3583 2139 3598 2176 :
3627 2121 3702 2176 lie

2125 2215 2230 2270 hoc
2251 2215 2392 2272 enim
2417 2226 2577 2284 ponte
2601 2215 3036 2284 praecipitabitur,
3065 2214 3153 2283 qui
3180 2215 3244 2267 ad
3277 2214 3700 2282 distringendum

2126 2308 2473 2365 commissum
2495 2321 2713 2377 gregem
2739 2305 2901 2362 fuerit
2921 2313 3164 2374 repertus
3186 2304 3436 2375 ignavus;
3459 2306 3547 2372 qui
3574 2320 3703 2359 vero

2123 2408 2378 2456 strenuus
2417 2401 2596 2466 inerit,
2643 2401 2758 2454 sine
2801 2398 3038 2468 periculo
3082 2397 3292 2463 transit,
3340 2406 3393 2452 et
3435 2396 3702 2451 inducitur

2123 2491 2282 2547 ia-tus
2309 2492 2364 2544 iu
2391 2489 2608 2545 domum
2635 2504 2793 2559 quam
2830 2486 3098 2557 conspicis
3126 2487 3286 2543 ultra.
3327 2486 3452 2542 llaec
3478 2487 3704 2540 audiens

2127 2598 2158 2638 a
2181 2597 2371 2639 somno
2391 2583 2678 2652 excutitur,
2693 2581 2861 2637 multo
2881 2580 3136 2652 deinceps
3160 2581 3438 2637 monachis
3465 2583 3703 2635 severior

2122 2687 2413 2744 apparens.

2199 2769 2218 2788 °
2241 2762 2480 2819 XXXIV.
2510 2760 2646 2831 Quid
2665 2761 2826 2817 etiam
2855 2761 2991 2827 apud
3021 2759 3286 2828 quoddam
3318 2757 3702 2814 monasterium

2128 2867 2196 2909 eo
2236 2862 2476 2923 tempore
2523 2863 2700 2908 actum
2731 2851 2822 2918 sit,
2855 2851 3078 2920 pandam
3105 2867 3118 2903 :
3143 2865 3333 2905 nomen
3362 2859 3540 2905 autem
3585 2865 3702 2902 ino-

2129 2944 2282 2999 nachi
2315 2943 2358 3012 ί,
2391 2945 2514 3013 quia
2543 2952 2806 3013 superest,
2840 2943 3100 2996 nominari
3147 2943 3292 3007 nolo,
3317 2957 3384 2997 ne
3422 2957 3542 2996 cum
3590 2943 3702 2999 haec

2127 3037 2324 3104 scripta
2350 3036 2414 3090 ad
2437 3051 2558 3091 eum
2583 3035 2939 3104 pervenerint,
2965 3050 3150 3089 vanam
3179 3037 3451 3090 incurrens
3479 3037 3702 3105 gloriam

2127 3126 2416 3180 reviliscat.
2440 3125 2664 3194 Quidam
2687 3111 2900 3195 juvenis
2941 3126 3006 3180 ad
3051 3126 3430 3181 monasterium
3459 3127 3705 3195 veniens,

445 3228 669 3297 primus,
694 3228 744 3278 in
761 3227 1004 3278 oratimie
1025 3221 1399 3276 assiduuszcui
1429 3221 1798 3289 inergttmenos
1818 3232 2028 3283 curare,
2056 3207 2104 3269 (Ξ
2133 3216 2310 3272 abbati
2340 3231 2399 3273 se
2435 3217 2859 3283 commendant,
2891 3227 2948 3272 nt
2976 3218 3026 3270 in
3058 3217 3149 3271 Dei
3179 3219 3396 3272 servitio
3440 3220 3660 3290 degeret
3686 3237 3704 3275 :

445 3333 622 3372 cauos
651 3318 973 3381 illuminare,
1004 3315 1085 3368 vel
1111 3314 1348 3381 reliquas
1390 3311 1722 3366 inﬁrmitates
1757 3309 2030 3379 depellere

448 3422 547 3476 per
593 3406 986 3460 invocationem
1034 3403 1289 3458 dominici
1336 3399 1589 3466 nominis,
1617 3412 1673 3456 et
1701 3401 2030 3470 signaculum

443 3505 645 3550 salicta
672 3495 846 3548 crucis
873 3493 1029 3548 facile
1052 3502 1190 3547 erat.
1223 3491 1368 3546 Idem
1397 3505 1521 3545 cum
1550 3489 1742 3544 stando
1772 3489 1937 3558 pedes
1960 3489 2030 3545 ab

441 3586 670 3640 humore
699 3585 922 3639 haberet
953 3583 1202 3645 infectos,
1227 3592 1280 3635 et
1305 3583 1356 3637 ei
1389 3581 1679 3644 diceretur,
1708 3594 1806 3634 cnr
1843 3589 2028 3636 contra

439 3677 849 3746 possibilitatem
865 3675 1108 3742 corporis
1131 3687 1342 3740 semper
1364 3681 1552 3736 staret,
1567 3669 1748 3724 dicere
1767 3684 1887 3724 cum
1903 3668 2028 3738 joco

439 3771 704 3839 spiritu“
734 3777 852 3824 erat
879 3769 1069 3823 solitas
1096 3785 1110 3820 :
1133 3768 1360 3821 Faciunt
1400 3780 1536 3835 opus
1581 3779 1788 3828 meum.
1817 3764 1943 3818 dum
1971 3773 2029 3821 et

445 3860 551 3912 vita
583 3873 764 3914 cornos
815 3868 918 3923 est,
951 3873 1047 3912 nec
1093 3873 1184 3912 tae
1223 3872 1408 3912 eorum
1451 3857 1770 3911 sustentatio
1799 3856 2026 3912 Domino

445 3949 669 4018 jnbente
692 3948 969 4015 relinquit.
1001 3947 1132 4002 Nam
1163 3949 1394 4002 vidimus
1422 3962 1545 4000 eum
1575 3949 1801 4016 quadam
1833 3949 1949 4002 vice
1973 3947 2024 4002 in

452 4041 669 4095 basilica
703 4040 852 4098 beati,
896 4039 1092 4094 Juliani
1139 4039 1389 4110 martyris
1434 4039 1832 4107 inergumenum
1863 4040 2026 4093 verbo

450 4141 652 4186 tantum
680 4147 906 4186 curasse
933 4131 1325 4201 :quartanariis
1369 4140 1424 4186 et
1465 4131 1587 4185 aliis
1621 4131 1855 4186 febribus
1882 4144 2026 4200 sape

441 4267 700 4321 Audoeno
722 4267 883 4330 edita,
910 4281 1031 4336 cap.
1066 4265 1153 4332 i7,
1182 4268 1267 4320 ιιιιί
1295 4267 1537 4320 vocabuli
1567 4265 1722 4336 hujus
1752 4264 2023 4334 signillca-

440 4340 516 4391 tio
545 4339 829 4406 exponitur
872 4347 1016 4390 tumo
1048 4337 1088 4389 Ὺ
1135 4339 1380 4406 :‘picileg.
1429 4337 1502 4391 De
1555 4338 1690 4391 velis
1722 4351 1900 4406 autem
1930 4350 2021 4390 ec-

437 4405 720 4461 clesiarum
747 4409 867 4461 vide
901 4407 1161 4460 cardinal.
1195 4410 1338 4459 Bona
1371 4408 1462 4461 lib.
1495 4423 1511 4462 ι
1540 4407 1609 4460 de
1640 4405 1817 4460 Rebus
1848 4406 2023 4460 Litur-

438 4477 572 4543 gic.,
597 4491 716 4545 cap.
750 4477 846 4541 25,
876 4487 930 4530 et
957 4476 1228 4529 Mabillon.
1261 4478 1355 4530 lib.
1398 4492 1416 4530 ι
1443 4480 1510 4530 de
1543 4475 1776 4546 Liturgia
1803 4474 2020 4541 Gallic.,

674 4613 778 4692 _liac
807 4612 1115 4692 libellus‘de
1141 4613 1381 4692 ecclesiis
1410 4612 1736 4692 Cljromont.
1771 4627 1888 4692 cap.
1929 4611 2021 4692 5i.

444 4686 599 4734 Anno
631 4684 651 4734 'l
673 4685 784 4748 ιίιει,
810 4701 835 4734 a
871 4683 1139 4735 Willelnto
1168 4687 1361 4736 Comite
1389 4695 1441 4738 et
1467 4684 1729 4752 Delphina
1759 4683 2024 4739 Alvernize

441 4763 758 4817 restaurata,
793 4755 983 4806 tradita
1029 4753 1126 4806 fuit
1157 4752 1779 4821 l’raauionstratensiuus,
1811 4759 1886 4808 uti
1926 4755 2022 4809 ob-

440 4833 616 4876 δεηειι
643 4827 864 4877 θινίιτθ.

509 4891 539 4933 δ
581 4893 896 4961 Complures
909 4894 1042 4947 olim
1065 4893 1214 4948 fuere
1239 4891 1378 4961 apud
1402 4891 1856 4951 Clarummontem
1881 4895 1915 4951 b
1931 4898 2023 4952 isi-

454 4961 570 5016 lica:
595 4966 648 5017 S.
687 4964 844 5018 I'etro
872 4965 1083 5019 dicatae.
1118 4964 1212 5018 Hic
1243 4964 1388 5017 locus
1415 4971 1482 5018 de
1513 4966 1796 5033 parochiali
1824 4967 2022 5023 intelli-

446 5036 651 5100 gendus
679 5048 780 5099 est,
806 5033 875 5087 de
899 5049 1001 5103 qua
1026 5035 1274 5088 iaudutus
1312 5034 1447 5088 liber
1479 5050 1597 5103 Cap.
1627 5035 1681 5090 6.

447 5171 457 5176 _
518 5113 558 5176 °_
581 5103 860 5176 Sic_Bell.-;
891 5116 943 5156 at
963 5105 1126 5176 (ἐστι),
1175 5116 1255 5176 et_
1282 5105 1404 5176 Bcc.
1433 5121 1553 5158 cum
1602 5105 1819 5176 plerisq.
1850 5107 1954 5162 edit

441 5171 512 5222 ila
542 5146 860 5237 aI'ﬁEiJiiir’
883 5146 2010 5241 ἧᾶτῖἷῖξῖὼ.”ᾸιίίῗιὶιᾶῖὶἓῖεἴιὶῖἐιῖῚὶιῖιῖιξὲ

442 5242 594 5293 clade
637 5243 827 5294 Marius
859 5244 908 5295 in
937 5245 1200 5298 Chronico
1227 5245 1292 5298 ad
1323 5260 1410 5299 an.
1433 5247 1564 5301 ~57i.
1595 5246 1656 5300 γ.
1701 5246 1793 5301 lib.
1822 5247 1889 5303 de
1913 5249 2010 5303 Mi-

443 5327 552 5380 τίω.
579 5311 636 5365 S.
671 5311 911 5375 Juliani.,
953 5327 1070 5380 cap.
1102 5315 1192 5368 45.

511 5379 540 5418 ά
570 5383 645 5454 ile
675 5379 1116 5454 liuciiprcsbytero
1158 5382 1277 5437 vide
1305 5396 1461 5454 supra
1487 5398 1603 5453 cap.
1637 5385 1672 5440 6
1699 5395 1751 5442 et
1780 5399 1932 5454 seqq.

444 5521 490 5573 h_
517 5462 539 5489 ⁸
555 5452 725 5573 ἐξιεῖ
753 5453 904 5506 Colb.
933 5465 986 5505 et
1027 5456 1225 5522 aliquot
1255 5452 1408 5520 editi,
1443 5452 1674 5522 viriliter,
1701 5452 2012 5527 qttod'idem

483 5539 526 5573 lC
622 5541 679 5573 IIH
716 5561 728 5573 .

462 5538 526 5573 ttc
555 5533 728 5576 sonat.

519 5591 546 5663 ‘_
566 5593 656 5663 Sic
681 5609 809 5663 mss.
837 5606 958 5646 cum
991 5591 1214 5658 Chesn.;
1249 5593 1484 5663 plerique
1513 5594 1625 5660 ed.,
1655 5596 2011 5654 Cauni/onum.

447 5661 819 5736 liad.,__(jutiilo,
850 5677 967 5736 qua:
1000 5679 1179 5736 revera
1225 5661 1411 5736 civitas
1439 5665 1523 5718 hic
1545 5667 1869 5736 designatur,
1907 5681 2011 5723 non

443 5730 677 5800 Cahelrlio
708 5730 1020 5800 l'roviaciie,
1053 5734 1208 5795 vulgo
1233 5731 1518 5789 Cavaillon.

515 5808 542 5848 α
575 5799 683 5855 Hoc
711 5815 868 5871 caput
896 5815 950 5859 et
976 5799 1207 5873 quinque
1236 5805 1514 5872 sequentia
1555 5803 1746 5860 desunt
1775 5807 1824 5861 in
1856 5806 2013 5862 editis

2049 4568 2103 4628 D

2126 3307 2216 3362 cui
2245 3306 2336 3364 ille
2357 3322 2478 3362 cum
2515 3308 2678 3365 multa
2705 3307 2982 3376 obiiceret.
3005 3308 3188 3363 dicens
3225 3309 3417 3364 durum
3443 3324 3565 3365 esse
3587 3323 3706 3365 ser-

2130 3400 2317 3456 vitium
2337 3399 2484 3456 illius
2513 3400 2637 3464 loci.
2683 3415 2781 3456 nec
2815 3401 3036 3456 mnino
3076 3409 3222 3455 tanta
3265 3403 3436 3469 possit
3481 3403 3706 3471 implere

2130 3504 2326 3563 quanta
2371 3492 2422 3547 ei
2461 3493 2906 3564 iajtmgebaatttr,
2936 3507 2998 3549 se
3043 3492 3220 3549 omnia
3265 3493 3604 3562 impleturum
3647 3495 3706 3550 in

2130 3585 2349 3639 nomine
2395 3584 2602 3638 Domini
2646 3585 2956 3654 pollicetur;
2983 3585 3166 3654 sicque
3214 3585 3472 3640 collectus
3519 3595 3604 3639 est
3634 3586 3706 3641 ab

2125 3678 2338 3732 abbate.
2380 3678 2601 3732 Factum
2623 3686 2716 3732 est
2739 3686 2915 3731 autern
2945 3686 3067 3746 post
3104 3691 3303 3746 paucos
3328 3677 3468 3742 dies,
3494 3677 3620 3732 dum
3649 3680 3706 3733 in

2128 3767 2424 3822 humilitate
2451 3774 2610 3837 atque
2633 3767 2916 3822 sanctitate
2943 3782 3002 3823 se
3032 3768 3084 3821 in
3112 3768 3360 3823 omnibus
3403 3768 3702 3834 exhiberet,

2127 3867 2187 3914 ut
2226 3857 2558 3928 expellentes
2603 3859 2846 3912 maliachi
2895 3858 3048 3929 175
3093 3858 3160 3914 de
3209 3858 3396 3914 horrea
3437 3875 3701 3926 annonas,

2120 3948 2278 4018 quasi
2323 3961 2486 4003 cotes
2531 3957 2661 4016 tres,
2694 3950 2760 4002 ad
2810 3950 2978 4006 solem
3026 3950 3231 4004 siccare
3263 3959 3538 4017 ponerent.
3567 3965 3704 4020 quas

2127 4039 2254 4094 huic
2285 4038 2558 4095 custndire
2599 4040 2932 4109 praecipiunt.
2972 4038 3104 4095 Cum
3130 4051 3308 4097 autem
3337 4042 3705 4098 reﬁcienubus

2125 4129 2264 4194 aliis,
2291 4127 2379 4184 hic
2402 4127 2473 4182 ad
2503 4131 2798 4183 astutiam
2840 4128 3099 4185 resideret
3124 4145 3370 4196 annona...
3400 4130 3576 4186 subito
3606 4148 3704 4188 nu-

2123 4277 2176 4320 et
2206 4264 2257 4319 in
2290 4278 2445 4328 mss.,
2479 4265 2721 4333 quamvis
2751 4265 2802 4320 in
2852 4265 3082 4333 capitum
3133 4265 3305 4321 indice
3333 4266 3385 4319 in
3418 4281 3547 4322 mss.
3575 4266 3703 4321 nec.

2121 4335 2268 4389 censi
2297 4345 2350 4389 et
2377 4334 2813 4403 Regioniontensi
2864 4347 2917 4388 et
2969 4342 3018 4388 in
3062 4336 3294 4390 edit-one
3325 4351 3420 4405 per
3441 4336 3703 4392 Judocum

2125 4405 2344 4460 Badium
2379 4417 2659 4476 procurata
2689 4406 3006 4460 iudicentur.
3035 4406 3089 4459 In
3110 4409 3387 4460 vet.editis
3412 4416 3464 4461 et
3484 4409 3704 4476 scrist

2160 4486 2244 4545 ost
2289 4473 2406 4544 cap.
2436 4473 2498 4528 41
2533 4484 2626 4531 aut
2670 4476 2758 4541 42,
2791 4476 3019 4531 habetur
3065 4490 3185 4545 cap.
3217 4475 3307 4531 47.
3359 4478 3480 4530 Ilaec
3522 4473 3703 4532 auiem

2145 4544 2384 4600 iubemus
2408 4561 2474 4600 es
2504 4560 2604 4600 ms.
2632 4547 2753 4601 cod.
2777 4549 2917 4600 sacri
2950 4544 3256 4600 monasterii
3284 4546 3609 4612 Casittensis,
3633 4550 3703 4602 ab

2125 4619 2277 4668 annis
2296 4615 2399 4668 700
2415 4626 2653 4670 esarato.
2679 4617 2745 4670 Et
2763 4616 2976 4681 quidem
2997 4617 3167 4686 stylus
3185 4628 3237 4671 et
3261 4617 3402 4670 modi
3427 4618 3703 4684 lnquendi,

2123 4699 2343 4756 casuum
2375 4688 2712 4749 mutationes,
2745 4687 2884 4740 sicut
2909 4695 2960 4756 et
2990 4685 3063 4740 ea
3083 4701 3202 4756 quae
3247 4685 3702 4754 complectuntur,

2121 4754 2365 4826 Gregorii
2400 4757 2565 4809 nostri
2595 4758 2806 4824 genium
2830 4755 3074 4824 sapiunt;
3105 4754 3283 4826 ‘Yitam
3311 4757 3480 4810 sancti
3511 4757 3700 4811 Nicetii

2121 4840 2148 4878 a
2177 4824 2381 4890 se‘ipso
2409 4829 2660 4894 scriptam
2713 4828 2890 4880 laudat
2937 4840 3057 4895 cap.
3084 4824 3173 4880 56.
3207 4825 3562 4880 Ran-laneuse
3589 4843 3702 4880 mo-

2121 4895 2431 4966 nasterium
2459 4897 2694 4950 dirutum
2742 4905 2859 4960 est;
2913 4905 2965 4949 at
3012 4899 3196 4958 vicus,
3245 4898 3402 4966 vulgo
3450 4895 3699 4963 Randun,

2121 4980 2314 5019 nomen
2338 4965 2552 5028 retinet,
2571 4967 2726 5033 paulo
2746 4966 2878 5020 infra
2897 4965 3050 5020 Dore
3069 4976 3122 5021 et
3142 4965 3378 5021 Elaveris
3395 4967 3700 5022 conﬂusutn

2119 5034 2252 5088 situs
2280 5036 2417 5101 apud
2447 5038 2736 5090 Arvernos.

2187 5102 2218 5142 Ι·
2252 5105 2380 5158 Bad.
2417 5109 2466 5158 in
2499 5107 2682 5167 titulo.
2714 5105 2792 5158 De
2825 5105 3150 5175 Symnulpho
3195 5107 3396 5162 abbate.
3429 5107 3614 5170 Regni.
3647 5119 3703 5162 et

2116 5175 2265 5240 Bec.,
2282 5176 2345 5229 de
2366 5175 2662 5247 Samniulfa
2683 5179 2873 5229 abbate.
2896 5177 3164 5243 Ejusmodi
3187 5178 3417 5232 visiones
3442 5180 3704 5234 habentur

2112 5247 2168 5301 in
2195 5247 2342 5299 Actis
2368 5245 2466 5300 SS.
2495 5245 2769 5314 Perpetua:
2797 5256 2851 5300 et
2882 5247 3186 5301 Felicitatis.

2194 5325 2211 5354 ι
2230 5316 2303 5388 _ln
2343 5316 2692 5388 capitulorum
2734 5315 2981 5388 iudicein
3021 5332 3150 5372 mss.
3175 5316 3302 5373 etin
3343 5318 3467 5372 Bad.
3512 5319 3705 5388 legitur

2123 5389 2186 5442 de
2223 5385 2600 5455 Burdcgalenst'
2642 5387 2906 5442 momcho.
2972 5389 3155 5442 Simile
3209 5389 3402 5444 factum
3435 5385 3617 5444 'essuit
3647 5391 3702 5443 in

2124 5459 2388 5528 Dialog0t
2420 5456 2639 5525 Sulpicii
2684 5457 2888 5523 Severi,
2919 5472 3036 5520 cap.
3083 5457 3136 5520 5,
3186 5459 3275 5512 ubi
3325 5461 3490 5513 abbas
3539 5459 3706 5528 virgis

2116 5527 2253 5582 caedi
2294 5528 2452 5595 jussit
2490 5529 2860 5597 rpuerum._qui
2907 5528 3144 5595 aspidem
3194 5527 3247 5582 in
3299 5530 3458 5597 pallio
3507 5527 3708 5585 tulerat

2122 5598 2358 5663 illtcsus;
2388 5607 2445 5649 ut
2470 5596 2702 5652 disceret
2750 5595 2856 5649 Deo
2881 5598 2932 5650 in
2959 5598 3244 5652 humilitate
3281 5595 3488 5663 servire,
3519 5615 3618 5651 non
3645 5600 3706 5653 in

2120 5668 2278 5738 signis
2301 5678 2346 5720 et
2375 5666 2640 5720 virtutibus
2665 5666 2898 5737 gloriari,
2921 5669 3040 5736 quia
3073 5670 3250 5723 melior
3274 5679 3400 5723 esset
3427 5669 3707 5738 inﬁrmita-

2121 5737 2184 5791 ne
2211 5737 2537 5799 conscientia,
2568 5737 2808 5792 virtutum
2834 5739 3068 5792 vanitate.
