4016 6338
312 439 421 506 299

1388 434 1448 495 s.
1490 436 1847 499 esseom
1888 437 2220 504 EPISCOPI
2258 409 2728 505 TURONENSIS

3703 450 3811 509 300

307 564 691 644 Lugdunensi
720 562 1001 637 episcopo,
1034 563 1267 619 sanctus
1288 560 1543 619 Nicetius
1572 562 1645 621 ab
1677 565 1825 637 ipso,
1875 564 2085 627 sicutA
2106 585 2281 643 quem
2330 586 2479 645 saepe
2526 577 2751 644 propter
2802 569 3027 629 facinus
3072 568 3343 628 adulterii
3396 576 3629 631 sanctus
3680 574 3808 644 Dei,

309 657 374 717 in
400 657 549 715 libro
576 653 726 713 Vitas
766 651 893 725 ejus
922 649 1259 722 scripsimus
1296 661 1341 720 ι,
1380 649 1596 708 electus
1622 654 1871 724 suscepit
1901 653 2021 725 epi-

309 746 627 817 scopatum,
669 738 761 797 vir
789 737 964 796 totius
992 734 1307 794 sanctitatis
1348 736 1637 809 egregius,
1678 744 1847 797 castae
1890 754 2021 796 con-

308 829 671 893 versationis.
708 826 1058 886 Gharitatem
1098 841 1256 895 vero,
1285 841 1463 898 quam
1496 827 1807 899 Apostolus
1845 832 2014 887 (Rom.

309 931 418 990 XII,
452 920 539 989 17)
579 933 714 977 cum
743 916 1037 983 omnibus,
1070 916 1118 973 si
1169 915 1443 989 possibile
1495 924 1662 989 esset,
1716 918 2019 975 observare

308 1006 599 1082 praecepit,
648 1006 743 1063 hic
770 1003 1118 1078 possibiliter
1158 1002 1239 1059 ita
1264 1002 1327 1059 in
1356 1004 1581 1061 cunctis
1621 1005 1900 1075 exercuit,
1954 1010 2020 1062 ut

309 1096 373 1156 in
410 1096 536 1172 ejus
579 1101 803 1169 pectore
833 1093 955 1166 ipse
988 1092 1292 1163 Dominus,
1334 1093 1435 1165 qui
1466 1099 1550 1151 est
1577 1109 1712 1151 vera
1749 1095 2015 1164 charitas,

310 1192 659 1247 cerneretur.
690 1185 838 1245 Nam
867 1184 973 1242 etsi
1019 1188 1345 1242 commotus
1378 1191 1576 1242 contra
1619 1184 1873 1259 aliquem
1915 1182 2025 1257 pro

309 1276 660 1351 negligentia
712 1274 852 1343 fuit,
905 1274 986 1331 ita
1036 1274 1304 1347 protinus
1352 1275 1726 1333 emendatum
1781 1275 2009 1347 recepit,

308 1373 587 1440 tanquam
613 1365 663 1423 si
691 1380 809 1423 non
832 1363 1041 1427 fuisset
1065 1364 1339 1421 oﬂ'ensus.
1372 1364 1507 1421 Erat
1528 1364 1687 1422 enim
1716 1365 2016 1438 castigator

308 1456 798 1530 delinquentium,
850 1453 1375 1527 pcenitentiumque
1420 1457 1712 1526 remissor,
1764 1454 2013 1513 eleemo-

308 1543 579 1619 synarius
615 1549 791 1617 atque
821 1547 1093 1600 strenuus
1123 1539 1185 1598 in
1213 1540 1406 1599 labore
1436 1560 1449 1600 :
1481 1542 1747 1599 ecclesias
1773 1543 2013 1613 erigere,

308 1634 511 1693 domos
540 1646 901 1706 componere,
932 1645 1121 1689 serere
1157 1643 1345 1701 agros,
1376 1628 1574 1687 vineas
1609 1631 1899 1703 pastinare
1924 1630 2014 1687 di-

308 1722 692 1799 ligentissime
730 1719 1011 1778 studebat.
1057 1718 1169 1777 Sed
1208 1732 1323 1774 non
1356 1733 1490 1776 eum
1526 1718 1620 1775 haa
1657 1734 1749 1776 res
1795 1720 1867 1777 ab
1893 1735 2015 1777 ora-

310 1815 467 1874 tione
499 1812 824 1872 turbabant.
862 1812 972 1869 Hic
1003 1812 1211 1883 viginti
1236 1812 1466 1871 duobus
1490 1815 1661 1871 annis
1702 1815 2014 1874 sacerdotio

2102 656 2243 713 dum
2267 664 2415 715 esset
2442 660 2503 716 in
2543 673 2797 731 corpore,
2840 673 2959 717 non
2991 658 3184 716 solum
3217 674 3248 715 a
3273 659 3691 719 communione
3724 677 3813 719 re-

2100 754 2377 817 moverat,
2418 746 2517 805 sed
2549 748 2722 804 etiam
2754 747 2966 818 saepius
2995 746 3139 804 caedi
3168 756 3544 820 praeceperat,
3575 755 3629 806 et
3654 764 3813 808 nun-

2100 850 2275 908 quam
2304 836 2356 892 ei
2385 835 2457 891 ad
2485 834 2946 892 emendationem
2984 833 3194 892 ducere
3233 835 3438 907 potuit,
3470 836 3565 893 hic
3602 853 3811 895 ascen-

2099 924 2242 980 dens
2275 938 2447 996 super
2480 928 2689 980 tectum
2735 921 2947 979 domus
2978 922 3165 993 illius,
3209 938 3343 981 cum
3393 922 3656 996 detegere
3688 941 3807 983 cm-

2100 1013 2293 1086 pissct,
2331 1011 2411 1069 ait
2440 1035 2452 1069 :
2486 1010 2709 1070 Gratias
2741 1010 2841 1068 tibi
2870 1027 2998 1083 ago,
3036 1012 3174 1070 Jesu
3213 1013 3461 1083 Christe,
3496 1014 3649 1087 quod
3680 1022 3809 1088 post

2098 1096 2341 1161 mortem
2372 1102 2727 1176 iniquissimi
2760 1102 2942 1160 Niceti
2968 1118 3139 1175 super
3158 1104 3318 1161 hunc
3347 1111 3561 1163 tectum
3587 1106 3809 1164 calcare

2098 1192 2408 1267 promerui.
2446 1192 2654 1250 Adhuc
2689 1191 2863 1249 verba
2918 1192 2978 1249 in
3008 1207 3105 1250 ore
3136 1194 3477 1265 pendebant,
3512 1201 3567 1253 et
3610 1194 3803 1252 statim

2098 1283 2418 1339 subductus
2444 1296 2477 1338 a
2506 1280 2747 1353 pedibus
2788 1282 2913 1353 ejus
2940 1281 3116 1339 robur
3146 1282 3205 1338 in
3241 1298 3357 1356 quo
3402 1283 3602 1352 stabat,
3645 1282 3801 1339 ceci-

2097 1370 2180 1427 dit
2209 1370 2279 1428 ad
2295 1375 2523 1439 terram,
2554 1370 2892 1442 crepuitque
2912 1376 2967 1427 et
2998 1375 3262 1428 mortuus
3288 1377 3392 1431 est.
3426 1371 3567 1429 Cum
3598 1360 3797 1429 autem

2097 1458 2399 1530 episcopus
2457 1456 2547 1514 vel
2589 1455 2804 1528 conjux
2852 1455 2980 1527 ejus
3032 1456 3216 1511 multa
3258 1460 3457 1511 contra
3510 1456 3795 1533 rationem

2096 1552 2350 1621 agerent,
2383 1545 2649 1619 apparuit
2676 1543 2910 1602 cuidam
2941 1548 3176 1600 sanctus
3204 1558 3305 1615 per
3337 1544 3654 1614 somnium,
3702 1544 3794 1601 di-

2095 1644 2231 1693 cens
2256 1626 2279 1689 ε’
2316 1633 2490 1699 Vade,
2526 1640 2581 1691 et
2606 1632 2697 1691 dic
2726 1631 2917 1690 Prisco
2948 1637 3011 1689 ut
3038 1630 3376 1689 emendetur
3414 1631 3487 1688 ab
3523 1632 3798 1705 Operibus

2096 1724 2285 1795 malis,
2352 1729 2408 1782 et
2459 1725 2602 1780 fiant
2648 1737 2817 1796 opera
2882 1721 3009 1795 ejus
3044 1721 3215 1779 bona.
3263 1720 3510 1779 Martino
3564 1736 3797 1795 quoque

2096 1818 2427 1890 presbytero
2455 1815 2609 1873 dices
2647 1837 2660 1872 :
2700 1812 2844 1882 Quia
2867 1812 3155 1871 consentis
3182 1812 3273 1869 his
3301 1812 3593 1885 operibus,
3620 1814 3794 1872 casti-

308 1901 634 1961 ministrate
684 1898 953 1972 migravit
999 1898 1070 1955 ad
1118 1899 1453 1971 Dominum,
1494 1902 1596 1973 qui
1620 1916 1779 1959 nunc
1806 1919 2072 1980 magnaB
2094 1908 2318 1982 gandus
2360 1907 2507 1977 eris;
2557 1911 2611 1965 et
2640 1906 2689 1963 si
2713 1904 3020 1963 emendare
3049 1902 3480 1976 perversitatem
3509 1908 3663 1961 tuam
3696 1919 3799 1961 no-

308 1990 587 2052 miracula
598 1989 664 2046 ad
690 2003 861 2046 suum
883 1988 1181 2047 tumulum
1208 1989 1584 2047 exorantibus
1600 1998 1849 2064 praestat.
1867 1993 2012 2050 Nam

308 2082 380 2141 de
409 2082 532 2140 oleo
572 2076 860 2148 ciciudeli,
893 2077 998 2150 qui
1042 2077 1114 2134 ad
1141 2076 1335 2151 ipsum
1376 2076 1707 2151 sepulcrum
1754 2080 2011 2153 quotidie

305 2169 655 2237 accenditur,
691 2181 975 2224 caecorum
1006 2166 1189 2224 oculis
1232 2166 1434 2225 lumen
1475 2168 1745 2240 reddidit,
1793 2170 2009 2227 daemo-

307 2275 415 2319 nes
444 2258 514 2316 de
538 2257 785 2316 obsessis
818 2255 1153 2330 corporibus
1181 2256 1358 2329 fugat,
1393 2258 1698 2315 contractis
1735 2256 2012 2315 membris

254 2370 269 2379 ’
308 2354 559 2413 restituit
586 2352 909 2421 sanitatem,
950 2356 1005 2408 et
1046 2351 1318 2409 omnibus
1347 2349 1604 2409 infirmis
1634 2367 1911 2425 magnum
1948 2350 2012 2408 in

306 2442 418 2501 hoc
450 2447 707 2515 tempore
728 2440 972 2497 habetur
1000 2438 1357 2512 praesidium.
1390 2439 1576 2512 Igitur
1622 2439 1855 2498 Priscus
1889 2441 2014 2513 epi-

307 2547 534 2606 scopus,
563 2530 665 2605 qui
687 2530 739 2588 ei
769 2534 1134 2599 successerat,
1170 2544 1303 2587 cum
1332 2530 1575 2603 conjuge
1608 2526 1715 2589 Sua
1745 2530 2012 2589 Susanna

306 2620 478 2693 cmpit
520 2616 788 2692 persequi
833 2632 899 2674 ac
946 2617 1266 2674 interﬁcere
1322 2617 1537 2675 multos
1581 2619 1651 2676 de
1705 2619 1817 2690 his,
1868 2634 2014 2690 quos

306 2710 399 2767 vir
426 2707 529 2766 Dei
557 2706 867 2764 familiares
904 2705 1203 2777 habuerat,
1240 2721 1358 2776 no_n
1390 2705 1556 2779 culpa
1583 2705 1780 2779 aliqua
1810 2705 2011 2777 victos,

306 2816 423 2859 non
447 2800 507 2857 in
547 2797 789 2856 crimine
816 2796 1230 2870 comprobatos,
1266 2812 1381 2856 non
1419 2798 1575 2854 furto
1604 2796 2011 2869 deprehensos,

307 2894 529 2947 tantum
587 2886 983 2959 inflammante
1024 2883 1243 2942 malitia
1296 2884 1552 2954 invidus,
1602 2900 1709 2943 cur
1737 2885 1785 2942 ei
1817 2884 2014 2943 ﬁdeles

306 2982 573 3043 fuissent.
630 2978 995 3036 Declamabat
1057 2978 1239 3036 multa
1287 2976 1647 3050 blasphemia
1697 2977 1819 3051 ipse
1875 2993 2008 3036 cum

305 3067 549 3141 conjuge
584 3065 654 3123 de
685 3070 879 3122 sancto
914 3063 1036 3134 Dei,
1062 3070 1270 3121 etcum
1304 3062 1406 3119 diu
1436 3063 1733 3136 multoque
1758 3071 2010 3137 tempore

2093 1997 2292 2065 lueris,
2319 1994 2693 2053 morieris.At
2712 1992 2811 2049 ille
2840 1990 3143 2064 evigilans,
3176 1990 3400 2050 locutus
3442 1996 3526 2049 est
3554 1991 3795 2050 diacono

2093 2084 2345 2154 cuidam,
2378 2082 2617 2141 dicens:
2666 2079 2841 2149 Vade,
2883 2094 3105 2154 quaeso,
3150 2091 3221 2135 eo
3267 2078 3419 2150 quod
3453 2078 3532 2135 sis
3570 2078 3795 2137 amicus

2095 2173 2151 2228 in
2188 2171 2356 2227 domo
2392 2167 2662 2242 episcopi,
2692 2172 2747 2225 et
2772 2167 2898 2224 haec
2927 2165 3163 2238 loquere
3203 2164 3325 2222 sive
3354 2166 3636 2238 episcopo,
3668 2165 3795 2223 sive

2093 2264 2341 2337 Martino
2362 2263 2714 2338 presbytero.
2736 2258 3006 2319 Promisit
3029 2274 3088 2317 se
3103 2258 3379 2317 diaconus
3404 2256 3796 2329 elocuturum,

2095 2356 2193 2414 sed
2230 2360 2564 2413 retractatus
2602 2354 2788 2412 noluit
2836 2366 2901 2409 ea
2950 2350 3078 2407 fari.
3128 2349 3304 2407 Nocte
3330 2352 3519 2405 autem
3551 2362 3687 2405 cum
3736 2361 3801 2408 se

2094 2444 2281 2518 sopori
2312 2444 2579 2510 dedisset,
2608 2443 2872 2517 apparuit
2912 2442 2964 2500 ei
2990 2444 3240 2509 sanctus,
3266 2438 3463 2495 dicens
3490 2461 3503 2495 :
3540 2437 3657 2495 Cur
3678 2451 3800 2495 non

2092 2534 2295 2592 dixisti
2322 2549 2457 2605 qum
2501 2533 2604 2591 tibi
2628 2534 2806 2591 abbas
2836 2532 3065 2590 locutus
3096 2530 3226 2588 est?
3262 2535 3319 2585 et
3346 2527 3560 2585 clausis
3586 2528 3803 2600 pugnis

2091 2623 2262 2697 coepit
2290 2630 2488 2697 guttur
2517 2624 2641 2696 ejus
2680 2622 2917 2681 credere.
2951 2620 3118 2677 Mane
3142 2624 3337 2677 autem
3378 2616 3544 2687 facto,
3583 2615 3803 2673 inflatis

2092 2712 2359 2772 faucibus
2414 2728 2546 2771 cum
2599 2726 2811 2785 magno
2856 2707 3073 2778 dolore,
3127 2704 3362 2763 accessit
3412 2703 3485 2761 ad
3524 2702 3696 2771 viros,
3741 2707 3799 2759 et

2092 2802 2291 2861 omnia
2315 2816 2448 2874 quae
2473 2799 2733 2859 audierat
2753 2796 3065 2857 intimavit.
3096 2797 3170 2853 At
3199 2794 3287 2852 illi
3313 2790 3797 2867 parvipendentes

2094 2906 2160 2948 ea
2189 2907 2319 2965 quae
2351 2891 2670 2958 audierant,
2701 2886 3064 2961 phantasiam
3091 2883 3451 2942 somniorum
3475 2895 3599 2937 esse
3629 2878 3794 2935 dixe-

2090 2987 2247 3039 runt.
2302 2980 2586 3038 Martinus
2642 2993 2777 3036 vero
2830 2974 3124 3049 presbyter
3168 2972 3357 3029 statim
3416 2970 3477 3027 in
3528 2968 3683 3024 febre
3737 2970 3797 3022 et

2091 3075 2375 3143 zegrotans
2418 3068 2748 3137 convaluit;
2801 3066 2899 3123 sed
2928 3079 3061 3123 cum
3104 3058 3244 3126 179
3282 3074 3507 3132 semper
3538 3056 3558 3085 "
3583 3055 3793 3143 adora-

303 3156 671 3215 observatum
725 3152 924 3211 fuisset
968 3151 1041 3209 ab
1081 3150 1470 3209 anterioribus
1506 3152 1899 3224 pontiﬁcibus,
1951 3155 2070 3215 utC
2094 3141 2237 3216 torio
2268 3156 2531 3230 episcopo
2562 3155 2915 3229 loqueretur,
2962 3157 3016 3210 et
3043 3150 3389 3209 consentiret
3427 3153 3481 3205 et
3516 3145 3577 3202 in
3622 3141 3795 3201 malis

304 3246 520 3307 mulier
547 3245 787 3305 domum
823 3260 939 3304 non
973 3243 1377 3317 ingrederetur
1401 3242 1675 3314 ecclesiae,
1716 3245 1839 3301 haec
1875 3260 2008 3302 cum

304 3336 517 3412 puellis
535 3336 706 3395 etiam
738 3336 799 3393 in
830 3334 1059 3404 cellula,
1097 3334 1155 3391 in
1187 3350 1300 3407 qua
1330 3334 1442 3392 viri
1469 3333 1618 3392 beati
1647 3335 2008 3408 quieverant,

304 3423 598 3483 introibat.
647 3422 758 3481 Sed
797 3436 898 3494 pro
930 3421 1020 3477 his
1048 3427 1332 3478 commota
1365 3421 1594 3479 tandem
1642 3422 1842 3478 divina
1884 3435 2011 3477 ma-

300 3515 476 3587 jestas
498 3513 617 3570 ulta
644 3518 729 3569 est
757 3510 818 3567 in
848 3508 1067 3567 familia
1102 3508 1281 3567 Prisci
1313 3508 1582 3582 episcopi.
1627 3507 1772 3565 Nam
1795 3509 2009 3579 conqu

307 3603 435 3675 ejus
480 3602 746 3659 daemone
785 3604 1027 3669 arrepta,
1079 3595 1337 3654 dimissis
1384 3597 1648 3654 crinibus
1694 3613 1795 3670 per
1840 3602 2015 3654 totam

309 3694 513 3755 urbem
578 3694 788 3751 insana
839 3689 1180 3752 vexabatur.
1218 3686 1296 3745 ‘et
1363 3696 1623 3746 sanctum
1683 3693 1823 3752 178
1892 3687 2013 3756 Dei,

307 3798 484 3857 quem
526 3796 667 3838 sana
698 3784 1023 3849 negaverat,
1075 3776 1329 3833 amicum
1362 3774 1573 3833 Christi
1612 3780 1890 3847 confessa,
1952 3784 2017 3835 ut

310 3873 423 3932 sibi
457 3876 709 3945 parceret
732 3868 1109 3927 declamabat.
1144 3866 1463 3939 Episcopus
1493 3867 1592 3923 ille
1615 3883 1648 3924 a
1676 3875 1811 3941 typo
1842 3882 2017 3941 quar-

309 3965 796 4031 tanaacorreptus
848 3964 1150 4013 tremorem
1193 3953 1458 4012 incurrit.
1508 3953 1652 4011 Nam
1684 3970 1819 4012 cum
1848 3961 2019 4026 typus

309 4053 410 4113 ille
457 4052 803 4122 recessisset,
865 4049 961 4107 hic
1006 4064 1235 4122 semper
1285 4054 1535 4106 tremens
1585 4049 1905 4108 habebatur
1952 4066 2018 4107 ac

310 4141 595 4218 stupidus.
648 4139 836 4197 Filius
879 4154 1133 4212 quoque,
1184 4138 1497 4211 omnisque
1541 4140 1762 4197 familia
1790 4138 2016 4197 decolor

256 4298 257 4301 η
310 4250 433 4295 esse
462 4231 765 4291 videbatur
794 4244 860 4287 ac
904 4228 1133 4301 stupida
1166 4252 1178 4285 :
1233 4235 1299 4286 ut
1324 4227 1475 4288 nulli
1508 4229 1582 4286 sit
1618 4227 1885 4298 dubium,
1919 4242 2015 4285 eos

309 4344 344 4387 a
372 4324 551 4387 sancti
592 4322 705 4384 viri
730 4322 947 4380 virtute
973 4334 1292 4394 percussos.
1332 4318 1570 4393 Semper
1598 4319 1755 4378 enim
1788 4318 2017 4377 Priscus

308 4419 628 4492 episcopus,
668 4414 906 4487 ejusque
955 4411 1191 4481 familia,
1250 4417 1446 4469 contra
1477 4418 1743 4469 sanctum
1772 4411 1875 4469 Dei
1914 4427 2016 4469 ne-

2092 3248 2315 3306 actibus
2348 3262 2413 3305 ac
2444 3244 2818 3319 blasphemiis
2854 3258 2986 3317 quae
3023 3242 3086 3298 in
3128 3245 3389 3298 sanctum
3425 3235 3791 3305 evomebant,

2092 3342 2304 3399 iterum
2333 3340 2395 3397 in
2430 3339 2588 3397 febre
2616 3337 2877 3395 redactus
2908 3333 3175 3407 spiritum
3212 3329 3526 3390 exhalavit.

2164 3476 2185 3497 ⁵
2209 3472 2496 3531 XXXVII.
2532 3471 2776 3530 Sanctus
2806 3483 2940 3528 vero
2968 3466 3243 3525 Friardus
3272 3464 3383 3521 hoc
3406 3458 3799 3519 nihilominus

2098 3579 2372 3643 tempore,
2419 3582 2534 3643 quo
2576 3571 2807 3626 sanctus
2835 3563 3091 3622 Nicetius
3120 3561 3263 3620 obiit
3305 3560 3515 3632 plenus
3544 3557 3799 3643 dierum,

2099 3642 2394 3719 sanctitate
2438 3642 2732 3730 egregius,
2787 3655 3011 3714 actione
3042 3649 3330 3719 sublimis,
3382 3648 3499 3705 vita
3544 3642 3800 3715 nobilis;

2099 3751 2169 3808 de
2197 3749 2363 3822 cujus
2391 3746 2690 3804 miraculis
2726 3744 2991 3828 quaedam
3026 3742 3089 3799 in
3129 3740 3296 3805 libro,
3347 3753 3523 3811 quem
3554 3735 3624 3792 de
3672 3732 3813 3790 Vita

2099 3840 2225 3912 ejus
2255 3838 2597 3911 scripsimus
2628 3848 2649 3875 α
2700 3826 3170 3894 memoravimus.
3197 3830 3294 3909 ‘Iu
3340 3828 3507 3902 cujus
3554 3826 3808 3885 transitu

2098 3928 2442 3985 adveniente
2477 3926 2661 3983 Felice
2706 3925 2990 3998 episcopo,
3036 3920 3246 3980 cellula
3284 3925 3398 3978 tota
3429 3917 3802 3983 contremuit,

2099 4017 2254 4075 unde
2288 4032 2402 4074 non
2447 4016 2677 4090 ambigo
2704 4013 2926 4088 aliquid
2964 4011 3180 4070 ibidem
3228 4009 3409 4069 fuisse
3449 4004 3801 4079 angelicum,

2099 4108 2252 4183 quod
2284 4107 2366 4165 sic
2404 4106 2562 4170 locus
2606 4103 2707 4162 ille
2735 4104 2859 4177 ipso
2888 4105 3225 4159 transeunte
3251 4093 3573 4183 tremuerit,
3613 4106 3805 4183 quem

2100 4182 2400 4272 episcopus
2443 4195 2710 4263 abluens,
2764 4198 2936 4267 atque
2974 4189 3168 4262 dignis
3218 4182 3577 4245 vestimentis
3606 4182 3802 4239 invol-

2099 4302 2263 4355 vens,
2298 4282 2609 4357 sepulturae
2640 4279 2955 4339 mandavit.

2172 4418 2469 4477 XXXVIII
2508 4416 2618 4492 [Αι.
2664 4416 2887 4487 XXXII].
2936 4412 3109 4485 Ergo,
3150 4414 3216 4469 ut
3252 4408 3324 4466 ad
3374 4402 3675 4464 historiam
3710 4415 3808 4492 re-

314 4490 478 4565 fariis
526 4502 765 4561 vocibus
809 4498 1192 4566 oblatrabant,
1248 4500 1557 4571 ipsumque
1607 4499 1717 4555 sibi
1766 4500 2397 4571 amicuchun-amus
2437 4510 2464 4546 ει
2561 4513 2787 4566 mortuo
2832 4505 2983 4579 apud
3027 4500 3372 4574 Hispaniam
3416 4490 3809 4565 Athanagildo

315 4610 440 4655 esse
465 4592 739 4661 dicentes,
770 4588 1126 4662 quicumque
1155 4588 1226 4644 de
1259 4603 1325 4644 eo
1353 4588 1698 4661 improperia
1739 4591 2023 4649 evomuis-

316 4686 421 4741 set.
452 4679 482 4738 J
489 4683 708 4739 usserat
745 4676 901 4734 enim
934 4675 993 4733 in
1021 4673 1335 4748 primordio
1364 4675 1719 4749 episcopatus
1749 4677 1839 4735 sui
1878 4678 2020 4736 azdi-

314 4772 517 4834 ﬁcium
566 4771 778 4832 domus
827 4768 1226 4829 ecclesiasticas
1286 4767 1572 4842 exaltari;
1602 4768 1611 4771 ’
1640 4776 1695 4830 et
1746 4770 2023 4831 diaconus

318 5052 347 5069 Ξ

377 5186 397 5209 ·
435 5177 495 5230 In
548 5175 686 5229 libro
727 5175 799 5228 de
844 5172 973 5226 Vitis
1017 5173 1252 5237 Patrum,
1318 5184 1439 5238 cap.
1470 5172 1520 5234 8,
1568 5173 1714 5239 quod
1744 5183 1868 5227 cum
1906 5174 2016 5229 isto

316 5250 437 5304 loco
460 5246 674 5303 confer.

373 5375 398 5406 ³
430 5374 514 5427 Sic
559 5372 702 5425 forte
754 5369 1065 5435 legendum,
1127 5368 1191 5421 in
1228 5368 1433 5433 febrem
1489 5368 1705 5427 incidit,
1751 5374 1801 5422 et
1851 5383 2022 5434 aegro-

310 5448 439 5571 :am‘
466 5444 776 5569 concutit“:
828 5442 922 5495 sed
953 5455 1079 5495 cum
1118 5453 1322 5504 semper
1355 5438 1743 5492 adulatoria...
1783 5455 2013 5495 consen-

336 5530 415 5569 ιη
464 5531 515 5569 ει
534 5531 616 5571 ιη,
640 5528 671 5570 8
697 5527 747 5569 ϐ.
1672 5536 1675 5539 ’

374 5644 393 5665 ·
418 5634 480 5689 In
500 5635 636 5688 libro
656 5634 723 5687 de
758 5634 882 5687 Vitis
911 5632 1139 5692 Patrum,
1173 5641 1298 5694 cap.
1343 5627 1416 5680 l0.

371 5751 394 5783 ⁴
427 5749 667 5818 Cupitum
720 5758 952 5800 numero
995 5744 1064 5799 ob
1130 5743 1310 5796 addita
1366 5755 1437 5818 ex
1489 5741 1640 5818 cod._
1673 5741 1874 5818 Cassia.
1932 5750 2016 5794 ac-

302 5824 470 5883 creto,
497 5813 848 5873 'Chesnianos
904 5826 1165 5869 numeros
1218 5826 1251 5868 e
1308 5814 1533 5880 regione
1577 5814 1645 5867 ad
1700 5813 2005 5878 marginem

2104 4618 2263 4675 rege,
2308 4600 2504 4659 Leuva
2531 4612 2665 4656 cum
2709 4593 3026 4654 Leuvieldo
3068 4592 3244 4649 fratre
3282 4590 3529 4659 regnum
3567 4579 3811 4675 accepit.

2102 4670 2385 4750 Defuncto
2411 4688 2590 4762 igitur
2618 4688 2914 4755 Leuvane,
2963 4677 3325 4740 Leuvieldus
3352 4675 3527 4733 frater
3554 4670 3691 4762 ejus
3719 4673 3810 4762 to-

2102 4786 2227 4841 tum
2264 4760 2510 4853 regnum
2544 4775 2865 4852 occupavit.
2915 4771 3027 4844 Qui
3066 4784 3253 4832 uxore
3290 4770 3535 4834 mortua,
3575 4760 3810 4822 Gunth-

2106 5184 2277 5237 usque
2328 5169 2395 5222 ad
2425 5169 2549 5221 libri
2595 5167 2761 5219 tinem
2804 5170 3163 5228 apponemus,
3195 5158 3263 5237 ob
3303 5156 3618 5237 citationum
3655 5163 3810 5237 com-

2103 5223 2281 5295 moda.
2337 5243 2593 5293 Caeterum
2652 5223 3042 5289 omnes—mss.
3116 5233 3317 5295 praeter
3394 5227 3515 5279 Bee.
3581 5223 3811 5295 habent,

2102 5293 2330 5378 Eryce!
2359 5312 2432 5363 ad
2462 5308 2748 5362 historiam
2774 5293 3146 5364 recurramus,
3192 5304 3302 5359 aut,
3338 5298 3636 5378 redeamus.
3661 5293 3815 5378 'Editi

2100 5365 2234 5437 vero
2257 5387 2314 5436 ut
2343 5384 2651 5449 plurimum,
2688 5377 2762 5429 Εο
2803 5379 2987 5449 autem
3026 5367 3627 5449 tempore._mortuo_.nEt
3659 5365 3815 5449 intra

2100 5436 2271 5514 csa...
2302 5436 2682 5507 Αὶιιαηίειάοί..
2736 5448 3016 5500 Leuveldo.
3048 5436 3179 5517 Mlti
3213 5442 3457 5517 aliquot,_
3481 5436 3814 5517 Aihanotaq.

2097 5508 2391 5589 Leuvigildi
2447 5527 2723 5578 sincerum
2808 5530 3029 5576 nomen,
3093 5508 3151 5568 et
3219 5513 3378 5589 regni
3441 5513 3655 5589 tempus
3682 5508 3813 5589 Adi-

2096 5578 2305 5651 seimu‘s
2340 5609 2409 5648 ex
2433 5596 2654 5659 antiqua
2690 5590 3046 5653 inscriptione
3080 5585 3336 5659 sepulcro
3368 5578 3654 5659 cujusdam
3680 5579 3817 5659 got-

2096 5647 2194 5719 thil
2223 5647 2487 5732 apposita,
2541 5647 2662 5729 quas
2696 5647 2976 5732 hodieque,
3024 5659 3079 5709 in
3124 5647 3361 5732 ecclesia
3411 5647 3816 5732 vicinf‘ruittas

2096 5720 2503 5800 dictifduabu's
2549 5720 2722 5788 ieucis
2768 5747 2800 5784 a
2862 5720 3194 5783 Narbonensi
3236 5725 3372 5800 urbe
3406 5720 3609 5800 dissiti,
3660 5721 3812 5774 visi-

2095 5812 2202 5865 tur.
2224 5795 2333 5869 Quo
2355 5810 2411 5860 in
2460 5808 2581 5860 loco
2624 5805 2845 5867 antiqua
2884 5800 3240 5856 aedificiorum
3272 5796 3491 5855 rudera,
3523 5795 3578 5846 et
3617 5803 3817 5856 aqua:-
