4102 6356
392 438 501 500 303

1471 429 1530 492 S.
1571 429 1928 493 GBEGOBII
1965 428 2298 492 EPISCOPI
2337 431 2808 493 TURONENSIS

3741 440 3825 502 304

387 576 454 619 ac
482 559 723 632 turpiter
747 557 942 616 vivis?
971 555 1081 615 Sed
1110 557 1235 614 huic
1258 557 1321 614 in
1349 555 1700 614 sacerdotem
1735 557 1914 614 verba
1950 559 2154 629 pro—A
2175 555 2423 627 injurias
2471 557 2649 630 patris
2703 556 2918 617 ulcisci.
2955 557 3120 618 Unde
3147 561 3361 618 factum
3387 564 3472 618 est
3498 566 3565 619 ut
3584 561 3740 621 unum
3763 579 3824 622 ex

347 647 354 651 ’
386 648 520 718 lata,
541 646 735 705 divina
764 645 1066 704 confestim
1095 645 1240 704 ultio
1263 645 1622 719 subsequens
1646 645 1915 702 abolevit.
1944 646 2089 702 Nam

388 754 540 797 anno
569 735 828 810 sequenti
867 742 1122 793 semotus
1170 752 1202 792 a
1246 734 1519 792 comitatu
1573 734 1861 791 Palladius
1887 736 2091 792 Arver-

386 841 530 883 num
556 838 850 897 regressus
877 829 961 880 est
991 842 1003 878 :
1031 823 1326 880 Romanus
1359 835 1495 877 vero
1530 821 1865 878 comitatum
1903 823 2089 879 ambi-

385 915 487 973 vit.
529 916 770 973 Factum
801 920 885 970 est
916 920 1129 983 autem,
1169 920 1232 970 ut
1280 912 1528 984 quadam
1575 912 1665 968 die
1697 912 1754 967 in
1800 913 1941 969 urbe
1978 912 2087 966 Ar-

386 1020 565 1061 verna
612 1009 855 1075 uterque
897 1002 1366 1074 conjungeretur,
1403 1007 1454 1055 et
1483 999 1891 1056 altercantibus
1942 999 2092 1057 inter

387 1111 447 1153 se
471 1110 572 1166 pro
599 1093 706 1154 hac
736 1094 955 1149 actione
981 1090 1304 1158 comitatus,
1346 1089 1570 1147 audivit
1621 1089 1910 1147 Palladius
1956 1105 2017 1146 se
2056 1105 2088 1146 a

390 1182 675 1256 Sigiberto
720 1198 852 1252 rege
903 1182 1111 1239 debere
1154 1179 1398 1236 interfici
1454 1198 1466 1236 :
1523 1178 1617 1235 sed
1677 1181 1815 1237 falsa
1871 1181 1994 1236 lizec
2034 1185 2090 1236 et

385 1273 644 1330 maxime
695 1288 728 1327 a
771 1271 1034 1327 Romano
1075 1267 1284 1325 emissa
1343 1268 1698 1340 deprehensa
1737 1274 1891 1326 sunt.
1924 1267 2089 1324 Tunc

384 1360 486 1419 ille
513 1359 716 1417 timore
741 1357 1095 1431 perterritus,
1145 1356 1225 1412 ita
1257 1356 1319 1411 in
1349 1357 1679 1428 angustiam
1720 1372 1953 1428 gravem
1994 1373 2082 1412 re-

386 1450 585 1507 dactus
608 1455 712 1518 est,
735 1451 797 1504 ut
824 1446 1143 1502 minaretur
1163 1460 1222 1500 se
1251 1445 1478 1516 propria
1498 1444 1733 1501 dextera
1761 1443 2044 1516 perimere
2067 1464 2080 1512 ;

385 1552 636 1611 cumque
663 1554 696 1594 a
727 1541 905 1593 matre
952 1534 1038 1591 vel
1088 1551 1120 1591 a
1166 1541 1406 1605 cognato
1451 1549 1555 1592 suo
1583 1534 1842 1591 Firmino
1869 1533 2086 1590 intente

385 1632 794 1698 attenderetur,
829 1645 901 1685 ne
937 1621 1232 1700 perliceret
1278 1627 1428 1701 quod
1480 1633 1671 1684 mente
1715 1641 1911 1683 amara
1953 1642 2086 1708 con-

383 1730 628 1797 ceperat,
689 1737 788 1792 per
842 1717 1144 1775 intervalla
1203 1717 1474 1774 horarum
1531 1715 1758 1787 elapsus
1806 1733 1839 1772 a
1885 1715 2084 1774 matris

381 1818 632 1886 aspectu,
685 1811 1091 1880 ingressusque
1120 1805 1476 1873 cubiculum,
1522 1808 1750 1876 accepto
1789 1806 1972 1876 spatio
2003 1819 2083 1861 so-

2174 645 2411 703 famulis
2468 643 2898 716 concupiscens,
2955 646 3147 705 virum
3213 664 3440 707 veneno
3497 658 3704 709 necaret
3744 653 3766 689 ἀ
3810 675 3822 708 :

2133 771 2136 776 -
2175 747 2290 804 quo
2314 731 2607 800 defuncto,
2637 747 2770 790 cum
2795 734 3012 792 famulo
3040 735 3182 792 abiit
3213 753 3226 806 ;
3261 736 3358 793 sed
3386 737 3725 809 apprehensi,
3750 754 3829 810 pa-

2175 822 2313 877 riter
2341 819 2626 877 interfecti
2655 827 2810 878 sunt.
2842 821 3207 895 Langobardi
3253 824 3524 898 deinceps
3551 826 3711 884 alium
3751 843 3832 886 su-~

2173 921 2275 978 per
2305 915 2364 962 se
2392 922 2582 977 regem
2614 911 2894 964 statuunt.

2244 993 2401 1049 XLII
2459 992 2570 1065 [Λί.
2606 995 2852 1064 XXXVI].
2911 993 3140 1052 Eunius
3189 1011 3441 1070 quoque,
3496 1007 3830 1071 cognomento

2171 1081 2547 1153 Mummolus,
2599 1098 2631 1139 a
2685 1099 2816 1156 rege
2859 1082 3298 1142 Guntcliramno
3345 1086 3692 1158 patriciatum
3720 1105 3832 1162 pro-

2171 1173 2384 1230 meruit
2412 1197 2424 1229 :
2458 1172 2528 1228 de
2549 1173 2716 1246 cujus
2749 1173 2971 1230 militiae
2999 1173 3241 1247 origine,
3272 1174 3446 1234 altius
3485 1178 3729 1249 quzedam
3755 1194 3829 1236 re-

2174 1262 2414 1333 petenda
2448 1263 2664 1334 putavi.
2722 1262 2832 1319 Hic
2883 1263 3098 1320 etenim
3156 1263 3369 1322 Peonio
3420 1279 3442 1304 ο
3490 1272 3644 1338 patre
3677 1274 3832 1334 ortus,

2171 1351 2690 1409 Antissiodorensis
2745 1351 2908 1408 urbis
2975 1352 3164 1410 incola
3227 1353 3358 1410 fuit.
3428 1353 3670 1413 Peonius
3718 1369 3836 1412 vero

2169 1438 2347 1509 hujus
2398 1438 2705 1511 municipii
2765 1438 3097 1497 comitatuin
3166 1440 3414 1512 regebat.
3479 1442 3726 1514 Cumque
3774 1440 3835 1499 ad

2168 1527 2558 1583 renovandam
2617 1527 2900 1585 actionem
2962 1529 2999 1598 ί,
3054 1530 3471 1601 munera'regi
3526 1537 3634 1603 per
3672 1532 3836 1590 filium

2170 1623 2310 1681 183
2375 1620 2708 1691 transmisit,
2774 1621 2870 1678 ille
2936 1621 3082 1678 datis
3137 1622 3310 1680 rebus
3366 1624 3634 1695 paternis,
3678 1627 3837 1683 comi-

2167 1711 2349 1764 tatum
2397 1708 2578 1780 patris
2636 1709 2898 1778 ambivit,
2960 1698 3469 1783 supplantavitque
3520 1713 3836 1783 genitorem,

2165 1808 2338 1864 quem
2399 1794 2700 1852 sublevare
2761 1795 3051 1853 debuerat.
3106 1795 3197 1853 Ex
3247 1797 3355 1854 hoc
3401 1813 3536 1856 vero
3582 1799 3843 1872 gradatim

379 1883 668 1970 litudinis,
699 1897 1000 1968 evaginato
1039 1894 1249 1967 gladio,
1282 1909 1618 1968 cornuaque
1656 1894 1810 1950 ensis
1841 1893 2142 1965 pedibusB
2167 1883 2489 1956 PPOﬁCieDS.
2521 1884 2592 1940 ad
2650 1885 2840 1957 majus
2865 1885 3097 1944 culmen
3132 1894 3362 1946 evectus
3391 1895 3492 1946 est.
3521 1889 3698 1963 Igitur
3733 1909 3845 1965 pro-

380 1985 626 2054 calcans,
659 1996 905 2041 acumen
938 1980 1008 2037 ad
1050 1985 1246 2051 pectus
1289 1978 1496 2046 erexit,
1531 1977 1962 2052 impressusque
1993 1978 2083 2036 de-

381 2089 575 2147 super,
619 2070 850 2146 gladius
869 2068 942 2126 ab
962 2082 1080 2126 una
1102 2067 1397 2147 ingressus
1414 2065 1669 2122 mamilla
1701 2065 1765 2122 in
1792 2065 2079 2139 spatulam

380 2141 538 2222 dorsi
565 2141 862 2234 regressus
890 2164 974 2216 est
1005 2176 1018 2214 :
1066 2141 1404 2230 erectusque
1432 2156 1668 2228 iterum,
1702 2157 1971 2214 similiter
1991 2155 2079 2213 al-

381 2257 504 2310 tera
531 2248 790 2308 mamilla
819 2246 1108 2320 perfossus
1138 2244 1360 2312 cecidit,
1390 2249 1445 2301 et
1472 2248 1735 2301 mortuus
1765 2252 1849 2302 est
1881 2264 1892 2302 :
1925 2246 2080 2318 quod

379 2355 501 2398 non
532 2339 656 2396 sine
686 2335 899 2393 diaboli
939 2349 1108 2407 opere
1151 2333 1470 2405 perfectum
1516 2330 1703 2389 scelus
1749 2333 1946 2392 mirati
1978 2349 2082 2392 su-

378 2446 534 2489 mus.
581 2429 725 2487 Nam
771 2425 956 2500 prima
989 2430 1128 2487 182
1154 2439 1290 2481 eum
1317 2423 1481 2497 plaga
1525 2422 1844 2481 interficere
1872 2427 2077 2498 potuit,

378 2520 430 2578 si
461 2533 576 2576 non
604 2515 870 2576 diabolus
903 2508 1368 2570 sustentaculum
1399 2509 1759 2582 praebuisset,
1805 2524 1923 2583 quo
1957 2510 2081 2568 haec

378 2607 628 2667 nefanda
652 2608 963 2678 perageret.
977 2600 1169 2659 Currit
1186 2605 1366 2656 mater
1387 2598 1696 2666 exanimis,
1715 2604 1953 2672 etsupra
1975 2599 2083 2659 lilii

377 2695 783 2769 corpusculum
825 2692 1022 2750 orbata
1069 2687 1396 2756 collabitur,
1437 2692 1609 2759 atque
1645 2685 1834 2744 omnis
1862 2687 2080 2745 familia

375 2803 544 2848 voces
572 2785 835 2860 planctus
866 2779 1093 2839 emittit.
1118 2777 1528 2835 Verumtamen
1558 2775 1631 2833 ad
1664 2777 2078 2835 monasterium

378 2878 854 2936 Clirononensem
877 2884 899 2910 ⁸
920 2868 1148 2926 delatus
1169 2865 1482 2938 sepulturae
1497 2863 1823 2935 mandatur,
1839 2867 1935 2923 sed
1961 2882 2075 2923 non

371 2965 544 3041 juxta
575 2961 1031 3021 Christianorum
1069 2956 1346 3013 cadavera
1389 2953 1630 3025 positus,
1675 2955 1773 3041 sed
1804 2969 1908 3012 nec
1933 2954 2077 3011 Μιε-

374 3040 574 3112 sarum
599 3048 879 3108 solemnia
911 3044 1120 3102 meruit
1147 3042 1188 3101 ".
1212 3041 1369 3110 Quod
1404 3041 1615 3098 non‘ob
1643 3040 1816 3098 aliam
1840 3056 2074 3098 causam

375 3139 493 3200 nisi
519 3138 593 3195 ob
620 3135 894 3208 injuriam
925 3131 1197 3206 episcopi,
1229 3129 1350 3185 haec
1393 3129 1446 3185 ei
1485 3127 1748 3186 evenisse
1776 3128 2068 3201 probatur.

2164 1971 2568 2043 rumpentibus
2614 1972 3009 2046 Langobardis
3042 1975 3104 2032 in
3133 1974 3370 2047 Gallias,
3402 1979 3645 2036 Amatus
3680 1982 3845 2052 patri-

2163 2063 2308 2134 cius,
2337 2066 2439 2137 qui
2469 2081 2655 2138 nuper
2683 2067 2834 2130 Celsi
2864 2083 3155 2128 successor
3200 2073 3515 2143 exstiterat,
3547 2084 3737 2134 contra
3759 2095 3848 2136 eos

2164 2153 2324 2222 abiit,
2379 2157 2806 2229 commissoque
2859 2157 3012 2216 bello
3067 2167 3223 2232 terga
3274 2161 3464 2231 vertit,
3493 2165 3848 2238 ceciditques

2166 2242 2636 2318 ibi.Tantamque
2667 2253 2803 2304 tunc
2832 2255 3080 2320 stragem
3109 2249 3470 2322 Langobardi
3498 2251 3758 2312 feruntur
3787 2257 3855 2314 fe

2164 2331 2310 2390 cisse
2333 2333 2402 2390 de
2431 2333 2970 2407 Burgundionibus,
3007 2346 3072 2394 ut
3099 2353 3210 2395 non
3239 2338 3413 2411 possit
3439 2341 3630 2415 colligi
3661 2360 3857 2403 nume-

2166 2434 2265 2477 rus
2292 2421 2611 2480 occisorum
2661 2447 2674 2480 :
2733 2425 3072 2498 oneratique
3127 2427 3318 2499 praeda
3345 2429 3727 2490 discesserunt
3755 2434 3830 2491 ite

2165 2526 2296 2569 rum
2321 2513 2380 2570 in
2413 2512 2661 2572 Italiam.
2712 2513 2935 2583 Quibus
2974 2516 3424 2590 discedentibus,
3478 2521 3724 2594 Ennius,
3756 2527 3855 2598 qui

2162 2607 2218 2658 et
2242 2601 2628 2674 Mummolus,
2658 2606 2969 2664 arcessitus
3006 2623 3039 2664 a
3074 2624 3226 2681 rege,
3269 2611 3603 2682 patriciatus
3630 2615 3857 2674 culmen

2162 2698 2394 2756 meruit.
2430 2699 2796 2759 Irruentibus
2845 2702 3058 2760 iterum
3106 2703 3497 2774 Langobardis
3539 2706 3597 2763 in
3647 2707 3861 2766 Gallias

2161 2792 2216 2844 et
2239 2803 2422 2860 usque
2476 2789 2940 2849 Mutias-Calmes
2966 2799 2987 2828 ι·
3017 2792 3439 2863 accedentibus,
3459 2796 3615 2869 quod
3645 2797 3862 2871 adjacet

2161 2873 2376 2948 civitati
2410 2877 2819 2945 Ebredonensi,
2848 2879 3200 2938 Mummolus
3219 2882 3537 2941 exercitum
3567 2892 3780 2954 movet,
3807 2893 3863 2943 et

2158 2977 2292 3020 cum
2324 2963 2839 3037 Burgundionibus
2892 2967 3035 3026 illuc
3076 2970 3474 3042 proficiscitur.
3531 2972 3866 3031 Circumda-

2159 3049 2346 3124 lisque
2375 3051 2770 3123 Langobardis
2793 3070 2928 3112 cum
2962 3056 3243 3126 exercitu,
3277 3057 3444 3115 factis
3476 3059 3649 3117 etiam
3679 3063 3868 3119 conci-

2156 3138 2348 3210 dibus,
2392 3156 2492 3214 per
2525 3143 2696 3201 devia
2731 3140 3026 3202 silvarum’
3057 3144 3231 3202 irruit
3267 3161 3441 3219 super
3467 3164 3562 3206 eos
3596 3173 3609 3207 :
3643 3149 3866 3208 multos

445 3227 599 3285 XLI’
638 3229 748 3294 [Αιι
783 3223 997 3292 XXXV}
1043 3219 1336 3308 AlbOinuS
1379 3233 1519 3308 V9179
1559 3217 2438 3308 Langober<19rulllcinertecit,
2482 3233 2799 3292 nonnullos
2827 3235 2994 3306 cepit,
3027 3239 3082 3292 et
3112 3237 3235 3308 regi
3275 3217 3511 3293 direxit.
3556 3237 3716 3305 Quos
3758 3237 3861 3294 ille

374 3331 499 3385 rex,
547 3314 649 3388 qui
697 3307 1170 3400 Clilotliosindam
1223 3307 1373 3400 regis
1421 3304 1845 3400 Cblotbacbarii
1894 3304 2258 3400 li_lia_m"pep
2309 3318 2432 3378 loca
2475 3321 2762 3394 dispersos
2809 3304 3099 3382 cugtodim
3128 3304 3419 3398 ριῖεεοερίι,
3468 3304 3668 3398 ρεαδς
3720 3343 3870 3400 quo.

373 3403 641 3471 habebat,
673 3400 869 3458 relicta
918 3397 1150 3469 regione
1181 3393 1563 3465 sua,.Italiam
1605 3409 1736 3450 cum
1783 3395 1944 3450 omni
1974 3394 2074 3452 illa

374 3489 888 3563 Langobardorum
929 3495 950 3520 ο
995 3491 1166 3555 gente
1211 3481 1391 3554 petiit.
1431 3479 1574 3536 Nam
1605 3488 1889 3537 commoto
1910 3497 2071 3538 exer-

371 3579 510 3648 citu,
542 3593 675 3634 cum
718 3573 1006 3632 uxoribus
1059 3577 1114 3627 et
1157 3569 1354 3626 liberis
1402 3567 1615 3633 abiere,
1646 3567 1789 3626 illuc
1814 3584 2067 3625 comma-

373 3685 509 3727 nere
535 3666 934 3726 deliberantes.
972 3661 1160 3729 Quam
1199 3659 1490 3731 regionem
1519 3657 1781 3730 ingressi,
1811 3658 2068 3715 maxime

369 3771 482 3831 per‘
522 3761 740 3828 septem
793 3766 977 3808 annos
1026 3754 1418 3822 pervagantes,
1476 3747 1734 3819 spoliatis
1785 3747 2062 3818 ecclesiis,

369 3842 762 3910 sacerdotibus
806 3837 1139 3905 interfectis,
1196 3836 1259 3892 in
1316 3849 1483 3891 suam
1527 3834 1793 3906 redigunt
1834 3843 2072 3906 potesta~

371 3942 507 3994 tem.
532 3932 753 3990 Mortua
775 3937 965 3987 autem
983 3924 1392 3983 tililothosinda
1417 3940 1600 3982 uxore
1617 3924 1874 3993 Alboini,
1897 3925 2069 3982 aliam

371 4023 541 4096 duxit
563 4023 883 4096 conjugem,
925 4018 1102 4089 cujus
1121 4022 1340 4088 patrem
1380 4022 1511 4072 ante
1539 4029 1791 4087 paucum
1843 4022 2070 4088 tempus

371 4113 753 4174 interfecerat.
805 4108 930 4177 Qua
987 4105 1058 4164 de
1110 4118 1280 4162 causa
1322 4101 1533 4160 mulier
1582 4102 1641 4158 in
1674 4103 1805 4159 odio
1844 4118 2070 4174 semper

372 4205 564 4265 virum
627 4201 864 4270 habens,
923 4197 1112 4256 locum
1159 4193 1581 4269 opperiebatur,
1634 4192 1697 4248 in
1733 4207 1847 4266 quo
1885 4200 2074 4266 posset

433 4343 452 4362 ·
485 4332 567 4384 Sic
618 4327 919 4394 appellatur
980 4326 1034 4374 in
1088 4323 1290 4396 Bellov.
1339 4325 1437 4396 ,ει-
1482 4318 1973 4396 Οοιδτ--Ιιιηςριὺῇη
2016 4322 2069 4371 et

373 4403 516 4467 apud
557 4387 770 4458 (mean,
819 4394 1250 4468 Chromatium;
1303 4391 1550 4468 plerique
1582 4390 1680 4440 alii
1725 4391 1876 4468 editi,
1907 4387 2062 4440 Dira-

370 4464 641 4526 nemtum.
691 4469 810 4519 Huc
861 4467 908 4516 S.
963 4464 1156 4525 Gallus,
1216 4467 1406 4527 postea
1465 4465 1689 4512 Arvern.
1743 4464 1912 4521 episc.
1969 4472 2053 4512 se-

377 4545 562 4602 cessit,
623 4545 680 4591 ut
732 4541 787 4588 in
822 4539 944 4600 ejus
995 4535 1105 4585 Vita
1161 4533 1376 4590 dicitur.
1446 4534 1586 4602 inter
1645 4530 1783 4580 Vitas
1833 4529 2064 4602 Patrum,

2155 3405 2288 3462 dam
2314 3406 2483 3465 modo
2519 3423 2617 3481 per
2644 3410 2844 3482 fugam
2869 3411 3096 3484 elapsis,
3136 3411 3238 3483 qui
3272 3412 3470 3484 patria:
3498 3413 3868 3471 nuntiarent.

2222 3495 2409 3568 XLIII
2434 3497 2545 3569 [Αἰ.
2578 3498 2842 3570 XXXVII].
2878 3499 3326 3571 Fueruntquein
3349 3500 3453 3557 hoc
3475 3501 3675 3573 praelio
3710 3499 3878 3558 Salo-

2152 3583 2287 3641 nius
2323 3585 2336 3621 ί
2369 3592 2422 3642 et
2454 3584 2799 3657 Sagittarius
2844 3587 3046 3644 fratres
3085 3595 3258 3662 atque
3289 3589 3561 3662 episcopi,
3603 3591 3710 3662 qui
3745 3606 3872 3648 non

2152 3690 2321 3732 cruce
2349 3675 2565 3733 cmlesti
2596 3676 2829 3747 muniti,
2878 3676 2976 3734 sed
3025 3677 3186 3749 galea
3237 3685 3336 3736 aut
3381 3676 3556 3735 lorica
3596 3677 3877 3736 saeculari

2151 3765 2374 3833 armati,
2429 3765 2644 3822 multos
2701 3765 2972 3824 manibus
3013 3765 3290 3838 propriis,
3336 3767 3487 3840 quod
3547 3768 3721 3840 pejus
3760 3777 3877 3836 est,

2152 3851 2504 3911 interfecisse
2532 3854 2884 3912 referuntur.
2923 3853 3060 3912 Haac
3087 3855 3273 3927 prima
3310 3853 3615 3913 Mummoli
3644 3857 3712 3913 in
3749 3872 3879 3914 cer-

2154 3941 2367 3998 tamine
2400 3941 2638 4012 victoria
2661 3943 2789 4014 fuit.
2821 3942 3386 4013 Posthachaxones,
3416 3947 3518 4016 qui
3541 3959 3680 4002 cum
3722 3945 3883 4002 Lan-

2152 4027 2419 4099 gobardis
2445 4028 2507 4086 in
2540 4029 2766 4086 Italiam
2794 4039 3090 4102 venerant,
3120 4031 3332 4090 iterum
3364 4043 3766 4106 prorumpunt
3808 4037 3882 4094 in

2155 4116 2390 4191 Gallias,
2452 4127 2506 4176 et
2545 4119 2697 4178 infra
2744 4122 3102 4181 territorium
3141 4123 3420 4195 Regense,
3471 4124 3528 4182 id
3577 4134 3666 4184 est
3707 4130 3886 4202 apud

2157 4206 2491 4268 Stablonem
2560 4209 2763 4268 villam
2805 4219 2989 4270 castra
3031 4220 3276 4286 ponunt,
3317 4213 3722 4276 discurrentes
3766 4234 3888 4292 per

2153 4335 2373 4386 comites
2416 4335 2754 4398 dicebantur,
2800 4337 3109 4390 civitatibus
3154 4350 3254 4390 seu
3284 4340 3497 4404 oppidis
3554 4343 3608 4392 in
3646 4346 3891 4395 certum

2149 4409 2367 4468 tempus
2419 4419 2774 4472 praeponere:
2827 4409 3022 4470 quibus
3078 4421 3304 4461 munera
3351 4411 3772 4475 praestantibus,
3831 4415 3887 4465 si

2149 4475 2217 4549 de
2254 4477 2319 4528 iis
2369 4489 2532 4549 nemo
2565 4478 2912 4541 querebatur,
2959 4476 3117 4549 facile
3161 4482 3218 4530 in
3262 4480 3404 4530 idem
3428 4483 3702 4545 temporis
3739 4497 3898 4549 spa—

2150 4544 2280 4595 tium
2354 4547 2701 4609 magistratus
2769 4547 3185 4600 concedebatur.
3288 4549 3411 4600 Htec
3499 4544 3670 4603 etiam
3756 4544 3904 4607 ἐπεὶ

375 4625 494 4675 cap.
533 4599 579 4662 6.
627 4609 795 4661 Hodie
835 4599 1012 4686 vulgo.
1043 4602 1276 4664 Comen,
1299 4599 2061 4686 seuFourrtouAappellatur,

2172 4599 2477 4681 [nandoque
2519 4619 2584 4669 ad
2618 4599 2932 4681 superiores
2962 4599 3253 4682 dignitates
3275 4599 3902 4686 pertingendi—viarnt

375 4671 469 4735 ubi
502 4681 800 4744 Collegium
820 4677 1208 4730 canonicorum
1231 4673 1330 4726 sub
1354 4675 1402 4726 S.
1431 4674 1640 4725 Martini
1670 4671 1845 4744 titulo.

445 4754 466 4783 ⁵
499 4743 736 4805 Observa
787 4751 874 4800 hic
926 4750 1124 4799 missas
1163 4759 1260 4810 pro
1313 4745 1581 4798 defunctis
1625 4744 1752 4794 olim
1805 4743 2070 4795 dicisoli-

382 4827 482 4884 tas,
513 4827 579 4876 .si
624 4823 678 4874 id
743 4823 878 4886 ipsis
938 4818 1070 4870 utile
1113 4819 1231 4869 fore
1279 4823 1612 4880 speraretur.
1676 4813 1799 4864 Vide
1829 4813 2072 4866 Mabillo-

379 4899 530 4948 nium
561 4895 652 4946 lib.
691 4906 730 4944 ιι
764 4892 1011 4954 Liturgite
1041 4891 1243 4950 Gallic,
1267 4901 1421 4940 num.
1445 4888 1526 4939 70.

441 4975 460 4996 ⁸
493 4965 625 5017 Editi
657 4962 983 5026 complures,
1039 4975 1163 5012 cum
1209 4963 1444 5023 quatuor
1492 4960 1724 5012 militum
1771 4962 2073 5026 Langobar-

379 5038 585 5088 dorum.
642 5035 836 5086 Marius
886 5034 940 5083 in
978 5032 1242 5082 Gbronico
1292 5030 1496 5081 Alboini
1539 5032 1592 5081 in
1630 5033 1831 5083 ltaliam
1869 5034 2068 5096 migra-

381 5109 585 5160 tionem
621 5109 838 5158 revocat
859 5105 927 5154 ad
953 5116 1039 5155 an.
1064 5103 1174 5157 569;
1207 5103 1328 5166 ejus
1355 5114 1488 5153 vero
1520 5115 1714 5154 necem
1743 5103 1810 5153 ad
1833 5103 1943 5155 572.

449 5181 470 5210 ⁴
504 5180 627 5231 Haec
675 5179 791 5230 erat
839 5174 1190 5231 Rosemunda,
1254 5174 1578 5224 Cuuimundi
1637 5174 1954 5236 Gepidarum
1991 5186 2073 5226 re-

383 5257 468 5321 gis
527 5251 656 5307 ﬁlia,
709 5247 1052 5321 quaa_primo_
1100 5246 1380 5321 Atticinum
1423 5247 1672 5296 maritum
1708 5245 1893 5321 necari
1937 5258 2066 5321 pro-

383 5315 610 5384 curavit,
655 5325 769 5371 tum
825 5317 1179 5380 Helmigisum
1239 5315 1545 5367 adulterum
1605 5328 1813 5368 veneno
1871 5316 2070 5368 interﬂ-

383 5409 511 5450 cere
562 5394 774 5454 conata,
841 5387 1111 5453 reliquum
1185 5388 1381 5438 veneni
1439 5387 1506 5436 ab
1555 5387 1672 5448 ipso
1724 5387 1835 5449 jam
1890 5388 2071 5438 media

380 5471 534 5533 parte
594 5463 852 5516 ebibitum
919 5459 1088 5533 libere
1127 5461 1354 5533 coacta,
1417 5456 1578 5533 simul
1649 5457 2070 5533 periere.__Vide

381 5526 528 5591 Pauli
584 5535 876 5585 Historiam
943 5527 1436 5593 Langobardorum,
1495 5527 1592 5578 lib.
1663 5539 1702 5587 ι,
1770 5539 1817 5579 c.
1880 5526 1958 5586 27,
2017 5530 2072 5580 et

375 5609 474 5662 lib.
500 5619 556 5669 ιι,
584 5617 702 5669 cap.
725 5604 787 5654 28
827 5611 881 5653 et
901 5600 981 5652 29.

437 5693 460 5718 ο
493 5668 625 5730 Editi
654 5668 874 5738 aliquot.
897 5670 1100 5724 Panic.
1130 5668 1301 5732 Colb.,
1337 5671 1546 5722 Piom‘o.

437 5751 452 5780 τ
485 5747 546 5802 ld
597 5749 680 5799 est
740 5750 800 5798 ut
878 5743 1129 5796 comitiva
1204 5741 1306 5793 sibi
1360 5743 1763 5807 prorogaretur.
1808 5743 2060 5798 Solebant

371 5822 518 5877 enim
564 5821 696 5871 tunc
740 5827 904 5880 reges
960 5814 1130 5868 nostri
1175 5814 1389 5878 judices
1443 5825 1543 5868 seu
1596 5812 1895 5879 praefectos,
1959 5817 2053 5882 qui

2151 4687 2436 4759 nummolo
2492 4689 2734 4752 contigit.
2805 4688 3044 4742 Actionis
3099 4694 3278 4742 autem
3355 4692 3576 4744 nomine
3657 4698 3907 4759 saepius

2153 4757 2388 4829 cilicium
2447 4759 2710 4822 signatur.
2782 4760 2836 4810 ν.
2910 4761 3135 4823 Bignon.
3210 4762 3265 4810 in
3347 4761 3439 4812 lib.
3514 4775 3532 4813 ι
3585 4757 3908 4829 Marciam,

2152 4827 2312 4878 form.
2346 4830 2418 4880 ll.
2545 4879 2548 4882 .

2219 4909 2242 4944 ε
2276 4900 2409 4950 Editi
2456 4898 2721 4964 plerique,
2756 4899 3016 4951 Armatus
3067 4899 3330 4958 Pericius,
3361 4901 3456 4964 qui
3487 4912 3679 4964 nuper
3732 4902 3916 4958 Celsi

2154 4982 2434 5020 successor.
2491 4967 2938 5032 Concurruntque
2979 4969 3076 5021 ibi.
3133 4971 3234 5022 Sed
3269 4971 3414 5034 apud
3470 4971 3705 5024 Paulum
3756 4976 3916 5029 Dia-

2155 5051 2352 5091 conum
2387 5040 2480 5092 lib.
2518 5053 2597 5100 ιιι,
2636 5053 2751 5104 cap.
2773 5042 2820 5102 3,
2839 5041 3031 5092 dicitur
3045 5053 3261 5104 quoque
3289 5043 3512 5093 Amatus
3546 5040 3903 5098 Patricius.

2218 5110 2238 5140 "
2274 5113 2374 5186 Sic
2417 5111 2731 5186 Bellov_.__at
2779 5110 3494 5186 Οοιὴημῄιαδζῇοαεφαιτῃᾳω
3545 5111 3706 5186 Begu
3779 5119 3925 5168 Δία-

2155 5181 2504 5234 tiar-catmes.
2572 5183 2707 5235 Editi
2769 5181 3038 5243 nonnulli,
3111 5181 3556 5233 Musciascdtmes.
3610 5183 3924 5239 Nostram

2151 5251 2439 5304 lectionem
2463 5253 2622 5304 habet
2654 5251 2842 5304 Paulus
2869 5253 2962 5302 lib.
2985 5264 3048 5302 ιιι
3072 5251 3270 5303 Hister.
3299 5251 3554 5314 Langob.,
3603 5266 3668 5306 c.
3711 5260 3780 5319 4,
3815 5260 3923 5310 ubi

2154 5326 2205 5375 et
2236 5322 2375 5375 hanc
2408 5323 2878 5385 Langobardorum
2918 5324 3285 5374 incursionem
3307 5322 3585 5375 describit.

2215 5392 2397 5464 ‘_Editi
2464 5395 2686 5457 aliquot,
2745 5392 3025 5451 Salvium,
3103 5393 3250 5464 quod
3299 5394 3380 5464 sic
3451 5393 3738 5456 legerent
3809 5414 3936 5464 pro

2153 5457 2429 5525 Salunius,
2473 5468 2528 5514 ut
2565 5477 2619 5514 in
2657 5463 2804 5516 Galb.
2866 5463 3112 5514 Salonius
3145 5462 3561 5523 Ebredunensis,
3617 5457 3920 5532 Sagitta-

2151 5535 2267 5584 rius
2298 5535 2643 5598 Vapincensis
2666 5535 2909 5597 episcopi
2941 5533 3114 5586 fuere.

2213 5605 2343 5657 iS;c
2391 5610 2607 5657 veteres
2651 5617 2822 5667 mss;
2881 5605 3098 5666 Chesn.,
3159 5603 3495 5668 Staplonem.
3550 5602 3677 5657 Hic
3741 5607 3948 5662 locus

2147 5671 2308 5728 hodie
2335 5676 2531 5728 dicitur
2573 5673 2734 5738 vulgo
2782 5675 3016 5735 Stobton,
3059 5675 3148 5728 vel
3202 5671 3475 5738 Estabton,
3525 5673 3586 5726 in
3647 5677 3948 5734 dicacesi

2144 5744 2416 5810 Regiensi,
2446 5748 2505 5798 de
2530 5745 2672 5809 θέει,
2705 5748 2761 5798 in
2796 5748 3094 5800 Provincia.
