4016 6338
251 289 352 350 305

1211 285 1573 346 HISTORIA
1612 283 2089 346 FRANCORUM.
2133 277 2357 341 LIBER
2393 273 2767 349 QUARTUS.

3632 260 3738 325 306

249 411 416 470 villas
456 409 694 469 urbium
726 408 1075 477 vicinarum,
1107 407 1444 480 diripientes
1475 409 1718 482 praedas,
1767 405 2262 482 capti-Aingenio
2295 402 2490 460 nescio
2516 415 2632 474 quo
2659 397 2770 456 fuit
2803 416 2816 454 :
2865 392 3024 453 unde
3053 387 3325 450 nonnulli
3351 389 3460 449 hoc
3487 385 3619 446 dolo
3645 401 3739 482 se-

246 516 349 558 vos
399 499 772 567 abducentes,
822 498 916 555 vel
962 499 1136 556 etiam
1170 504 1379 555 cuncta
1430 505 1736 556 vastantes.
1785 497 1947 567 Quod

244 606 376 649 cum
431 588 785 647 Mummolus
822 587 1211 659 comperisset,
1260 586 1583 645 exercitum
1622 594 1832 657 movet,
1866 587 1949 644 ir-

243 692 536 750 ruensque
561 691 734 748 super
761 691 879 744 eos,
908 675 1089 733 multa
1119 690 1194 748 ex
1225 675 1316 732 his
1345 673 1528 730 millia
1559 674 1864 746 interfecit,
1894 683 1949 734 et

243 783 430 840 usque
465 773 608 829 184
637 766 706 822 ad
749 780 1045 836 vesperam
1094 764 1312 821 czedere
1348 779 1462 821 non
1497 763 1732 832 deStitit,
1769 765 1949 824 donec
1989 810 1996 816 .

243 871 362 913 nox
394 854 572 912 tinem
600 855 827 911 faceret.
870 852 1107 924 Ignaros
1153 851 1310 910 enim
1353 859 1639 924 repererat
1664 852 1948 924 homines,

245 954 299 1004 et
357 947 502 1003 nihil
536 947 605 1004 de
653 944 746 1002 his
775 959 910 1018 quae
948 948 1306 1000 accesserant
1343 949 1729 1002 autumantes.
1783 944 1951 1004 Mane

243 1045 437 1094 autem
469 1037 615 1093 facto
641 1041 902 1092 statuunt
933 1033 1193 1092 Saxones
1221 1035 1565 1102 exercitum,
1621 1051 1949 1108 praeparan-

247 1136 332 1184 tes
362 1143 422 1184 se
449 1127 520 1183 ad
546 1126 782 1183 bellum.
819 1124 928 1182 Sed
951 1122 1469 1180 intercurrentibus
1495 1124 1720 1180 nuntiis
1751 1140 1947 1196 pacem

247 1215 526 1283 fecerunt,
554 1214 819 1286 datisque
847 1209 1191 1270 muneribus
1219 1209 1560 1281 Mummolo,
1594 1210 1786 1268 relicta
1814 1212 1945 1269 uni-

248 1318 412 1361 versa
462 1302 718 1374 regionis
772 1300 966 1373 praeda
1013 1314 1146 1356 cum
1178 1299 1436 1371 captivis,
1462 1298 1895 1357 discesserunt“
1929 1320 1942 1358 z

241 1389 504 1461 jurantes
555 1388 718 1460 prius
760 1387 913 1460 quod
959 1387 1030 1444 ad
1067 1386 1481 1458 subjectionem
1523 1402 1749 1458 regum,
1799 1387 1945 1444 sola-

247 1477 508 1550 tiumque
541 1479 627 1548 [It.
650 1474 960 1548 auxilium]
996 1474 1349 1532 Francorum
1379 1473 1566 1532 redire
1588 1473 1859 1532 deberent
1883 1475 1945 1531 in

247 1566 482 1625 Gallias.
511 1566 696 1639 Igitur
719 1565 962 1638 regressi
995 1563 1254 1622 Saxones
1281 1565 1344 1622 in
1366 1564 1611 1636 Italiam,
1636 1564 1946 1638 assumptis

244 1671 439 1714 secum
470 1655 758 1712 uxoribus
786 1661 840 1729 et
868 1653 1145 1727 parvulis,
1179 1654 1269 1711 vel
1297 1657 1456 1712 omni
1479 1655 1831 1728 supellectile
1856 1656 1943 1713 fa-

2030 477 2207 567 ducti,
2241 509 2450 552 aurum
2479 492 2680 548 dantes
2724 493 2778 545 et
2806 501 2885 543 aes
2930 482 3294 556 accipientes,
3339 492 3618 552 pauperes
3657 477 3737 536 fa-

2029 587 2104 644 cti
2143 591 2299 644 sunt.
2341 583 2416 639 Ili
2448 595 2584 638 vero
2631 579 2704 636 ad
2737 575 3094 650 Sigibertum
3126 584 3317 642 regem
3349 572 3735 640 transeuntes,

2034 680 2095 736 in
2128 676 2321 735 locum
2369 672 2524 732 unde
2557 671 2720 744 prius
2757 666 2970 740 egressi
3021 665 3272 732 fuerant,
3313 660 3551 718 stabiliti
3577 665 3736 719 sunt.

2107 764 2288 825 XLIV
2323 764 2435 837 [AL
2468 758 2754 831 xxxVIu].
2789 756 2894 813 Inr
2924 768 3100 826 regno
3124 759 3318 811 autem
3347 750 3617 823 Sigiberti
3640 767 3734 809 re-

2033 862 2141 934 gis,
2173 864 2390 917 remoto
2415 855 2487 912 ab
2519 855 2738 911 honore
2763 850 2972 910 Jovino
3013 853 3228 905 rectore
3255 845 3595 916 Provinciae,
3627 844 3735 904 A1-

2032 953 2210 1010 binus
2241 951 2304 1006 in
2341 949 2462 1005 loco
2492 945 2615 1018 ejus
2644 943 3006 1014 subrogatur.
3041 938 3307 1011 Magnam
3335 936 3485 994 inter
3511 951 3606 994 eos
3626 935 3736 994 ini-

2035 1038 2313 1096 micitiam
2348 1037 2474 1092 llZDC
2499 1047 2670 1090 causa
2719 1029 2913 1102 gessit.
2963 1028 3148 1100 Igitur
3177 1024 3624 1084 advenientibus
3659 1024 3734 1082 ad

2030 1129 2317 1202 cataplum
2362 1123 2812 1183 Massiliensium
2843 1120 3088 1177 navibus
3121 1115 3522 1174 transmarinis
3552 1124 3598 1186 ε,
3627 1114 3736 1173 Vi-

2028 1221 2155 1294 gilii
2213 1216 2601 1277 archidiaconi
2655 1213 2918 1272 homines
2968 1210 3330 1282 septuaginta
3388 1223 3544 1277 vasa,
3598 1221 3733 1279 quas

2031 1311 2204 1382 vulgo
2225 1325 2385 1367 orcas
2427 1306 2448 1335 "
2490 1312 2712 1372 vocant,
2742 1303 2854 1361 olei
2882 1298 3330 1373 liquaminisque
3377 1295 3552 1354 furati
3572 1302 3730 1369 sunt,

2032 1402 2324 1459 nesciente
2352 1396 2608 1456 domino.
2636 1393 2962 1465 Negotiator
2988 1396 3181 1446 autem
3209 1403 3343 1445 cum
3376 1386 3736 1459 cognovisset

2032 1488 2141 1546 sibi
2173 1502 2295 1544 rem
2345 1487 2497 1542 furto
2542 1481 2790 1538 ablatam
2847 1479 3042 1545 fuisse,
3091 1474 3386 1547 inquirere
3426 1473 3733 1545 diligenter

2029 1576 2220 1648 ccepit,
2271 1590 2385 1648 quo
2415 1575 2633 1631 furtum
2683 1570 2742 1625 in
2795 1567 2916 1626 loco
2951 1565 3152 1624 fuisset
3181 1562 3563 1621 reconditum.
3593 1563 3736 1623 Haec

2029 1663 2353 1734 inquirens,
2408 1659 2592 1717 audiit
2639 1673 2672 1713 a
2719 1654 2991 1728 quodam,
3040 1652 3189 1726 quod
3240 1651 3505 1708 homines
3535 1649 3735 1723 Vigilii

242 1745 491 1816 cultatis,
545 1745 732 1802 redire
778 1747 840 1801 in
885 1743 1102 1802 Gallias
1144 1745 1516 1817 destinantes,
1563 1745 1779 1803 scilicet
1825 1752 2004 1823 utaB
2027 1747 2420 1808 archidiaconi
2476 1749 2911 1818 perpetrassent.
2949 1738 3327 1798 .Perveniuut
3370 1739 3493 1796 haac
3546 1737 3618 1795 ad
3646 1752 3731 1795 ar-

243 1833 528 1905 Sigiberto
561 1850 694 1907 rege
721 1833 962 1899 collecti,
1008 1832 1066 1890 in
1109 1832 1233 1891 loco
1269 1835 1424 1892 unde
1451 1835 1662 1907 egressi
1695 1837 1940 1906 fuerant,

239 1921 651 1979 stabilirentur.
687 1921 1083 1993 Feceruntque
1115 1938 1188 1978 ex
1231 1939 1290 1980 sc
1320 1923 1484 1992 duos,
1531 1932 1592 1981 ut
1621 1925 1806 1995 aiunt,
1837 1940 1942 1983 cu-

239 2026 380 2069 neos
410 2035 421 2068 :
455 2019 510 2068 et
546 2027 702 2070 unus
721 2012 957 2084 quidem
984 2028 1084 2084 per
1100 2011 1338 2069 'Niceam
1372 2012 1599 2082 urbem,
1627 2012 1776 2070 alius
1807 2029 1942 2072 vero

236 2097 829 2170 perEbredunensem
862 2098 1216 2162 venit,illam
1249 2114 1447 2156 revera
1475 2105 1737 2158 tenentes
1762 2099 1938 2172 viam,

235 2202 412 2258 quam
439 2202 593 2245 anno
624 2188 920 2260 superiore
964 2197 1268 2247 tenuerant
1309 2213 1320 2246 :
1362 2191 1770 2264 conjunctique
1808 2196 1942 2248 sunt

232 2274 296 2332 in
349 2276 692 2334 Avennico”
755 2277 1060 2336 territorio.
1130 2278 1266 2336 Erat
1317 2279 1475 2336 enim
1514 2286 1650 2337 tunc
1715 2287 1942 2353 tempus

237 2365 541 2436 messium,
573 2374 626 2423 et
672 2368 833 2426 locus
875 2369 975 2426 ille
1023 2370 1278 2427 maxime
1332 2371 1555 2428 fructus
1612 2377 1776 2429 terra}
1831 2372 1940 2430 sub

237 2454 374 2513 divo
423 2459 550 2527 [Ed.
587 2459 700 2532 dio]
765 2459 1026 2529 habebat,
1063 2477 1166 2518 nec
1190 2461 1508 2535 quidquam
1535 2478 1608 2519 ex
1651 2463 1742 2520 his
1784 2462 1941 2520 domi

240 2545 449 2604 incolae
505 2547 959 2606 recondiderant.
1001 2549 1262 2623 Denique
1285 2552 1616 2610 accedentes
1651 2552 1712 2609 in
1758 2567 1940 2624 areas,

237 2630 457 2705 segetes
486 2635 639 2692 inter
671 2651 733 2693 se
760 2637 1032 2695 dividunt
1059 2661 1069 2706 ;
1100 2639 1552 2713 colligentesque
1581 2657 1646 2698 ac
1675 2642 1945 2699 trituran-

239 2734 339 2788 tes,
376 2726 671 2783 frumenta
695 2726 1086 2794 comedebant,
1125 2728 1276 2798 nihil~
1302 2746 1375 2786 ex
1404 2730 1514 2798 his,
1543 2731 1627 2787 eis
1650 2730 1751 2803 qui
1779 2729 1941 2787 labo-

235 2819 523 2880 raverant,
579 2813 990 2886 relinquentes.
1055 2814 1264 2873 Verum
1327 2823 1629 2892 poStquam
1669 2819 1940 2892 expensis

235 2900 522 2958 fructibus
572 2901 639 2958 ad
691 2902 851 2961 littus
902 2903 1168 2961 Rhodani
1207 2907 1397 2963 amnis
1449 2914 1832 2977 accesserunt,
1877 2915 1939 2965 ut

235 2997 520 3048 transacto
572 2997 835 3061 torrente,
890 3007 1064 3065 regno
1111 3008 1171 3049 se
1216 2994 1366 3066 regis
1413 2994 1681 3067 Sigiberti
1711 2997 1938 3054 confer-

2029 1840 2446 1907 chidiaconem,
2474 1837 2575 1910 qui
2603 1834 2904 1905 inquirens
2933 1839 2987 1888 et
3012 1829 3338 1900 inveniens,
3364 1843 3732 1902 nequaquam

2031 1927 2346 2000 publicare,
2397 1924 2495 1982 sed
2544 1937 2825 1981 excusare
2872 1934 3007 1977 suos
3045 1918 3234 1991 coepit,
3279 1917 3477 1975 dicens
3514 1940 3525 1973 :
3561 1917 3730 1975 Nun-

2027 2029 2201 2087 quam
2251 2013 2320 2070 de
2371 2012 2540 2068 domo
2589 2025 2719 2067 mea
2756 2023 3018 2080 egressus
3065 2013 3168 2075 est,
3213 2005 3315 2078 qui
3356 2004 3465 2062 tale
3493 2005 3730 2061 auderet

2027 2105 2347 2162 admittere.
2398 2100 2630 2169 Taliter,
2671 2100 2935 2173 inquam,
2965 2102 3276 2156 excusante
3303 2095 3724 2167 archidiacono,

2026 2191 2343 2265 negotiator
2392 2189 2462 2246 ad
2519 2188 2803 2246 Albinum
2853 2186 3082 2260 pergit:
3125 2200 3359 2242 causam
3407 2185 3638 2253 exserit,
3673 2189 3729 2242 et

2025 2281 2485 2338 archidiaconem
2520 2278 2581 2335 in
2628 2276 2870 2334 crimine
2923 2273 3140 2333 fraudis
3167 2276 3345 2347 hujus
3374 2274 3609 2332 mistum
3642 2288 3729 2330 ac-

2024 2378 2204 2429 cusat.
2256 2370 2354 2428 Die
2397 2375 2590 2428 autem
2636 2374 2830 2425 sancto
2870 2365 3088 2424 Natalis
3135 2363 3432 2434 dominici,
3462 2364 3725 2438 episcopo

2023 2460 2084 2517 in
2134 2459 2373 2517 ecclesia
2417 2458 2779 2524 adveniente,
2833 2455 3276 2513 archidiaconus
3324 2454 3564 2512 indutus
3593 2455 3726 2514 alba

2024 2548 2202 2619 adest,
2257 2547 2611 2620 episc0pum,
2663 2550 2802 2608 186
2857 2551 2920 2602 ut
2973 2559 3096 2600 mos
3140 2550 3224 2600 est
3255 2539 3290 2613 ί,
3344 2542 3599 2599 invitans
3651 2543 3723 2599 ad

2025 2639 2203 2697 altare
2229 2636 2435 2694 debere
2468 2635 2785 2709 procedere,
2842 2648 2907 2689 ac
2937 2631 3355 2690 solemnitatem
3397 2629 3513 2687 diei
3542 2631 3723 2687 sancti

2025 2733 2343 2802 opportuno
2367 2726 2573 2783 debere
2622 2731 2872 2798 tempore
2904 2723 3211 2780 celebrare.
3269 2721 3382 2778 Nec
3411 2736 3588 2789 mora,
3619 2720 3723 2778 Al-

2021 2816 2198 2874 binus
2226 2818 2297 2874 de
2322 2816 2454 2874 sede
2482 2815 2780 2882 exsiliens,
2811 2813 3236 2886 apprehensum
3258 2810 3721 2869 archidiaconem

2021 2906 2288 2976 detrahit,
2331 2904 2543 2978 pugnis
2591 2903 2958 2974 calcibusque
3003 2901 3187 2970 caedit,
3238 2908 3294 2957 et
3322 2899 3577 2959 custodia
3603 2916 3720 2958 car-

2020 2996 2191 3053 cerali
2237 2995 2530 3052 coarctat’.
2584 2993 2692 3051 Pro
2739 3007 2856 3065 quo
2895 3006 3199 3063 nunquam
3225 2990 3485 3048 obtinere
3515 2997 3720 3062 potue-

231 3087 381 3148 rent,
415 3082 663 3138 occurrit
693 3081 775 3140 eis
803 3081 1180 3154 Mummolus,
1219 3083 1415 3142 dicens
1449 3109 1460 3141 :
1499 3086 1622 3143 Non
1660 3088 1992 3184 transibi—G
2021 3092 2174 3156 runt,
2209 3101 2312 3142 nec
2340 3087 2658 3158 episcopus,
2689 3098 2792 3141 nec
2821 3082 2995 3149 cives,
3029 3097 3132 3138 nec
3161 3081 3318 3139 ullus
3345 3082 3529 3154 major
3555 3089 3718 3152 natu,

235 3166 305 3222 tis
349 3173 660 3225 torrentem
689 3169 868 3227 hunc.
921 3170 1065 3228 Ecce
1097 3172 1359 3243 regiones
1394 3173 1614 3230 domini
1645 3176 1757 3232 mei
1788 3166 1992 3249 regisu
2022 3192 2127 3234 nec
2157 3177 2280 3248 ipsa
2311 3191 2428 3233 vox
2461 3175 2634 3232 totius
2667 3171 2863 3246 populi
2887 3171 3274 3240 acclamantis,
3313 3179 3375 3230 ut
3399 3173 3546 3230 datis
3574 3172 3721 3230 ﬁde-

229 3251 642 3326 depopulastis,
673 3255 982 3329 collegistis
1007 3264 1245 3331 segetes,
1297 3275 1501 3332 pecora
1529 3262 1868 3320 devastastis
1895 3275 1932 3335 θ,

233 3339 551 3399 tradidistis
576 3342 782 3402 domus
829 3345 1134 3416 incendiis,
1175 3346 1384 3405 oliveta
1422 3365 1487 3406 ac
1527 3351 1722 3407 vineta
1751 3349 1934 3410 succi-

231 3429 420 3486 distis.
479 3430 607 3489 Non
658 3434 996 3505 ascendetis,
1057 3436 1169 3493 nisi
1219 3436 1582 3496 satisfaciatis
1630 3440 1791 3512 prius
1847 3439 1938 3497 his

230 3535 380 3590 quos
411 3522 654 3595 exiguos
678 3523 1010 3598 reliquistis.
1043 3525 1324 3600 Alioquin
1357 3543 1472 3585 non
1501 3527 1786 3601 eiiugietis
1812 3545 1938 3586 ma-

235 3624 350 3665 nus
381 3625 559 3679 meas,
602 3612 716 3669 nisi
746 3629 957 3686 ponam
983 3615 1244 3687 gladium
1275 3632 1452 3690 super
1481 3633 1600 3687 vos,
1635 3625 1689 3675 et
1727 3634 1938 3676 uxores

232 3709 287 3756 et
321 3703 596 3773 parvulos
629 3712 865 3776 vestros,
905 3712 961 3763 et
992 3706 1238 3764 ulciscar
1274 3709 1548 3781 injuriam
1581 3709 1802 3767 domini
1822 3712 1937 3769 mei

234 3788 662 3848 Guntchramni
717 3793 886 3864 regis.
939 3793 1103 3852 Tunc
1144 3794 1229 3852 illi
1277 3797 1543 3854 timentes
1571 3797 1756 3868 valde,
1797 3805 1936 3862 185

231 3877 437 3935 dantes
481 3879 663 3938 multa
715 3881 1082 3940 numismatis
1109 3885 1132 3918 ἀ
1163 3884 1324 3941 aurei
1350 3885 1535 3942 millia
1580 3901 1682 3958 pro
1722 3887 1938 3945 redem-

230 3967 432 4038 ptione
463 3984 568 4026 sua
620 3971 863 4029 transire
909 3971 1177 4044 permissi
1217 3980 1354 4031 sunt
1387 3996 1401 4030 :
1443 3981 1498 4031 et
1544 3975 1627 4032 sic
1656 3977 1936 4034 Arvernis

233 4068 646 4128 pervenerunt.
689 4061 824 4120 Erat
852 4069 989 4120 tunc
1012 4077 1262 4120 vernum
1295 4071 1540 4136 tempus,
1571 4066 1938 4138 proterebant

233 4147 315 4204 ibi
347 4149 578 4222 regulas
604 4164 626 4190 ο
650 4151 785 4208 ieris
812 4151 1027 4209 incisas
1050 4167 1152 4225 pro
1181 4168 1341 4222 auro,
1379 4169 1524 4226 quas
1567 4153 1816 4229 quisque
1841 4155 1935 4214 vi-

232 4237 400 4306 dens,
430 4254 546 4296 non
592 4239 889 4298 dubitabat
915 4239 1094 4309 aliud,
1148 4240 1260 4297 nisi
1291 4241 1445 4315 quod
1489 4257 1699 4300 aurum
1728 4243 1933 4314 proba-

233 4337 355 4385 tum
387 4335 561 4404 atque
605 4330 1006 4388 examinatum
1051 4335 1216 4388 esset.
1267 4323 1368 4388 Sic'
1411 4330 1568 4388 enim
1613 4331 1935 4390 coloratum

2014 3265 2362 3340 jussoribus,
2413 3263 2569 3320 diem
2614 3268 2879 3320 sanctum
2926 3261 3328 3318 archidiacono
3381 3261 3546 3319 liceat
3582 3279 3718 3321 cum

2020 3354 2261 3427 reliquis
2289 3351 2597 3421 celebrare,
2628 3356 2800 3422 atque
2845 3347 3128 3406 accusatio
3178 3348 3302 3420 ejus
3331 3348 3390 3405 in
3425 3357 3717 3422 posterum

2020 3448 2227 3506 debere
2266 3443 2452 3502 audiri
2487 3467 2498 3500 :
2560 3442 2657 3499 sed
2707 3457 2811 3498 nec
2860 3440 2932 3497 ob
2977 3439 3100 3512 ipsa
3132 3449 3488 3500 sacrosancta
3521 3444 3719 3505 sol'em-

2025 3535 2115 3590 nia
2173 3538 2391 3590 metum
2444 3529 2668 3600 habuit,
2722 3536 2784 3586 ut
2822 3527 3156 3598 ministrum
3213 3527 3489 3588 dominici
3524 3531 3722 3592 altaris

2022 3625 2120 3681 tali
2149 3623 2208 3680 in
2239 3621 2331 3680 die
2353 3636 2468 3680 non
2494 3620 2729 3678 auderet
2757 3618 3026 3692 arripere.
3058 3617 3205 3686 Quid
3229 3619 3435 3691 plura?
3463 3620 3721 3691 Quatuor

2020 3713 2279 3771 millibus
2308 3711 2625 3770 solidorum
2655 3707 3118 3776 archidiaconem
3148 3709 3556 3771 condemnavit
3577 3733 3592 3772 :
3613 3716 3721 3790 qui

2018 3805 2080 3862 in
2121 3801 2425 3876 praesentia
2473 3799 2620 3873 regis
2653 3798 2923 3873 Sigiberti
2962 3797 3222 3871 veniens,
3267 3801 3587 3876 quadrupla
3629 3820 3720 3864 sa-

2021 3894 2357 3961 tisfactione,
2385 3892 2721 3964 insequente
2749 3890 2976 3959 Jovino,
3011 3892 3350 3965 composuit.

2091 3979 2246 4038 XLV
2296 3981 2409 4052 [AL
2443 3981 2684 4049 XXXIX].
2735 3978 2992 4036 Posthaac
3039 3987 3150 4038 tres
3203 3981 3721 4054 Langobardorum

2018 4070 2192 4127 duces
2226 4071 2272 4138 ι,
2309 4069 2367 4125 id
2397 4075 2482 4125 est
2534 4070 2701 4138 Amo,
2757 4068 2967 4137 Zaban,
3015 4084 3080 4124 ac
3134 4069 3472 4143 Rhodanus,
3502 4072 3720 4132 Gallias

2017 4158 2299 4229 irrupere.
2364 4156 2434 4211 Et
2485 4156 2632 4211 Amo
2679 4155 2914 4226 quidem
2960 4154 3430 4214 Ebredunensem
3479 4175 3721 4233 carpens

2017 4249 2172 4305 viam
2202 4261 2385 4319 usque
2426 4242 2830 4301 Maehovillam
2868 4243 2878 4278 '
2907 4244 3193 4300 Aveuuici
3223 4246 3511 4319 territorii,
3541 4265 3718 4323 quam
3761 4313 3770 4326 ,

2017 4336 2372 4397 Mummolus
2401 4349 2640 4393 munere
2686 4339 2975 4391 meruerat
2999 4332 3173 4405 regio,
3208 4338 3441 4395 accessit
3470 4361 3482 4395 :
3517 4339 3719 4414 ibique

289 4495 306 4514 ·
345 4483 476 4535 Editi
534 4486 606 4535 ita
655 4497 863 4537 comma
921 4489 1216 4549 apponunt,
1262 4491 1317 4539 ut
1347 4489 1591 4540 Saxozies
1637 4465 1992 4550 cumcap-Ij
2018 4486 2210 4550 tigisse
2246 4484 2387 4546 patet
2449 4492 2518 4530 ex
2563 4477 2766 4550 capitis
2791 4477 2991 4550 _titulo,
3036 4479 3180 4542 quod
3219 4480 3285 4530 de
3337 4482 3714 4538 archidiacono

229 4556 355 4632 ti_vis
423 4553 745 4608 discessisse
810 4547 1122 4632 videantur;
1189 4560 1240 4608 at
1329 4565 1400 4608 ex
1470 4557 1623 4609 Paulo
1669 4547 1932 4632 iliacono
2021 4547 3031 4632 Massiliensiinscribitur.ngataplus
3082 4553 3262 4632 aptam
3294 4559 3586 4632 proportu
3610 4557 3714 4632 fre-
3785 4611 3788 4615 .

225 4623 319 4675 lib.
393 4638 479 4686 m,
530 4639 652 4689 cap.
697 4629 742 4685 5,
799 4631 948 4690 patet
1002 4626 1099 4677 has
1140 4641 1303 4679 voces
1363 4643 1488 4680 cum
1529 4623 1756 4691 captivis
1809 4641 1931 4682 esse

224 4697 662 4758 praecedentibus
713 4699 1144 4761 coniungendas.
1211 4712 1330 4749 cum
1385 4701 1502 4761 ipse
1557 4699 1766 4758 habeat,
1819 4700 1933 4750 reli-

220 4767 324 4817 ctis
359 4767 592 4828 captivis
638 4776 685 4817 et
725 4769 978 4819 universa
1005 4770 1188 4831 praada
1227 4770 1286 4820 in
1310 4769 1531 4822 Italiam
1553 4765 1925 4822 revertuntur.

225 4837 354 4888 Vide
377 4842 430 4889 et
458 4838 707 4902 ejusdem
732 4839 875 4890 Pauli
898 4853 1014 4902 cap.
1042 4841 1071 4890 6
1102 4845 1157 4891 et
1188 4841 1237 4891 8.

289 4908 310 4937 δ
352 4909 438 4959 Sic
492 4921 623 4960 mss.
683 4909 812 4960 Editi
855 4923 982 4962 vero
1031 4924 1154 4962 cum
1200 4913 1322 4964 Bec.
1375 4913 1572 4964 habent
1627 4913 1930 4963 Arvernico.

228 4973 294 5034 At,
347 4971 693 5034 praferenda
754 4975 1140 5034 mss.,iectio;
1201 4988 1323 5025 nam
1364 4975 1500 5026 intra
1569 4989 1599 5024 a
1654 4974 1934 5025 Munimolo

226 5033 518 5100 iiit‘rcepti
565 5036 708 5100 sunt
755 5034 808 5083 in
868 5033 1109 5100 ,ttbodani
1166 5039 1428 5100 transitu:
1478 5037 1622 5100 quod
1668 5037 1786 5087 ﬁeri
1825 5049 1935 5086 non

225 5095 622 5158 poruissethsi
661 5095 802 5158 _jam
856 5097 917 5158 in
987 5099 1278 5148 Arvernico
1344 5095 1618 5149 territorio
1686 5100 1932 5156 fuissent,

225 5155 396 5224 longe
449 5170 479 5206 a
521 5155 769 5224 Ithodani
821 5157 953 5216 ripis
1003 5162 1194 5224 posito.
1245 5161 1570 5224 Designatur
1606 5162 1784 5224 itaque
1830 5159 1936 5211 hoc

224 5217 280 5266 in
325 5221 448 5328 toga
509 5221 884 5330 Aggnionense
933 5217 1282 5272 territorium.
1325 5219 1485 5273 Nabis
1551 5217 1710 5274 favet'
1749 5221 1936 5274 Frede-

226 5291 390 5330 aanu
427 5319 440 5330 .
468 5291 514 5330 c.
610 5317 623 5329 .

226 5290 440 5339 genus,
468 5291 514 5330 c.
542 5290 623 5330 ϋδ.

284 5357 302 5375 ε
344 5348 589 5412 Plerique
622 5349 751 5402 editi
773 5350 978 5402 addunt
1013 5351 1342 5404 truciiiastis.

284 5420 306 5448 ⁴
341 5419 477 5470 Cod.
513 5419 692 5482 Corb.,
719 5423 1082 5474 numismata.
1211 5445 1214 5448 ι

283 5500 303 5521 ο
338 5492 454 5541 Alit
482 5490 702 5554 habent,
725 5493 952 5554 tegulas.

281 5561 297 5590 ε
333 5562 448 5613 Hoc
472 5565 636 5623 caput
662 5563 814 5615 deest
846 5567 900 5614 in
925 5564 1083 5617 Corb.
1125 5566 1177 5616 et
1206 5563 1408 5616 Bellov.

288 5643 312 5678 ε
355 5632 421 5684 In
476 5632 754 5698 plerisque
816 5635 992 5694 editis,
1041 5635 1460 5688 Advenientibus
1525 5634 1934 5690 transmarinis.

238 5702 454 5758 Cetera
500 5706 701 5758 omissa
757 5707 902 5760 sunt.
953 5706 1078 5761 Haec
1132 5718 1300 5772 porro
1336 5707 1478 5771 apud
1508 5708 1789 5764 Massiliam
1813 5719 1937 5761 con-

2016 4630 2203 4695 quenti
2261 4625 2495 4675 sumitur
2547 4621 2688 4683 apud
2735 4620 3030 4672 Sidonium.
3097 4621 3221 4675 Vide

2017 4699 2176 4763 sephi
2211 4695 2494 4748 Laurentii.

2083 4771 2104 4799 ιι
2138 4768 2310 4824 Colh.,
2365 4777 2553 4826 arcas;
2616 4766 2712 4815 sed
2766 4764 3046 4816 retinenda
3118 4769 3303 4816 nostra
3352 4764 3530 4820 lectio.
3589 4767 3721 4822 Orca

2017 4835 2229 4897 quippe
2256 4829 2410 4879 vasis
2441 4829 2520 4878 est
2555 4830 2764 4889 species
2787 4829 2999 4877 usitata.

2081 4912 2092 4932 ι
2142 4903 2250 4966 litos
2299 4901 2414 4966 erat
2459 4899 2833 4966 ut__episcopo
2907 4897 3244 4966 celebratum
3303 4897 3369 4966 ad
3433 4901 3721 4966 ecclesiam

2021 4964 2312 5017 accedenti
2360 4958 2780 5024 archidiaconus
2829 4970 2950 5010 cum
3007 4959 3216 5017 reliquo
3276 4958 3422 5024 clero
3473 4963 3525 5012 in
3561 4963 3719 5024 albis,

2019 5026 2317 5078 thuribulis
2394 5022 2792 5091 fllli.igtillllbils_
2842 5024 3212 5091 -pcciirreret:
3288 5020 3414 5091 Vide
3491 5020 3723 5091 Paulum

2022 5091 2437 5151 Emerita-usam,
2491 5082 2612 5144 etc,
2657 5084 2798 5146 apud
2842 5082 3102 5135 Mabillon.
3157 5082 3308 5134 lib.i
3368 5084 3434 5136 de
3490 5086 3721 5151 Liturgia

2020 5151 2220 5209 Gallic,
2250 5161 2372 5211 cap.
2399 5147 2446 5196 7.

2080 5223 2094 5268 t
2116 5220 2376 5291 Plerique
2449 5217 2594 5275 editi,

2017 5293 2253 5335 omissm.

2086 5354 2105 5381 ι
2145 5352 2214 5402 Ex
2256 5350 2323 5400 iis
2351 5352 2503 5399 erant
2551 5347 2798 5408 ducibus,
2849 5349 2938 5411 qui
2981 5351 3105 5413 post
3140 5349 3286 5403 Clebi
3334 5353 3482 5415 regis
3505 5363 3720 5417 necem,

2018 5435 2165 5476 anno
2195 5422 2306 5481 574,
2337 5418 2698 5481 Langobardis
2729 5419 3080 5482 praefuerunt.

2081 5494 2218 5546 lSic
2263 5506 2368 5544 auo
2437 5503 2566 5542 mss.
2639 5496 2861 5544 veteres
2915 5491 3066 5543 Corb.
3136 5496 3193 5544 et
3250 5493 3502 5556 Bellov.;
3545 5494 3726 5545 caeteri

2021 5579 2147 5618 cum
2209 5567 2368 5616 editis
2433 5561 2895 5626 Maenio-villam,
2946 5567 3144 5626 praeter
3188 5563 3338 5615 Colb.
3378 5565 3432 5614 in
3474 5576 3579 5629 quo
3617 5577 3725 5616 vox

2022 5637 2226 5690 villam
2279 5635 2639 5688 desideratur.
2697 5633 2885 5684 Paulus
2923 5633 3090 5686 'Diac.
3146 5633 3176 5682 l.
3231 5646 3312 5692 ιιι,
3367 5646 3417 5688 c.
3463 5636 3513 5698 8,
3565 5635 3728 5689 habet

2032 5711 2180 5762 sicut
2212 5711 2424 5762 veteres
2449 5719 2600 5766 mss,
2624 5704 3005 5758 Hachom‘tlam.

3277 4624 3597 4678 Amaltheon
3631 4628 3717 4679 Jo-

2675 5213 3120 5266 archidiaconum
3192 5221 3458 5282 coarctat,
3517 5223 3724 5273 caeteris
