4016 6338
244 247 349 310 307

1328 249 1385 309 S.
1427 248 1783 309 GREGOBII
1822 251 2152 314 EPISCOPI
2190 236 2671 312 TURONENSIS’

3635 239 3739 298 308

254 372 389 436 ﬁxit
432 372 693 433 tentoria.
738 374 926 432 Zaban
960 388 1096 432 vero
1121 388 1223 447 per
1254 373 1529 434 Diensem
1552 387 1575 414 ει
1604 375 2019 441 descendensA
2039 379 2132 449 sit,
2159 379 2221 437 in
2250 375 2463 453 quibus
2492 373 2672 432 victor
2706 368 2947 430 exstitit.
2973 369 3121 428 Nam
3149 371 3277 442 post
3315 368 3561 425 mortem
3598 362 3743 422 Cha-

256 464 485 534 urbem,
516 478 699 535 usque
739 461 1054 520 Valentiam
1085 464 1262 535 venit,
1294 464 1491 538 ibique
1529 472 1707 523 castra
1739 466 1949 540 posuit.
2033 468 2252 540 riherti,
2280 482 2415 526 cum
2442 462 2803 537 Chilpericus
2834 458 3085 520 Turonis
3128 473 3195 516 ac
3250 455 3500 514 Pictavis
3542 468 3746 527 perva-

260 554 575 615 Bhodanus
603 557 793 610 autem
807 550 1392 627 Gratianopolitanam
1420 554 1623 629 urbem
1653 570 1955 627 aggressus

261 650 365 714 est,
400 642 595 715 ibique
623 642 943 719 papiliones
971 645 1246 703 extendit.
1285 644 1355 701 Et
1382 647 1532 703 Amo
1559 661 1787 718 quoque
1820 647 1955 703 Are-

262 735 541 793 latensem
594 731 905 794 debellavit
936 735 1312 807 provinciam,
1362 751 1492 793 cum
1544 733 1789 794 urbibus
1825 752 1955 810 quae

267 824 615 884 circumsitm
669 830 825 882 sunt.
864 824 933 881 Et
970 841 1155 898 usque
1200 827 1389 899 ipsum
1434 824 1750 897 Lapideum
1803 840 1953 883 cam-

180 947 183 950 ‹
257 931 400 991 pum
436 915 478 985 δ,
516 914 615 988 qui
658 914 873 988 adjacet
917 914 1048 973 urbi
1081 914 1427 973 Massiliensi
1462 915 1736 974 accedens
1764 926 1802 981 °,
1839 921 1957 973 tam

252 1004 335 1061 .de
358 1002 682 1076 pecoribus,
710 1017 883 1073 quam
910 1001 978 1059 de
996 1003 1331 1062 hominibus
1360 1003 1709 1061 denudavit:
1735 1004 1959 1076 Aquen-

262 1093 427 1153 sibus
460 1097 654 1150 autem
700 1091 1059 1151 obsidionem
1106 1096 1349 1167 paravit,
1399 1094 1467 1151 de
1501 1092 1715 1166 quibus
1752 1091 1961 1165 viginti

267 1187 495 1246 duabus
546 1185 709 1243 libris
763 1186 985 1259 argenti
1032 1187 1276 1261 acceptis
1321 1193 1461 1251 187
1490 1185 1780 1244 abscessit.
1840 1186 1963 1245 Sic-

264 1291 381 1349 que
412 1280 467 1332 et
494 1274 812 1333 Rhodanus
848 1291 913 1332 ac
956 1275 1143 1334 Zaban
1180 1276 1242 1332 in
1274 1275 1412 1333 locis
1453 1278 1668 1351 quibus
1713 1293 1965 1335 accesse-

267 1370 417 1434 rant,
449 1364 722 1421 fecerunt.
752 1361 893 1432 Quae
940 1362 1423 1422 cumMummolo
1452 1364 1663 1436 perlata
1695 1366 1964 1436 fuissent,

268 1452 589 1513 exercitum
622 1451 822 1521 movit,
853 1451 1222 1519 et‘Rhodano,
1249 1452 1350 1524 qui
1382 1452 1969 1523 Gratianopolitanam

2036 561 2220 630 sisset,
2252 573 2382 631 quae
2426 554 2708 628 Sigiberto
2748 553 2868 625 regi
2896 566 2997 624 per
3043 552 3274 621 pactum
3306 547 3369 604 in
3399 550 3619 621 partem
3650 558 3749 600 ve-

2036 653 2260 717 nerant,
2292 644 2637 718 conjunctus
2665 656 2768 699 rex
2800 645 2940 704 188
2969 639 3093 710 ipse
3121 652 3256 695 cum
3300 634 3746 693 Guntchramno

2042 740 2216 796 fratre
2250 752 2376 805 suo,
2421 732 2809 792 Mummolum
2863 729 3109 800 eligunt,
3174 727 3277 801 qui
3307 726 3411 783 has
3463 724 3639 782 urbes
3676 720 3751 779 ad

2044 845 2245 889 eorum
2282 829 2395 902 [ΛΖ.
2434 830 2656 890 verum]
2698 821 3003 879 dominum
3047 830 3313 874 revocare
3343 813 3595 871 deberet.
3636 808 3755 880 Qui

2045 898 2298 978 Turonis
2323 916 2583 985 veniens,
2626 913 2818 983 fugato
2848 906 3059 965 exinde
3090 902 3489 963 Chlodovecho
3524 898 3757 971 Chilpe-

2046 1011 2150 1068 rici
2181 1008 2318 1075 tilio,
2352 1004 2569 1065 exactis
2596 1020 2629 1060 a
2660 999 2868 1074 pOpulo
2914 998 2984 1055 ad
3023 1002 3245 1071 partem
3296 992 3445 1063 regis
3481 988 3757 1062 Sigiberti

2044 1098 2434 1166 sacramentis,
2480 1094 2741 1152 Pictavos
2791 1086 3044 1146 accessit.
3096 1085 3209 1144 Sed
3258 1080 3511 1139 Basilius
3555 1094 3619 1135 ac
3670 1077 3758 1136 Si-

2046 1190 2282 1266 gharius
2337 1188 2355 1223 ί
2408 1182 2626 1243 Pictavi
2679 1178 2854 1249 cives,
2913 1176 3147 1235 collecta
3219 1168 3609 1233 multitudine,
3671 1180 3760 1222 re-

2048 1259 2246 1343 sistere
2273 1279 2586 1339 voluerunt
2617 1293 2628 1331 :
2663 1287 2807 1345 quos
2833 1272 2904 1329 dc
2942 1265 3185 1326 diversis
3218 1261 3479 1337 partibus
3510 1259 3759 1316 circum-

2050 1377 2211 1434 datos
2265 1365 2565 1443 Oppressit,
2616 1360 2828 1431 obruit,
2870 1355 3220 1443 interemit,
3248 1359 3301 1410 et
3357 1350 3439 1443 sic
3484 1348 3760 1443 _Pietavos

2051 1433 2358 1526 accedens;
2396 1433 2751 1511 sacramenta
2795 1445 3007 1518 exegit.
3041 1443 3179 1500 Haec
3208 1433 3441 1499 interim
3469 1435 3538 1493 de
3571 1433 3761 1491 Mum-

268 1541 473 1602 urbem
500 1539 839 1609 debellabat,
872 1538 1132 1596 occurrit.
1162 1535 1272 1597 Sed
1288 1554 1420 1595 cum
1442 1539 1699 1596 Iseramd
1722 1538 1971 1598 ﬂuvium
2054 1549 2207 1609 ωοιο
2244 1524 2403 1602 diem
2437 1537 2727 1599 sufﬁciant
2765 1544 2790 1581 ε
2833 1558 2845 1592 ε
2904 1532 3130 1605 reliqua
3174 1530 3238 1587 in
3283 1532 3575 1601 posterum
3623 1524 3762 1578 sunt

272 1631 561 1691 exercitus
591 1630 871 1687 laboriose
901 1629 1187 1697 transiret,
1208 1638 1356 1687 nutu
1386 1629 1969 1688 Deianimalamnem
2054 1636 2376 1712 dirigenda.
3202 1662 3205 1667 ι

275 1721 615 1795 ingreditur,
648 1720 862 1778 vadum
901 1720 1149 1776 ostendit
1178 1696 1189 1776 ξ
1221 1726 1276 1777 et
1323 1719 1403 1777 sic
1433 1719 1681 1793 populus
1728 1721 1791 1777 in
1822 1720 2031 1794 ulte-B
2061 1696 2333 1786 inVII
2369 1724 2484 1797 [Λι.
2518 1719 2662 1789 XLI].
2718 1715 2799 1773 De
2847 1709 3201 1771 Andarchii"
3234 1720 3371 1764 vero
3402 1696 3757 1797 interitu'l'e-

279 1814 486 1871 riorem
529 1811 713 1885 ripam
739 1809 1048 1883 egreditur.
1103 1809 1266 1878 Quod
1297 1807 1555 1866 videntes
1588 1786 2027 1882 Langobardi:
2058 1824 2321 1882 cuturus,
2370 1786 2533 1885 prius
2580 1786 2764 1879 genus
2807 1802 2985 1862 ordiri
3032 1799 3233 1873 placet,
3271 1800 3325 1853 et
3353 1786 3761 1885 patriamnlrlic

278 1919 385 1962 nec
440 1902 670 1972 morati,
725 1900 1042 1971 evaginalis
1088 1899 1292 1973 gladiis
1338 1900 1443 1957 hos
1490 1905 1783 1972 appetunt,
1828 1916 1979 1957 com-
2060 1906 2255 1979 igitur,
2312 1872 2388 1959 ut.
2417 1872 2679 1955 asserunt
2709 1893 2743 1963 ί,
2787 1890 2993 1949 Felicis
3036 1872 3320 1945 senatoris
3367 1893 3572 1938 servus
3624 1872 3758 1941 fuit,

286 1994 577 2068 missoque
624 1964 797 2061 bello,
832 1964 915 2047 “in
968 1964 1190 2048 tantum
1220 1990 1354 2048 cmsi
1386 1964 1541 2059 sunt,
1564 1964 1633 2047 ut
1662 1964 1980 2049 Rhodanus
2062 1964 2164 2068 qui
2198 1964 2269 2050 ad
2295 1986 2641 2059 obsequium
2669 1979 2892 2040 domini
2930 1978 3256 2050 deputatus,
3294 1971 3365 2029 ad
3396 1966 3586 2028 studia
3616 1964 3763 2068 litte-

284 2081 575 2141 sauciatus
632 2080 829 2137 lancea
878 2079 949 2136 ad
1002 2078 1287 2136 montium
1342 2076 1567 2135 excelsa
1626 2078 1977 2152 confugeret.
2064 2054 2262 2143 Earum
2302 2094 2435 2137 cum
2455 2054 2521 2135 eo
2541 2074 2782 2148 positus,
2815 2069 2960 2126 bene
2994 2065 3292 2123 institutus
3322 2057 3575 2118 emicuit.
3618 2054 3767 2113 Nam

287 2170 516 2229 Exinde
545 2186 680 2229 cum
709 2168 1041 2244 quingentis
1069 2167 1210 2225 viris
1239 2167 1339 2242 qui
1362 2170 1415 2225 ei
1446 2147 1857 2239 remanserant,
1886 2184 1987 2242 per
2069 2176 2140 2234 de
2167 2170 2435 2246 operibus
2466 2147 2719 2237 Virgilii,
2765 2160 2908 2231 legis
2946 2153 3364 2214 Theodosianae
3394 2147 3579 2217 libris,
3606 2149 3774 2241 arte-

294 2262 463 2321 devia
491 2260 771 2321 silvarum
808 2272 1212 2334 prorumpens,
1257 2259 1327 2317 ad
1368 2258 1655 2316 Zabanem
1704 2230 1987 2331 pervenit,
2073 2230 2190 2339 {111a
2204 2230 2434 2318 ‘calculi
2465 2230 2712 2327 adpiene
2738 2230 3003 2307 eruditus
3041 2250 3143 2303 est.
3175 2241 3295 2299 Hac
3326 2238 3503 2312 igitur
3532 2230 3775 2332 scientia

295 2351 402 2427 qui
432 2356 568 2409 tunc
596 2349 803 2406 urbem
830 2347 1157 2405 Valentiam
1181 2345 1508 2404 obsidebat:
1545 2321 1918 2419 narravitque
1939 2321 1993 2403 ei
2079 2321 2326 2421 ilﬁmens,
2378 2321 2667 2419 despicere
2708 2338 2973 2399 dominos
3008 2333 3180 2406 cmpit
3230 2350 3241 2389 :
3286 2335 3342 2388 et
3369 2344 3429 2386 se
3458 2321 3775 2401 patl‘OCiniO

294 2440 494 2500 omnia
524 2453 655 2514 qua:
684 2442 806 2495 acta
847 2438 1093 2495 fuerant.
1132 2436 1294 2495 Tunc
1336 2436 1482 2494 datis
1512 2436 1723 2510 pariter
1769 2413 1993 2494 cunctis
2075 2443 2226 2517 Lupi
2260 2413 2422 2499 ducis
2447 2413 2501 2506 1;
2517 2449 2653 2493 cum
2693 2429 2763 2488 ad
2793 2427 2999 2487 urbem
3044 2420 3479 2517 Massiliensem:
3500 2430 3573 2473 ex
3604 2413 3778 2487 jussu

292 2533 353 2589 in
383 2531 657 2605 prmdam,
687 2529 757 2586 ad
788 2529 1263 2587 Ebredunensem
1301 2528 1503 2587 urbem
1544 2527 1785 2599 regressi
1821 2531 1989 2584 sunt:
2076 2502 2229 2605 ἷρέίε
2260 2502 2533 2600 Sigiberti
2580 2519 2890 2583 accederet,
2939 2505 3385 2602 commendavit.
3435 2502 3515 2598 ile
3552 2514 3665 2605 qua
3702 2511 3783 2554 re-

296 2620 495 2692 ibique
524 2619 607 2676 eis
630 2634 765 2677 cum
793 2616 1105 2677 innumero
1137 2618 1396 2676 exercitu
1441 2588 1793 2675 Mummolus
1831 2616 1893 2673 in
1921 2615 1999 2672 fa-
2081 2588 2528 2693 griissusfhunc
2555 2619 2751 2665 secum
2776 2599 2934 2659 abire
2963 2599 2991 2636 ι
3020 2593 3308 2693 praecepit,
3340 2588 3781 2693 i‘nsinuavitque

300 2671 492 2692 -_-.,_-
528 2671 604 2676 η-
636 2671 765 2677 -___
794 2671 1100 2677 __-_a_-_-
1143 2671 1396 2676 “mw
1442 2671 1788 2675 _._--,____,---
1967 2671 1970 2672 ν
2320 2671 2330 2685 ,

300 2710 450 2767 ciem
504 2708 683 2778 venit,
742 2707 1165 2780 commissoque
1220 2705 1439 2779 prmlio,
1489 2703 1999 2777 Langobardorum
2082 2671 2221 2767 gum
2251 2701 2559 2773 diligenter
2601 2690 2887 2763 Sigiberto
2918 2684 3059 2758 regi,
3110 2688 3281 2753 atque
3307 2679 3377 2736 ad
3408 2671 3784 2780 serviendum

297 2797 604 2872 phalangae
638 2810 823 2869 usque
848 2795 919 2852 ad
951 2762 1403 2851 internecionem
1428 2762 1778 2862 Iczesaeicum
1806 2790 2002 2864 paucis
2088 2793 2315 2855 tradidit
2349 2762 2566 2863 :Uquem
2588 2762 2713 2841 'ille
2759 2795 2858 2853 per
2881 2777 3003 2835 loca
3031 2772 3257 2835 diversa
3282 2767 3557 2872 dirigens,
3590 2762 3787 2872 lectum

303 2850 477 2943 duces
508 2885 571 2942 in
595 2850 822 2942 Italiam
854 2889 993 2941 sunt
1023 2882 1285 2953 regressi.
1319 2850 2005 2953 Cumquelusque‘Sigu-
2356 2850 2664 2935 militandi.
2696 2850 2786 2926 Ex
2816 2868 2923 2924 hoc
2947 2860 3112 2937 quasi
3136 2860 3469 2918 Honoratus
3493 2850 3791 2958 lliabitus,

305 2975 464 3032 είυω
506 2986 529 3013 °
568 2972 775 3031 urbem
826 2970 1029 3044 perlati
1082 2970 1345 3039 fUiSSBHt,
1391 2976 1446 3026 θῐ
1489 2940 1589 3026 ξοδ
1650 2940 1854 3025 il0.001113
1896 2940 2004 3023 136i
2086 2940 2414 3034 :Arvernum
2450 2963 2647 3024 venit:
2683 2959 2879 3032 ibique
2920 2968 3054 3029 cum
3103 2950 3250 3008 Urso
3283 2948 3408 3005 cive
3454 2941 3619 3003 urbis
3663 2940 3798 3013 ejus

306 3066 454 3123 dure
485 3063 857 3136 ευεοίρθΐρηῐς
888 3060 1210 3135 Praesertim
1244 3075 1377 3118 Cum
1412 3058 1707 3117 SiSiﬂnius
1736 3056 2063 3149 magistel‘c
2087 3066 2367 3129 amicitias
2392 3061 2601 3134 illigat.
2642 3053 2906 3123 Interim,
2936 3055 2999 3108 ut
3031 3054 3152 3107 erat
3171 3045 3317 3105 acris
3342 3041 3585 3116 ingenii,
3610 3038 3797 3096 tiliam

312 3153 573 3213 militum
604 3169 637 3211 a
666 3159 823 3227 parte
875 3150 1235 3224 imperatoris
1272 3149 1335 3206 in
1369 3150 1476 3206 hac
1504 3148 1647 3207 urbe
1690 3147 1962 3205 resideret
1991 3128 2063 3204 ευ
2091 3162 2215 3233 ejus
2262 3128 2605 3225 desponsam
2648 3142 2999 3207 desiderans,
3041 3136 3299 3204 loricam,
3348 3138 3411 3192 ut
3460 3130 3674 3200 ferunt.
3733 3128 3793 3185 in

307 3244 613 3304 simulatus
652 3215 1128 3316 lilummolfpuer
1167 3215 1231 3301 in
1278 3246 1584 3315 conspectu
1626 3239 1891 3311 Zabanis,
1927 3237 2013 3297 Si-
2094 3215 2337 3305 {hiemari
2363 3215 2479 3312 quo
2526 3235 2740 3294 chartae
2784 3228 2922 3287 abdi
2968 3225 3152 3284 solita:
3185 3229 3344 3316 sunt,
3377 3218 3669 3316 recondit,

313 3336 506 3395 sinnio
532 3338 749 3395 litteras
778 3336 1035 3409 protulit,
1064 3335 1426 3407 salutemque
1451 3350 1526 3390 ex
1562 3330 1799 3389 nomine
1826 3331 2011 3388 Mum—
2094 3303 2227 3394 cens
2266 3303 2519 3395 mulieri,
2560 3318 2793 3395 conjugi
2841 3315 3040 3389 utique
3079 3311 3210 3371 Ursi
3246 3332 3256 3369 :
3291 3309 3428 3384 quia
3469 3303 3801 3365 multitudi-

313 3426 453 3484 moli
482 3426 658 3498 dedit,
686 3426 884 3483 dicens
910 3448 922 3481 :
957 3425 1045 3481 En
1072 3425 1263 3497 ipsum
1304 3424 1365 3481 in
1395 3424 1682 3496 proximo.
1715 3421 1875 3490 Quod
1904 3436 2008 3478 au-

313 3515 480 3573 diens
523 3515 734 3583 Zaban,
785 3530 960 3573 cursu
1008 3512 1190 3571 veloci
1234 3514 1307 3570 ab
1354 3512 1499 3570 urbe
1555 3511 1678 3583 ipsa
1724 3510 2015 3583 digressus

314 3606 611 3678 praeteriit.
665 3605 774 3662 His
815 3604 1025 3662 auditis
1054 3608 1223 3673 Amo,
1257 3603 1491 3660 collecta
1532 3596 1691 3659 omni
1737 3600 2014 3675 prmdain

314 3695 545 3764 itinere,
593 3694 974 3768 proﬁciscitur
1005 3718 1017 3751 :
1053 3693 1149 3751 sed
1198 3691 1597 3749 resistentibus
1645 3690 1900 3760 nivibus,
1935 3706 2017 3747 rc-

315 3786 449 3844 licta
477 3785 689 3858 praeda,
718 3785 820 3843 vix
852 3800 985 3842 cum
1016 3782 1216 3856 paucis
1244 3797 1546 3853 erumpere
1582 3780 1785 3854 potuit.
1821 3781 2020 3840 Exter-

318 3875 416 3932 riti
447 3875 605 3931 enim
632 3880 794 3931 erant
822 3872 1036 3929 virtute
1065 3869 1390 3930 Mummoli.

390 3962 575 4021 XLVI
607 3964 721 4033 [Αι.
751 3961 877 4034 XL].
927 3959 1107 4019 Multa
1139 3960 1298 4018 enim
1338 3959 1694 4019 Mummolus
1734 3959 1882 4018 bella
1909 3975 2024 4034 ges-

392 4126 412 4147 -
439 4115 547 4166 Alli
597 4114 747 4178 editi,
799 4113 1067 4176 Oeensem,
1094 4115 1238 4180 quod
1279 4113 1536 4178 perinde.
1566 4116 1663 4166 est.
1731 4114 1819 4166 Est
1870 4126 2022 4166 nam-

328 4198 435 4253 que
489 4186 581 4239 Dia
646 4199 741 4239 seu
810 4186 913 4237 Dea
981 4186 1358 4239 Vocontiorum
1438 4187 1630 4238 civitas
1678 4186 2020 4249 episcopalis,

333 4261 495 4311 etiam
548 4270 695 4310 nunc
756 4257 1006 4310 celebris.
1071 4257 1266 4309 Tamen
1314 4256 1451 4310 Bell.
1505 4257 1666 4309 habet
1728 4256 2023 4308 Verdunen-

331 4343 461 4391 sem,
519 4332 572 4380 et
624 4329 781 4381 Corb.
828 4328 1233 4391 Virdunensem,
1292 4341 1599 4393 quanquam
1640 4330 1815 4393 prima
1860 4340 2021 4378 manu

330 4401 594 4463 scriptum
646 4398 840 4451 fuisset
889 4399 1282 4451 Vinsunemem.
1330 4400 1428 4451 Sed
1472 4400 1736 4451 correctio
1778 4399 2022 4461 ejusdem

2094 3440 2227 3485 nem
2255 3394 2563 3480 aureorum
2594 3394 2858 3469 meorum
2888 3405 3138 3478 amplius
3154 3417 3325 3476 quam
3358 3397 3647 3459 sexdecim
3673 3394 3801 3485 mil-

2318 3512 2426 3567 hoc
2453 3502 2698 3563 libellari
2728 3495 3077 3557 reconditam
3106 3492 3209 3551 tibi
3238 3487 3603 3557 commendo,
3634 3479 3801 3573 quod

2100 3569 2264 3659 tuum
2314 3610 2436 3653 esse
2472 3587 2699 3665 poterit,
2750 3586 2798 3644 si
2848 3581 2995 3640 mihi
3038 3579 3218 3638 tiliam
3260 3582 3419 3637 tuam
3462 3569 3802 3649 praestiteris

2097 3680 2448 3760 desponsari.
2483 3676 2595 3738 Sed

2334 3786 2471 3850 Quid
2501 3798 2601 3850 non
2633 3779 2867 3850 mortalia
2894 3784 3106 3850 peetora.
3129 3774 3291 3850 cogis,

2162 3834 2299 3906 Αιὶῖἷ
2327 3834 2471 3901 εἷιᾶὲᾷ
2494 3846 2695 3897 fames?
2728 3834 2906 3907 (Virg:
2926 3838 3123 3890 arma.
3156 3837 3243 3886 ab.
3270 3834 3370 3896 ΠΙ.)

2187 3958 2326 4017 189
2378 3944 2647 4008 Promisit
2702 3939 2913 4000 mulier
2944 3937 3087 4003 haec
3142 3930 3480 4008 simpliciter
3534 3925 3802 3999 credens,

2102 4117 2299 4169 baudia
2345 4115 2515 4170 ortus,
2571 4106 2829 4161 Rhodano
2885 4099 3050 4165 paulo
3072 4109 3253 4181 supra
3306 4090 3602 4146 Valentiam
3657 4088 3801 4140 mis-

2104 4194 2347 4317 ceiuzlii,
2393 4250 2670 4309 Siosium;
2742 4248 3012 4309 hodieque
3069 4253 3271 4295 nomen
3316 4238 3529 4303 Segusli
3581 4232 3803 4294 retinet,

2104 4331 2268 4392 vulgo
2302 4330 2456 4388 Suae,
2494 4324 2562 4375 ad
2598 4321 2812 4373 Duriam
2838 4326 3071 4392 amnem.

2170 4379 2315 4451 qud.
2370 4379 2463 4458 al.',
2520 4392 2795 4458 Siagrius.
2863 4389 3076 4450 Regm.,
3128 4381 3359 4458 Basilius
3412 4394 3475 4431 ac

334 4448 593 4522 sua:
619 4448 897 4521 ausas:
938 4448 1427 4531 sarissas;
1472 4448 1736 4520 pisaeae
1778 4448 1851 4519 iri
1885 4448 2378 4523 memoriam
2421 4448 2646 4518 c'armeii
2690 4463 2747 4513 18
2791 4448 3038 4531 libri—iv,
3082 4452 3421 4531 epitaphium
3471 4454 3569 4531 est.
3618 4448 3805 4531 Basilii

334 4542 464 4604 gine
524 4542 729 4597 monet,
784 4540 839 4589 in
886 4550 987 4603 ms.
1042 4540 1250 4591 scilicet
1290 4540 1542 4597 Palatino.
1598 4539 1781 4591 haberi
1844 4538 2026 4589 Virdu-

330 4623 567 4662 murem.
623 4610 772 4661 Unde
829 4608 1069 4661 Valesius
1135 4611 1411 4661 existimat
1469 4611 1575 4662 duo
1640 4612 1776 4660 hanc
1836 4610 2027 4663 urbem

330 4686 553 4734 nomina
605 4681 883 4743 habuisse,
926 4680 1165 4732 Latinum
1216 4692 1405 4739 unum,
1458 4682 1619 4733 Deam
1668 4681 1890 4736 scilicet.
1944 4680 2024 4733 al-

328 4757 506 4805 terum
560 4752 836 4811 Gallicum,
886 4753 1031 4815 quod
1090 4754 1173 4803 est
1235 4749 1560 4803 Virdunum.
1633 4751 1777 4802 Idem
1842 4756 2029 4803 auctor

332 4825 438 4876 alio
491 4826 541 4878 in
577 4825 697 4878 loco
728 4823 984 4876 observat
1033 4823 1087 4873 in
1132 4823 1414 4875 Provincia
1466 4822 1693 4874 ﬂuvium
1744 4836 1886 4885 esse,
1926 4836 2029 4874 no-

330 4897 478 4949 mine
520 4897 849 4959 Verdunum,
908 4894 1073 4959 vulgo
1123 4895 1344 4956 Verdon,
1404 4906 1475 4945 ex
1526 4906 1632 4956 quo
1689 4894 1828 4946 forte
1878 4894 2030 4947 locus

336 4967 535 5032 aliquis
578 4968 665 5020 hic
709 4968 1022 5031 designatus
1062 4978 1261 5019 nomen
1310 4964 1577 5017 habuerit.
1627 4966 1833 5016 Paulus
1864 4966 2026 5027 Diac.,

337 5039 432 5102 qui
475 5040 570 5091 lib.
634 5052 697 5092 in
744 5037 854 5091 has
910 5051 1101 5093 omnes
1158 5038 1629 5101 Langobardorum
1668 5040 1719 5088 et
1760 5038 2029 5089 Saxonum

336 5111 733 5190 expeditiones
767 5111 1201 5190 narrat_iisdem
1243 5110 1427 5190 ferme
1486 5108 1672 5161 verbis
1720 5120 1783 5160 ac
1837 5108 2028 5171 Grego-

332 5182 468 5240 rius,
529 5192 646 5245 cap.
706 5181 753 5239 8,
801 5181 892 5233 ubi
959 5183 1027 5235 de
1078 5182 1179 5234 hac
1240 5182 1358 5246 ipsa
1415 5181 1715 5246 irruptione
1771 5181 2027 5245 loquitur,

332 5253 494 5306 habet
520 5252 781 5303 Diemem.

396 5325 417 5354 δ
450 5323 637 5388 Vulgo,
674 5321 729 5373 la
755 5317 914 5383 Grau,
938 5325 996 5374 ut
1025 5322 1265 5375 Goiutius
1290 5326 1493 5377 monet.

397 5408 415 5428 ε
448 5396 610 5457 Bell.,
641 5392 907 5458 accipiens
943 5396 1067 5446 tam.

396 5467 418 5499 ⁸
452 5469 535 5522 Sic
590 5467 748 5521 Gorb.
807 5471 859 5520 et
922 5466 1163 5527 Bellov.;
1223 5465 1330 5524 alii,
1384 5466 1608 5517 Eseram
1655 5466 1749 5518 aut
1789 5460 2025 5527 lsaram,

336 5539 426 5591 vel
479 5552 601 5591 cum
654 5540 988 5604 aspiratione
1039 5540 1307 5596 Heseram,
1351 5535 1635 5590 Hiseram:
1690 5550 1807 5601 quas
1862 5537 2026 5587 variae

336 5611 598 5664 lectiones
652 5613 705 5662 in
752 5610 873 5663 aliis
919 5622 1133 5677 quoque
1168 5608 1526 5672 scriptoribus
1576 5609 1891 5669 occurrunt,
1926 5607 2023 5659 sed

354 5684 605 5735 eumdem
648 5682 863 5737 ﬂuvium
915 5682 1216 5748 designant,
1246 5679 1413 5747 vulgo
1458 5678 1650 5747 l’Isere,
1701 5679 1792 5745 qui
1824 5681 1880 5733 in
1922 5679 2021 5732 Sa~
2098 5692 2103 5697 ‘

2107 4520 2391 4607 cujusdam
2454 4535 2682 4607 illustris
2709 4527 3264 4607 _viri-Pictavlensis,
3321 4523 3415 4589 qui
3467 4520 3607 4574 forte
3653 4520 3806 4573 idem

2109 4600 2193 4665 est
2225 4612 2291 4662 de
2328 4620 2434 4672 quo
2465 4606 2553 4658 hic
2577 4605 2819 4672 loquitur
2849 4600 3162 4672 Gregorius.

2173 4659 2196 4729 ἐ
2230 4659 2470 4746 Reliqua,
2522 4659 2665 4738 etc".
2693 4673 2763 4726 ad
2794 4659 3183 4736 ﬁnem'capitis
3225 4667 3423 4719 desunt
3454 4663 3509 4714 in
3551 4659 3809 4713 omnibus

2108 4755 2225 4806 fere
2245 4764 2377 4802 mss.

2172 4800 2378 4874 iI'Cﬁorl‘).
2447 4822 2500 4873 et
2543 4814 2693 4878 Bell.,
2758 4811 3040 4873 Andan‘ci,
3081 4809 3180 4863 sed
3213 4819 3339 4861 eum
3388 4803 3533 4857 intra
3586 4800 3807 4854 Andar-

2109 4893 2282 4947 chium
2311 4890 2600 4958 appellant.
2637 4884 2800 4948 Colb'.,
2823 4880 3117 4958 (inpar-citi.

2172 4966 2183 4995 ‘
2217 4949 2362 5017 Colb:
2385 4949 2507 5015 cum
2529 4959 2808 5025 plerisque
2837 4954 3015 5012 editis,
3045 4949 3261 5025 Facilis.

2176 5014 2426 5087 ilsmtuit
2482 5014 2777 5093 Campaniae
2828 5020 3324 5093 Rhemensisidux,
3389 5017 3458 5070 de
3512 5026 3617 5093 quo
3673 5014 3810 5093 gre-

2113 5084 2300 5171 geri—us
2325 5084 2485 5156 intra
2521 5084 2631 5154 non
2672 5096 2855 5171 semel.
2896 5096 3018 5171 Ejus
3040 5092 3253 5171 _laudes
3295 5086 3643 5154 prosequitur
3671 5084 3811 5139 For-

2114 5166 2332 5231 tunatus
2353 5176 2446 5229 lib.
2479 5186 2580 5233 vn,
2605 5182 2774 5225 carm.
2808 5170 2859 5233 7,
2893 5168 2923 5219 8
2950 5170 3006 5220 et
3036 5166 3084 5218 9.

2174 5252 2195 5281 ι
2228 5248 2382 5309 Bell.,
2417 5246 2626 5298 habere.

2180 5320 2191 5350 ι
2228 5299 2319 5372 l—d"
2346 5299 2444 5377 est,
2492 5313 2649 5380 quasi
2683 5322 2827 5364 unus
2866 5322 2937 5363 ex
2982 5308 3050 5360 iis
3094 5306 3186 5380 qui
3211 5315 3316 5380 res
3360 5299 3660 5380 civilesﬂet
3704 5308 3818 5380 pa:

2118 5366 2288 5444 blicas
2348 5366 2580 5441 nomine
2635 5381 2895 5448 principis
2959 5366 3239 5448 gerebant,
3302 5372 3497 5448 quibus
3551 5366 3823 5448 honorati

2121 5438 2310 5515 titulus
2349 5438 2778 5512 concedebatur.
2812 5438 2899 5504 'De
2932 5438 3036 5502 hoc
3087 5447 3242 5501 titulo
3282 5438 3440 5510 plura
3466 5438 3646 5515 habes
3672 5439 3825 5515 apud

2110 5510 2305 5586 ius;
2343 5510 2415 5583 ini
2447 5510 2591 5583 notis
2647 5525 2715 5581 ad
2767 5522 3027 5577 Ammian.
3068 5518 3325 5578 Marcell.,
3374 5511 3711 5578 et'Cangium
3763 5510 3824 5564 in

2110 5604 2399 5660 Glossario.
