4016 6338
242 269 354 330 309

1212 267 1569 329 HISTORIA
1607 268 2085 331 FRANCORUM.
2130 271 2355 331 LIBER
2393 269 2765 341 QUARTUS.

3630 268 3737 331 310

240 394 483 452 absente
514 392 661 465 viro,
691 393 833 452 huic
860 390 1193 466 desponsari
1215 392 1492 466 puellam.
1520 396 1596 452 At
1616 394 1715 452 ille
1742 397 2015 468 regres-A
2035 403 2242 456 exusta
2284 395 2555 466 dirueret,
2605 394 2952 465 excitantur,
3000 393 3275 451 emittunt
3320 405 3490 451 voces
3516 403 3540 431 ⁸
3567 414 3581 451 :
3636 390 3739 451 sed

242 499 345 542 sus
360 476 434 541 ad
454 499 670 555 regem,
697 483 1138 557 praeceptionem
1161 483 1229 541 ad
1250 484 1506 558 judicem
1529 484 1636 543 loci
1661 486 1951 559 exhibuit,

241 579 310 629 ut
354 571 612 645 puellam
651 571 801 630 hanc
849 588 954 630 suo
1002 571 1370 630 matrimonio
1413 574 1670 645 sociaret,
1712 575 1948 634 dicens:

2036 501 2152 543 non
2186 485 2295 544 fuit
2321 484 2424 558 qui
2450 482 2770 553 exaudiret,
2801 482 2983 541 donec
3006 486 3121 541 tota
3154 479 3324 539 domo
3351 480 3554 539 adusta
3580 478 3738 551 ipsos

2035 575 2246 649 pariter
2268 575 2419 646 ignis
2448 574 2789 632 absorberet.
2843 572 3024 630 Ursus
3051 586 3188 630 vero
3216 573 3502 641 metuens,
3533 568 3738 629 basili-

240 659 389 729 Quia
420 659 550 718 dedi
581 660 811 717 arrham
839 660 900 717 in
928 660 1366 734 desponsatione
1392 660 1534 733 ejus.
1578 663 1818 736 Negavit
1846 680 1954 723 au-
2032 679 2161 722 cam
2185 664 2367 722 sancti
2389 664 2609 722 Juliani
2634 663 2892 736 expetiit,
2915 662 3178 736 datisque
3200 659 3351 734 regis
3369 658 3736 731 muneribus,

241 754 358 806 tem
392 747 483 806 vir
517 748 637 819 ille,
674 749 908 808 dicens:
953 750 1097 819 Quia
1134 763 1335 827 neque
1376 759 1429 809 te
1480 753 1617 811 novi
1654 753 1809 811 unde
1851 755 1951 826 sis,

240 851 435 911 neque
482 838 701 912 aliquid
739 837 809 896 de
840 840 1011 897 rebus
1047 840 1163 898 tuis
1196 841 1398 899 habeo.
1449 840 1596 909 Quia
1637 842 1954 901 intentione

238 929 586 1002 pullulante,
638 946 703 988 ac
735 933 1138 991 vehementius
1169 933 1539 1003 increscente,
1586 934 1954 994 Andarchius

238 1016 479 1087 expetiit
538 1018 746 1076 Ursum
806 1019 955 1089 regis
1011 1020 1314 1092 praesentia
1358 1020 1638 1078 arcessiri.
1693 1022 1953 1096 Cumque

240 1105 495 1162 venisset
515 1106 668 1178 apud
696 1106 895 1164 villani
919 1106 1287 1165 Brennacum
1308 1119 1349 1176 ε,
1387 1107 1633 1181 requirit
1654 1109 1951 1169 hominem

238 1192 444 1262 alium,
497 1193 711 1251 Ursum
748 1194 1002 1266 nomine,
1048 1211 1223 1269 quem
1254 1196 1327 1253 ad
1361 1195 1633 1254 altarium
1670 1197 1819 1255 clam
1848 1199 1952 1256 ad-

237 1280 478 1339 ductum
531 1280 730 1351 jurare
782 1281 935 1351 fecit,
992 1298 1059 1339 ac
1116 1283 1334 1341 dicere:
1395 1282 1503 1340 Per
1554 1284 1711 1343 hunc
1763 1286 1952 1345 locum

240 1380 503 1432 sanctum
554 1381 605 1432 et
661 1372 936 1445 reliquias
982 1379 1303 1447 martyrum
1352 1373 1669 1445 beatorum,
1726 1377 1863 1450 quia
1904 1377 1953 1435 si

240 1465 424 1522 ﬁliam
456 1481 651 1526 meam
678 1464 783 1521 tibi
812 1465 874 1522 in
914 1464 1285 1525 matrimonio
1324 1483 1439 1525 non
1473 1467 1773 1537 tradidero,
1820 1484 1948 1525 sex-

240 1555 429 1613 decim
465 1554 652 1612 millia
681 1554 997 1614 solidorum
1032 1554 1133 1612 tibi
1162 1555 1483 1614 satisfacere
1514 1571 1631 1614 non
1666 1558 1949 1616 morabor.

242 1646 483 1705 Stabant
524 1646 684 1703 enim
715 1650 885 1703 testes
913 1644 972 1702 in
1007 1645 1272 1717 sacrario,
1314 1648 1704 1707 auscultantes
1736 1649 1955 1708 occulte

2036 769 2127 811 res
2154 769 2286 812 suas
2312 754 2372 811 in
2400 753 2649 813 solidum
2682 752 2912 826 recepit.

2105 844 2345 903 XLVIII
2391 845 2501 919 [AL
2549 846 2718 919 XLII].
2770 843 3205 904 Chlodovechus
3251 856 3386 900 vero
3428 839 3736 915 Chilperici

2035 935 2211 1003 ﬁlius,
2234 936 2305 993 de
2324 934 2612 993 Turonico
2628 934 2861 1005 ejectus,
2885 930 3269 1005 Burdegalam
3290 930 3451 989 abiit.
3473 930 3739 1003 Denique

2035 1038 2167 1080 cum
2219 1023 2373 1094 apud
2430 1021 2917 1092 Burdegalensem
2954 1020 3242 1078 civitatem
3282 1018 3446 1077 nullo
3501 1032 3737 1091 prorsus

2034 1110 2390 1183 inquietante
2424 1108 2717 1178 resideret,
2768 1109 3029 1183 Sigulfus
3066 1108 3304 1182 quidam
3333 1124 3365 1165 a
3397 1112 3553 1181 parte
3582 1104 3738 1179 Sigi-

2036 1197 2182 1256 berti
2227 1214 2286 1255 se
2328 1213 2500 1270 super
2541 1213 2678 1257 eum
2727 1197 2969 1271 objecit:
3015 1213 3188 1271 quem
3237 1197 3554 1269 fugientem
3599 1208 3736 1252 cum

2036 1288 2192 1345 tubis
2232 1295 2287 1345 et
2340 1287 2622 1358 buccinis,
2674 1288 2841 1362 quasi
2890 1288 3178 1346 labentem
3223 1302 3459 1345 cervum
3505 1286 3737 1357 fugans,

2036 1375 2466 1449 insequebatur,
2495 1375 2597 1447 qui
2630 1375 2731 1432 vix
2756 1376 2824 1432 ad
2854 1383 3071 1447 patrem
3100 1373 3460 1447 regrediendi
3489 1372 3740 1429 liberum

2037 1463 2243 1522 habuit
2270 1463 2515 1521 aditum.
2568 1464 2785 1521 Tamen
2814 1480 2915 1537 per
2948 1462 3278 1534 Audegavis
3308 1476 3620 1533 regressus,
3669 1461 3742 1519 ad

2037 1569 2175 1611 eum
2212 1554 2400 1611 rediit.
2446 1554 2590 1612 Cum
2630 1558 2824 1611 autem
2875 1553 3118 1610 intentio
3166 1552 3313 1609 inter
3361 1550 3743 1609 Guntchram-

2037 1656 2180 1699 num
2210 1641 2229 1677 ί
2253 1647 2306 1699 et
2336 1640 2689 1713 Sigibertum
2712 1655 2875 1714 reges
2901 1645 3237 1709 verteretur,
3267 1637 3743 1696 Guntchramnus

240 1734 421 1793 verba
448 1732 784 1809 loquentis,
806 1733 904 1792 sed
934 1749 1236 1806 personam
1264 1751 1399 1810 quas
1427 1736 1760 1810 loqueretur
1787 1738 2011 1810 peni-13
2038 1748 2143 1791 rex
2168 1733 2320 1805 apud
2352 1731 2599 1790 Parisios
2629 1746 2831 1789 omnes
2863 1730 3154 1804 episcopos
3184 1730 3347 1803 regni
3377 1728 3468 1786 sui
3501 1742 3742 1799 congre-

240 1825 343 1878 tus
370 1837 484 1880 non
516 1822 797 1881 videntes.
843 1821 1008 1881 Tunc
1032 1822 1415 1881 .Andarchius
1457 1824 1729 1884 demulsit
1766 1826 1958 1886 verbis

240 1908 477 1967 lenibus
521 1909 757 1980 Ursum,
806 1910 1052 1983 fecitque
1099 1926 1234 1968 eum
1283 1911 1408 1968 sine
1453 1912 1606 1983 regis
1652 1914 1958 1983 praesentia

243 1998 456 2057 reverti
512 1999 584 2056 ad
634 2000 896 2072 patriam.
970 1999 1254 2075 Factoque
1310 2017 1384 2059 ex
1439 2002 1548 2060 hoc
1604 2002 1955 2075 juramento,

2038 1829 2153 1895 gat,
2202 1828 2267 1881 ut
2314 1822 2464 1881 inter
2512 1827 2785 1895 utrosque
2830 1822 2971 1895 quid
3011 1824 3220 1879 veritas
3266 1820 3522 1889 haberet,
3563 1818 3743 1876 edice-

2040 1917 2186 1971 rent.
2227 1910 2337 1970 Sed
2372 1917 2436 1969 ut
2460 1910 2681 1968 bellum
2707 1910 2877 1969 civile
2906 1910 2967 1969 in
2995 1908 3222 1982 majore'
3239 1908 3572 1982 pernicitate
3599 1922 3743 1965 cres-

2040 2007 2229 2073 ceret,
2279 2019 2375 2062 eos
2431 2003 2635 2061 audire
2685 2002 2929 2076 peccatis
2983 2000 3324 2059 facientibus
3369 2001 3740 2059 distulerunt.

244 2089 425 2146 breve
479 2094 974 2148 'sacramentorum
1018 2091 1139 2163 regi
1185 2090 1287 2147 illo
1330 2091 1567 2163 protulit
1612 2092 1955 2166 discedente,
2040 2094 2400 2169 Chilpericus
2427 2100 2620 2153 autem
2648 2110 2751 2152 rex
2778 2094 2840 2151 in
2868 2094 2955 2151 ira
2980 2098 3320 2162 commotus,
3353 2107 3453 2164 per
3483 2090 3743 2149 Theodo-

241 2177 445 2235 dicens
472 2185 527 2235 δε
580 2177 720 2235 Haec
757 2185 816 2257 et
854 2180 979 2237 haec
1015 2180 1162 2237 mihi
1200 2179 1379 2238 Ursus
1415 2182 1681 2254 scripsit;
1733 2190 1788 2241 et
1832 2184 1959 2243 ideo
2039 2185 2271 2257 bertum
2312 2184 2504 2242 ﬁlium
2538 2198 2711 2243 suum
2752 2182 3060 2252 seniorem,
3091 2182 3194 2255 qui
3232 2197 3265 2238 a
3307 2179 3591 2252 Sigiberto
3631 2178 3743 2236 ali-

241 2269 447 2341 glorize
490 2276 691 2327 vestrae
718 2270 1161 2343 prteceptionem
1190 2271 1450 2343 deposco,
1488 2279 1551 2330 ut
1582 2274 1762 2343 tiliam
1793 2270 1959 2335 suam
2043 2272 2273 2344 quando
2324 2270 2720 2346 apprehensus
2760 2274 3184 2328 sacramentum
3224 2266 3455 2325 dederat
3506 2276 3532 2312 ε
3578 2273 3641 2325 ut
3691 2266 3744 2324 ei

244 2357 398 2415 mihi
426 2358 611 2415 tradat
646 2359 705 2416 in
748 2360 1140 2427 matrimonio.
1182 2360 1457 2437 Alioquin
1498 2363 1644 2421 mihi
1676 2364 1842 2423 liceat
1870 2381 1959 2424 res
2045 2362 2228 2420 ﬁdelis
2259 2367 2422 2428 esset,
2475 2361 2734 2419 civitates
2775 2361 2899 2434 ejus
2948 2358 3223 2432 pervadit,
3264 2357 3324 2415 id
3368 2363 3453 2415 est
3496 2356 3747 2415 Turonis

241 2449 376 2521 ejus
414 2448 729 2521 possidere,
775 2450 955 2509 donec
995 2452 1288 2510 sexdecim
1331 2451 1599 2513 millibus
1641 2454 1957 2514 solidorum
2046 2458 2100 2509 et
2130 2450 2396 2521 Pictavis,
2426 2455 2480 2508 et
2506 2451 2757 2526 reliquas
2785 2448 2926 2507 citra
2956 2447 3209 2519 Ligerim
3237 2446 3393 2503 sitas.
3424 2444 3533 2515 Qui
3562 2445 3747 2504 Picta-

240 2538 517 2611 acceptis,
571 2555 663 2597 me
691 2540 762 2598 ab
792 2542 901 2599 hac
936 2556 1109 2601 causa
1147 2558 1498 2602 removeam.
1545 2544 1709 2604 Tunc
1746 2547 1964 2621 adeptis
2044 2541 2132 2598 Vis
2175 2540 2459 2609 Veniens.
2516 2545 2713 2597 contra
2769 2536 3217 2597 GundObaldum
3269 2545 3292 2575 “
3347 2540 3480 2598 191
3541 2534 3747 2592 ducem

244 2627 758 2700 praeceptionibus,
811 2632 1143 2689 Arvernum
1200 2632 1370 2690 rediit
1410 2651 1423 2689 :
1489 2633 1739 2691 ostendit
1777 2636 1963 2708 judici
2042 2627 2342 2701 pugnaVit.
2375 2626 2558 2699 Terga
2591 2634 2781 2708 811le
2816 2631 3069 2682 vertente
3096 2623 3354 2682 ΘΧθΙὊῘῐῑι
3381 2624 3560 2697 Partis
3591 2624 3750 2683 θυη-

240 2714 573 2787 jussionem
606 2716 776 2787 regis.
808 2717 992 2775 Ursus
1014 2723 1205 2776 autem
1240 2735 1299 2777 se
1322 2719 1382 2776 in
1412 2719 1719 2779 Vellavum
1744 2707 1960 2780 cterri-
2046 2716 2296 2787 dobaldi,
2338 2707 2611 2787 magnam‘
2648 2714 2728 2772 ibi
2762 2721 3006 2788 stragem
3050 2715 3121 2771 de
3170 2714 3384 2787 populo
3420 2714 3521 2772 illo
3570 2714 3743 2786 fecit;

248 2800 467 2859 torium
518 2802 783 2859 contulit.
820 2800 1081 2877 Cumque
1108 2821 1198 2863 res
1226 2806 1351 2878 ejus
1384 2806 1523 2866 huic
1549 2808 1964 2880 consignaren-
2048 2808 2147 2865 sed
2180 2814 2234 2865 ct
2270 2807 2340 2867 de
2379 2806 2664 2866 Turonica
2712 2806 2943 2879 regione
2990 2804 3309 2862 maximam
3348 2810 3568 2878 partem
3606 2804 3620 2842 ί
3663 2803 3750 2860 in-

250 2898 372 2961 tur,
406 2895 463 2946 et
498 2890 594 2947 hic
622 2889 685 2948 in
717 2890 1023 2950 Vellavum
1051 2895 1305 2952 accessit.
1342 2896 1759 2970 Ingressusque
1784 2912 1963 2955 unam
2046 2900 2253 2967 cendit,
2307 2904 2363 2955 et
2408 2899 2521 2957 nisi
2571 2900 2643 2956 ad
2694 2906 2916 2971 tempus
2964 2913 3173 2956 manus
3217 2896 3525 2965 dedissent,
3575 2901 3749 2956 totam

249 2979 387 3037 Ursi
416 2981 684 3051 domum,
724 2996 944 3040 caenam
980 2984 1091 3041 sibi
1120 2986 1387 3058 praecepit
1417 2989 1746 3061 praeparari,
1793 2995 1963 3064 atque
2045 2992 2320 3050 continuo
2348 2990 2707 3049 debellasset.
2747 2990 3042 3050 Commoto
3080 2998 3273 3051 autem
3311 2991 3593 3061 exercitu,
3640 2990 3748 3050 Le-

244 3084 431 3176 aquas
453 3070 1027 3176 quibustablueretur
1049 3075 1297 3133 calefieri
1312 3076 1496 3147 jubet.
1526 3076 1635 3136 Sed
1656 3093 1785 3136 cum
1813 3080 2019 3176 serviC
2046 3083 2422 3153 movicinum,
2464 3083 2874 3151 Cadurcinum,
2918 3083 3009 3141 vel
3051 3083 3303 3157 reliquas
3348 3083 3584 3141 illorum
3626 3099 3752 3156 pro-

246 3157 465 3216 domus
490 3159 738 3219 minime
766 3164 897 3221 rudi
922 3164 1156 3223 domino
1190 3173 1472 3238 parerent,
1511 3166 1654 3226 alios
1690 3157 2019 3239 fustibus:
2048 3174 2297 3230 vinciasi
2326 3172 2603 3247 pervadit,
2640 3177 2838 3239 vastat,
2880 3172 3120 3241 evertit;
3168 3172 3433 3230 ecclesias
3471 3171 3748 3245 incendit,

248 3250 401 3307 alios
444 3251 629 3322 virgis
675 3252 861 3321 caedit,
912 3255 1215 3315 nonnullis
1252 3256 1437 3330 capita
1470 3259 1799 3331 percutiens
1826 3276 1964 3317 san-
2044 3261 2367 3318 ministeria
2413 3260 2695 3325 detrahit,
2751 3259 2986 3317 clericos
3036 3258 3336 3328 interficit,
3402 3259 3752 3317 monasteria

246 3338 503 3412 guinem.
547 3338 763 3397 elicuit.
827 3339 1077 3399 Turbata
1130 3359 1264 3415 ergo
1319 3344 1557 3413 familia,
1612 3354 1966 3421 praeparatur
2048 3350 2303 3409 virorum
2349 3348 2562 3422 dejicit,
2612 3347 2937 3421 puellarum
2979 3347 3199 3406 deludit
3228 3349 3277 3419 ιι,
3318 3353 3374 3405 et
3399 3354 3605 3407 cuncta
3648 3349 3749 3407 de-

218 3433 401 3491 ‘190
458 3442 644 3498 caena,
696 3427 956 3488 abluitur
1002 3430 1099 3488 hic
1149 3433 1320 3507 aquis
1370 3434 1591 3507 calidis,
1645 3436 1965 3495 inebriatur
2045 3445 2275 3499 vastat:
2324 3440 2551 3514 fuitque
2599 3439 2701 3497 illo
2750 3438 2811 3495 in
2863 3444 3114 3511 tempore
3164 3439 3319 3512 pejor
3374 3438 3436 3496 in
3491 3437 3748 3497 ecclesiis

250 3517 415 3587 vino,
446 3522 503 3574 et
529 3533 589 3575 se
613 3517 851 3576 collocat
882 3536 1056 3593 super
1084 3528 1346 3582 stratum.
1392 3524 1571 3583 Erant
1602 3532 1799 3585 autem
1828 3544 1962 3587 cum
2044 3532 2314 3606 gemitus,
2348 3546 2524 3604 quam
2554 3536 2805 3603 tempore
2832 3528 3247 3602 persecutionis
3276 3528 3638 3587 Diocletiani.

248 3623 317 3665 eo
354 3612 571 3680 septem
597 3609 762 3681 pueri
794 3613 1039 3669 tantum.
1090 3612 1353 3689 Cumque
1380 3631 1498 3674 non
1532 3617 1730 3677 minus
1760 3634 1963 3677 somno
2115 3619 2299 3677 XLIX
2336 3619 2447 3693 [AL
2477 3618 2665 3691 XLIII].
2709 3617 2778 3674 Et
2804 3617 2820 3656 1
2843 3616 3031 3675 adhuc
3058 3613 3514 3689 obstupescimus
3548 3621 3604 3673 et
3640 3615 3747 3673 ad-

247 3712 432 3769 quam
474 3697 613 3755 vino
650 3698 877 3770 sepulti~
896 3700 1070 3759 altius
1112 3702 1551 3775 obdormissent,
1606 3705 1782 3765 Ursus
1833 3724 1963 3766 con-
2045 3707 2346 3776 miramur,
2393 3721 2498 3763 cur
2537 3711 2707 3762 tantae
2733 3719 2907 3776 super
2936 3719 3033 3761 eos
3058 3702 3241 3777 plagis
3268 3702 3599 3775 irruerant;
3647 3703 3746 3762 sed

246 3793 517 3859 gregata,
540 3787 781 3857 familia,
826 3790 970 3849 ostia
1017 3792 1243 3863 domus,
1293 3808 1426 3866 quae
1466 3801 1588 3853 erat
1631 3812 1706 3853 ex
1754 3796 1961 3869 ligneis
2043 3810 2406 3854 recurramus
2432 3794 2501 3852 ad
2529 3793 2676 3851 illud
2701 3792 2857 3867 quod
2886 3798 3148 3865 parentes
3174 3807 3375 3851 eorum
3403 3797 3665 3865 egerunt,
3693 3797 3751 3850 et

250 3876 526 3936 fabricata
561 3878 789 3949 tabulis,
830 3880 1084 3941 claudit:
1116 3883 1492 3957 .acceptisque
1528 3883 1809 3957 clavibus,
1846 3902 1966 3944 me-
2043 3885 2138 3943 isti
2172 3889 2516 3958 perpetrant.
2559 3882 2655 3941 Illi
2696 3887 2823 3956 post
2859 3880 3324 3955 praedicationem
3363 3880 3745 3949 sacerdotum,

253 3974 340 4025 tas
368 3967 395 4003 ά
418 3982 670 4026 annonae
695 3985 827 4043 quae
855 3970 1116 4042 aderant,
1148 3971 1346 4043 elidit;
1379 3988 1444 4031 ac
1470 3973 1618 4032 circa
1641 3974 1879 4033 domum
1906 3980 1961 4033 et
2041 3973 2112 4032 de
2138 3974 2286 4032 fanis
2313 3974 2384 4031 ad
2415 3972 2680 4030 ecclesias
2716 3978 2854 4029 sunt
2893 3970 3156 4030 conversi
3182 3992 3195 4039 ;
3247 3969 3343 4028 isti
3382 3968 3637 4043 quotidie
3674 3968 3745 4027 de

246 4073 429 4131 supra
475 4057 715 4116 domum
753 4063 1072 4135 aggregatis
1115 4062 1206 4121 his
1251 4064 1470 4122 acervis
1516 4079 1785 4134 annonae,
1827 4080 1959 4138 quae
2040 4063 2294 4121 ecclesiis
2319 4062 2540 4135 prwdas
2575 4062 2902 4120 detrahunt.
2940 4060 3033 4117 Illi
3063 4060 3382 4117 sacerdotes
3408 4056 3641 4116 Domini
3668 4073 3745 4115 ex

251 4149 397 4202 tunc
442 4144 502 4201 in
548 4146 866 4219 manipulis
905 4153 1042 4214 erat,
1091 4148 1169 4206 ita
1206 4157 1271 4210 ut
1299 4157 1494 4224 operta
1523 4164 1596 4207 ex
1631 4151 1721 4209 his
1751 4150 1959 4211 domus
2041 4161 2154 4213 toto
2180 4154 2349 4212 corde
2378 4152 2632 4211 venerati
2663 4157 2817 4221 sunt,
2847 4157 2901 4206 et
2925 4149 3267 4218 audierunt;
3299 4149 3391 4207 isti
3410 4164 3529 4206 non
3552 4148 3743 4206 solum

247 4238 586 4291 cerneretur
607 4236 867 4294 omnino.
893 4236 1059 4295 Tunc
1083 4237 1344 4298 immisso
1371 4256 1472 4313 per
1494 4246 1681 4313 partes
1702 4240 1956 4300 diversas
2039 4258 2153 4301 non
2183 4241 2447 4310 audiunt,
2477 4239 2574 4320 sed
2598 4238 2771 4297 etiam
2801 4243 3245 4312 persequuntur.
3277 4236 3369 4293 Illi
3395 4235 3741 4295 monasteria

251 4322 412 4396 igne,
465 4339 598 4383 cum
640 4324 762 4398 jam
810 4342 982 4400 super
1028 4327 1133 4386 hos
1172 4328 1430 4387 infelices
1463 4329 1698 4388 materia
1726 4330 1957 4389 aedificii
2038 4338 2094 4391 et
2130 4329 2397 4390 ecclesias
2429 4329 2802 4400 ditaverunt;
2857 4326 2951 4385 isti
2997 4341 3092 4384 eas
3135 4324 3376 4384 diruunt
3406 4340 3472 4383 ac
3496 4323 3738 4383 subver-

1961 4557 2010 4615 D
2035 4561 2361 4627 procuravit.
2418 4559 2618 4623 Religio
2666 4562 2847 4611 tamen
2900 4557 3001 4610 fuit
3044 4558 3099 4611 id
3136 4561 3366 4622 mutare,
3402 4570 3526 4613 cum
3559 4558 3734 4615 Gunt-

2037 4635 2359 4687 chramnum
2408 4644 2597 4684 omnes
2647 4631 2779 4683 editi
2832 4630 2995 4683 simul
3051 4632 3107 4684 et
3166 4642 3300 4685 mss.
3356 4629 3610 4685 habeant.
3643 4632 3740 4684 Hic

2038 4706 2309 4769 synodum
2364 4705 2524 4756 Paris.
2560 4715 2618 4756 Iv
2652 4702 2862 4755 laudari
2895 4704 3083 4754 censet
3134 4701 3394 4765 Cointius,
3431 4714 3552 4767 quae
3595 4716 3737 4756 anno

2039 4778 2133 4827 573
2158 4776 2338 4827 habita
2372 4774 2490 4827 fuit.

317 4574 335 4593 ·
373 4561 536 4625 Colb.,
574 4561 806 4615 Brinno.

318 4635 341 4664 δ
377 4635 460 4687 Sic
494 4634 659 4694 Colb.,
708 4634 829 4687 Bec.
886 4636 940 4686 et
980 4633 1163 4699 liegm.
1198 4634 1257 4687 At
1295 4635 1504 4695 Chesn.,
1547 4636 1639 4688 illi
1688 4637 1943 4701 protulit;

252 4704 349 4756 alii
380 4703 526 4765 editi,
559 4704 649 4755 illo
696 4704 923 4768 protulit
957 4705 1266 4759 discedenti.
1315 4706 1514 4759 Beliov.
1574 4707 1815 4767 brevius,
1858 4708 1948 4760 illo

250 4776 497 4837 pratum,
522 4775 722 4828 dicens.

319 4859 337 4878 ε
374 4848 509 4900 Editi
538 4848 789 4911 plerique
828 4858 951 4899 cum
997 4848 1118 4901 Bec.
1150 4850 1206 4901 et
1244 4848 1405 4907 Colb.,
1440 4850 1731 4903 Villavum.
1757 4849 1945 4913 Regm.

256 4923 316 4973 et
348 4920 492 4978 Bad.,
560 4918 867 4981 Villanum;
898 4919 976 4969 sic
1006 4923 1059 4971 et
1086 4920 1244 4972 intra.
1271 4923 1331 4971 At
1371 4920 1644 4973 Vellavum
1675 4922 1953 4985 designari

252 4996 465 5043 certum
500 4995 603 5051 est,
660 4989 927 5053 hodieque
974 4990 1140 5054 vulgo
1189 4991 1235 5042 le
1300 4990 1471 5058 Velay.
1515 4992 1641 5045 Vide
1684 4996 1838 5045 notas
1878 4994 1947 5047 ad

248 5073 375 5124 cap.
415 5063 495 5125 25,
520 5061 612 5114 lib.
638 5076 697 5114 Χ.
902 5124 907 5125 ί
1790 5088 1797 5096 -

320 5132 341 5162 ⁴
384 5133 528 5185 Melas
562 5124 1008 5199 vocabulum’pro
1054 5133 1271 5195 frugum
1301 5144 1498 5186 acervo
1522 5134 1775 5197 usurpari
1810 5132 1952 5185 mul-

253 5204 331 5255 tis
362 5204 634 5268 exemplis
668 5205 864 5268 probat
894 5206 1176 5257 Atteserra
1198 5203 1254 5254 in
1280 5203 1428 5256 hunc
1470 5202 1667 5257 locum.
1709 5204 1763 5256 V.
1791 5204 1950 5257 Hinc-

246 5272 461 5325 marum
498 5274 551 5324 in
580 5274 693 5326 Vita
723 5275 775 5324 S.
807 5275 1050 5337 Remigii.

317 5353 342 5380 ⁸
374 5345 491 5404 Alii,
524 5345 838 5397 excitantur
858 5346 930 5397 ad
952 5344 1173 5397 emissas
1197 5357 1361 5396 voces.

321 5416 343 5453 ί
377 5416 567 5468 Censet
618 5417 876 5475 Valesius,
938 5421 990 5469 et
1030 5419 1151 5480 post
1180 5429 1309 5468 eum
1359 5415 1615 5473 Cointius,
1662 5414 1955 5478 legendum

248 5499 385 5540 esse
436 5483 821 5550 Chilpericum.
875 5488 1003 5540 Nam
1050 5487 1341 5549 Gregorius
1376 5486 1450 5538 ibi
1483 5492 1535 5539 et
1558 5486 1823 5549 capitibus
1856 5498 1954 5539 se—

246 5557 554 5624 quentibus
602 5560 669 5611 de
730 5559 878 5612 bello
926 5560 1068 5613 inter
1127 5557 1483 5623 chilpericum
1539 5560 1591 5610 et
1632 5556 1956 5619 Sigibertum

260 5634 419 5683 moto
467 5629 736 5695 loquitur:
790 5631 859 5683 ad
899 5642 1037 5697 quos
1086 5630 1141 5680 in
1194 5640 1382 5693 pacem
1431 5628 1769 5682 revocandos
1818 5626 1953 5681 Gun-

278 5709 533 5756 tramnus
589 5703 880 5768 episcopos
944 5714 1058 5758 suae
1110 5700 1330 5758 ditionis
1396 5700 1625 5757 Parisios
1678 5700 1968 5757 convenire

2106 4859 2129 4895 ε
2163 4848 2332 4911 Supra
2374 4858 2492 4910 cap.
2544 4846 2621 4897 23.
2663 4845 2929 4897 Caeterum
2976 4843 3226 4911 plerique
3280 4843 3409 4895 editi
3462 4856 3586 4897 cum
3634 4845 3734 4897 ali-

2040 4921 2173 4983 quot
2202 4910 2336 4969 mss.
2358 4916 2560 4969 habent
2588 4915 2868 4981 quondam
2897 4910 3282 4977 apprehensus,
3317 4917 3421 4966 etc.

2104 4988 2126 5017 ¹³
2162 4988 2271 5041 Bel.
2324 4992 2375 5038 et
2428 4986 2603 5045 Corb..
2668 4984 3082 5047 Gundoaldum;
3134 4985 3337 5048 Regm.,
3404 4980 3739 5038 Gundobau-

2038 5061 2198 5119 dum;
2232 5059 2319 5110 ΑΙ.
2349 5056 2754 5111 Guntwaldum.

2098 5132 2109 5160 ί
2142 5131 2267 5189 Alii,
2313 5129 2638 5181 Turonicam
2676 5129 2950 5193 regionem
2991 5125 3240 5179 maxima
3291 5138 3352 5177 ex
3401 5128 3578 5189 parte.
3608 5127 3742 5187 ,Qum

2038 5204 2342 5266 sequuntur
2376 5202 2456 5253 sic
2505 5200 2673 5251 refert
2709 5201 2911 5262 Regm.,
2948 5196 3017 5250 Et
3064 5199 3175 5251 nisi
3212 5210 3266 5250 se
3307 5197 3381 5250 ad
3420 5201 3629 5263 tempus
3651 5198 3745 5249 de-

2042 5273 2303 5326 dissent...
2337 5270 2683 5323 devaslassel.

2102 5341 2302 5394 ICorb.
2353 5345 2405 5393 et
2454 5342 2610 5403 Bell.,
2646 5340 2869 5393 illarum
2912 5340 3265 5406 propinquas.
3313 5339 3456 5399 Bad.,
3505 5339 3743 5404 reliquas

2042 5412 2372 5477 provincias.
2407 5411 2620 5474 Regm.,
2659 5411 2895 5477 reliquas
2941 5412 3170 5465 illarum
3196 5410 3445 5476 partium
3470 5407 3741 5463 civitates.

2041 5485 2183 5545 Bec.,
2207 5482 2433 5535 illarum
2457 5482 2673 5535 urbium
2694 5483 3025 5547 provincias.

2108 5555 2131 5585 ι
2172 5556 2255 5607 Sic
2299 5566 2449 5618 mss,
2505 5559 2557 5607 at
2620 5555 2750 5607 editi
2798 5555 3073 5619 plerique,
3128 5551 3371 5616 puellas:
3429 5550 3603 5616 Freh.,
3670 5553 3743 5606 al.

2057 5626 2318 5692 puellam,
2353 5628 2410 5679 et
2434 5624 2577 5679 intra
2611 5638 2732 5679 cum
2764 5625 2912 5685 Bec.,
2935 5623 3301 5689 persecutoris.

2115 5698 2131 5729 ¹
2182 5699 2294 5754 Hoc
2330 5701 2491 5765 caput
2519 5699 2671 5753 deest
2692 5700 2746 5750 in
2778 5696 2906 5755 Bell.
2936 5700 2987 5750 et
3018 5696 3171 5749 Corn.
