4016 6338
280 238 378 297 311

1349 248 1407 308 S.
1450 251 1807 311 GREGOBII
1852 251 2182 314 EPISCOPI
2220 249 2690 313 TURONENSIS

3652 247 3762 306 31‘2

281 369 431 422 tunt.
479 363 627 434 Quid
669 368 739 424 de
780 369 941 426 Latta
986 382 1010 409 α
1055 373 1401 430 monasterio
1446 375 1714 447 referam,
1759 376 1820 434 in
1862 378 2287 452 qqutimens,
2350 393 2426 434 ne
2474 374 2672 434 colliso
2726 380 2867 438 193
2932 365 3178 445 utroque
3224 371 3520 441 exercitu,
3580 372 3761 430 etiam

279 452 433 512 beati
467 453 699 534 Martini
727 458 1351 536 habentur-reliquae?
1384 463 1530 522 Cum
1560 466 1630 522 ad
1657 482 1791 524 eum
1822 484 1976 527 unus

277 564 498 607 cuneus
527 552 776 608 hostium
809 552 1161 626 adventaret,
1206 564 1260 615 et
1288 559 1554 629 ﬂuvium,
1600 563 1702 635 qui
1748 565 1976 637 propin-

274 654 428 710 quus
456 646 557 711 est,
593 643 832 701 transire
859 644 1185 718 disponeret
1213 656 1274 706 ut
1313 653 1726 710 monasterium
1761 669 1972 727 exspo-

274 727 458 799 liaret,
511 729 907 790 clamaverunt
963 733 1252 802 monachi,
1307 738 1602 798 dicentes:
1668 741 1872 811 Nolite,
1935 759 1969 800 0

271 816 519 886 barbari,
549 819 724 877 nolite
757 822 870 879 huc
900 825 1166 882 transire:
1195 826 1342 883 beati
1373 829 1786 887 enimAMartini
1819 831 1967 889 istud

267 912 352 963 est
380 911 816 967 monasterium.
856 912 996 971 Haec
1030 915 1348 987 audientes,
1382 933 1580 975 eorum
1613 921 1779 978 multi
1808 937 1968 978 com-

267 995 464 1065 puncti
496 1011 528 1053 a
561 997 663 1054 Dei
695 998 894 1057 timore
925 1003 1161 1072 regressi
1190 1012 1344 1063 sunt.
1397 1006 1616 1076 Viginti
1659 1015 1849 1066 tamen
1894 1017 1968 1065 ex

267 1080 424 1154 ipsis,
472 1085 574 1156 qui
609 1101 720 1142 non
755 1089 1085 1146 metuebant
1113 1090 1314 1161 Deum,
1361 1109 1549 1165 neque
1579 1095 1809 1152 beatum
1839 1112 1970 1152 con-

271 1171 546 1229 fessorem
574 1175 946 1245 honorabant,
980 1175 1348 1237 asCendentes
1381 1197 1588 1238 navem
1617 1183 1754 1241 illuc
1786 1191 1966 1240 trans-

268 1259 629 1331 grediuntur,
660 1273 715 1321 et
741 1265 976 1324 inimico
996 1269 1348 1338 stimulante,
1381 1273 1690 1331 monachos
1717 1275 1967 1345 credunt,

272 1354 691 1412 monasterium
727 1365 1010 1426 evertunt,
1051 1376 1252 1432 resque
1297 1362 1599 1434 diripiunt,
1647 1363 1717 1421 de
1757 1365 1970 1437 quibus

272 1445 411 1502 192
444 1441 715 1500 facientes
744 1445 1016 1524 sarcinas,
1059 1448 1192 1503 navi
1233 1449 1558 1520 imponunt.
1603 1451 1969 1524 Ingressique

266 1528 536 1597 ﬂuvium,
568 1531 830 1602 protinus
854 1517 1111 1590 vibrante
1139 1517 1334 1592 carina
1355 1536 1468 1593 huc
1492 1517 1751 1610 illucque
1778 1517 1970 1598 ferun-
2010 1544 2015 1550 '

268 1623 377 1673 tur.
439 1619 698 1691 Cumque
752 1621 963 1678 amisso
1019 1621 1220 1680 solatio
1273 1631 1602 1695 remorum',
1668 1626 1971 1686 hastilibus

2055 484 2300 538 regnum
2330 482 2532 524 eorum
2561 469 2871 532 corruerct,
2916 477 3114 536 pacem
3152 461 3334 534 petiit,
3381 462 3762 535 civitatesque

2055 545 2372 629 ejusfquas
2400 554 2830 612 Theodobertus
2874 551 3023 608 male
3064 559 3410 624 pervaserat,
3457 552 3757 621 reddidit;

2051 647 2379 718 deprecans,
2413 652 2477 703 ut
2513 643 2674 701 nullo
2702 657 2840 699 casu
2871 640 3244 713 culparentur
3281 657 3479 698 earum
3532 640 3760 698 habita-

2052 739 2220 799 tores,
2265 747 2408 803 quos
2447 729 2547 786 ille
2577 728 2786 800 injuste
2822 726 2945 799 igni
2982 727 3246 798 ferroque
3290 726 3616 799 opprimens
3659 743 3762 784 ac-

2050 821 2341 894 quisierat.
2400 819 2562 876 Vicos
2613 833 2864 890 quoque,
2917 815 3019 890 qui
3074 817 3222 872 circa
3272 816 3520 872 Parisios
3568 820 3758 883 erant,

2050 908 2306 965 maxime
2360 913 2498 963 tunc
2550 906 2784 962 ﬂamma
2833 904 3233 975 consumpsit;
3290 909 3344 960 et
3387 908 3500 960 tam
3550 902 3763 960 domus

2051 1013 2223 1069 quam
2272 1011 2362 1052 res
2411 994 2650 1066 reliquie
2693 993 2764 1050 ab
2809 993 2969 1049 hoste
3005 991 3240 1063 direptae
3277 998 3433 1058 sunt,
3474 997 3538 1049 ut
3581 992 3760 1048 etiam

2052 1092 2105 1140 et
2162 1081 2370 1153 captivi
2425 1081 2792 1138 ducerentur.
2853 1077 3251 1136 Obtestabatur
3293 1078 3451 1134 enim
3504 1093 3628 1147 rex,
3680 1091 3760 1134 ne

2051 1170 2176 1226 haec
2202 1169 2441 1226 tierent:
2478 1169 2575 1225 sed
2611 1167 2866 1231 furorem
2894 1166 3176 1238 gentium,
3224 1181 3356 1239 quae
3385 1166 3453 1223 de
3483 1166 3758 1224 ulteriore

2051 1258 2242 1315 Rheni
2289 1257 2478 1313 amnis
2521 1263 2679 1329 parte.
2719 1261 3016 1323 venerant,
3050 1270 3319 1326 superare
3347 1270 3466 1312 non
3496 1261 3754 1328 poterat;

2051 1348 2149 1403 sed
2179 1346 2374 1403 omnia
2401 1346 2680 1417 patienter
2721 1344 2952 1413 ferebat,
2996 1343 3176 1400 donec
3214 1343 3400 1399 redire
3445 1349 3632 1415 posset
3684 1343 3757 1400 ad

2052 1434 2313 1506 patriam.
2347 1433 2511 1491 Tunc
2537 1449 2608 1490 ex
2635 1432 2949 1504 gentilibus
2978 1430 3096 1488 illis
3125 1438 3321 1487 contra
3349 1446 3483 1488 eum
3515 1431 3759 1503 quidam

2053 1529 2584 1592 murmuraverunt,
2635 1514 2742 1578 cur
2797 1537 2856 1577 se
2905 1536 2938 1576 a
2993 1519 3305 1578 certamine
3353 1520 3756 1578 subtraxisset.

2056 1611 2167 1670 Sed
2221 1611 2336 1681 ille,
2389 1618 2450 1668 ut
2503 1616 2624 1667 erat
2670 1608 3011 1682 intrepidus,
3052 1624 3290 1666 ascenso
3333 1624 3502 1681 equo,
3550 1609 3619 1665 ad
3664 1623 3763 1666 eos

266 1703 596 1759 lancearum
629 1703 683 1760 in
716 1704 963 1763 fundum
992 1707 1143 1763 alvei
1184 1707 1390 1766 defixis
1422 1726 1676 1770 remeare
1703 1729 1935 1773 conarer

2129 1703 2271 1772 rigit,
2319 1716 2532 1773 eosque
2571 1701 2763 1759 verbis
2804 1701 3034 1759 lenibus
3081 1699 3374 1770 demulsit,
3423 1699 3638 1758 multos
3684 1715 3763 1757 ex

268 1799 383 1861 tur,
430 1793 593 1851 navis
624 1796 732 1852 sub
763 1796 1006 1867 pedibus
1035 1812 1237 1855 eorum
1269 1799 1530 1868 dehiscit,
1585 1808 1641 1859 et
1688 1804 1971 1864 uniuscu-

259 1882 473 1954 jusque
525 1883 742 1940 ferrum
769 1868 802 1950 ,⁸
857 1885 1008 1955 quod
1055 1892 1252 1942 contra
1297 1903 1357 1944 se
1424 1888 1692 1959 tenebat,
1760 1892 1972 1964 pectori

266 1971 558 2045 deligitur,
609 1975 1172 2046 transverberatique
1200 1977 1394 2034 cuncti
1423 1994 1456 2034 a
1487 1979 1733 2050 propriis
1762 1981 1971 2052 jaculis

265 2059 700 2119 interimuntur.
761 2062 920 2120 Unus
959 2070 1182 2121 tantum
1225 2081 1299 2122 ex
1339 2065 1500 2136 ipsis,
1529 2068 1630 2139 qui
1663 2085 1758 2126 eos
1791 2071 1972 2129 incre-

2055 1792 2137 1850 eis
2173 1798 2366 1864 postea
2417 1791 2704 1864 lapidibus
2751 1790 2922 1849 obrui
2959 1791 3319 1864 praecipiens.
3369 1789 3476 1849 Sed
3518 1806 3621 1848 nec
3651 1790 3764 1848 hoc

2055 1880 2180 1936 sine
2207 1879 2355 1936 beati
2381 1879 2611 1936 Martini
2640 1878 2818 1936 fuisse
2848 1879 3060 1936 virtute
3088 1877 3421 1950 ambigitur,
3452 1884 3514 1935 ut
3543 1876 3604 1934 hi
3631 1877 3762 1934 sine

2052 1967 2203 2024 bello
2249 1967 2706 2040 paciﬁcarentur.
2741 1965 2887 2022 Nam
2926 1965 2984 2022 in
3027 1967 3150 2038 ipsa
3180 1964 3274 2022 die
3310 1981 3423 2036 qua
3462 1965 3522 2022 hi
3563 1978 3761 2037 pacem

2055 2056 2351 2127 fecerunt,
2410 2065 2521 2114 tres
2577 2056 2876 2130 paralytici
2929 2055 3001 2112 ad
3057 2057 3206 2114 beati
3270 2055 3566 2113 basilicam
3624 2060 3764 2114 sunt

268 2149 454 2221 pabat,
503 2164 576 2206 ne
603 2149 710 2206 ista
737 2151 1175 2220 committerent,
1218 2154 1494 2210 remansit
1525 2151 1764 2216 illaesus.
1807 2158 1968 2226 Quod
2052 2149 2251 2206 directi
2280 2149 2315 2218 τ,
2344 2149 2496 2222 quod
2525 2150 2588 2207 in
2615 2148 2991 2223 sequentibus
3016 2148 3198 2219 libris,
3229 2149 3473 2207 Domino
3495 2149 3762 2222 iuvante.

270 2237 318 2294 si
350 2237 457 2294 hoc
497 2236 629 2309 quis
667 2237 906 2318 fortuitu
951 2238 1214 2296 evenisse
1251 2239 1490 2312 judicat,
1537 2252 1731 2301 cernat
1783 2260 1970 2304 unum
2051 2238 2414 2296 disserilnus-
2765 2237 2768 2240 ’

269 2326 561 2383 insontem
591 2326 857 2398 plurimis
887 2329 1137 2386 evasisse
1170 2328 1241 2386 de
1270 2329 1480 2388 noxiis.
1533 2331 1754 2401 Quibus
1804 2336 1978 2394 inter-

272 2414 453 2484 fectis,
510 2415 779 2473 monachi
810 2417 964 2488 ipsos
1004 2423 1059 2472 et
1097 2433 1186 2474 res
1215 2434 1351 2476 suas
1383 2437 1455 2476 ex
1484 2421 1647 2480 alveo
1674 2423 1974 2483 detrahen-

278 2511 377 2571 tes,
413 2501 546 2560 illos
572 2503 932 2576 sepelientes,
963 2520 1054 2562 res
1081 2521 1213 2564 suas
1239 2507 1439 2566 domui
1469 2510 1801 2571 restituunt.

217 2663 222 2668 .
348 2592 390 2649 L
428 2593 541 2662 [ΑΙ.
574 2594 764 2666 XLIV].
800 2593 948 2650 Dum
981 2593 1102 2651 [nec
1130 2594 1456 2666 agerentur,
1505 2597 1826 2670 Sigibertus
1870 2618 1974 2660 rex

272 2687 471 2752 gentes
516 2679 648 2736 illas
688 2690 729 2750 δ,
777 2695 912 2753 qua:
948 2680 1098 2738 ultra
1138 2682 1410 2740 Rhenum
1462 2685 1765 2757 habentur,
1816 2703 1973 2746 com-

276 2776 486 2839 movet,
515 2777 570 2826 et
594 2768 812 2827 bellum
837 2769 1010 2828 civile
1033 2772 1282 2841 ordiens,
1319 2782 1514 2831 contra
1543 2776 1770 2835 fratrem
1803 2795 1975 2836 suum

275 2857 662 2929 Chilpericum
691 2857 775 2913 ire
805 2857 1068 2914 destinat.
1117 2858 1276 2927 Quod
1323 2862 1567 2919 audiens
1596 2863 1974 2938 Chilpericus,

273 2946 344 3002 ad
375 2946 606 3002 fratrem
634 2961 826 3003 summ
857 2946 1358 3007 Guutchramnum
1389 2950 1602 3022 legatos
1631 2953 1820 3011 mittit.
1866 2954 1976 3023 Qui

271 3035 822 3130 conjunctipariter
867 3036 1334 3139 fmdlus‘ineunrt,
1376 3047 1440 3139 ut
1497 3043 1694 3100 nullus
1742 3045 2032 3139 fratremC

275 3138 452 3181 suum
477 3122 666 3196 perire
695 3123 925 3184 sineret.
975 3123 1084 3180 Sed
1112 3140 1247 3182 cum
1278 3125 1598 3197 Sigibertus
1626 3137 1820 3202 gentes
1847 3122 2010 3189 illas‘.

273 3211 568 3269 adducens
587 3211 870 3282 venisset,
914 3219 967 3268 et
1001 3212 1360 3285 Chilpericus
1387 3216 1456 3273 de
1484 3216 1597 3274 alia
1635 3227 1792 3290 parte
1839 3235 1975 3278 cum

275 3318 384 3360 suo
428 3302 684 3360 exercitu
726 3302 1017 3373 resideret,
1070 3320 1173 3362 nec
1225 3305 1459 3364 haberet
1504 3322 1606 3364 rex
1659 3307 1980 3380 Sigibertus

271 3404 445 3462 super
471 3390 702 3446 fratrem
730 3405 903 3448 suum
934 3391 1146 3459 iturus,
1185 3391 1288 3448 ubi
1323 3391 1650 3468 Sequanam
1683 3407 1703 3430 ε
1732 3396 1980 3454 ﬂuvium

275 3484 650 3545 transmearet
678 3523 692 3546 ,
763 3477 928 3534 fratri
987 3493 1092 3535 suo
1151 3477 1584 3539 Guntchramno
1641 3484 1980 3542 mandatum

280 3567 473 3637 mittit,
505 3566 728 3624 dicens:
777 3567 902 3625 Nisi
946 3584 1019 3625 ne
1058 3567 1387 3638 permiseris
1425 3587 1528 3644 per
1574 3577 1731 3632 tuam
1771 3579 1979 3631 sortem

277 3661 440 3718 hunc
465 3658 712 3716 ﬂuvium
738 3657 1000 3726 transire,
1030 3675 1163 3718 cum
1191 3661 1351 3716 omni
1378 3662 1634 3720 exercitu
1660 3679 1788 3722 meo
1810 3681 1981 3739 super

278 3755 334 3806 te
363 3761 618 3820 pergam.
649 3744 811 3813 Quod
837 3743 937 3803 ille
969 3747 1193 3817 timens,
1227 3749 1415 3807 fuadus
1439 3765 1569 3808 cum
1601 3753 1799 3810 eodem
1826 3754 1975 3826 iniit,

281 3851 532 3910 eumque
562 3833 804 3891 transire
829 3836 1110 3907 permisit.
1151 3837 1415 3910 Denique
1461 3839 1712 3898 sentiens
1757 3840 1981 3915 Chilpe-

279 3923 456 3992 ricus,
503 3921 658 3995 quod
715 3922 1208 3996 Guntchramnus,
1273 3924 1490 3984 scilicet
1540 3927 1736 3985 relicto
1790 3943 1857 3986 eo
1909 3929 1982 3986 ad

283 4011 637 4085 Sigibertum
669 4011 982 4083 transisset,
1011 4021 1192 4072 castra
1219 4014 1418 4083 movit,
1450 4021 1504 4072 et
1535 4031 1718 4090 usque
1745 4018 1982 4077 Avallo-

279 4102 434 4160 cium
485 4101 510 4136 ⁸
548 4099 956 4160 Carnotensem
1001 4103 1194 4160 vicum
1234 4103 1394 4162 abiit.
1435 4104 1617 4174 Quem
1664 4106 1982 4181 Sigibertus

247 4192 601 4264 xinsecutus,
633 4207 905 4265 campum
936 4192 1046 4252 sibi
1078 4195 1385 4268 przeparari
1420 4197 1579 4268 petiit
1616 4210 1656 4257 ο.
1704 4199 1809 4257 Ille
1848 4215 1983 4260 vero

344 4383 360 4403 ·
397 4371 562 4430 (1011),,
609 4371 756 4425 Lata.
803 4374 951 4425 Bec..
1011 4373 1075 4423 de
1116 4371 1307 4428 Lettat.
1347 4376 1464 4428 Erat
1492 4374 1724 4427 fortasse
1759 4391 1978 4430 monas-

282 4445 479 4496 terium
532 4443 617 4494 hic
668 4447 1024 4494 memoratum
1074 4443 1128 4494 in
1163 4446 1302 4503 vico,
1359 4447 1450 4508 qui
1502 4447 1663 4497 etiam
1708 4460 1850 4500 nunc
1889 4436 2046 4500 Si-D

284 4527 394 4565 van
445 4514 501 4563 ta
543 4515 666 4562 Late
715 4525 813 4563 seu
863 4512 918 4561 Ia
970 4509 1120 4563 Latte
1155 4515 1473 4576 appellatur,
1533 4515 1674 4566 haud
1729 4519 1986 4581 procula

287 4585 594 4641 Severiaco,
625 4581 806 4641 Stare,
840 4581 1098 4634 Bellismo
1119 4589 1170 4633 et
1194 4585 1478 4644 Noviliaco,
1505 4583 1724 4644 Neuitli,
1753 4589 1876 4640 sito.

349 4655 370 4684 δ
414 4653 587 4711 Choi.,
621 4651 919 4715 Sigibertus
955 4655 1062 4704 tres
1093 4657 1289 4717 gentes,
1315 4657 1416 4705 etc.

349 4733 366 4754 ε
402 4725 485 4776 Sic
529 4737 660 4776 mss.
715 4736 929 4774 omnes.
982 4732 1178 4786 praeter
1216 4725 1366 4776 Colb.
1421 4733 1473 4779 et
1525 4727 1723 4780 Chesn.
1764 4731 1856 4794 qui
1895 4729 1983 4780 ha-

288 4795 418 4847 bent
460 4794 740 4859 Segonam,
776 4795 926 4856 quasi
976 4794 1062 4846 hic
1106 4797 1313 4858 Sagona
1364 4800 1481 4848 sive
1527 4801 1684 4857 Arar,
1737 4801 1899 4864 vulgo
1929 4801 1984 4851 la

288 4867 478 4924 Satine,
540 4867 952 4929 designaretur.
1008 4865 1143 4917 Editi
1207 4872 1312 4919 vet.
1375 4867 1572 4921 habent
1620 4883 1836 4934 quoque
1890 4871 1982 4922 Se-

287 4952 550 5003 quanam.
613 4939 668 4989 Et
723 4937 940 5002 quidem
1006 4950 1074 4988 ex
1127 4939 1368 5002 Gregorii
1441 4941 1532 4992 lib.
1589 4953 1630 4992 it
1688 4942 1755 4993 de
1807 4942 1984 4994 Mirac.

283 5013 334 5061 S.
398 5009 619 5069 Martini,
671 5021 786 5072 cap.
840 5009 888 5067 7,
934 5013 1075 5072 patet
1132 5011 1221 5062 hic
1275 5011 1565 5074 legendum
1618 5025 1742 5066 esse
1793 5017 1989 5078 Sequa-

293 5079 568 5200 namaQDe
613 5081 714 5133 hac
765 5093 825 5133 re
873 5081 996 5134 vide
1029 5086 1188 5135 etiam
1238 5082 1327 5134 lib.
1368 5097 1385 5134 ι
1425 5089 1490 5136 de
1527 5083 1712 5137 Gloria
1737 5092 1986 5150 martyr.,

293 5165 406 5200 can.
501 5189 514 5200 .

284 5165 406 5216 cap.
436 5165 514 5201 η.

349 5224 369 5254 ⁴
403 5223 499 5274 Hic
543 5221 695 5274 vicus
756 5223 838 5274 est
881 5221 948 5274 ad
1002 5223 1201 5276 ﬂumen
1260 5225 1576 5289 Lidericum,
1642 5229 1731 5292 qui
1799 5233 1987 5291 postea

287 5295 547 5348 Allocium
590 5306 688 5344 seu
744 5293 1012 5354 Alogium,
1063 5295 1230 5357 vulgo
1280 5297 1486 5363 Atluye,
1537 5299 1712 5351 dictus
1767 5305 1865 5351 est.
1927 5300 1986 5350 1n

284 5365 576 5429 plerisque
621 5375 754 5418 mss.
808 5366 861 5417 et
902 5363 1058 5416 editis
1091 5366 1341 5418 scribitur
1397 5369 1658 5421 Ateeium.
1706 5371 1856 5429 Bec.,
1913 5369 1987 5420 ad

301 5437 583 5490 Valoeium.

357 5517 374 5538 ·
410 5509 556 5562 Tunc
613 5508 872 5573 temporis
921 5510 1234 5574 scripsitad
1269 5510 1686 5564 Brunechildem
1737 5509 1988 5574 Sigiberti

300 5588 528 5634 uxorem
598 5581 787 5633 beatus
858 5579 1164 5634 Germanus
1232 5581 1548 5633 Parisiorum
1614 5583 1857 5644 antistes,
1931 5584 1990 5634 ut

321 5653 614 5715 excidium,
689 5653 830 5720 quod
890 5653 986 5706 toti
1051 5653 1262 5718 regioni
1315 5653 1640 5718 imminebat,
1701 5657 1988 5710 averteret.

2131 2325 2205 2383 LI
2261 2327 2374 2399 [AL
2419 2327 2587 2400 XLV].
2644 2327 2909 2386 Dolorem
2956 2327 3112 2385 enim
3160 2327 3370 2401 ingerit
3414 2330 3609 2386 animo
3652 2327 3765 2385 ista

2058 2412 2254 2471 civilia
2303 2414 2451 2472 bella
2497 2416 2726 2473 referre.
2780 2415 2925 2472 Nam
2955 2425 3080 2489 post
3107 2431 3330 2474 annum
3359 2415 3569 2473 iterum
3599 2413 3766 2473 Chil-

2056 2501 2285 2574 pericus
2337 2503 2410 2560 ad
2470 2501 2973 2561 Guntchramnum
3034 2504 3263 2561 fratrem
3323 2517 3496 2561 suum
3553 2502 3768 2573 legatos

2055 2588 2250 2658 mittit,
2299 2588 2532 2646 dicens:
2580 2588 2788 2646 Veniat
2824 2591 2998 2647 frater
3035 2603 3262 2646 mecum
3311 2588 3422 2662 [ΑΙ.
3465 2590 3769 2661 meus],-et

2056 2676 2359 2734 videamus
2393 2691 2515 2746 nos,
2567 2684 2622 2734 et
2657 2676 2936 2749 paciiicati
2964 2692 3380 2750 persequamur
3413 2677 3767 2749 Sigibertum

2057 2765 2360 2823 inimicum
2404 2773 2684 2825 nostrum.
2727 2769 2887 2837 Quod
2922 2784 3054 2827 cum
3090 2768 3292 2828 fuisset
3322 2767 3554 2837 factum,
3590 2783 3768 2840 seque

2057 2855 2356 2924 vidissent,
2405 2871 2470 2913 ac
2499 2857 2839 2915 muneribus
2869 2859 3261 2925 honorassent,
3291 2863 3577 2913 commoto
3604 2853 3768 2912 Chil-

2057 2945 2287 3017 pericus
2334 2946 2591 3004 exercitu
2630 2962 2814 3019 usque
2861 2946 3102 3004 Bhemis
3143 2945 3398 3015 accessit,
3438 2951 3640 3001 cuncta
3681 2942 3771 2999 in-

2058 3033 2310 3091 cendens
2346 3041 2517 3106 atque
2558 3035 2870 3093 debellatis.
2919 3035 3081 3104 Quod
3125 3033 3371 3092 audiens
3418 3032 3764 3105 Sigibertus,

2057 3122 2266 3180 iterum
2298 3123 2625 3181 convocatis
2651 3123 2919 3196 gentibus
2950 3123 3086 3194 illis,
3135 3137 3381 3197 quarum
3436 3136 3609 3194 supra
3651 3135 3770 3178 me-

2057 3214 2303 3272 moriam
2346 3215 2606 3285 fecimus,
2668 3215 2916 3273 Parisios
2953 3215 3134 3284 venit,
3187 3221 3243 3272 et
3288 3220 3483 3271 contra
3529 3213 3768 3269 fratrem

2063 3287 2235 3364 suum
2285 3305 2371 3362 ire
2413 3304 2684 3377 disponit,
2737 3305 2972 3361 mittens
3016 3303 3250 3361 nuntios
3299 3301 3666 3361 Dunensibus
3711 3305 3770 3356 et

2062 3394 2388 3465 Turonicis,
2457 3402 2520 3451 ut
2567 3401 2763 3451 contra
2815 3391 3278 3451 Theodobertum
3334 3390 3418 3446 ire
3471 3387 3765 3445 deberent.

2061 3486 2224 3555 Quod
2267 3484 2353 3541 illi
2395 3483 2845 3553 dissimulantes,
2893 3498 2997 3540 rex
3039 3479 3446 3551 Godegiselum
3481 3483 3536 3533 et
3575 3474 3768 3534 Gunt-

2061 3577 2408 3632 chraninum
2463 3579 2605 3636 194
2646 3574 2819 3633 duces
2857 3574 2917 3631 in
2962 3571 3143 3645 capite
3189 3569 3404 3642 dirigit.
3452 3566 3560 3638 Qui
3609 3581 3768 3624 com-

2062 3666 2356 3719 moventes
2387 3662 2727 3733 exercitum,
2777 3663 3052 3720 adversus
3081 3675 3216 3718 eum
3245 3664 3512 3732 pergunt.
3553 3657 3627 3714 At
3664 3654 3767 3713 ille

2061 3747 2367 3806 derelictus
2407 3765 2440 3806 a
2477 3749 2622 3820 suis,
2660 3765 2792 3808 cum
2821 3748 3018 3822 paucis
3050 3747 3367 3805 remansit:
3423 3743 3522 3801 sed
3574 3749 3770 3801 tamen

2060 3835 2132 3894 ad
2161 3834 2381 3893 bellum
2413 3835 2573 3894 exire
2611 3850 2728 3893 non
2767 3836 3010 3894 dubitat.
3062 3836 3336 3893 Ineuntes
3373 3839 3567 3890 autem
3615 3844 3770 3904 prai-

2064 3925 2231 3994 lium,
2280 3925 2710 3984 Theodobertus
2751 3923 2972 3982 evictus
3009 3923 3073 3981 in
3117 3938 3319 3996 campo
3364 3919 3768 3994 prosternitur,

2063 4024 2119 4076 et
2143 4018 2216 4075 ab
2255 4016 2518 4075 hostibus
2551 4015 2823 4073 exanime
2864 4028 3090 4086 corpus,
3130 4011 3287 4086 quod
3318 4009 3431 4066 dici
3467 4008 3631 4066 dolor
3663 4013 3769 4076 est,

2064 4107 2362 4180 spoliatur.
2416 4104 2580 4165 Tunc
2621 4105 2692 4164 ab
2729 4104 2978 4163 Arnulfo
3006 4112 3032 4149 ε
3061 4101 3310 4176 quodam
3337 4099 3631 4168 collectus,
3676 4097 3772 4154 ab-

2065 4193 2357 4276 luﬁisque,
2407 4216 2472 4258 ac
2503 4200 2696 4274 dignis
2743 4198 2999 4258 vestibus
3040 4203 3125 4256 est
3160 4195 3424 4265 indutus,
3454 4198 3508 4250 et
3534 4192 3607 4251 ad
3638 4192 3774 4251 Eco-

2069 4385 2319 4447 Superest
2356 4382 2470 4434 haec
2520 4379 2750 4444 epistola
2797 4382 2943 4430 tanto
2975 4378 3232 4442 pontiﬁce
3274 4375 3342 4426 ad
3375 4383 3577 4447 paceni
3611 4371 3772 4436 prin-

2068 4445 2220 4518 cipes
2263 4453 2594 4504 Christianos
2633 4451 3178 4513 adhortantedigua,
3232 4459 3394 4511 quam
3450 4448 3502 4494 in
3538 4445 3766 4508 Appen-

2069 4526 2186 4576 dice
2213 4525 2536 4577 referemus.

2127 4595 2384 4646 fHorum
2445 4594 2609 4645 trium
2681 4592 3107 4656 paralyticorum
3181 4588 3516 4642 curationem
3593 4583 3772 4636 refert
3873 4585 3894 4596 ⁶

2067 4667 2299 4728 Gregor.
2330 4665 2420 4717 lib.
2447 4679 2487 4716 ιι
2521 4665 2694 4716 Mira‘c.
2731 4665 2780 4715 S.
2817 4663 3044 4722 Martini,
3071 4675 3190 4726 cap.
3220 4664 3266 4716 5,
3293 4661 3322 4709 6
3347 4661 3397 4709 et
3425 4659 3478 4708 '7.

2128 4737 2334 4788 sColb.
2401 4740 2455 4788 et
2515 4735 2644 4787 Bec.
2704 4747 2826 4785 curn
2883 4733 3098 4806 Chesn.,
3160 4732 3458 4806 Αυημιρ).Δ
3499 4729 3570 4806 De
3619 4736 3776 4806 more

2071 4808 2468 4860 abluendorum
2511 4806 2887 4858 defunctorum
2941 4805 3082 4867 apud
3136 4803 3366 4867 gentiles
3399 4803 3464 4875 et
3517 4796 3774 4875 Christia-

2071 4890 2174 4930 nos
2236 4877 2392 4939 plura
2447 4877 2607 4928 habet
2670 4875 2724 4926 ν.
2790 4876 2869 4926 CI.
2915 4878 3033 4928 Ant.
3087 4871 3773 4946 DadinusAites‘errain

2071 4960 2188 5011 cap.
2232 4950 2261 4997 5
2314 4947 2404 4998 tib.
2456 4960 2494 4998 ιι
2547 4947 2677 4998 ΗΜ.
2716 4946 2969 5009 Gregorii
3021 4946 3211 5003 nostri,
3267 4941 3358 4994 ubi
3398 4953 3468 4992 ex
3512 4939 3768 4987 Aimoino

2074 5019 2128 5072 in
2184 5019 2296 5070 Vita
2343 5020 2392 5069 S.
2445 5017 2694 5078 Abbonis,
2749 5029 2867 5080 cap.
2919 5017 3002 5078 20,
3039 5017 3292 5078 observat
3321 5011 3773 5071 interemptorum

2074 5101 2306 5151 corpora
2355 5090 2507 5140 illota
2557 5087 2781 5150 sepeliri
2847 5089 3002 5140 solita
3032 5081 3616 5145 fuisse.Abbo.quippe
3636 5090 3766 5127 cum

2077 5159 2206 5223 ipsis
2240 5158 2428 5221 quibus
2471 5159 2698 5209 indutus
2737 5166 2853 5207 erat
2891 5155 3242 5214 vestimentis,
3267 5153 3354 5204 uti
3375 5163 3488 5202 mos
3518 5153 3591 5199 est
3616 5159 3772 5209 sepe-

2069 5230 2165 5280 tz’ri
2198 5230 2565 5292 interemptos,
2600 5227 2776 5280 illotus
2804 5229 2972 5280 etiam
3010 5227 3224 5290 lapideo
3254 5223 3559 5296 tumulatus
3589 5228 3774 5296 sarco-

2069 5300 2196 5363 fago
2269 5298 2386 5350 fuit.
2431 5286 2607 5351 'Forte
2675 5286 3080 5351 Theodebertus
3149 5297 3292 5348 lotus
3368 5294 3469 5345 fuit
3533 5300 3595 5363 ac
3652 5286 3784 5338 aliis

2068 5359 2304 5422 vestibus
2338 5371 2557 5424 indutus
2604 5369 2673 5441 ob
2708 5369 2913 5432 regiam
2950 5371 3287 5432 dignitatem,
3322 5363 3412 5416 vel
3451 5359 3598 5441 quod
3631 5370 3779 5441 non:

2068 5441 2194 5493 dum
2240 5452 2360 5492 mos
2402 5441 2495 5493 ille
2537 5440 2880 5492 inolevisset.
2939 5441 3113 5503 [teges
3157 5443 3355 5499 autem,
3391 5435 3685 5498 episcopos
3719 5433 3779 5480 et

2069 5513 2309 5574 abbates,
2356 5512 2562 5577 dignis,
2608 5511 2662 5563 id
2707 5519 2808 5578 est,
2867 5515 2924 5564 ut
2974 5515 3123 5578 puto,
3165 5520 3272 5561 sum
3326 5503 3574 5578 dignitati
3604 5511 3779 5578 com-

2065 5571 2376 5648 petentibus
2415 5571 2656 5636 vindutos
2709 5571 2992 5640 'vestibus:
3055 5581 3280 5648 sepeliri
3344 5576 3536 5632 solitos
3599 5571 3781 5625 fuisse

2065 5653 2297 5720 probant
2319 5655 2630 5722 complures
2660 5655 2913 5720 Gregorii
2935 5655 3060 5709 loci.

2843 5815 2882 5850 Ἰ
