4016 6338
66 248 163 306 313
304 320 333 353 ‘

64 371 405 427 lismensem
470 382 492 407 ·

60 475 419 532 cognoscens
462 458 617 532 quod
658 458 871 513 iterum
914 470 973 511 se
1015 454 1487 513 Guntchramnus
1519 471 1650 512 cum
1683 452 1775 510 Si-

64 548 282 618 giberto
313 546 691 619 paciﬁcasset,
732 560 791 601 se
824 543 977 599 infra
1004 542 1393 599 Tornacenses
1422 558 1620 599 muros
1640 556 1776 598 cum

68 652 250 693 uxore
290 644 351 693 et
376 637 513 693 ﬁliis
543 636 669 693 suis
702 632 1105 691 communivit.

132 726 237 782 LII
276 730 395 793 [ΑΙ.
432 728 617 797 XLVI].
671 724 739 781 In
778 739 844 780 eo
887 738 1041 779 anno
1075 722 1263 793 fulgor
1300 736 1400 794 per
1424 720 1635 778 cmlum
1665 721 1776 777 dis-

63 814 313 872 currisse
355 816 517 871 visus
573 820 658 871 est
704 814 746 884 ",
788 813 951 869 sicut
1001 812 1294 883 quondam
1350 818 1481 868 ante
1533 818 1775 868 mortem

66 901 497 959 tililothacharii
558 901 769 959 factum
820 898 1097 957 vidimus.
1155 898 1474 971 Sigibertus
1520 914 1654 956 vero
1681 897 1776 954 ob-

68 991 235 1046 tentis
262 990 604 1047 civitatibus
632 989 768 1057 illis,
790 1004 923 1061 quae
939 989 1080 1046 citra
1113 988 1357 1045 Parisios
1386 992 1520 1044 sunt
1553 988 1773 1058 positas,

63 1093 247 1149 usque
340 1077 870 1150 Bothomagensem
940 1078 1146 1134 urbem
1218 1077 1487 1144 accessit,
1573 1076 1772 1135 volens

62 1164 293 1221 easdem
359 1166 535 1223 urbes
598 1164 865 1223 hostibus
907 1164 1125 1222 cedere.
1162 1164 1324 1233 Quod
1363 1180 1433 1220 ne
1474 1163 1701 1235 faceret,
1738 1180 1771 1222 a

64 1257 177 1313 suis
219 1258 555 1329 prohibitus
584 1264 689 1314 est.
727 1258 1045 1331 Regressus
1076 1258 1230 1327 inde,
1264 1256 1511 1313 Parisios
1543 1261 1629 1312 est
1676 1255 1768 1312 in-

64 1363 299 1417 gressus
326 1367 339 1405 :
370 1347 568 1419 ibique
592 1347 663 1404 ad
688 1364 821 1405 eum
844 1347 1235 1405 Brunichildis
1261 1362 1393 1403 cum
1426 1346 1560 1403 filiis
1589 1346 1766 1403 venit.

65 1436 227 1493 Tunc
260 1432 625 1509 Franci.'qui
657 1438 948 1511 quandam
975 1438 1046 1495 ad
1067 1436 1500 1494 Childebertum
1539 1452 1773 1509 aspexe-

64 1534 182 1582 rant
226 1526 544 1593 seniorem,
594 1527 664 1583 ad
713 1526 1065 1599 Sigibertum
1119 1526 1465 1596 legationem
1512 1527 1767 1596 mittunt,

64 1621 115 1667 ut
143 1613 217 1667 ad
246 1627 352 1669 eos
396 1612 653 1679 veniens,
688 1612 961 1670 derelicto
1000 1613 1347 1685 Chilperico,
1385 1628 1557 1686 super
1593 1630 1652 1671 se
1680 1614 1769 1686 ip-

1036 239 1395 301 HISTORIA
1433 238 1911 301 FRANCORUM.
1953 236 2181 296 LIBER
2218 235 2588 323 QUARTUS.

556 366 854 426 civitatem
912 364 1191 438 sepultus,
1233 364 1588 439 Chilpericus
1638 366 1833 423 veroA
1854 376 2013 434 gens,
2047 376 2289 432 magnus
2334 375 2436 432 per
2464 356 2825 416 adulationes
2853 374 2986 417 cum
3017 375 3147 433 rege
3175 366 3429 428 eﬂ‘ectus
3439 380 3553 449 est;

3455 249 3559 315 314

1857 451 2192 523 competitor
2237 466 2432 507 rerum
2476 448 2819 519 alienarum,
2865 456 3450 534 testamentorumque
3478 448 3557 523 ef-

1858 540 2067 596 fractor
2100 561 2111 605 ;
2142 539 2235 595 cui
2262 539 2390 595 talis
2420 539 2530 596 fuit
2560 539 2693 596 vita:
2721 542 2934 612 exitus,
2969 549 3031 600 ut
3076 560 3189 603 non
3237 561 3557 617 mereretur

1859 627 2214 684 voluntatem
2274 629 2560 701 propriam
2620 637 2803 687 morte
2857 632 3199 694 imminente
3246 644 3554 721 complere,

1858 718 1959 793 qui
1998 719 2245 776 aliorum
2290 719 2616 776 voluntates
2653 736 2803 793 szepe
2851 722 3231 783 destruxerat.
3285 718 3557 807 Chilperis

1855 825 1958 866 cus
1991 816 2183 867 autem
2223 810 2285 867 in
2329 809 2563 882 ancipiti
2586 826 2722 868 casu
2745 812 2995 883 defixus,
3022 814 3084 871 in
3107 816 3352 879 dubium
3378 826 3552 886 habe-

1858 898 1971 966 bat,
2016 914 2089 954 an
2142 899 2429 967 evaderet,
2476 914 2549 955 an
2592 900 2822 971 periret,
2875 902 3056 961 donec
3103 906 3174 962 ad
3224 924 3357 968 eum
3394 916 3556 975 missi

1859 983 2106 1040 veniunt
2130 984 2199 1039 de
2232 983 2424 1040 fratris
2456 984 2617 1041 obitu
2648 987 2999 1046 nuntiantes.
3036 990 3197 1049 Tunc
3229 1011 3491 1068 egressus
3520 1020 3555 1061 a

1858 1070 2117 1128 Tornaco
2172 1086 2305 1128 cum
2357 1086 2539 1129 uxore
2605 1080 2661 1129 et
2705 1075 2859 1145 ﬁliis,
2906 1092 3041 1135 eum
3096 1082 3366 1141 vestitum
3399 1090 3552 1159 apud

1860 1158 2141 1215 Lambros
2180 1158 2200 1186 "
2234 1158 2424 1215 vicum
2454 1160 2734 1231 sepelivit.
2785 1162 2947 1221 Unde
2986 1173 3179 1237 postea
3218 1158 3557 1236 Suessionas

1856 1248 1917 1305 in
1952 1248 2186 1305 basilica
2225 1249 2407 1305 sancti
2448 1248 2722 1319 Medardi,
2762 1268 2937 1325 qnam
2986 1255 3109 1326 ipse
3144 1259 3549 1336 aediﬁcaverat,

1859 1339 2189 1407 translatus,
2233 1355 2397 1396 secus
2445 1340 2957 1401 Chlothacharium
2996 1353 3217 1419 patrem
3261 1368 3434 1412 suum
3461 1372 3552 1413 se-

1854 1428 2052 1502 pultus
2074 1437 2177 1486 est.
2201 1429 2564 1487 Obiitautem
2596 1440 2799 1504 quarto
2827 1434 3047 1495 decimo
3072 1440 3233 1511 regni
3258 1444 3351 1500 sui
3372 1461 3549 1515 anno,

1853 1526 2018 1577 aetate
2048 1519 2519 1592 quadragenaria.
2570 1528 2708 1586 196
2755 1524 2806 1580 Α
2853 1526 3093 1585 transitu
3126 1546 3260 1603 ergo
3292 1532 3554 1595 Theude-

1857 1608 2000 1665 berti
2027 1608 2270 1666 senioris
2304 1624 2486 1682 usque
2530 1611 2599 1667 ad
2638 1606 2865 1671 exitum
2908 1615 3199 1692 Sigiberti,
3226 1633 3552 1695 supputan-

61 1717 184 1757 sum
217 1716 418 1773 regem
468 1701 806 1759 stabilirent.
838 1702 944 1759 Ille
977 1716 1111 1759 vero
1153 1703 1277 1764 hinc
1306 1702 1573 1770 audiens,
1613 1702 1827 1775 misitB
1855 1705 1947 1757 tur
1976 1699 2117 1756 anni
2151 1699 2355 1772 viginti
2386 1716 2592 1758 novem
2621 1703 2654 1759 ί.
2689 1702 2847 1762 Inter
2867 1706 3092 1766 exitum
3124 1726 3257 1769 vero
3279 1713 3551 1787 Sigiberti

62 1791 154 1863 qui
210 1792 458 1847 fratrem
496 1808 668 1849 suum
699 1792 757 1849 in
789 1808 960 1865 supra
996 1800 1305 1850 memorata
1331 1792 1559 1850 civitate
1588 1793 1769 1850 cobsi-

62 1884 279 1949 derent,
318 1879 445 1951 ipse
498 1880 637 1936 illuc
690 1896 989 1953 properare
1021 1882 1366 1939 deliberans.
1401 1880 1505 1939 Cui
1536 1886 1768 1939 sanctus

62 1970 393 2026 Germanus
438 1970 737 2043 episcopus
784 1971 935 2028 dixit
988 1988 998 2021 :
1045 1971 1105 2031 Si
1145 1973 1376 2042 abieris,
1428 1981 1483 2031 et
1534 1974 1768 2030 fratrem

63 2068 220 2116 tuum
254 2062 583 2119 interﬁcere
603 2062 877 2131 nolueris,
897 2062 1069 2121 vivus
1097 2071 1151 2122 et
1180 2066 1358 2123 victor
1390 2064 1603 2122 redibis
1632 2084 1643 2121 :
1674 2065 1767 2121 sin

61 2158 252 2205 autem
284 2150 451 2207 aliud
481 2151 839 2223 cogitaveris,
862 2153 1145 2211 morieris.
1176 2153 1270 2213 Sic
1298 2155 1455 2212 enim
1488 2152 1769 2212 Dominus

62 2251 153 2306 per
194 2236 575 2295 Salomonem
603 2240 752 2297 dixit
784 2263 795 2295 :
840 2245 1063 2297 Foveam
1096 2260 1257 2313 quam
1289 2246 1461 2310 fratri
1490 2250 1578 2298 tuo
1608 2260 1768 2313 para-

62 2328 155 2388 bis,
200 2330 258 2381 in
291 2345 416 2383 eam
446 2345 660 2383 corrues
705 2333 878 2397 (Prov.
923 2344 1096 2400 XXVI,
1139 2332 1245 2397 271.
1280 2331 1439 2400 Quod
1481 2330 1603 2397 ille,
1648 2344 1767 2401 pec-

62 2414 195 2468 catis
250 2415 626 2485 facientibus,
670 2416 872 2474 audire
912 2418 1184 2489 neglexit.
1238 2419 1519 2476 Veniente
1569 2425 1764 2475 autem

62 2499 154 2555 illo
188 2498 264 2555 ad
318 2500 539 2571 villam,
572 2502 665 2559 cui
698 2520 907 2561 nomen
942 2514 1026 2562 est
1060 2506 1445 2564 Victoriacum
1480 2507 1524 2575 ά,
1556 2506 1764 2563 collec-

62 2598 144 2641 tus
172 2594 261 2643 est
286 2588 365 2644 ad
393 2604 527 2645 eum
561 2590 751 2646 omnis
776 2590 1084 2661 exercitus,
1114 2590 1564 2664 impositumque
1593 2606 1764 2664 super

58 2675 254 2748 clypeo
306 2677 426 2734 sibi
474 2694 665 2751 regem
708 2684 985 2737 statuunt.
1043 2679 1209 2737 Tunc
1261 2681 1376 2737 duo
1422 2678 1583 2752 pueri
1629 2694 1761 2737 cum

59 2764 255 2823 cultris
289 2766 524 2835 validis,
558 2783 703 2839 quos
740 2769 915 2840 vulgo
968 2785 1359 2827 scramasaxos
1414 2783 1435 2809 ο
1480 2775 1619 2833 195
1659 2785 1760 2827 vo—

57 2862 206 2924 tant,
238 2855 478 2913 infectis
523 2872 771 2929 veneno,
807 2859 1107 2916 maleﬁcati
1156 2876 1189 2917 a
1244 2860 1621 2931 Fredegunde
1672 2874 1760 2915 re-

58 2952 181 3017 gina
204 2965 347 3006 cum
379 2949 553 3006 aliam
584 2966 815 3009 causam
846 2968 907 3010 se
939 2968 1134 3024 gerere
1161 2952 1180 2987 ί
1210 2952 1568 3021 simularent,
1606 2958 1763 3010 utra-

1850 1798 1903 1848 et
1934 1791 2157 1864 nepotis
2194 1791 2285 1847 sui
2315 1791 2715 1863 Theodoberti,
2749 1794 2909 1855 fuere
2947 1798 3068 1857 dies
3092 1800 3287 1859 decem
3317 1812 3370 1862 et
3398 1814 3546 1866 octo.

1851 1880 2074 1977 lilortuo
2104 1887 2296 1937 autem
2331 1880 2635 1957 Sigiberto,
2666 1887 2930 1958 regnavit
2958 1888 3358 1952 Childebertus
3388 1895 3550 1954 ﬁlius

1849 1983 1973 2039 Θ]υὸ
2005 1984 2108 2041 pI‘O
2135 1985 2222 2026 ΕΟ.

1920 2146 1969 2201 Α
2009 2145 2291 2218 principio
2322 2162 2505 2221 usque
2539 2149 2609 2205 ad
2637 2149 2951 2224 diluvium,
2980 2154 3121 2212 anni
3147 2155 3237 2213 bis
3257 2157 3427 2215 mille
3444 2158 3548 2217 du-

1849 2234 1999 2290 centi
2051 2236 2433 2306 quadraginta
2482 2237 2617 2296 duo.
2670 2242 2720 2296 A
2781 2240 3005 2313 diluvio
3035 2250 3229 2301 autem
3257 2260 3442 2317 usque
3474 2246 3547 2304 ad

1849 2321 2163 2389 Abraham,
2226 2322 2367 2379 anni
2433 2325 2745 2397 nonagenti
2804 2327 3183 2400 quadraginta
3243 2329 3377 2388 duo.
3453 2330 3546 2388 Ab

1847 2413 2141 2470 Abraham
2174 2429 2308 2471 vero
2348 2431 2531 2489 usque
2558 2416 2629 2473 ad
2656 2433 2951 2490 egressum
2988 2419 3240 2479 ﬁliorum
3267 2421 3444 2481 Israel
3472 2437 3548 2480 ex

1847 2503 2113 2575 Aa‘gypto,
2168 2503 2309 2560 anni
2368 2506 2774 2579 quadringenti
2847 2510 3149 2581 sexaginta
3200 2512 3315 2569 duo
3371 2504 3405 2570 ³.
3454 2512 3544 2569 Α1)

1847 2608 2080 2663 egressu
2112 2593 2366 2650 ﬁliorum
2402 2593 2573 2651 Israel
2601 2612 2675 2653 ex
2705 2597 2950 2671 Egypto
2982 2615 3166 2673 usque
3196 2602 3265 2657 ad
3294 2601 3545 2660 aedifica-

1848 2684 2063 2740 tionem
2121 2684 2318 2758 templi
2371 2683 2718 2755 Salomonis,
2764 2688 2903 2745 anni
2938 2690 3344 2763 quadringenti
3387 2697 3541 2749 octo-

1845 2772 2021 2841 ginta.
2072 2774 2163 2831 Ab
2197 2774 2576 2833 aediﬁcatione
2624 2792 2757 2848 ergo
2801 2778 2992 2851 templi
3050 2795 3233 2853 usque
3268 2782 3337 2837 ad
3376 2781 3545 2838 deso-

1850 2860 2120 2917 lationem
2150 2862 2295 2933 ejus,
2327 2870 2382 2919 et
2420 2865 2985 2935 transmigrationem
3035 2867 3097 2924 in
3142 2867 3543 2939 Babyloniam,

1846 2948 1987 3004 anni
2022 2951 2259 3006 trecenti
2292 2951 2605 3021 nonaginta
2639 2953 2686 3009 ι.
2736 2954 2786 3009 Α
2822 2954 3323 3025 transmigratione
3368 2955 3545 3027 igitur

58 3054 160 3110 que
240 3039 297 3095 ei
381 3038 557 3096 latera
618 3040 850 3099 feriunt.
911 3044 985 3099 At
1038 3042 1135 3099 ille
1192 3041 1533 3111 vociferans,
1592 3050 1819 3124 atquec
1848 3052 2032 3108 usque
2060 3036 2131 3093 ad
2161 3037 2484 3109 passionem
2518 3038 2769 3109 Domini,
2796 3042 2936 3097 anni
2962 3044 3219 3100 sexcenti
3243 3045 3542 3116 sexaginta

58 3143 359 3195 corruens,
383 3142 495 3184 non
515 3134 640 3201 post
659 3130 842 3187 multo
859 3130 1038 3203 spatio
1056 3129 1246 3187 emisit
1262 3132 1548 3204 spiritum:
1566 3132 1761 3204 ibique

1890 3130 1969 3180 :to
2001 3124 2034 3181 ι.
2079 3125 2128 3181 Α
2162 3126 2427 3197 passione
2455 3125 2687 3183 Domini
2718 3144 2901 3201 usque
2931 3129 3000 3186 ad
3034 3132 3338 3189 transitum
3362 3133 3542 3190 sancti

58 3222 102 3269 et
154 3212 567 3291 Cbaregisilus‘
588 3216 979 3274 cubicularius
1027 3218 1155 3290 ejus
1178 3220 1428 3287 corruit;
1475 3218 1557 3276 ibi
1588 3227 1642 3277 et
1676 3219 1761 3277 Si-

1890 3210 2098 3278 Iartini,
2146 3213 2285 3269 anni
2332 3212 2740 3287 quadringenti
2771 3222 2825 3271 et
2852 3216 3178 3273 duodecim.
3218 3218 3268 3274 A
3299 3217 3542 3276 transitu

56 3305 181 3375 ἔπιδ’
218 3305 329 3380 qui
358 3305 650 3377 quondam
705 3322 777 3364 ex
831 3307 1060 3365 Gouhia
1104 3317 1357 3380 venerat,
1408 3310 1657 3367 multum
1684 3311 1759 3367 ιδ.
1841 3301 2017 3356 sancti
2053 3299 2281 3357 Martini
2308 3318 2490 3375 usque
2514 3302 2585 3358 ad
2615 3302 2924 3359 transitum
2957 3303 3341 3361 Chlodovechi
3369 3306 3541 3376 regis,

57 3401 277 3450 ceratus
310 3401 420 3461 est,
455 3400 508 3450 et
541 3401 732 3465 postea
758 3395 829 3452 ab
867 3393 1189 3469 Chilperico
1220 3413 1351 3467 rege
1388 3399 1759 3471 comprehen-

59 3493 170 3546 sus,
224 3479 487 3536 incensis
549 3495 683 3538 cum
731 3481 1003 3539 cauteriis
1048 3484 1429 3541 candentibus
1486 3485 1759 3542 omnibus

59 3570 374 3638 iuncturis,
424 3585 489 3626 ac
539 3571 902 3628 membratim
939 3578 1233 3643 separatus
1266 3582 1311 3643 ε,
1340 3572 1651 3631 crudeliter
1679 3575 1760 3632 vi-

59 3668 165 3717 tam
197 3661 421 3717 ﬁnivit.
475 3661 607 3720 Fuit
658 3668 851 3721 autem
898 3663 1286 3735 Charegisilus
1331 3664 1431 3722 ille
1470 3672 1585 3723 tam
1615 3666 1762 3725 levis

59 3763 239 3818 opere,
270 3763 453 3821 quam
502 3750 694 3823 gravis
728 3751 1079 3825 cupiditate;
1116 3752 1186 3809 de
1222 3752 1485 3811 minimis
1525 3769 1761 3813 consur-

114 3912 129 3930 ·
163 3901 355 3959 Corb.,
414 3903 553 3953 Bell.
612 3907 664 3955 et
721 3904 893 3963 Freh.,
960 3902 1366 3956 Colosinensem.
1421 3906 1591 3968 Colb.,
1636 3907 1760 3958 Eco-

58 3969 357 4023 lunmsem.
399 3974 527 4024 Bec.
558 3979 610 4024 et
632 3974 766 4026 Mor.
796 3978 864 4034 5.,
908 3974 1291 4026 Ecotz‘nensem.

112 4042 131 4069 δ
165 4046 252 4094 διο
285 4043 476 4104 Corb.;
510 4045 601 4095 alii
630 4057 753 4097 cum
774 4048 949 4103 editis,
975 4046 1241 4109 futgur....
1276 4046 1455 4098 visum
1477 4051 1571 4100 est.

106 4121 121 4135 '
152 4112 491 4165 Tornacensi
515 4115 741 4177 scilicet,
773 4129 844 4167 ex
866 4128 992 4176 cap.
1027 4116 1374 4179 praecedenti.

113 4183 130 4211 ⁴
169 4184 334 4235 Vicus
392 4186 491 4245 est,
546 4192 602 4236 ut
683 4191 869 4239 monet
927 4187 1151 4244 Miraeus,
1218 4188 1359 4239 inter
1418 4187 1654 4239 Duacum
1707 4192 1762 4243 et

63 4254 350 4305 Atrebatas
394 4256 463 4307 ad
517 4256 767 4318 Scarpam
830 4257 1070 4315 ﬂuvium,
1135 4257 1300 4320 vulgo
1357 4258 1511 4324 Vitry
1560 4259 1755 4311 hodie—

61 4337 153 4385 que
194 4326 401 4386 dictus,
456 4338 619 4389 quem
671 4328 949 4379 Hariulfus
1016 4328 1071 4377 in
1122 4327 1388 4380 Chronico
1443 4330 1753 4382 Centulensi
1794 4367 1815 4389 .

1844 3387 1983 3445 anni
2015 3395 2247 3445 centum
2279 3388 2603 3446 duodecim.
2654 3390 2703 3446 A
2724 3394 2731 3407 '
2753 3389 2995 3447 transitu
3030 3391 3417 3448 Chlodoveehi
3447 3408 3539 3449 re-

1844 3478 1932 3549 gis
1975 3493 2161 3549 usque
2200 3478 2270 3534 ad
2329 3478 2634 3535 transitum
2679 3478 3081 3549 Theudeberti,
3115 3480 3257 3537 anni
3301 3480 3536 3553 triginta

1842 3578 2057 3644 septem
2088 3586 2148 3628 ω.
2197 3574 2245 3630 Α
2299 3573 2545 3632 transitu
2592 3568 2974 3632 Theudeberti
3008 3590 3195 3648 usque
3217 3577 3288 3633 ad
3315 3577 3541 3637 exitum

1845 3660 2139 3734 Sigiberti,
2168 3662 2306 3719 anni
2348 3662 2554 3734 viginti
2591 3679 2818 3721 novem.
2874 3664 2983 3733 Qui
3018 3672 3155 3722 sunt
3195 3666 3371 3724 simul
3400 3667 3543 3725 anni

1842 3752 2155 3825 quinquies
2186 3752 2345 3810 mille
2373 3752 2716 3827 septingenti
2743 3753 3104 3828 septuaginta
3133 3762 3382 3829 quatuor
3406 3768 3455 3813 ιι.

1906 3914 1930 3949 s
1964 3902 2140 3959 Corb.,
2170 3901 2456 3964 separatis.

1906 3974 1927 4003 δ
1967 3973 2137 4024 Vicus
2191 3978 2272 4025 est
2331 3974 2394 4023 ad
2450 3975 2702 4036 Scarpam
2749 3974 2971 4025 ﬂuvium
3004 3974 3147 4025 inter
3189 3974 3537 4025 Camaracum

1843 4049 1899 4095 et
1952 4044 2241 4094 Atrebatas
2293 4044 2445 4094 situs.
2510 4044 2781 4106 Cognatus
2835 4046 2891 4095 ln
2940 4044 3179 4095 Historia
3214 4043 3538 4095 Tornaccnsi

1840 4115 1987 4167 hunc
2038 4127 2208 4177 prope
2272 4114 2524 4174 Duacum,
2580 4126 2684 4177 qua
2736 4118 2838 4165 iter
2887 4121 2967 4166 est
2996 4115 3329 4173 Atrebatum,
3374 4114 3537 4165 locat.

1871 4187 1941 4238 De
1960 4186 2058 4238 hac
2097 4184 2383 4247 Cbilperici
2417 4187 2579 4235 sortis
2623 4186 2919 4236 mutatione
2973 4185 3286 4237 Fortunatus
3322 4184 3415 4234 lib.
3447 4195 3526 4238 ix.

1854 4270 2021 4310 carm.
2056 4258 2099 4307 1.

1907 4330 1918 4358 ί
1952 4327 2108 4379 Corb.
2148 4330 2199 4378 et
2224 4324 2372 4377 Colb.
2401 4336 2522 4375 cum
2550 4324 2698 4383 Badr,
2734 4324 2817 4375 28.
2880 4378 2885 4384 ,

62 4395 235 4476 villam
290 4396 564 4476 publicam
614 4397 669 4448 in
728 4397 1078 4449 surburbano
1114 4399 1486 4450 Atrebatensis
1509 4402 1659 4451 urbis
1688 4415 1815 4476 sn-D
1945 4398 2111 4476 Coll);
2126 4397 2229 4476 4532.
2250 4396 2409 4476 ’βε-ᾳ,
2444 4395 2549 4476 αμιῖΖ

59 4471 155 4516 tam
190 4466 451 4529 appellat.

112 4550 132 4572 α
164 4536 350 4595 Corb.,
426 4549 817 4589 scrumasaxos.
892 4540 1092 4602 Regm.,
1162 4552 1495 4593 scramaxos.
1574 4542 1748 4603 Colb.,

1893 4474 1915 4504 ι
1947 4472 2030 4523 Sic
2074 4469 2203 4519 Cod.
2250 4466 2384 4518 Bell.
2433 4470 2486 4516 et
2530 4465 2710 4528 Corb.,
2764 4476 2928 4530 quem
2970 4473 3255 4514 numerum
3286 4462 3357 4512 ita
3388 4459 3519 4512 scri-

1832 4545 1967 4595 bunt
2024 4551 2248 4592 CCCLXL.
2288 4538 2490 4598 Regm.,
2554 4537 2680 4587 Bec.
2728 4542 2782 4587 et
2815 4534 2948 4586 Bad.
2987 4534 3187 4586 habent
3221 4532 3335 4585 340.
3383 4530 3537 4581 Colb.
3586 4596 3591 4601 ι

58 4606 462 4657 chramasazos.
516 4609 621 4659 Vox
665 4614 749 4661 est
794 4609 1025 4663 barbara
1082 4625 1199 4675 quze
1255 4613 1523 4675 significat
1563 4614 1750 4666 cultel-
1831 4618 1886 4665 et
1921 4614 2136 4672 Cbesn.,
2164 4612 2272 4661 361.
2311 4609 2416 4659 Alii
2450 4608 2597 4665 editi,
2638 4607 2747 4658 360.
2808 4646 2815 4651 ρ
3014 4674 3017 4675 ν
3508 4628 3523 4639 ~

60 4678 129 4725 los
181 4676 501 4736 vulutﬂcos,
554 4690 653 4729 seu
702 4680 970 4741 gladiolos
1017 4680 1230 4743 breves,
1283 4697 1311 4733 a
1349 4684 1610 4735 Saxonico
1651 4696 1752 4734 sas:

62 4748 142 4797 vel
205 4745 376 4797 sachs.
432 4750 522 4797 Adi
585 4750 823 4802 Vossium
867 4752 934 4804 de
988 4752 1080 4802 Vit.
1143 4753 1304 4805 Latin.
1344 4766 1579 4806 sermon.
1618 4755 1650 4805 l.
1689 4768 1748 4815 ιι,

58 4818 328 4945 “in
386 4889 531 4940 Mor.-
567 4901 633 4950 s.,
700 4892 824 4953 εἰσ..
884 4905 1183 4955 suggerere.
1255 4896 1502 4958 Sigiberti
1558 4907 1754 4947 necem

58 4970 143 5031 an.
192 4958 283 5031 576
342 4962 627 5021 consignat
677 4961 889 5022 Marius,
948 4976 1109 5027 quam
1180 4968 1357 5017 tamen
1421 4979 1563 5018 anno
1624 4980 1756 5031 prae-

58 5030 269 5079 (edenti
294 5031 591 5094 contigisse
623 5034 808 5083 volunt
836 5034 933 5083 \iri
967 5034 1186 5086 eruditi.

1899 4685 2115 4744 ‘Colo.,
2172 4682 2372 4733 Chesn.
2430 4684 2483 4731 et
2532 4680 2689 4741 Bad.,
2752 4678 2862 4730 648.
2908 4674 3095 4729 Nullus
3144 4677 3225 4727 est
3282 4685 3545 4727 numerus

1842 4758 1897 4807 in
1928 4756 2046 4807 cod.
2074 4754 2254 4815 Regm.

1904 4838 1935 4858 ι
1969 4826 2099 4877 Cod.
2133 4824 2307 4883 Colb.,
2340 4822 2416 4873 34.

1903 4910 1924 4929 η
1959 4899 2043 4949 Sic
2081 4909 2205 4949 mss.
2262 4906 2383 4945 cum
2426 4892 2601 4966 Bad.,
2658 4892 2748 4966 qui
2795 4892 3081 4966 computus
3129 4887 3384 4966 congruit
3412 4885 3540 4966 ‘si‘n-

1842 4971 1988 5034 gulis
2017 4967 2276 5027 articulis,
2329 4967 2385 5015 ut
2420 4965 2684 5015 habentur
2727 4963 2783 5012 in
2820 4964 3004 5011 nostro
3031 4961 3198 5010 textu.
3234 4958 3429 5009 Cateri
3466 4960 3540 5006 ta-

1850 5053 1973 5092 IIltll
2005 5039 2131 5091 editi
2158 5037 2357 5087 habent
2393 5034 2765 5099 quadraginta
2790 5035 3042 5096 quatuor.

90 5162 3502 5200 mw

697 5336 1014 5397 197-198
1094 5303 1576 5404 INCIPIUNT
1652 5302 2131 5385 CAPITULA
2214 5300 2461 5380 LIBRI
2540 5298 2907 5400 QUINTI.

62 5427 96 5497 I.
137 5424 207 5497 De
237 5424 823 5493 Chitdebertijunioris
857 5444 1037 5494 regno,
1065 5436 1114 5484 et
1146 5432 1209 5483 de
1236 5436 1412 5485 matre
1433 5435 1569 5497 ejus.

62 5496 119 5542 ll.
154 5496 303 5559 Quod
335 5497 673 5566 Mcrovechus
714 5500 1116 5555 Brunichitdom
1139 5505 1342 5566 accepit
1368 5496 1610 5557 mcerent.

64 5567 147 5641 III.
188 5568 403 5641 peltam
416 5572 610 5621 contra
633 5562 1017 5641 Chitpericum,
1041 5577 1090 5626 et
1114 5574 1177 5627 de
1204 5562 1420 5628 malitia
1440 5574 1756 5641 Rauchingt‘.

65 5639 139 5690 IV.
170 5638 327 5704 Quod
374 5639 695 5695 Roccotenus
719 5640 948 5696 Turonis
974 5645 1135 5700 venit.

1854 5437 1905 5483 ν.
1942 5436 2012 5484 De
2035 5429 2291 5498 episcopis
2319 5428 2638 5494 Lingonicis,
2666 5431 2715 5481 et
2737 5427 3075 5481 Namnetico.

1854 5507 1933 5554 VI.
1969 5505 2040 5556 [)e
2074 5502 2335 5554 Leonaste
2363 5501 2745 5553 archidiacono
2779 5499 3045 5564 Biturigo.

1850 5578 1955 5626 VII.
1993 5573 2066 5626 De
2097 5572 2305 5627 Senoch
2326 5574 2584 5624 rectauso.

1848 5647 1982 5697 VIII.
2012 5644 2088 5698 De
2122 5658 2185 5699 sa
2207 5647 2329 5698 noto
2348 5641 2613 5697 Germano
2639 5642 2974 5699 Parisiorum
2996 5640 3249 5706 episcopo.
