4016 6338
459 217 565 281 315

470 345 553 394 IX.
590 341 662 393 De
693 341 1002 404 Caluppane
1036 338 1294 391 reclauso.

464 416 524 464 X.
552 416 621 463 De
652 412 901 466 Patroclo
931 410 1184 461 rectauso.

461 485 549 534 XI.
575 486 646 533 De
668 483 865 535 Iuda-is
886 481 1154 532 conversis
1179 494 1273 544 per
1294 480 1514 533 Avitum
1542 480 1863 546 episcopum.

458 556 574 605 XII.
605 553 676 603 De
702 550 995 604 Brachione
1021 551 1225 603 abbate.

460 626 606 675 XIII.
634 624 784 688 Quod
807 624 1125 675 Mummolus
1152 621 1449 674 Lemovicas
1480 623 1737 675 vastavit.

458 697 593 746 XIV.
628 694 779 760 Quod
830 693 1160 749 Merovechus
1195 697 1499 746 tonsoratus
1545 694 1619 744 ad
1670 693 1949 745 basilicam
1982 692 2159 746 sancti

523 766 749 818 Martini
766 765 1026 829 confugit.

460 840 567 888 XV.
597 838 802 887 Bellum
825 835 969 887 inter
997 835 1239 887 Saxones
1268 838 1316 887 et
1340 834 1556 887 Suevos.

464 909 593 959 XVI.
620 908 693 959 De
718 907 947 959 interitu
966 906 1236 958 Mactiavi.

463 982 619 1030 XVII.
661 978 811 1043 Quod
896 976 1333 1030 Guntchramnus
1405 990 1503 1029 rea:
1582 976 1731 1040 ﬁliosr
1790 975 2157 1040 Magnacharii

521 1047 818 1109 interfecit,
850 1060 1075 1112 suosque
1097 1048 1335 1108 perdidit
1362 1063 1374 1106 ;
1402 1052 1449 1099 et
1476 1046 1540 1098 de
1558 1047 1830 1099 dubietate
1864 1047 2090 1099 Paschtv.
2134 1100 2139 1104 ,

460 1120 647 1171 XVIII.
687 1118 759 1169 De
806 1118 1023 1170 ecclesia
1066 1117 1423 1178 Cainonensi;
1468 1119 1680 1183 etquod
1722 1117 2154 1172 Guntchramnus

518 1203 616 1241 rea:
639 1203 763 1241 cum
785 1185 1103 1242 Childeberto
1138 1192 1453 1254 conjunctus
1484 1194 1574 1241 est.

458 1264 589 1312 XIX.
618 1259 690 1311 De
714 1264 1037 1313 Praetextato
1064 1264 1320 1326 episcOpo,
1357 1264 1405 1314 et
1432 1260 1663 1314 interitu
1696 1260 1994 1313 Merovechi.

462 1336 567 1383 XX.
596 1330 667 1382 Ile
692 1332 1036 1397 eteemosynis
1078 1333 1295 1385 Tiberii.

465 1404 600 1454 XXI.
630 1404 701 1453 De
725 1401 952 1455 Salonio
975 1408 1024 1455 et
1047 1402 1355 1466 Sagittario
1382 1402 1656 1468 episcopis.

457 1475 617 1524 XXII.
646 1474 714 1524 De
755 1473 1004 1527 Winnoco
1028 1474 1285 1528 Brittone.

458 1546 648 1595 XXIII.
695 1543 766 1594 De
791 1544 935 1595 obitu
959 1548 1237 1597 Samsonis
1269 1546 1372 1610 ﬁlii
1394 1544 1698 1610 Chilperici.

457 1617 633 1666 XXIV.
668 1614 742 1665 De
764 1616 1027 1679 prodigiis
1052 1619 1291 1670 ostensis.

456 1687 603 1736 XXV.
640 1683 791 1749 Quod
833 1682 1269 1740 Guntchramnus
1313 1691 1446 1741 Boso
1482 1689 1626 1751 filias
1674 1701 1797 1740 suas
1827 1687 1891 1739 de
1929 1689 2152 1742 basilica

518 1754 697 1808 sancti
728 1755 966 1809 Martini
988 1757 1224 1815 abstulit.
1252 1769 1295 1810 et
1319 1759 1643 1822 Chilpericus
1673 1758 1907 1810 Pictavis
1928 1760 2149 1812 invasit.

457 1827 633 1895 XXVI.
671 1826 1020 1895 _De_interitu
1068 1828 1313 1895 Bac-onis
1341 1834 1387 1881 et
1443 1830 1727 1881 Bracoleni
1768 1830 1913 1895 (God.
1979 1831 2148 1892 Corbn

515 1888 769 1939 Dacoleni
804 1895 853 1942 et
889 1888 1169 1953 Dratgleni
1189 1892 1374 1956 ducis).
1666 1900 1667 1903 ‘

416 1959 545 2007 *XX
557 1960 671 2012 VII.
695 1959 848 2024 Quod
879 1962 1143 2013 exercitus
1164 1963 1225 2014 in
1255 1962 1575 2014 Britannias
1608 1961 1758 2015 abiit.

453 2029 688 2081 XXVIII.
718 2029 790 2081 De
807 2033 1067 2096 ejectione
1083 2032 1303 2085 Salonii
1323 2038 1371 2086 et
1394 2033 1706 2097 Sagittarii.

1464 240 1465 243 η
1538 214 1596 276 S.
1636 214 1993 277 GREGORII
2031 210 2363 276 EPISCOPI
2400 200 2870 268 TURONENSIS

3865 192 3969 252 316

2240 334 2418 386 XXIX.
2452 330 2524 381 De
2545 326 2992 392 descriptionibus
3012 338 3048 377 a
3077 318 3374 387 Chilperico
3404 297 3719 382 impositis."

2238 408 2389 456 XXX.
2430 400 2502 452 Ile
2524 399 2830 452 vastatione
2856 397 3269 449 Britannorum.

2237 476 2416 525 XXXI.
2452 474 2521 522 De
2546 470 2774 534 imperio
2803 468 3018 519 Tiberii.

2240 547 2445 596 XXXII.
2484 540 3265 613 DeinsidiisﬂBritannoryﬂfg
3412 603 3446 613 ,,
3516 601 3527 611 .
3581 602 3592 613 .
3679 599 3691 609 .

2239 617 2473 667 XXXIII.
2542 616 2613 663 Ile
2674 611 2909 663 Basilica
2966 607 3140 662 sancti
3198 603 3446 669 Dionysii
3506 602 3804 667 injuriata
3866 612 3963 663 per

2304 686 2608 736 mulierem.

2239 758 2460 808 XXXIV.
2486 758 2555 805 De
2584 752 2870 818 prodigiis.
3370 814 3413 820 __
3442 815 3472 820 _,
3581 814 3592 820 _
3632 814 3644 820 _
3809 816 3818 820 _
3877 764 3889 820 .‘

2238 830 2434 877 XXXV.
2481 826 2550 877 De
2584 814 2908 889 dysenteria:
2933 821 3115 873 morbo
3134 822 3183 871 et
3205 816 3333 882 ﬁliis
3356 814 3644 879 Chilperici
3662 814 3930 865 mortuis.

2237 898 2455 947 XXXVI.
2482 895 2555 947 De
2579 892 2947 965 Austrechilde
2970 892 3186 955 regina.
3238 960 3279 965 __
3366 958 3402 965 __
3630 954 3640 965 _

2236 966 2477 1017 XXXVII.
2504 969 2576 1015 De
2599 964 2842 1015 Heraclio
2864 964 3124 1027 episcOpo,
3152 965 3200 1013 et
3226 958 3475 1012 Nantino
3507 958 3715 1009 cOmite.

2236 1041 2369 1088 XXX
2384 1036 2511 1087 VIII.
2540 1038 2610 1086 De
2641 1036 2879 1087 Martino
2906 1032 3220 1106 Galliciensi
3238 1032 3498 1106 episcopo.
3537 1098 3599 1106 ___
3758 1096 3795 1106 Η

2235 1111 2457 1158 XXXIX.
2490 1110 2559 1157 De
2581 1105 2948 1168 persecutione
2974 1104 3412 1156 Christianorum
3448 1100 3506 1150 in
3530 1098 3839 1162 Hispaniis.

2234 1182 2329 1229 XL.
2354 1182 2424 1228 De
2444 1177 2678 1229 interitu
2702 1175 3074 1227 Chlodovechi.

2233 1252 2359 1301 XLI.
2396 1251 2465 1299 De
2494 1249 2664 1311 Elaﬁo
2695 1250 2743 1298 et
2779 1246 2954 1298 Eunio
2977 1245 3252 1309 episcopis.

2234 1323 2387 1371 XLII.
2422 1324 2491 1370 De
2514 1320 2704 1382 legatis
2735 1316 3163 1377 Gatlieiensibus,
3196 1329 3260 1367 ac
3288 1312 3570 1380 prodigiis.

2235 1394 2412 1443 XLIII.
2458 1389 2529 1440 De
2555 1390 2881 1441 Maurilione
2906 1390 3279 1441 Uadurcorum
3302 1386 3566 1451 episcopo.

2234 1463 2400 1511 XLIV.
2426 1463 2494 1511 De
2534 1461 2883 1511 altercatione
2904 1473 3025 1511 cum
3048 1458 3314 1509 haeretica.

2235 1534 2375 1581 XLV.
2407 1533 2476 1581 De
2501 1531 2582 1581 his
2606 1544 2718 1595 qua:
2741 1528 3070 1594 Chilpericus
3096 1527 3329 1593 scripsit.

2234 1605 2398 1652 XLVI.
2425 1605 2493 1652 De
2519 1601 2668 1653 obitu
2695 1603 2969 1665 Agrzculz
2999 1600 3251 1662 episcOpi.

2235 1676 2431 1723 XLVII.
2459 1676 2526 1723 De
2549 1672 2697 1724 obitu
2722 1673 2985 1724 Dalmatii
3009 1670 3260 1735 episcopi.

2234 1746 2461 1793 XLVIII.
2495 1746 2564 1794 De
2592 1743 2856 1795 comitatu
2881 1741 3158 1793 Eunomii.

2234 1813 2406 1865 XLIX.
2440 1816 2508 1864 De
2540 1814 2761 1866 malitia
2790 1812 3078 1866 Leudastis.

2235 1886 2288 1937 L.
2326 1874 2395 1935 De
2432 1884 2651 1937 insidiis
2691 1897 2824 1949 quas
2847 1883 2998 1935 nobis
3024 1881 3172 1945 fecit,
3202 1886 3251 1935 et
3286 1879 3521 1946 qualiter
3545 1880 3657 1942 ipse
3688 1875 3955 1929 humilia-

2300 1973 2379 2016 tus
2404 1968 2496 2016 est.

2235 2038 2314 2089 LI.
2343 2035 2465 2100 Quia
2485 2034 2672 2087 beatus
2693 2033 2906 2086 Salvius
2932 2033 2996 2086 de
3026 2031 3320 2096 Chilperico
3349 2026 3624 2095 praditcit.

1581 2299 2037 2415 LIBER
2114 2297 2796 2449 QUINTUS.

1887 2520 2495 2676 astrologus.

543 2704 683 2763 199
747 2698 943 2758 Taedet
996 2716 1088 2759 me
1134 2701 1417 2762 bellorum
1477 2703 1740 2762 civilium
1797 2703 2217 2763 diversitatesA
2240 2700 2590 2762 Scrutamini
2644 2701 2949 2775 diligenter
2988 2704 3251 2756 veterum
3303 2693 3529 2767 scripta,
3580 2698 3635 2751 et
3675 2693 3962 2752 videbitis

400 2870 401 2877 γ
460 2807 594 2864 quas
627 2792 979 2849 Francorum
1011 2798 1240 2865 gentem
1276 2801 1331 2851 et
1359 2810 1604 2873 regnum
1642 2795 1808 2852 valde
1839 2799 2157 2867 proterunt,

458 2898 712 2940 memore
766 2898 777 2936 :
827 2883 891 2941 in
951 2899 1089 2957 quo,
1141 2886 1294 2956 quod
1344 2886 1507 2958 pejus
1555 2892 1659 2955 est,
1718 2892 1946 2959 tempus
1990 2884 2159 2957 illud,
2204 2890 2207 2891 '

460 2970 617 3045 quod
637 2970 922 3029 Dominus
950 2972 1020 3030 de
1048 2971 1313 3030 dolorum
1345 2972 1615 3047 praedixit
1644 2958 1973 3048 initio/,jam
2000 2973 2160 3031 vide-

461 3076 612 3119 mus.
664 3060 969 3137 Consurgit
1018 3069 1178 3136 pater
1206 3066 1264 3119 in
1290 3065 1486 3134 filium,
1518 3067 1668 3135 ﬁlius
1700 3068 1757 3119 in
1782 3070 2016 3136 patrem,
2046 3066 2165 3130 fra—
2194 3070 2199 3075 “

460 3157 540 3207 ter
588 3154 645 3207 in
683 3154 937 3219 fratrem,
992 3156 1283 3227 promimus
1333 3158 1392 3210 in
1440 3157 1815 3227 propinquum
1839 3156 2061 3227 (Matth.
2096 3170 2157 3218 Χ,

461 3239 566 3313 21).
620 3240 913 3300 Debebant
951 3245 1108 3301 enim
1146 3259 1241 3302 eos
1273 3244 1540 3317 exempla
1567 3243 1927 3302 anteriorum
1956 3258 2161 3316 regum

463 3334 692 3401 terrere,
726 3332 831 3407 qui
863 3336 929 3391 ut
971 3332 1165 3402 divisi,
1199 3334 1398 3390 statim
1427 3332 1499 3389 ab
1528 3332 1781 3391 inimicis
1814 3339 1951 3391 sunt
1979 3332 2160 3390 inter-

464 3421 661 3493 empti.
703 3421 936 3489 Quoties
957 3428 1012 3479 et
1050 3423 1173 3496 ipsa
1204 3422 1351 3481 Urbs
1388 3422 1646 3493 urbium,
1676 3430 1730 3479 et
1760 3422 1933 3481 totius
1958 3422 2164 3480 mundi

464 3512 655 3580 caput,
689 3507 883 3564 iniens
911 3507 1060 3565 bella
1094 3509 1308 3580 civilia,
1353 3510 1501 3567 ruitl
1553 3525 1668 3583 quo
1715 3516 1989 3580 cessante,
2029 3526 2158 3568 rur-

2242 2792 2384 2864 quid
2414 2791 2608 2849 civilia
2641 2789 2794 2847 bella
2824 2786 3165 2861 parturiant.
3203 2780 3502 2856 Requirite
3531 2779 3671 2854 quid
3708 2780 3786 2838 de
3820 2780 3961 2839 Car—

2246 2881 2711 2954 thaginiensibus
2740 2878 2948 2936 scribat
3002 2874 3239 2935 Orosius
3268 2879 3289 2904 °
3325 2889 3337 2927 :
3374 2871 3473 2944 qui
3506 2886 3637 2927 cum
3665 2878 3805 2943 post
3831 2888 3964 2945 sep-

2243 2971 2529 3043 tingentos
2574 2986 2758 3027 annos
2790 2969 3123 3027 subversam
3158 2964 3307 3021 dicat
3335 2962 3625 3020 civitatem
3668 2968 3728 3018 et
3766 2960 3960 3033 regio~

2244 3077 2376 3117 nem
2396 3077 2615 3131 eorum,
2645 3058 2870 3117 addidit
2900 3078 2912 3116 :
2939 3082 2958 3107 ει
2988 3056 3127 3126 Qua)
3152 3071 3240 3112 res
3272 3069 3397 3111 eam
3424 3052 3625 3109 tandiu
3652 3051 3960 3109 servavit?

2242 3155 2563 3213 concordia.
2615 3152 2757 3223 Quas
2797 3169 2888 3211 res
2944 3167 3070 3209 eam
3110 3154 3235 3223 post
3280 3152 3433 3203 tanta
3471 3144 3765 3203 destruxit
3812 3151 3961 3202 tem-

2241 3243 2428 3319 pora?
2457 3245 2764 3303 discordia.
2817 3268 2843 3294 η
2896 3244 3101 3301 Cavete
3150 3237 3517 3306 discordiam,
3560 3242 3765 3293 cavete
3809 3236 3961 3295 bella

2242 3335 2458 3406 civilia,
2494 3351 2627 3408 quae
2671 3350 2773 3392 vos
2823 3332 3223 3407 populumque
3268 3337 3406 3395 201
3452 3332 3715 3385 vestrum
3766 3342 3959 3401 expu-

2243 3430 2444 3498 gnant.
2477 3423 2624 3492 Quid
2656 3422 2817 3480 aliud
2861 3419 3213 3495 sperandum
3253 3419 3381 3490 erit,
3416 3419 3528 3477 nisi
3558 3434 3696 3477 cum
3728 3420 3958 3477 exerci-

2247 3520 2342 3572 tus
2380 3518 2572 3571 vester
2602 3510 2893 3581 ceciderit,
2927 3525 3029 3567 vos
3073 3508 3199 3565 sine
3243 3507 3446 3565 solatio
3479 3506 3681 3575 relicti,
3717 3513 3899 3580 atque
3924 3525 3956 3565 a

463 3610 595 3653 sum
630 3595 798 3675 quasi
824 3611 898 3652 ex
926 3597 1107 3655 humo
1132 3600 1405 3657 surrexit.
1440 3598 1674 3657 Utinam
1700 3604 1755 3656 et
1777 3615 1898 3670 vos,
1924 3615 1957 3657 o
1978 3614 2160 3671 reges,
2246 3618 2280 3660 a
2308 3601 2574 3675 gentibus
2604 3599 2860 3659 adversis
2906 3598 3167 3673 oppressi
3213 3598 3475 3671 protinus
3524 3598 3816 3656 corruatis
3840 3600 3866 3654 ἲ)
3898 3597 3957 3657 Si

468 3680 527 3738 in
580 3683 672 3741 his
724 3682 960 3756 prteliis,
990 3684 1048 3742 in
1080 3686 1295 3759 quibus
1336 3693 1598 3759 parentes
1638 3687 1813 3745 vestri
1848 3687 2160 3747 desudave—
2250 3699 2323 3765 te,
2349 3708 2383 3750 o
2415 3707 2541 3761 rex,
2572 3690 2791 3749 bellum
2831 3690 3002 3750 civile
3031 3688 3291 3759 delectat,
3333 3687 3481 3747 illud
3508 3688 3664 3762 quod
3696 3690 3955 3763 Aposto-

466 3776 623 3842 runt,
655 3775 1176 3845 exerceremini,ut
1208 3782 1408 3850 gentes
1442 3785 1626 3836 vestra
1652 3794 1787 3852 pace
1813 3779 2155 3851 conterritis,
2241 3782 2333 3841 lus
2380 3784 2522 3853 (Gal.
2572 3793 2633 3852 V,
2690 3781 2771 3852 17)
2824 3781 2884 3838 in
2930 3780 3231 3838 hominem
3260 3778 3353 3851 agi
3402 3778 3686 3847 meminit,
3719 3795 3954 3852 exerce,

464 3863 669 3921 vestris
697 3863 921 3924 viribus
968 3870 1404 3939 premerentur!
1448 3869 1853 3928 Recordamini
1892 3870 2031 3942 quid
2061 3884 2157 3926 ca-
2241 3875 2306 3929 ut
2355 3869 2593 3943 spiritus
2630 3868 2997 3942 concupiscat
3045 3868 3324 3927 adversus
3379 3882 3631 3935 carnem,
3693 3874 3755 3925 et
3814 3870 3956 3926 vitia

461 3958 563 4025 put
592 3953 969 4013 victoriarum
1005 3964 1329 4017 vestrarum
1359 3958 1792 4017 Chlodovechus
1823 3958 2036 4027 fecerit,
2056 3958 2159 4030 qui
2240 3958 2555 4017 virtutibus
2580 3958 2804 4031 cedant,
2846 3964 2900 4016 et
2930 3963 2993 4017 tu
3020 3957 3167 4016 liber
3193 3956 3362 4030 capiti
3397 3963 3519 4023 tuo,
3562 3955 3620 4014 id
3660 3963 3755 4015 est
3787 3959 3956 4016 Chri-

463 4037 733 4100 adversos
763 4056 787 4082 ι
816 4060 978 4119 reges
1019 4044 1325 4118 interfecit,
1350 4045 1557 4105 noxias
1603 4053 1800 4121 gentes
1848 4049 2021 4118 elisit,
2053 4064 2219 4124 pa-B
2245 4056 2353 4119 sto,
2388 4049 2625 4120 servias,
2657 4050 2760 4123 qui
2797 4048 3091 4124 quondam
3129 4048 3306 4107 radici
3350 4048 3634 4109 malorum
3663 4052 3957 4110 serviens

460 4130 597 4189 trias
647 4140 847 4206 gentes
898 4137 1235 4211 subjugavit
1306 4158 1319 4197 :
1386 4154 1636 4214 quarum
1694 4154 1937 4213 regnum
1996 4138 2161 4198 vobis

457 4224 601 4283 200
630 4220 923 4297 integrum
961 4225 1333 4301 illeesumque
1374 4227 1628 4301 reliquit.
1664 4227 1737 4283 Et
1765 4242 1897 4284 cum
1929 4227 2035 4284 hoc
2074 4226 2162 4283 fa-

459 4315 626 4381 ceret,
654 4327 844 4386 neque
865 4329 1074 4373 aurum
1100 4316 1141 4386 δ,
1170 4332 1360 4390 neque
1380 4324 1707 4390 argentum,
1737 4316 1883 4375 sicut
1904 4332 2064 4375 nunc
2080 4322 2165 4376 est

456 4399 521 4457 in
550 4401 835 4461 thesauris
856 4404 1080 4474 vestris,
1106 4406 1370 4466 habebat.
1394 4407 1543 4476 Quid
1571 4405 1931 4481 agitis?quid
1958 4407 2165 4482 quaeri-

468 4488 542 4545 tis
566 4490 749 4562 ?quid
780 4508 898 4550 non
928 4493 1275 4552 abundatis?
1296 4496 1364 4553 In
1386 4495 1658 4554 domibus
1685 4495 1909 4553 deliciae
1934 4507 1956 4532 °
1974 4512 2163 4569 super-

463 4585 769 4650 crescunt;
812 4580 871 4638 in
902 4585 1312 4657 promptuariis
1355 4586 1583 4657 vinum,
1617 4586 1890 4659 triticum,
1934 4587 2160 4645 oleum-

459 4683 575 4741 que
605 4667 892 4727 redundat
922 4689 935 4742 ;
970 4671 1033 4729 in
1074 4673 1358 4734 thesauris
1396 4691 1608 4734 aurum
1656 4682 1827 4751 atque
1856 4684 2162 4750 argentum

462 4763 849 4818 coacervatur.
905 4760 1102 4821 Unum
1159 4765 1323 4823 vobis
1376 4765 1551 4835 deest,
1594 4766 1748 4840 quod
1802 4782 1999 4839 pacem
2044 4783 2161 4826 non

466 4845 760 4919 habentes,
795 4848 899 4906 Dei
948 4852 1127 4923 gratia
1166 4852 1455 4926 indigetis.
1488 4854 1604 4910 Cur
1643 4868 1800 4911 unus
1827 4854 1971 4912 tollit
1998 4854 2163 4912 alteri

462 4936 679 4991 suum?
738 4950 843 4993 cur
895 4936 1037 4996 alter
1091 4939 1119 4978 ἀ
1178 4939 1530 5013 concupiscit
1577 4938 1893 4998 alienum?
1957 4942 2163 4999 Cavete

464 5021 633 5093 illud,
667 5039 884 5097 quaeso,
914 5025 1171 5098 Apostoli
1199 5043 1211 5081 :
1256 5030 1321 5085 Si
1360 5031 1587 5084 invicem
1615 5030 1873 5084 mordctis
1918 5034 1968 5085 et
2000 5046 2164 5085 come-

463 5112 619 5184 ditis,
658 5114 836 5170 videte
864 5132 931 5171 ne
974 5118 1044 5173 ab
1085 5122 1315 5176 invicem
1347 5124 1741 5178 consumamini
1770 5123 1913 5195 (Gal.
1956 5133 2015 5192 V,
2052 5122 2162 5191 15).

432 5302 439 5325 κ
524 5279 544 5299 ι
576 5267 704 5336 Alii,
733 5268 985 5323 diversos.

527 5342 548 5372 δ
581 5340 714 5395 Hinc
758 5345 904 5406 patet
957 5341 1317 5398 Chlodoveum
1379 5344 1628 5411 ﬁliosque
1706 5346 1825 5408 ejus
1869 5358 1979 5397 non
2029 5344 2161 5398 mul-

464 5414 575 5489 tum
630 5413 844 5489 argenti
886 5424 1273 5489 coacervasse;
1303 5414 1451 5489 Unde
1501 5428 1666 5489 supra
1698 5415 1793 5468 lib.
1841 5428 1921 5489 ut,
1955 5427 2073 5489 cap.
2106 5417 2155 5478 7,

468 5474 834 5552 Iheodoﬂcus
876 5476 1013 5530 adeo
1043 5488 1189 5552 aegre
1249 5477 1455 5531 ferebat
1495 5474 1630 5531 dis'ci
1677 5474 1925 5542 argentei
1964 5474 2156 5545 priva;

465 5546 683 5603 tionem.

539 5627 556 5648 ο
589 5618 743 5676 Corb.
769 5621 824 5677 et
847 5617 1005 5681 Bell.,
1032 5616 1101 5673 In
1117 5618 1357 5677 domibus
1379 5618 1605 5676 militia.

2245 4140 2618 4211 compeditus.

2316 4227 2361 4284 Ι.
2389 4227 2575 4301 Igitur
2610 4228 2957 4302 interempto
3000 4227 3285 4301 Sigiberto
3315 4244 3447 4304 rege
3477 4229 3627 4302 apud
3660 4227 3954 4288 Victoria-

2244 4333 2377 4376 cum
2410 4318 2633 4391 villam,
2668 4316 3068 4377 Brunichildis
3112 4318 3311 4391 regina
3344 4333 3477 4377 cum
3516 4317 3655 4375 ﬁliis
3699 4318 3959 4377 Parisios

2243 4406 2547 4465 residebat.
2572 4407 2737 4477 Quod
2756 4408 2971 4466 factum
2998 4422 3135 4465 cum
3160 4406 3231 4465 ad
3257 4422 3385 4465 eam
3412 4408 3699 4481 perlatum
3725 4408 3954 4481 fuisset,

2246 4502 2301 4555 et
2324 4498 2659 4555 conturbata
2691 4498 2886 4557 dolore
2924 4513 2990 4555 ac
3034 4497 3214 4567 luctu,
3242 4497 3383 4571 quid
3411 4503 3601 4569 ageret
3632 4498 3954 4571 ignoraret,

2246 4585 2663 4645 Gundobaldus
2684 4586 2704 4621 τ
2722 4586 2842 4643 dux
2856 4586 3283 4659 apprehensum
3297 4584 3736 4644 Childebertum
3763 4588 3955 4648 ﬁlium

2245 4678 2369 4752 ejus
2395 4674 2703 4749 parvulum
2728 4673 2930 4734 furtim
2956 4673 3213 4746 abstulit,
3245 4680 3625 4748 ereptumque
3653 4676 3732 4734 ab
3767 4677 3960 4736 immi-

2247 4768 2407 4826 nenti
2442 4774 2644 4838 morte,
2694 4766 3061 4841 collectisque
3105 4765 3374 4837 gentibus
3410 4780 3583 4837 super
3612 4781 3766 4839 quas
3802 4776 3957 4841 pater

2243 4858 2369 4931 ejus
2385 4873 2629 4929 regnum
2659 4862 2938 4921 tenuerat,
2966 4871 3159 4928 regem
3186 4855 3456 4923 instituit,
3477 4854 3577 4912 vix
3604 4854 3798 4914 lustro
3830 4866 3960 4915 teta-

2247 4946 2317 5003 tis
2346 4960 2465 5003 uno
2474 4945 2595 5016 jam
2623 4951 2880 5017 peracto:
2902 4944 3003 5018 qui
3032 4944 3123 5001 die
3155 4942 3433 5001 dominici
3467 4941 3683 4999 Natalis
3714 4959 3960 5019 regnare

2244 5033 2431 5107 coepit.
2465 5034 2636 5090 Anno
2666 5032 2846 5104 igitur
2876 5032 3063 5106 primo
3088 5030 3250 5106 regni
3276 5031 3419 5104 ejus,
3456 5032 3826 5105 Chilpericus
3856 5052 3956 5093 rex

2247 5122 2495 5181 Parisios
2536 5122 2714 5193 venit,
2744 5123 3278 5196 apprehensamque
3317 5121 3762 5181 Brunichildem
3805 5126 3954 5199 apud

2308 5262 2328 5292 ⁴
2358 5262 2484 5322 Alii,
2513 5262 2677 5316 alteri
2698 5276 2877 5324 suum,
2897 5276 3021 5315 cum
3042 5262 3183 5315 alter
3210 5262 3533 5327 concupiscit
3568 5261 3841 5320 alienum.

2306 5343 2325 5365 θ
2359 5333 2514 5387 Liber
2563 5338 2805 5400 quartus,
2852 5334 3191 5398 potissimum
3243 5346 3277 5386 a
3324 5345 3443 5399 cap.
3491 5334 3543 5396 6,
3586 5346 3735 5399 pene
3780 5338 3959 5390 omnis

2243 5408 2324 5459 est
2361 5406 2430 5459 de
2464 5404 3014 5468 Carthaginiensibus.
3540 5416 3551 5421 ‘

2303 5478 2320 5514 ι
2359 5477 2443 5529 Sic
2487 5477 2619 5530 editi
2662 5488 2787 5529 cum
2841 5478 3065 5541 Begu;
3112 5488 3240 5533 mss.
3316 5475 3581 5544 plerique.
3645 5473 3955 5534 Gundoval-

2240 5548 2360 5605 dus.
2382 5548 2538 5603 Corb.
2572 5544 2954 5604 Gundovaldus
2981 5561 3094 5603 rex.
3320 5623 3349 5653 χ
