4016 6338
31 266 117 327 317

1010 252 1370 315 HISTORIA
1409 253 1888 320 FRANCOBUM.
1932 258 2159 319 LIBER
2197 257 2542 328 QUINTUS.
2600 220 2611 237 “

3417 259 3525 321 318

33 390 547 459 Rothomagensem
573 383 869 443 civitatem
890 382 954 440 in
975 379 1252 441 exsilium
1278 380 1467 451 trusit,
1499 380 1796 446 thesau-A
1816 388 2032 457 autem,
2060 384 2162 458 qui
2192 398 2225 441 a
2251 389 2401 442 sorte
2432 382 2704 457 Sigiberti
2732 399 2793 442 se
2818 384 2889 441 ad
2922 368 3311 457 Chilpericum
3341 390 3524 444 trans-

32 490 223 547 resque
279 472 414 544 ejus
456 487 602 545 quos
639 469 891 529 Parisios
930 468 1232 539 detulerat,
1267 466 1549 525 abstulit:
1586 468 1738 528 ﬁlias

35 585 145 629 vero
174 568 311 641 ejus
348 564 559 623 Meldis
591 578 614 603 ι
642 562 785 622 urbe
838 561 1018 619 teneri
1074 560 1358 633 prmcepit.
1394 558 1559 616 Tunc
1587 560 1736 618 Boc-

35 660 253 725 colenus
288 654 311 681 δ
351 668 489 711 cum
535 648 979 709 Cenomannicis
1009 646 1260 704 Turonis
1298 645 1478 717 venit,
1510 653 1563 703 et
1597 662 1738 719 prte-

36 748 113 803 das
142 736 282 817 egit,
314 746 377 799 et
402 740 584 799 multa
612 739 823 796 scelera
840 737 973 794 fecit
997 755 1009 793 :
1036 736 1192 808 quod
1220 735 1279 792 in
1306 735 1569 809 sequenti
1597 751 1740 807 qua-

36 841 204 897 htera
252 836 479 893 virtute
535 831 684 889 beati
739 827 973 888 Martini
1025 845 1129 902 pro
1179 829 1352 888 tantis
1396 828 1567 888 malis
1610 845 1773 905 quae,

36 928 205 1004 gessit,
239 938 568 998 percussus
593 920 834 989 interiit,
867 918 1326 977 memorabimus
1354 934 1376 958 ο
1400 964 1413 978 .

92 1016 163 1074 II.
189 1013 567 1085 Chilpericus
595 1026 731 1069 vero
757 1010 947 1067 illium
969 1024 1142 1068 suum
1174 1009 1581 1070 Merovechum
1606 1026 1742 1070 cum

40 1107 285 1164 exercitu
320 1102 575 1162 Pictavis
618 1099 835 1174 dirigit.
888 1104 965 1156 At
1008 1100 1107 1158 ille
1152 1100 1351 1159 relicta
1380 1101 1742 1161 ordinatione

40 1192 218 1267 patris,
252 1190 516 1249 Turonis
551 1188 729 1258 venit,
771 1187 969 1261 ibique
997 1192 1052 1245 et
1079 1187 1201 1247 dies
1250 1196 1477 1248 sanctos
1508 1190 1743 1248 Pascha;

42 1283 231 1338 tenuit.
276 1280 540 1338 Multum
586 1281 742 1337 enim
785 1279 1079 1351 regionem
1108 1278 1270 1337 illam
1301 1282 1589 1339 exercitus
1618 1281 1743 1353 ejus

42 1370 293 1428 vastavit.
316 1367 452 1441 Ipse
469 1383 603 1426 vero
624 1367 910 1426 simulans
930 1367 1002 1425 ad
1028 1372 1270 1426 matrem
1287 1385 1451 1427 suam
1472 1370 1556 1427 ire
1575 1370 1741 1443 velle,

46 1461 470 1533 Rothomagum
497 1459 679 1532 petiit,
727 1464 781 1516 et
823 1459 906 1517 ibi
934 1458 1301 1518 Brunichildi
1349 1461 1565 1535 reginas
1608 1457 1748 1521 con-

40 1549 314 1620 jungitur,
357 1561 598 1620 eamque
652 1546 761 1605 sibi
811 1548 873 1604 in
923 1547 1292 1607 matrimonio
1317 1550 1575 1611 sociavit.
1609 1551 1750 1610 Haec

47 1645 171 1701 202
219 1638 481 1696 audiens
534 1636 913 1710 Chilpericus,
968 1638 1121 1709 quod
1177 1638 1394 1698 scilicet
1433 1646 1631 1699 contra
1663 1642 1749 1700 fas

1821 472 2050 544 tulerat,
2082 480 2135 531 et
2164 474 2361 532 multis
2390 475 2461 532 ab
2505 491 2571 533 eo
2618 475 2961 534 muneribus
2994 474 3375 549 locupletatus
3412 483 3516 548 est,

1821 570 1990 637 caput
2014 564 2151 622 belli
2181 564 2349 643 istius
2386 564 2533 636 fuit;
2578 566 2675 623 sed
2722 565 2784 622 in
2823 580 3021 639 campo
3062 566 3268 637 victus,
3302 568 3527 640 primus

1824 656 1959 727 fuga
1986 644 2300 713 dilabittir‘:
2352 654 2523 713 villas
2563 671 2699 714 vero
2727 670 2873 729 quas
2911 656 2964 713 ei
3002 672 3108 713 rex
3154 673 3187 714 a
3217 658 3353 716 iisco
3383 665 3527 723 203

1822 741 1885 799 in
1917 743 2195 801 territorio
2215 741 2580 802 Suessionico
2610 745 2948 815 indulserat,
2978 745 3231 817 abstulit,
3253 754 3308 805 et
3334 749 3529 807 basili-

1824 850 1906 891 cae
1935 834 2179 893 contulit
2208 835 2360 893 beati
2392 836 2669 894 Medardi.
2702 838 2831 910 Ipse
2856 852 3086 912 quoque
3113 838 3372 897 Godinus
3408 856 3527 898 non

1823 930 1950 997 post
1996 923 2248 982 multum
2303 931 2533 996 tempus
2584 926 2885 1000 repentina
2940 932 3123 984 morte
3174 933 3525 1000 praeventus,

1824 1014 2064 1072 interiit.
2118 1014 2298 1088 Cujus
2344 1016 2651 1089 conjugem
2698 1016 3122 1089 Rauchingusi
3160 1020 3394 1091 accepit,
3437 1018 3529 1076 vir

1828 1109 1989 1167 omni
2018 1111 2267 1168 vanitate
2319 1111 2591 1183 repletus,
2648 1111 2919 1185 superbia
2974 1112 3251 1182 tumidus,
3284 1111 3531 1170 elatione

1826 1204 2167 1271 protervus;
2218 1200 2317 1275 qui
2352 1216 2411 1259 se
2460 1201 2539 1257 ita
2586 1216 2719 1258 cum
2749 1201 3040 1273 subjectis
3064 1203 3285 1274 agebat,
3318 1209 3381 1261 ut
3410 1217 3528 1261 non

1828 1293 2192 1359 cognosceret
2248 1286 2309 1343 in
2360 1304 2421 1345 se
2469 1287 2691 1361 aliquid
2732 1289 3112 1346 humanitatis
3164 1290 3393 1360 habere,
3430 1291 3529 1349 sed

1830 1373 1981 1433 ultra
2036 1375 2273 1433 modum
2326 1376 2600 1435 humanm
2629 1375 2868 1433 malitia)
2916 1382 3089 1449 atque
3138 1376 3530 1436 stultitia—lin

1830 1480 1965 1523 suos
1995 1464 2338 1537 desaeviens,
2371 1466 2620 1524 nefanda
2654 1464 2803 1523 male
2832 1466 3082 1537 gerebat.
3133 1468 3281 1525 Nam
3325 1468 3373 1525 si
3402 1472 3536 1525 ante

1831 1569 1987 1624 eum,
2020 1560 2085 1612 ut
2111 1554 2318 1612 assolet
2343 1556 2401 1627 ιι,
2437 1556 2705 1614 convivio
2732 1563 2998 1614 urentem
3026 1573 3169 1630 puer
3196 1572 3428 1616 cereum
3458 1564 3533 1616 te-

1833 1642 2075 1713 nuisset,
2118 1644 2330 1702 nudari
2367 1645 2494 1718 ejus
2522 1645 2691 1703 tibias
2729 1644 2993 1718 faciebat,
3045 1654 3219 1718 atque
3248 1648 3446 1706 tandiu
3473 1647 3537 1706 in

46 1728 340 1802 legemque
374 1727 707 1785 canonicam
736 1742 981 1786 uxorem
1016 1729 1205 1801 patrui
1234 1732 1559 1803 accepisset,
1584 1731 1807 1802 valdeB
1832 1733 1923 1791 his
1951 1748 2183 1791 cereum
2209 1733 2532 1805 comprimi,
2565 1736 2746 1792 donec
2785 1735 3010 1794 lumine
3036 1738 3399 1810 privaretur:
3438 1737 3538 1796 ite-

48 1834 285 1889 amarus,
321 1816 480 1875 dicto
529 1816 698 1874 citius
743 1816 813 1873 ad
854 1831 1025 1889 supra
1060 1825 1441 1877 memoratum
1474 1820 1747 1893 oppidum

50 1910 249 1983 dirigit.
281 1911 368 1967 At
407 1908 495 1965 illi
521 1924 655 1967 cum
709 1908 835 1983 haec
863 1910 1287 1983 cognovissent,
1324 1910 1476 1983 quod
1516 1912 1747 1973 eosdem

48 1980 301 2073 separare
357 1999 721 2067 decerneret;
762 1980 841 2073 ad
887 1980 1185 2056 basilicam
1250 1980 1433 2058 sancti
1491 2001 1748 2078 Martini,

50 2106 162 2164 quae
184 2106 374 2163 super
400 2103 595 2148 muros
618 2088 865 2147 civitatis
888 2087 1095 2161 ligneis
1118 2089 1332 2147 tabulis
1354 2090 1625 2151 fabricata
1645 2101 1748 2168 est,

48 2178 388 2251 confugium
428 2178 666 2236 faciunt.
688 2180 811 2235 Rex
828 2191 964 2235 vero
995 2178 1332 2249 adveniens,
1365 2195 1498 2238 cum
1521 2180 1582 2238 in
1606 2183 1753 2242 mul-

54 2273 111 2327 tis
138 2270 406 2344 ingeniis
427 2260 522 2328 eos
549 2269 763 2327 exinde
791 2268 1022 2326 auferre
1046 2268 1347 2340 niteretur,
1371 2277 1427 2327 et
1450 2271 1538 2329 illi
1558 2272 1753 2333 dolose

54 2382 171 2424 eum
211 2370 493 2440 putantes
528 2364 730 2434 facere,
764 2378 883 2422 non
920 2362 1235 2434 crederent,
1278 2364 1500 2438 juravit
1548 2368 1631 2426 eis
1665 2369 1759 2427 di-

56 2471 177 2511 cens
204 2473 219 2512 :
254 2453 346 2523 Si,
380 2453 589 2525 inquit,
620 2452 886 2511 voluntas
917 2451 1021 2510 Dei
1040 2452 1215 2511 fuerit
1235 2454 1294 2526 ἀ,
1326 2455 1447 2527 ipse
1477 2455 1582 2516 hos
1604 2474 1761 2531 sepa-

1833 1843 1965 1886 rum
1978 1842 2110 1886 cum
2132 1826 2499 1886 illuminatus
2516 1828 2734 1899 fuisset,
2760 1828 3027 1886 similiter
3047 1828 3307 1901 faciebat,
3333 1846 3542 1904 usque-

1833 1919 1978 1977 dum
2026 1924 2159 1976 totee
2200 1919 2355 1977 tibia:
2394 1918 2599 1977 famuli
2654 1922 2896 1977 tenentis
2935 1927 3341 1979 exurerentur.
3375 1921 3539 1990 Quod

1834 2009 1883 2066 si
1913 2023 2113 2066 vocem
2144 2007 2423 2081 emittere,
2458 2015 2558 2068 aut
2602 2025 2680 2068 se.
2713 2010 2783 2067 de
2836 2010 2956 2068 loco
3002 2009 3103 2068 illo
3138 2010 3250 2068 alia
3291 2012 3353 2068 in
3382 2017 3541 2084 parte

1834 2114 2067 2157 movere
2096 2105 2336 2157 conatus
2358 2100 2579 2171 fuisset,
2608 2100 2803 2158 nudus
2830 2100 2985 2158 illico
3011 2100 3241 2173 gladius
3272 2101 3541 2160 immine-

1833 2189 1968 2260 bat;
2001 2188 2291 2264 iiebatque
2318 2194 2383 2248 ut
2428 2189 2536 2248 hoc
2586 2189 2779 2260 ﬂente,
2832 2188 2937 2248 iste
2968 2205 3176 2262 magna
3206 2189 3404 2248 laetitia
3431 2206 3540 2249 ex—

1836 2278 2098 2337 sultaret.
2131 2278 2381 2337 Aiebant
2407 2278 2565 2336 enim
2595 2277 2853 2352 quidam,
2888 2294 2954 2336 eo
3004 2284 3275 2357 tempore.
3297 2280 3443 2337 duos
3472 2279 3545 2337 de

1838 2369 2076 2428 famulis
2101 2370 2250 2442 ejus,
2283 2376 2347 2428 ut
2378 2385 2528 2442 smpe
2557 2368 2859 2442 contingit,
2890 2374 3098 2427 mutuo
3128 2385 3188 2427 se
3227 2384 3423 2427 amore
3450 2368 3544 2427 di-

1840 2458 2073 2530 lexisse,
2105 2457 2303 2517 virum
2332 2458 2547 2518 scilicet
2592 2465 2645 2518 et
2692 2458 2965 2532 puellam.
3011 2459 3275 2533 Cumque
3301 2460 3425 2518 haec
3452 2458 3544 2517 di-

57 2559 169 2601 rere
196 2558 326 2600 non
358 2546 678 2599 conaretur.
710 2541 849 2600 Haec
875 2540 964 2598 illi
996 2548 1350 2599 sacramenta
1388 2544 1688 2605 audientes
1715 2559 1757 2618 ε,
1843 2546 2009 2604 lectio
2043 2561 2145 2619 per
2199 2545 2451 2604 duorum
2503 2561 2792 2604 annorum
2844 2552 2946 2605 aut
2984 2562 3050 2604 eo
3088 2547 3338 2620 amplius
3368 2544 3550 2621 spatia

58 2634 116 2689 de
147 2630 399 2689 basilice
431 2630 642 2705 egressi
674 2636 832 2703 sunt,
867 2631 1332 2706 exosculatisque
1380 2640 1435 2691 et
1462 2636 1762 2709 dignanter
1844 2636 2190 2704 traheretur,
2241 2634 2530 2708 conjuncti
2604 2634 2817 2709 pariter
2871 2636 3171 2695 ecclesiam
3236 2636 3546 2709 petierunt.

56 2722 317 2796 arreptis,
374 2721 625 2794 epulavit
674 2737 809 2781 cum
862 2721 965 2781 eis.
1021 2722 1153 2781 Post
1194 2724 1317 2782 dies
1366 2741 1502 2784 vero
1529 2743 1759 2801 paucos,
1845 2727 2007 2797 Quod
2033 2742 2169 2785 cum
2194 2725 2572 2799 Rauchingus
2602 2725 2990 2800 comperisset,
3022 2725 3238 2784 accedit
3267 2727 3338 2784 ad
3360 2740 3548 2783 sacer-

56 2811 369 2881 adsumpto
397 2825 591 2868 secum
630 2825 733 2867 rex
762 2808 1123 2881 Merovecho,
1160 2812 1500 2871 Suessiones
1530 2815 1549 2850 ί
1573 2816 1761 2874 rediit.
1847 2818 2039 2876 dotem
2075 2818 2219 2885 loci;
2256 2822 2414 2891 rogat
2455 2817 2565 2876 sibi
2595 2817 2861 2891 protinus
2898 2816 3059 2875 reddi
3109 2832 3247 2875 suos
3293 2814 3544 2873 famulos

120 2899 222 2961 III.
266 2900 425 2958 Cum
473 2906 667 2959 autem
715 2898 932 2957 ibidem
982 2908 1501 2974 commorerentur,
1542 2905 1765 2964 collecti
1847 2914 2170 2967 excusatos.
2224 2907 2386 2966 Tunc
2426 2907 2684 2965 sacerdos
2730 2907 2809 2965 ait
2852 2905 2923 2963 ad
2970 2921 3106 2964 eum
3132 2924 3157 2969 ς,
3198 2904 3359 2963 Nosti
3388 2903 3546 2961 enim

58 2993 226 3065 aliqui
256 2993 338 3051 de
374 2991 703 3065 Campania,
730 2990 1070 3050 Suessiones
1098 2992 1302 3051 urbem
1329 2995 1763 3069 aggrediuntur,
1849 3014 1981 3073 quae
2001 2997 2294 3057 veneratio
2317 2996 2519 3055 debeat
2534 2996 2790 3070 impendi
2812 2994 3068 3054 ecclesiis
3089 2994 3213 3052 Dei.
3239 2992 3366 3052 Non
3387 2989 3542 3050 enim

61 3085 376 3157 fugataque
405 3098 481 3140 ex
512 3098 579 3140 ee
614 3082 992 3155 Fredegunde
1036 3083 1257 3155 regina,
1304 3089 1477 3157 atque
1518 3083 1825 3162 Cblodo-c
1848 3092 2059 3168 poteris
2082 3107 2179 3150 eos
2208 3090 2483 3165 accipere,
2519 3090 2634 3147 nisi
2680 3094 2743 3148 ut
2774 3088 2945 3146 fidem
2996 3087 3173 3144 facias
3198 3086 3270 3143 de
3318 3098 3550 3157 perma-

65 3176 229 3233 vecho
244 3173 378 3231 ﬁlio
400 3172 724 3246 Chilperici,
764 3172 1033 3231 volebant
1052 3172 1161 3231 sibi
1187 3174 1429 3233 subdere
1452 3175 1762 3239 civitatem.

68 3265 219 3334 Quod
267 3270 341 3322 ut
375 3262 733 3336 Cbilpericus
776 3278 881 3320 rex
919 3264 1192 3337 comperit
1222 3274 1284 3330 ε,
1328 3280 1463 3323 cum
1506 3268 1764 3326 exercitu

65 3359 189 3415 illuc
218 3356 468 3426 direxit,
502 3355 733 3413 mittens
763 3355 998 3413 nuntios
1032 3371 1107 3412 ne
1151 3355 1263 3413 sibi
1301 3355 1580 3429 injuriam
1614 3358 1765 3416 face-

64 3457 197 3521 rent,
228 3458 290 3508 et
322 3448 623 3507 excidium
663 3449 734 3506 de
769 3455 1015 3523 utroque
1058 3448 1317 3507 eveniret
1346 3451 1625 3511 exercitu.
1669 3451 1765 3512 Illi

66 3546 251 3599 autem
314 3541 447 3610 haec
499 3538 872 3611 negligentes,
929 3545 1330 3611 praeparantur
1382 3540 1454 3597 ad
1502 3542 1762 3602 bellum:

68 3632 494 3703 summissoque
541 3628 741 3701 praelio
768 3626 1019 3686 invaluit
1060 3642 1191 3701 pars
1236 3628 1565 3703 Chilperici,
1596 3637 1768 3706 atque

69 3722 290 3793 fugavit
313 3725 539 3794 partem
576 3717 687 3776 sibi
717 3719 1039 3788 adversam,
1076 3715 1288 3776 multos
1316 3734 1391 3776 ex
1417 3735 1484 3777 ea
1506 3726 1773 3781 strenuos

72 3825 234 3890 atque
296 3814 477 3874 utiles
528 3814 681 3872 viros
738 3820 1124 3888 prosternens,
1172 3813 1500 3888 fugatisque
1537 3815 1775 3890 reliquis

72 3906 415 3967 Suessiones
442 3903 785 3978 ingreditur.
819 3904 961 3974 Qua:
989 3909 1291 3977 postquam
1329 3911 1452 3963 acta
1480 3913 1635 3979 sunt,
1670 3923 1775 3967 rex

76 4003 301 4069 propter
348 3993 815 4067 conjugetionem
854 3990 1268 4064 Brunichildis,
1310 4001 1639 4067 suspectum
1665 3997 1769 4056 ha-

76 4087 199 4144 bere
230 4085 414 4158 caepit
464 4083 874 4141 Merovechum
927 4081 1121 4141 ﬁlium
1168 4099 1364 4155 suum,
1408 4083 1624 4157 dicens,
1666 4087 1773 4145 hoc

78 4174 342 4246 praelium
384 4172 508 4245 ejus
542 4171 801 4245 nequitia
838 4171 1195 4230 surrexisse:
1238 4172 1662 4248 spoliatumque
1698 4177 1771 4234 ab

80 4267 273 4334 armis,
325 4263 475 4321 datis
519 4262 857 4321 custodibus
900 4261 1083 4319 libere
1108 4262 1130 4291 ¹³
1157 4263 1432 4321 custodiri
1474 4266 1765 4339 praecepit,

82 4362 330 4413 tractans
358 4352 501 4426 quid
528 4352 600 4410 de
636 4367 703 4410 eo
751 4351 813 4409 in
853 4350 1147 4424 posterum
1178 4350 1485 4411 ordinaret.
1516 4353 1776 4412 Godinus

1785 4461 1836 4520 D

1850 3189 2253 3242 nenteieorum
2301 3179 2746 3253 conjunctione;
2794 3176 3063 3234 similiter
3092 3182 3146 3233 et
3177 3181 3243 3233 ut
3278 3174 3348 3230 de
3386 3171 3550 3231 omni

1848 3288 2020 3348 poena
2040 3268 2320 3343 corporali
2346 3268 2513 3326 liberi
2541 3271 2829 3335 maneant,
2860 3264 3222 3337 repromittas
3245 3263 3259 3301 ι
3282 3305 3295 3319 .
3332 3262 3407 3319 At
3427 3260 3549 3332 ille,

1847 3381 1981 3424 cum
2011 3363 2112 3422 diu
2140 3360 2450 3435 ambiguus
2481 3360 2821 3433 cogitatione
2848 3359 3120 3429 siluisset,
3152 3356 3383 3415 tandem
3408 3369 3550 3412 con-

1852 3469 2056 3527 versus
2086 3453 2157 3511 ad
2187 3452 2555 3522 sacerdotem,
2587 3451 2778 3524 posuit
2799 3465 3007 3507 manus
3034 3463 3167 3507 suas
3191 3460 3365 3519 super
3384 3443 3550 3502 altari

1853 3556 1987 3601 cum
2016 3540 2366 3614 juramento,
2393 3538 2624 3596 dicens:
2674 3536 2821 3607 Quia
2850 3550 3156 3608 nunquam
3195 3540 3367 3591 erunt
3393 3547 3427 3589 e
3454 3545 3551 3587 me
3588 3552 3589 3555 η

1852 3629 2177 3704 separandi,
2209 3629 2307 3687 sed
2334 3628 2527 3702 potius
2556 3642 2660 3700 ego
2685 3626 2910 3698 faciam,
2948 3630 3015 3683 ut
3048 3624 3113 3681 in
3158 3624 3265 3680 hac
3303 3620 3554 3692 conjun-

1854 3718 2049 3778 ctione
2067 3720 2477 3791 permaneant:
2530 3716 2668 3789 quia
2695 3725 3032 3787 quanquam
3065 3709 3210 3767 mihi
3245 3708 3551 3767 molestum

1858 3812 2052 3884 fuerit,
2085 3810 2239 3886 quod
2269 3810 2485 3884 absque
2529 3806 2644 3866 mei
2673 3806 2903 3867 consilii
2939 3800 3310 3864 conniventia
3336 3813 3376 3838 ω
3418 3797 3553 3856 talia

1857 3911 2004 3969 204
2035 3903 2150 3961 sint
2176 3908 2354 3974 gesta,
2385 3899 2531 3959 illud
2562 3905 2754 3956 tamen
2800 3896 2988 3955 libens
3038 3892 3369 3967 amplector,
3400 3888 3553 3963 quod

1855 4009 1960 4052 nec
2006 3992 2099 4050 hic
2151 3989 2423 4065 ancillam
2457 3985 2714 4057 alterius,
2759 3999 2952 4057 neque
2984 3984 3110 4041 haec
3138 3978 3401 4039 extranei
3431 3993 3554 4035 ser-

1854 4100 1997 4142 vum
2048 4080 2344 4153 acceperit.
2412 4075 2667 4135 Credidit
2728 4073 2990 4132 sacerdos
3047 4071 3148 4129 ille
3212 4067 3552 4142 simpliciter

1851 4162 2221 4246 promissioni
2249 4165 2506 4225 hominis
2533 4162 2746 4233 callidi,
2781 4162 3145 4234 reddiditque
3162 4158 3429 4217 homines
3458 4171 3559 4214 ex-

1850 4268 2098 4321 cusatos.
2144 4258 2367 4329 Quibus
2417 4256 2516 4313 ille
2551 4252 2816 4325 acceptis,
2849 4260 2904 4309 et
2939 4250 3150 4323 gratias
3194 4262 3391 4320 agens,
3420 4246 3556 4303 abs-

1857 4354 2024 4413 cessit
2058 4352 2127 4410 ad
2156 4351 2396 4409 domum
2424 4360 2609 4416 suam,
2641 4349 2697 4401 et
2757 4340 2953 4399 statim
2997 4337 3172 4414 jussit
3201 4335 3339 4395 elidi
3383 4334 3551 4394 arbo-

131 4574 150 4592 ι
188 4562 276 4613 Sic
338 4562 517 4622 Regm.
594 4561 647 4609 et
707 4558 882 4619 Bad.;
944 4557 1092 4618 Bec.,
1162 4556 1440 4609 Metedum.
1504 4558 1610 4608 Abi
1667 4508 1833 4612 tres-
1868 4550 2057 4603 stodiae
2102 4543 2683 4622 committebanturigut
2731 4542 2882 4622 notet
2910 4532 3556 4622 Hiergnymusziu‘llibjr

77 4646 226 4691 mss,
261 4630 508 4682 Helcdus.
550 4629 680 4681 Editi
710 4628 978 4693 plerique,
1013 4628 1245 4690 Meledis,
1271 4627 1437 4691 vulgo
1473 4629 1682 4680 Meaux.

132 4706 153 4734 ε
184 4705 319 4761 Alii,
387 4701 731 4754 Ruocutenus.
803 4699 1019 4762 Regm.,
1075 4699 1373 4752 Rotolenus.
1434 4701 1587 4762 Bec.,
1650 4700 1779 4755 Ruc-

74 4778 308 4832 colenus,
350 4778 405 4825 et
435 4772 592 4833 intra,
622 4783 739 4835 cap.
771 4770 817 4828 4,
845 4768 1177 4829 Ruccolt'nus,
1203 4783 1302 4821 seu
1336 4769 1648 4824 Rututenus.

98 4847 332 4926 Infra
366 4856 493 4926 ἓν.
538 4844 587 4901 4,
622 4846 675 4895 et
700 4842 757 4891 in
800 4839 894 4892 lib.
928 4854 969 4892 ιι
1014 4842 1083 4894 de
1132 4840 1402 4897 Mireculis
1436 4844 1612 4894 sancti
1640 4843 1774 4895 Mar-

77 4915 447 5048 “iﬁﬁgiqi:
473 4984 600 5037 editi
646 4996 770 5035 cum
816 4982 968 5045 Bec.,
1027 4981 1192 5047 foret.
1247 4981 1410 5045 Bad.,
1462 4982 1622 5048 foret,
1668 4985 1779 5051 ipse

82 5072 164 5109 ros
190 5070 452 5121 separare
473 5068 581 5107 non
600 5065 843 5107 conarer.
1354 5112 1359 5118 ι

116 5138 152 5207 ,ο
188 5130 317 5186 Alii,
374 5127 712 5189 accipientes.
773 5125 832 5177 Et
862 5122 1003 5176 intra
1051 5122 1226 5187 Colb.,
1268 5124 1517 5190 epulatus
1543 5130 1615 5180 est
1653 5140 1780 5179 cum

82 5213 312 5351 £31.11...
362 5268 640 5330 Sessiones,
703 5269 759 5320 et
806 5268 1055 5322 inferius.
1110 5266 1297 5330 Regm.
1362 5279 1497 5321 vero
1546 5269 1599 5321 et
1628 5268 1780 5329 Bec.,

84 5345 375 5466 88:33:11;
421 5409 662 5463 Valesius
704 5411 794 5464 hic
827 5410 930 5463 sibi
965 5411 1068 5476 ipsi
1104 5410 1436 5463 contrarium
1485 5420 1609 5462 esse
1658 5408 1785 5461 Gre-

84 5486 310 5547 gorium,
354 5484 447 5547 qui
503 5481 868 5546 Chilpericum
922 5481 1302 5535 Suessionibus
1355 5483 1783 5532 commorantem

83 5556 357 5677 ifiieit;tet
387 5558 568 5607 tamen
617 5554 685 5608 de
735 5565 798 5607 eo
830 5553 910 5607 sic
942 5552 1203 5620 loquitur,
1248 5552 1405 5618 quasi
1449 5551 1524 5603 ibi
1551 5562 1665 5603 non
1686 5550 1779 5604 ad-

104 5637 253 5678 nisse
279 5664 295 5678 .
1164 5668 1167 5669 ν

148 5668 321 5751 7'61}:
372 5696 616 5753 illustres
664 5695 1016 5755 honestorum
1084 5668 1302 5762 semper
1358 5694 1637 5751 hominum
1686 5702 1781 5749 cu-

1859 4622 2071 4674 advers.
2133 4618 2497 4681 Vigilantium.
2572 4604 2699 4664 Vide
2774 4611 2867 4663 lib.
2940 4604 3555 4681 iideAGloriaMart-u

1860 4705 1978 4756 cap.
2025 4692 2105 4744 45.
2147 4676 2446 4740 Βὲιὶσαιατη
2496 4684 2800 4737 custodiam
2829 4680 3067 4748 appellat
3106 4678 3318 4731 Pontius
3350 4677 3406 4728 in
3448 4676 3557 4729 Vita

1862 4755 2036 4814 sancti
2070 4759 2343 4823 Cypriani,
2372 4768 2523 4809 num.
2552 4755 2627 4805 15.

1921 4871 1931 4900 ‘
1962 4869 2080 4930 Alii,
2114 4862 2503 4917 Rauchinchus.

1916 4982 1931 5027 1
1964 4976 2117 5029 Corb.
2140 4978 2191 5028 et
2213 4972 2363 5035 Bell.,
2386 4972 2537 5023 ultra
2567 4965 2791 5020 modum
2814 4965 2976 5025 atque
3004 4958 3312 5012 stultitiam.

1920 5085 1941 5115 ἰ
1980 5083 2063 5133 Sic
2103 5082 2158 5131 in
2210 5079 2347 5131 libro
2404 5090 2443 5128 ιι
2509 5074 2714 5136 Dialog.
2749 5071 2797 5122 S.
2864 5065 3124 5129 Gregorii,
3163 5077 3282 5128 cap.
3325 5063 3404 5125 20,
3437 5075 3561 5117 mo-

1863 5152 2073 5206 nachus
2124 5151 2342 5215 quidem
2401 5148 2450 5200 8.
2506 5146 2555 5197 Ρ.
2608 5140 2897 5195 Benedicto
2947 5137 3015 5190 ad
3057 5148 3305 5191 mensem
3351 5136 3565 5190 sedenti

1863 5225 2145 5277 lucernam
2169 5219 2403 5273 tenebat.
2934 5234 2937 5245 ι

1930 5333 2154 5385 lExstat
2217 5341 2282 5382 ea
2340 5327 2409 5379 de
2455 5338 2519 5379 re
2572 5320 2804 5376 formula
2836 5316 2980 5385 apud
3031 5292 3371 5382 ilignouium,
3422 5316 3561 5366 inter

1865 5408 2083 5527 vetfrcis
2142 5400 2333 5454 incerti
2394 5396 2632 5452 auctoris
2678 5405 2827 5446 num.
2881 5391 2962 5445 22.
3019 5389 3147 5444 Vide
3205 5395 3257 5443 et
3314 5388 3560 5452 ejusdem

1868 5477 1955 5527 vir
2002 5487 2031 5528 c
2059 5514 2072 5527 .
2106 5477 2279 5525 notas.
2460 5524 2463 5525 ν

1869 5654 1902 5707 h
1928 5593 1959 5707 ἓ
1989 5582 2131 5635 Colb.
2183 5592 2309 5634 cum
2353 5579 2557 5645 aliquot
2590 5575 2767 5636 editis,
2816 5552 3212 5636 conuenientia.
3256 5559 3400 5629 Bec.,
3434 5576 3563 5619 con-

1904 5656 1925 5707 i
1960 5654 2127 5707 entia.

1904 5654 2127 5708 ibentia.
