4102 6356
475 184 579 244 319

1558 181 1615 241 S.
1659 182 2018 242 GREGORII
2057 179 2400 241 EPISCGPI'
2427 176 2896 239 TURONENSIS

3866 173 3986 232 3‘20

479 325 628 380 rem,
664 312 1098 381 truncatamque
1127 307 1462 366 columnam
1493 307 1622 380 ejus
1666 323 1770 380 per
1791 309 1974 382 capita
1999 311 2243 371 cuneoA
2265 323 2497 381 quoque
2523 305 2716 364 clavos
2745 300 3177 372 Cenomannici,
3198 299 3300 374 Qui
3321 303 3462 358 tunc
3488 314 3623 357 cum
3647 297 3851 359 eodem
3877 299 3985 357 ad-

481 397 716 454 scissam
745 409 768 434 ει
797 395 1065 468 praecepit
1090 395 1377 464 excavari,
1411 397 1728 469 effossaque
1766 397 1828 454 in
1880 397 2196 462 altitudine,

481 486 660 543 trium
685 492 786 541 aut
813 491 1062 556 quatuor
1087 483 1300 556 pedum
1331 484 1532 554 humo,
1555 485 1765 557 deponi
1796 502 1896 543 vas
1928 486 2094 558 jubet
2119 486 2179 542 in

479 573 724 630 foveam.
757 572 960 645 Ibique
975 573 1229 645 puellam
1255 581 1316 631 ut
1342 581 1628 632 mortuam
1651 591 2021 649 componens,
2047 592 2182 648 pue-

483 675 616 718 rum
649 659 895 733 desuper
915 660 1117 733 jactari
1160 663 1473 734 praecepit:
1525 663 1826 737 positoque
1876 667 2179 737 opertorio,

482 752 697 808 fossam
735 752 916 809 humo
950 751 1207 824 replevit,
1244 752 1624 826 sepelivitque
1669 771 1764 811 eos
1795 754 2073 826 viventes,
2103 756 2185 812 di-

481 855 618 897 cens
647 858 658 895 :
691 838 834 907 Quia
870 856 985 896 non
1014 841 1703 912 frustravijuramentum
1733 859 1948 913 meum,
1983 851 2183 902 utnon

438 986 440 990 τ
482 935 885 1000 separarentur
923 927 985 984 hi
1010 928 1070 985 in
1102 929 1545 1000 sempiternum.
1579 929 1718 997 Quze
1746 946 1878 987 cum
1909 931 2186 989 sacerdoti

485 1016 749 1072 nuntiata
777 1016 1040 1085 fuissent,
1074 1016 1217 1074 illuc
1264 1019 1524 1076 cucurrit
1574 1018 1863 1089 velociter,
1905 1027 1957 1076 et
1996 1020 2184 1099 incre-

480 1120 623 1177 pans
646 1105 966 1174 hominem,
998 1106 1098 1162 vix
1149 1105 1398 1164 obtinuit
1421 1114 1486 1164 ut
1508 1107 1926 1178 detegerentur.
1947 1107 2185 1166 Verum-

441 1207 446 1230 ι
483 1203 673 1252 tamen
705 1211 953 1267 puerum
983 1197 1187 1254 vivum
1216 1197 1486 1264 extraxit,
1529 1197 1782 1269 puellam
1812 1214 1947 1254 vero
1978 1200 2185 1271 reperit

484 1283 840 1341 suifocatam.
877 1285 942 1341 In
979 1284 1192 1342 talibus
1235 1285 1392 1341 enim
1444 1284 1714 1356 operibus
1747 1285 1912 1342 valde
1949 1287 2180 1358 nequis-

485 1369 669 1428 simus
703 1379 840 1448 erat,
879 1371 1103 1428 nullam
1132 1372 1303 1428 aliam
1344 1371 1563 1428 habens
1589 1371 1780 1443 potius
1809 1372 1830 1400 ¹³
1857 1372 2185 1441 utilitatem,

487 1463 600 1520 nisi
636 1464 696 1521 in
732 1465 1031 1522 cachinnis
1059 1481 1125 1523 ac
1155 1465 1320 1534 dolis,
1353 1465 1742 1540 omnibusque
1781 1469 2065 1540 perversis
2095 1484 2184 1524 re-

482 1551 611 1628 bus.
645 1543 824 1610 Unde
858 1570 971 1610 non
1023 1554 1313 1612 immerito
1350 1553 1538 1612 taliter
1565 1556 1811 1613 excessit
1837 1572 1869 1612 a
1907 1556 2046 1626 vita,
2082 1555 2185 1629 qui

2267 402 2562 466 venerant,
2613 393 2865 467 impletis
2907 391 3144 450 follibus
3168 390 3187 418 ¹¹
3215 393 3463 461 portant,
3513 404 3778 446 annonas
3808 403 3984 446 ever-

2268 500 2415 563 tunt,
2459 499 2513 549 et
2566 497 2773 549 cuncta
2808 490 3130 546 devastant.
3164 485 3270 544 Sed
3299 486 3439 543 dum
3461 485 3583 542 hmo
3611 483 3985 542 Boccolenus

2264 583 2400 654 agit,
2440 597 2473 638 a
2512 580 2630 638 Deo
2658 579 2997 653 percutitur,
3041 575 3358 647 morboque
3410 572 3566 644 regio
3621 574 3857 628 croceus
3888 571 3984 628 ef-

2266 676 2469 743 fectus,
2505 671 2773 728 mandata
2803 685 3003 743 aspera
3048 666 3308 730 remittit,
3359 664 3592 721 dicens:
3639 662 3765 719 Nisi
3801 661 3984 718 hodie

2266 761 2616 837 projeceritis
2647 759 3153 818 Guntchramnum
3209 755 3411 812 ducem
3463 752 3533 809 de
3585 751 3844 818 basilica,
3895 751 3982 806 ita

2269 861 2473 911 cuncta
2501 849 2749 908 virentia
2779 865 2911 921 qum
2939 852 3074 905 sunt
3123 845 3272 902 circa
3311 843 3517 901 urbem
3547 848 3787 897 atteram
3819 839 3870 907 ί,
3908 844 3980 894 ut

2268 941 2479 1012 dignus
2507 938 2604 995 liat
2633 943 2820 994 aratro
2848 936 3007 991 locus
3037 933 3154 990 ille.
3181 930 3421 988 Interim
3448 929 3682 986 advenit
3703 927 3822 984 dies
3844 942 3982 984 san-

2269 1035 2394 1085 ctus
2424 1027 2780 1099 Epiphaniae,
2810 1030 2864 1080 et
2894 1023 2988 1080 hic
3017 1021 3199 1095 magis
3244 1035 3309 1077 ac
3340 1017 3525 1090 magis
3580 1016 3832 1088 torqueri
3862 1031 3982 1072 cas-

2267 1118 2371 1190 pit.
2404 1115 2569 1172 Tunc
2599 1120 2826 1186 accepto
2851 1129 2884 1170 a
2909 1111 3032 1170 suis
3058 1110 3316 1178 consilio,
3350 1122 3519 1164 amne
3558 1111 3862 1172 transacto,
3899 1104 3981 1160 ad

2269 1205 2558 1262 civitatem
2606 1201 2842 1260 accedit.
2873 1200 3138 1270 Denique
3171 1213 3303 1255 cum
3340 1194 3647 1267 psallentes
3680 1193 3748 1248 de
3783 1191 3979 1248 eccle-

2270 1289 2385 1347 siaj
2419 1290 2633 1364 egressi
2679 1288 2750 1344 ad
2807 1293 3060 1342 sanctam
3109 1282 3403 1339 basilicam
3438 1283 3823 1351 properarent,
3878 1275 3979 1332 hic

2268 1387 2395 1451 post
2425 1395 2656 1438 crucem
2687 1375 3144 1450 praecedentibus
3173 1372 3370 1444 signis,
3398 1383 3546 1443 equo
3571 1366 3979 1439 superpositus

2268 1471 2578 1528 ferebatur.
2638 1467 2857 1526 Verum
2905 1465 3006 1523 ubi
3062 1462 3359 1520 basilicam
3414 1464 3669 1514 sanctam
3724 1453 3977 1524 introiit,

2270 1577 2408 1620 mox
2439 1549 2603 1619 furor
2633 1558 2913 1616 minantis
2956 1553 3205 1627 intepuit
3233 1553 3259 1589 ι
3289 1575 3300 1608 :
3341 1560 3745 1619 regressusque
3774 1544 3848 1600 ab
3877 1559 3983 1600 ec-

486 1641 620 1699 talia
649 1643 821 1714 gessit
850 1659 982 1700 cum
1035 1644 1324 1701 frueretur
1355 1644 1461 1701 hac
1503 1644 1641 1708 vita,
1687 1646 1840 1718 quod
1887 1650 1950 1708 in
1998 1652 2463 1721 poste-Belesia,
2497 1649 2650 1707 nihil
2679 1649 2790 1705 cibi
2824 1663 2887 1702 ea
2915 1645 3008 1702 die
3037 1641 3288 1713 accipere
3339 1637 3542 1711 potuit.
3580 1633 3809 1692 Exinde
3839 1647 3983 1721 cum

487 1745 619 1788 rum
645 1731 924 1804 digesturi
950 1749 1154 1791 sumus
1202 1736 1322 1800 (lib.
1353 1747 1438 1804 IX,
1480 1752 1599 1806 cap.
1631 1736 1708 1803 9).
1761 1735 1933 1809 Siggo
1961 1753 2192 1811 quoque

487 1823 911 1882 referendarius
939 1835 960 1861 ο
977 1871 992 1895 ,
1025 1825 1128 1899 qui
1153 1824 1447 1882 annulum
1472 1825 1623 1898 regis
1640 1824 1910 1897 Sigiberti
1935 1833 2192 1884 tenuerat

492 1920 547 1971 et
581 1913 654 1971 ab
683 1907 1006 1988 Chilperico
1057 1931 1190 1988 rege
1239 1923 1581 1990 provocatus
1627 1922 1768 1987 erat,
1798 1922 1860 1974 ut
1888 1917 2192 1974 servitium

490 2000 645 2074 quod
694 2007 947 2078 tempore
1004 2005 1196 2062 fratris
1257 2003 1352 2062 sui
1397 2004 1695 2074 habuerat,
1767 2006 2071 2073 obtineret,
2122 2004 2194 2076 ad

492 2091 924 2152 Childebertum
968 2110 1156 2167 regem
1204 2093 1475 2165 Sigiberti
1517 2093 1703 2152 filium
1735 2095 1932 2152 relicto
1964 2093 2193 2168 Chilpe-

493 2180 610 2237 rico
643 2181 924 2250 transivit,
957 2198 1165 2255 resque
1186 2183 1310 2254 ejus
1332 2197 1478 2256 quas
1503 2180 1962 2250 inISuessionico
1984 2182 2200 2240 habue-

496 2274 602 2338 rat,
629 2267 956 2326 Ansoaldus
979 2271 1008 2330 ,ά
1035 2269 1306 2328 obtinuit.
1370 2269 1539 2327 Multi
1572 2276 1764 2327 autem
1795 2276 1848 2327 et
1877 2268 1978 2327 alii
2006 2269 2076 2328 de
2107 2271 2199 2328 his

497 2357 599 2431 qui
629 2374 688 2415 se
717 2358 787 2416 de
817 2374 994 2432 regno
1028 2360 1298 2433 Sigiberti
1320 2359 1391 2418 ad
1410 2360 1802 2433 Chilpericum
1827 2359 2195 2426 tradiderant,

496 2456 875 2507 recesserunt.
913 2451 1072 2509 Uxor
1101 2467 1331 2525 quoque
1365 2451 1632 2524 Siggonis
1673 2466 1790 2508 non
1838 2458 1964 2523 post
2015 2452 2200 2509 multo

499 2539 771 2612 temporis
801 2541 981 2613 spatio
1010 2555 1031 2580 ο
1060 2542 1201 2599 obiit
1230 2566 1242 2600 :
1285 2540 1381 2599 sed
1415 2541 1516 2598 ille
1545 2541 1719 2597 aliam
1739 2557 1943 2599 rursus
1963 2540 2198 2612 accepit.

571 2627 670 2685 IV.
723 2628 827 2687 His
853 2629 1057 2688 diebus
1104 2629 1478 2700 Boccolenus,
1511 2628 1584 2687 ab
1613 2615 1935 2702 Chilperico
1963 2628 2198 2698 missus,

503 2716 756 2774 Turonis
786 2717 1018 2775 advenit
1045 2733 1177 2776 cum
1210 2733 1419 2792 magna
1440 2717 1734 2789 jactantia,
1769 2723 1824 2774 et
1849 2716 1997 2775 ultra
2027 2717 2200 2787 Lige-

501 2806 614 2863 rim
641 2813 821 2864 castra
844 2823 1087 2881 ponens,
1118 2809 1356 2865 nuntios
1384 2809 1454 2865 ad
1487 2823 1592 2865 nos
1622 2807 1856 2877 direxit,
1901 2813 1963 2864 ut
1988 2806 2204 2864 scilicet

506 2895 1038 2967 Guntchramnum,
1071 2897 1173 2971 qui
1231 2905 1375 2961 205
1424 2904 1560 2955 tunc
1609 2897 1680 2955 de
1727 2902 1909 2953 morte
1939 2894 2203 2953 Theodo-

2276 1719 2718 1812 valdeanhelus
2749 1740 2921 1803 esset,
2958 1730 3203 1789 Pictavis
3250 1727 3410 1785 abiit.
3461 1725 3637 1782 Erant
3664 1721 3825 1780 enim
3854 1719 3988 1776 dies

2275 1841 2486 1895 sanctae
2510 1830 2996 1905 Quadragesimm,
3016 1828 3078 1885 in
3103 1842 3216 1899 qua
3237 1826 3386 1883 fetus
3399 1820 3805 1880 cuniculorum
3827 1830 3996 1905 saepe

2274 1902 2546 1982 comedit.
2573 1902 2875 1994 Dispositis
2906 1932 3040 1975 vero
3068 1913 3416 1978 actionibus,
3446 1906 3745 1994 quibusin
3771 1902 3982 1961 kalen-

2276 2011 2365 2068 dis
2393 2008 2612 2066 Martiis
2640 1991 2793 2064 cives
2813 2005 3073 2061 Pictavos
3104 2001 3193 2058 vel
3219 1997 3513 2069 afﬂigeret,
3537 1992 3629 2050 vel
3651 1991 3982 2055 damnaret,
4005 2043 4015 2056 ,

2280 2103 2425 2161 206
2475 2095 2656 2170 pridie
2694 2093 2951 2151 animam
2979 2088 3267 2148 reddidit:
3326 2092 3381 2143 et
3433 2083 3515 2142 sic
3565 2078 3855 2153 superbia,
3888 2083 3989 2134 tu-

2279 2202 2518 2259 morque
2541 2185 2780 2258 quievit.

2353 2273 2424 2330 V.
2455 2272 2534 2329 Eo
2566 2274 2577 2311 ι
2608 2280 2862 2344 tempore
2893 2268 3059 2327 Felix
3099 2264 3450 2325 Namneticze
3475 2260 3637 2320 urbis
3655 2259 3988 2332 episcopus,

2273 2363 2498 2420 litteras
2555 2361 2704 2418 mihi
2771 2359 2997 2432 scripsit
3070 2357 3272 2430 plenas
3329 2349 3668 2426 opprobriis,
3725 2345 3994 2402 scribens

2283 2454 2456 2510 etiam
2511 2451 2744 2508 fratrem
2792 2464 2988 2507 meum
3046 2448 3120 2504 ob
3155 2447 3260 2502 hoc
3308 2442 3696 2506 interfectum,
3729 2450 3798 2492 eo
3832 2432 3995 2505 quod

2282 2544 2404 2617 ipse
2457 2543 2704 2616 cupidus
2764 2543 3140 2616 episcopatus,
3193 2537 3521 2623 episcopum
3582 2525 3993 2623 interfecisset.

2287 2631 2397 2690 Sed
2431 2640 2496 2688 ut
2548 2631 2671 2688 Ilch
2717 2630 3007 2698 scriberet,
3062 2626 3262 2685 villam
3319 2621 3572 2680 ecclesias
3630 2621 3995 2687 concupivit.

2283 2718 2472 2788 Quam
2500 2735 2636 2778 cum
2666 2718 2800 2776 dare
2826 2718 3060 2787 nollem,
3092 2713 3350 2774 evomuit
3372 2713 3434 2770 in
3463 2725 3573 2777 me,
3607 2714 3670 2765 ut
3699 2704 3850 2772 dixi,
3873 2701 3995 2775 ple-

2287 2825 2400 2866 nus
2431 2811 2641 2880 furore,
2678 2805 2982 2880 Opprobria
3010 2802 3189 2861 mille.
3241 2800 3346 2858 Cui
3391 2794 3705 2887 aliquando
3726 2806 3847 2887 ego
3867 2805 3994 2887 res-

2289 2898 2501 2972 pondi:
2567 2918 2588 2947 ι
2639 2897 2924 2954 Memento
2953 2893 3087 2950 dicti
3115 2887 3464 2963 prophetici:
3510 2889 3605 2943 Vae
3631 2885 3718 2937 his
3744 2883 3997 2972 qui—jun-

507 2985 650 3043 berti
686 2969 1103 3060 impetebatu‘r,
1135 3005 1167 3046 a
1201 2987 1448 3046 basilica
1480 2994 1675 3045 sancta
1708 2987 2050 3045 deberemus
2099 3002 2265 3074 ex-C
2289 2969 2423 3058 aunt
2453 2989 2669 3044 domum
2702 2987 2775 3041 ad
2801 2986 3036 3044 domum,
3070 2986 3118 3036 et
3149 2995 3342 3048 agrum
3488 2969 3994 3074 (ιρτιιιηξκσξῄῖξιιῗηξΣ

509 3077 752 3135 trahere.
782 3077 944 3148 Quod
969 3080 1017 3136 si
1041 3094 1155 3136 non
1199 3079 1539 3148 faceremus,
1576 3084 1632 3135 et
1659 3077 1968 3146 civitatem,
2002 3082 2053 3134 et
2082 3092 2209 3134 om-

509 3163 604 3222 nia
637 3165 969 3225 suburbana
990 3168 1116 3241 ejus
1139 3169 1366 3240 juberet
1391 3167 1660 3224 incendio
1688 3167 2060 3224 concremari.
2085 3165 2212 3234 Q‘uo

508 3253 707 3312 audito
736 3255 1020 3316 mittimus
1048 3259 1118 3315 ad
1160 3274 1296 3316 eum
1329 3257 1698 3331 legationem,
1733 3257 2022 3314 dicentes:
2074 3255 2212 3313 Haec

509 3340 581 3397 ab
615 3342 854 3415 antiquo
882 3345 1027 3402 facta
1061 3361 1178 3402 non
1209 3345 1408 3414 fuisse,
1443 3359 1578 3416 qua:
1634 3343 1730 3400 hic
1781 3341 1906 3399 ﬁeri
1944 3343 2210 3414 deposce-

511 3429 638 3498 bat;
675 3433 773 3489 sed
803 3450 906 3490 nec
931 3435 1100 3492 modo
1129 3433 1381 3507 permitti
1419 3449 1607 3506 posse,
1648 3438 1715 3488 ut
1760 3431 1996 3502 basilica
2020 3431 2214 3489 sancta

515 3516 852 3576 violaretur.
884 3520 1049 3588 Quod
1095 3521 1143 3577 si
1200 3522 1378 3590 fieret,
1413 3535 1517 3578 nec
1545 3520 1656 3577 sibi
1687 3509 1822 3576 fore‘
1851 3534 2213 3592 prosperum,

515 3621 622 3663 nec
647 3608 767 3678 regi
799 3610 901 3680 qui
931 3611 1054 3667 haec
1076 3610 1238 3681 jussa
1266 3609 1618 3678 mandasset;
1658 3615 2050 3691 metueretque
2089 3625 2212 3666 ma-

515 3697 604 3767 gis
635 3699 992 3757 sanctitatem
1037 3701 1334 3772 antistitis,
1382 3700 1551 3772 cujus
1598 3700 1786 3758 virtus
1824 3701 2090 3758 hesterna
2117 3701 2211 3759 die

515 3786 886 3858 paralyticam
924 3789 945 3827 ί
971 3790 1297 3848 direxisset.
1328 3790 1487 3848 Nihil
1510 3807 1583 3848 ex
1621 3790 1712 3847 bis
1744 3789 1839 3846 ille
1871 3791 2212 3863 formidans,

514 3889 648 3932 cum
677 3875 736 3932 in
773 3877 942 3937 domo
971 3881 1229 3938 ecclesiae
1281 3881 1432 3938 ultra
1479 3880 1734 3952 Ligerim
1779 3880 2069 3948 resideret,
2109 3881 2214 3938 do-

522 3979 687 4022 mum
714 3965 918 4041 ipsam,
949 3985 1079 4041 quae
1105 3969 1284 4028 clavis
1304 3971 1479 4028 aiiixa
1523 3977 1660 4034 erat,
1707 3969 1930 4028 disﬁxit
1958 3953 2022 4028 εἶ
2055 3969 2215 4043 Ipsos

580 4179 598 4198 ι
630 4167 802 4228 Corb.,
856 4168 988 4234 Ejus
1029 4181 1129 4234 per
1169 4169 1354 4234 capita
1397 4182 1604 4222 cuneos.
1677 4168 1891 4230 Cbesn.,
1949 4169 2065 4233 ejus
2117 4179 2217 4231 pro

518 4240 703 4301 capita
734 4253 918 4293 cuneo.
956 4242 1096 4302 Bec.,
1126 4242 1510 4304 columplam...
1533 4239 1897 4305 e/fossamque,
1925 4244 2027 4291 etc.

582 4310 604 4340 δ
643 4313 844 4375 Regm,
893 4313 1104 4364 nullam
1143 4325 1360 4375 prorsus
1401 4312 1573 4363 aliam
1618 4310 1826 4361 habens.
1877 4313 1935 4361 At
1969 4310 2021 4358 in
2056 4308 2211 4360 Corb.

518 4385 570 4430 et
617 4382 743 4433 Bell.
792 4383 990 4434 desunt
1033 4383 1169 4442 haec,
1227 4381 1383 4433 valde
1441 4381 1822 4445 nequissimus,
1881 4383 2004 4441 etc.,
2043 4391 2214 4443 usque

522 4450 588 4502 ad
617 4453 878 4512 perversis
911 4468 923 4500 ι
941 4452 1083 4502 ebus.

585 4529 603 4550 ε
643 4521 1058 4574 Reierendarius
1109 4526 1236 4573 tunc
1285 4521 1582 4581 dicebatur,
1631 4524 1723 4588 qui
1779 4521 1940 4573 hodie
1998 4521 2220 4572 cancel-

525 4591 720 4649 larius.
776 4591 849 4644 De
905 4595 1026 4656 ejus
1067 4591 1242 4644 ofﬁcio
1299 4598 1350 4644 et
1392 4593 1919 4661 prwrogatlvislvide
1953 4591 2218 4654 Mabillon,

523 4664 590 4714 de
645 4665 714 4715 lie
772 4664 1052 4728 Diplomat.
1115 4664 1208 4715 lib.
1253 4676 1313 4721 ιι,
1362 4675 1481 4727 cap.
1551 4667 1622 4724 11,
1689 4669 1742 4718 et
1787 4665 2113 4726 Bignonium
2166 4665 2221 4714 in

523 4731 811 4787 formulam
858 4736 919 4787 25
965 4735 1060 4788 lib.
1116 4748 1134 4786 ι
1172 4733 1429 4786 Marcum.
1479 4735 1622 4789 Infra
1667 4739 2005 4801 provocatus,
2055 4733 2109 4786 id
2139 4737 2222 4786 est

527 4810 820 4866 promotus.

587 4875 721 4930 “Sic
774 4890 945 4939 mss.;
1011 4881 1064 4929 at
1118 4876 1367 4942 plerique
1426 4877 1575 4937 editi,
1641 4875 1991 4928 Ansovaldus.
2069 4874 2220 4933 Bec.,

525 4947 897 5000 Ansolvaldus.

511 5029 527 5042 ί
590 5027 609 5048 ⁸
645 5019 850 5083 Regm.,
883 5032 992 5070 non
1024 5022 1139 5083 post
1165 5019 1401 5072 multum
1429 5018 1684 5080 temporis
1724 5015 1986 5078 spatium.

592 5089 611 5125 ι
648 5090 788 5141 Colb.
827 5102 949 5142 cum
995 5091 1202 5151 Cbesn.,
1251 5089 1561 5154 paralytica
1600 5087 1878 5145 membra;
1905 5087 2003 5138 sed
2034 5086 2231 5139 mulier

533 5161 830 5222 paralytica
883 5162 1078 5213 dicitur
1119 5163 1174 5213 in
1221 5162 1314 5213 lib.
1368 5173 1410 5212 ιι
1465 5161 1533 5212 de
1584 5158 1856 5210 Miraculis
1904 5159 1952 5211 S.
2000 5157 2225 5220 Martini,

531 5231 764 5292 δεμ-27.
802 5230 890 5283 ubi
917 5225 1041 5285 haec
1061 5232 1246 5284 eadem
1269 5230 1494 5283 historia
1535 5235 1805 5281 narratur.

588 5314 612 5348 ε
642 5301 726 5353 Sic
760 5302 909 5355 Corb.
939 5303 1084 5362 ;alii,
1108 5305 1353 5355 dissecat.

592 5373 613 5403 ¹³
648 5375 823 5429 Folles
865 5380 992 5428 sunt
1033 5376 1238 5428 sacculi
1294 5372 1517 5436 scortei,
1548 5384 1649 5425 seu
1691 5383 1760 5424 ex
1789 5369 1936 5424 corio
1989 5369 2135 5423 facti.
2171 5369 2227 5423 ν.

527 5448 770 5509 Juvenal,
795 5450 898 5500 sat.
937 5447 1009 5498 13.

602 5520 730 5572 iSic
761 5519 944 5580 Corb.,
993 5516 1122 5572 Bell.
1157 5519 1212 5571 et
1242 5515 1399 5578 Bec.;
1461 5516 1557 5570 alii
1595 5528 1722 5570 cum
1769 5513 1983 5572 Chesn..
2043 5511 2226 5567 devas-

535 5589 673 5644 tabo.

2291 3054 2558 3150 Nunquid
2601 3079 2704 3132 soli
2732 3075 3117 3131 inhabitabant
3158 3076 3357 3125 terram
3388 3067 3538 3131 (Isai.
3573 3077 3630 3128 v,
3661 3059 3713 3125 8)
3734 3058 3760 3110 ?
3866 3054 3918 3110 si
3953 3057 4004 3107 te

2292 3141 2588 3225 habuisset
2601 3162 2854 3221 Massilia
2870 3160 3218 3220 sacerdotem
3238 3157 3248 3212 !
3266 3166 3569 3224 nunquam
3586 3159 3759 3204 naves
3775 3141 4002 3207 oleum,

2293 3263 2393 3314 aut
2415 3254 2667 3325 reliquas
2688 3252 2905 3326 species
2915 3248 3274 3313 detulissent,
3295 3243 3407 3301 nisi
3420 3246 3643 3326 tantum
3653 3236 3914 3326 chartam
3936 3242 3999 3297 ω,

2293 3356 2408 3415 quo
2461 3317 2738 3411 majorem
2805 3333 3290 3408 opportunitatem
3339 3321 3626 3415 scribendi
3687 3318 3758 3415 ad
3813 3317 3999 3415 bonos

2293 3403 2663 3486 infamandos
2729 3403 2989 3483 haberes.
3022 3419 3132 3478 Sed
3185 3422 3486 3491 paupertas
3543 3403 4000 3504 cliartzefinem

2295 3516 2542 3590 imponit
2573 3512 2922 3572 verbositati.
2954 3534 2974 3563 ι
3003 3511 3309 3567 Immensae
3335 3507 3494 3565 enim
3521 3509 3638 3586 erat
3667 3495 4000 3593 cupiditatis

2297 3585 2468 3680 atq—ue
2511 3603 2822 3680 jactantiee.
2857 3600 2968 3659 Sed
2996 3614 3099 3670 ego
3125 3599 3235 3654 ista
3287 3585 3657 3669 postponens,
3708 3601 3783 3644 ne
3810 3585 3904 3642 illi
3937 3585 4003 3639 si-

2299 3693 2455 3751 milis
2482 3705 2806 3766 appaream,
2857 3686 3004 3745 illud
3057 3684 3354 3760 explicabo
3396 3680 3642 3756 qualiter
3687 3685 4003 3766 germanus

2300 3782 2466 3840 mens
2495 3760 2623 3837 nab
2653 3779 2759 3835 hac
2809 3775 2932 3832 luce
2973 3771 3329 3845 migraverit,
3362 3776 3417 3826 et
3450 3779 3627 3840 quam
3657 3760 3918 3818 velocem
3945 3760 4001 3813 in

2300 3885 2694 3946 percussorem
2725 3865 2850 3937 ejus
2878 3863 3162 3921 Dominus
3185 3855 3506 3933 prmstiterit
3524 3851 3830 3946 ultionem.
3857 3845 4004 3903 Gon-

2303 3945 2640 4024 sencscente
2679 3963 2840 4020 beato
2867 3957 3090 4020 Tetrico
3139 3953 3395 4013 ecclesiae
3443 3945 3780 4018 Lingonicaa
3821 3953 4003 3998 sacer-

2362 4175 2470 4226 iEx
2534 4171 2871 4224 institutione
2925 4164 3168 4229 Perpetui
3237 4161 3382 4214 intra
3429 4157 3533 4230 lib.
3599 4167 3661 4230 xi
3726 4163 3852 4230 cap.

2302 4225 2605 4312 Epiphaniae
2657 4241 2870 4312 vigiliae
2899 4225 3200 4312 agebantur
3230 4234 3286 4284 in
3324 4225 3798 4312 ecclesiazidkegt
3835 4225 4003 4312 [ιλ

2299 4291 3063 4376 ίῖεέᾶιῖιῖἐηεῂἰῆᾶίθίλιιιιῖεῐιι.
3117 4305 3192 4376 uti
3236 4315 3307 4376 ex
3354 4297 3612 4376 praesenti
3628 4368 3635 4374 .
3662 4295 3826 4376 lp'co‘!
3840 4291 4002 4376 disc:-

2228 4357 2980 4450 "Brbc'eé'sia'aéﬁai
3014 4357 3426 4450 adbasiticam
3467 4368 3640 4450 sancti
3674 4357 4000 4450 Abiit-tinnula

2301 4437 2389 4509 ea?
2405 4437 2580 4520 primo
2616 4458 2770 4516 signa
2817 4463 2916 4504 seu
2975 4447 3183 4520 vexilla
3222 4439 3630 4520 deierbautnr,’
3656 4437 4001 4520 ³ιιιιιι⁸

2300 4499 2841 4590 iﬁaiiacﬁiiéZ-iiém"
2855 4499 3036 4573 sacrae
3083 4516 3341 4590 reliquiae,
3381 4515 3505 4590 etc.,
3535 4504 3687 4590 quod
3713 4499 4000 4590 etnex

2303 4572 2937 4659 éiééar'ii’iocfis'bmi;
2983 4591 3077 4654 qui
3105 4572 3240 4638 'mo's
3309 4583 3581 4659 hodieque
3639 4577 3698 4626 in
3762 4572 4000 4625 Ecclesia

2303 4657 2566 4720 catholica
2595 4666 2648 4716 in
2674 4660 3114 4728 processiouibus
3147 4657 3484 4724 perseverat.

2361 4766 2386 4798 ιι
2419 4763 2580 4826 Colb.,
2603 4760 2901 4824 increpuit.
2937 4756 3072 4810 Bell.
3106 4758 3157 4806 et
3186 4751 3357 4810 Corb.,
3389 4734 3672 4809 intrepuft.

2363 4864 2379 4895 ¹
2415 4864 2574 4915 Deest
2621 4860 2723 4911 hoc
2783 4859 2943 4922 caput
2996 4855 3050 4905 in
3097 4849 3283 4922 (ἴοι-1)..Δ
3325 4845 3452 4900 Bell.
3505 4846 3573 4922 et
3609 4839 3797 4922 0012.;
3846 4837 4003 4922 bane:

2303 4936 2392 4986 tur
2416 4908 2737 4984 Ideni}.
2791 4908 2984 4986 Ca'sin.,
3052 4924 3202 4981 Bec.,
3251 4908 3465 4988 Regm,
3525 4916 3630 4988 etc.
3703 4909 3775 4960 De
3847 4908 4008 4988 fauce

2303 4984 2506 5069 passim
2556 5002 2667 5063 agit
2713 4984 3041 5069 Gregorius;
3097 4993 3239 5069 sicut
3281 4993 3340 5069 et
3371 4984 4010 5069 FortunaltpLs,__q_ui-ﬁe-jus

2311 5051 2506 5127 itinde;
2552 5051 2798 5135 pluribus
2818 5051 3162 5121 Vcelebravit,
3207 5060 3546 5135 potissimum
3597 5051 3693 5104 lib.
3733 5063 3824 5135 in,
3856 5059 4015 5135 eafg.‘

2315 5147 2360 5207 3,
2398 5146 2424 5195 4
2471 5146 2524 5194 et
2555 5129 2731 5206 'seqq.
2795 5135 3122 5200 subscripsit
3171 5143 3327 5184 conc.
3380 5129 3573 5180 Turon.
3636 5135 3699 5185 ιι,
3762 5134 3856 5173 an.
3912 5129 4015 5176 cei,

2313 5219 2365 5267 et
2402 5213 2564 5266 Paris.
2602 5224 2684 5274 IV,
2715 5223 2802 5262 an.
2835 5208 2944 5259 573.
4014 5275 4015 5282 γ

2367 5322 2399 5342 ι·
2433 5312 2509 5364 Ex
2571 5311 2792 5375 Egypto
2855 5304 3066 5358 scilicet
3120 5301 3355 5354 allatam.
3411 5296 3466 5348 V.
3516 5297 3679 5348 notas
3713 5294 3774 5345 in
3830 5289 3916 5341 lib.
3950 5289 4015 5376 vn

2313 5395 2432 5448 cap.
2469 5383 2518 5432 6.
2743 5424 2752 5428 -
4014 5413 4015 5448 ξ

2374 5441 2616 5529 ¹ίῐθεῑιηιεν.
2669 5473 2982 5535 vocabatur,
3054 5471 3314 5524 diaconus
3378 5470 3437 5519 ut
3504 5476 3596 5517 ex
3635 5473 3808 5527 seqq.
3866 5441 4015 5534 patet}

2316 5551 2385 5602 De
2413 5561 2518 5617 quo
2563 5547 2687 5601 vide
2711 5545 2804 5601 lib.
2835 5558 2873 5599 ιι
2917 5545 2984 5599 de
3009 5543 3195 5597 Gloria
3227 5541 3390 5599 Mart,
3421 5549 3537 5601 cap.
3561 5535 3640 5586 2L
4014 5539 4015 5580 ἢ
