4016 6338
31 421 128 480 3‘21

1032 417 1390 480 HISTORIA
1429 410 1914 478 FRANCORUM.
1955 409 2183 471 LIBER
2220 411 2570 483 QUINTUS.

3443 431 3549 492 332

33 543 183 612 dote,
216 557 368 602 cum
407 541 791 616 Lampadium
815 541 1144 612 diaconum,
1183 558 1360 616 quem
1403 541 1743 600 creditorem
1764 540 1815 598 A
1838 533 2128 627 conicum
2154 533 2274 592 filio
2294 534 2960 613 Silvestriconjungitur,
2993 545 3337 607 machinans
3363 525 3539 627 atque

36 630 270 699 habuit,
298 628 625 702 dejecisset,
681 635 734 686 et
765 631 934 686 frater
973 644 1157 698 meus,
1213 629 1353 685 dum
1389 627 1756 700 pauperibus,

33 733 178 790 quos
200 717 311 774 ille
340 717 498 774 male
527 718 885 790 spoliaverat,
907 717 1180 790 opitulari
1222 719 1481 790 cupiens,
1513 731 1759 774 consen-

31 804 199 861 sisset
247 801 311 860 iii
348 806 477 878 ejus
503 802 993 874 humiliationem,
1024 803 1222 862 odium
1247 820 1321 860 ex
1355 805 1460 860 hoc
1488 804 1753 860 incurrit.

0 958 4 962 ν
31 896 270 951 Interea
303 895 513 952 beatus
541 895 806 953 Tetricus
835 911 867 950 a
908 897 1196 967 sanguine
1225 897 1557 954 sauciatura
1589 919 1601 954 ε
1659 896 1756 953 cui

32 1002 162 1044 cum
201 988 383 1043 nulla
413 986 769 1043 medicorum
819 986 1073 1043 fomenta
1104 986 1381 1054 valerent,
1435 985 1758 1043 conturbati

33 1075 260 1138 clerici,
291 1081 406 1152 ct_a
438 1080 660 1146 pastore
679 1081 742 1131 ut
769 1081 897 1145 pote
920 1073 1196 1143 destituti,
1224 1074 1644 1131 Mondericum"
1663 1089 1760 1130 ex—

32 1169 294 1234 petunt:
331 1164 439 1234 qui
486 1177 517 1216 a
568 1177 700 1234 rege
752 1162 1038 1229 indultus,
1105 1177 1172 1219 ac
1227 1168 1574 1228 tonsuratus,
1636 1161 1757 1233 epi-

34 1266 258 1322 scopus
284 1250 614 1316 ordinatur,
643 1249 755 1306 sub
782 1265 849 1306 ea
870 1249 1103 1321 quidem
1133 1251 1341 1322 specie,
1376 1257 1439 1306 ut
1465 1249 1604 1305 dum
1634 1248 1761 1305 bea-

38 1347 126 1396 tus
157 1338 443 1395 Tetricus
467 1337 701 1404 viveret,
736 1335 829 1393 hic
880 1336 1312 1394 Ternodorense
1366 1343 1666 1412 castrum,c
1698 1343 1761 1394 ut

39 1430 525 1502 archipresbyter
567 1434 805 1500 regeret,
864 1434 1036 1502 atque
1073 1431 1135 1487 in
1173 1446 1240 1488 eo
1271 1437 1756 1489 commoraretur:

33 1520 345 1592 migrante
378 1525 523 1582 207
577 1534 710 1576 vero
751 1518 1065 1588 decessore,
1122 1518 1230 1576 iste
1296 1519 1640 1577 succederet.
1692 1519 1758 1575 In

37 1625 155 1682 quo
185 1617 390 1666 castro
419 1608 558 1665 dum
587 1609 884 1678 habitaret,
934 1609 1080 1666 iram
1111 1609 1261 1681 regis
1288 1608 1552 1666 incurrit.
1583 1610 1759 1666 Asse-

39 1697 286 1755 rebatur
318 1697 482 1754 enim
520 1704 715 1755 contra
747 1711 906 1768 eum,
936 1698 1090 1770 quod
1144 1697 1268 1770 ipse
1302 1695 1587 1767 Sigiberto
1614 1697 1754 1768 regi,

33 1788 334 1844 adversus
404 1787 638 1844 fratrem
691 1802 864 1844 suum
925 1785 1431 1844 Guntchramnum
1482 1780 1756 1854 venienti,

1840 622 2189 680 confirmans
2209 630 2428 703 patrem
2466 641 2642 684 suum
2671 627 2744 684 ab
2773 628 2898 701 ipso
2924 631 3102 691 fuisse
3131 622 3544 700 maleﬁciis—in-

1842 711 2160 769 terfectum.
2194 715 2269 769 At
2321 712 2418 769 ille
2470 720 2635 771 aetate
2665 715 2919 788 juvenis,
2952 733 3124 778 sensu
3150 721 3311 794 levis,
3345 733 3544 784 contra

1840 816 1978 858 eum
2012 808 2156 864 208
2194 811 2606 874 commovetur,
2637 805 2826 877 ipsum
2858 806 3142 880 impetens
3162 811 3391 882 publice
3419 831 3543 888 par-

1845 889 2104 948 ricidam.
2165 890 2337 948 Porro
2377 891 2475 947 ille
2528 893 2650 949 hinc
2693 894 2955 966 audiens,
3013 899 3158 955 facto
3211 900 3417 971 placito
3477 903 3540 960 in

1843 976 2147 1050 priesenlia
2194 978 2375 1035 sancti
2429 979 2635 1036 Nicetii
2690 981 2961 1053 episcopi,
3029 989 3310 1045 avunculi
3340 991 3540 1048 matris

1843 1083 2008 1134 mea},
2053 1067 2407 1138 Lugdunum
2439 1070 2746 1142 dirigitur;
2780 1080 2836 1128 et
2858 1072 2938 1131 ibi
2973 1075 3192 1148 Siagrio
3240 1079 3535 1154 episcopoi

1844 1171 2033 1216 coram
2093 1164 2333 1226 astante,
2383 1165 2437 1214 et
2483 1159 2614 1215 aliis
2667 1162 3054 1221 sacerdotibus
3122 1167 3339 1238 multis,
3402 1185 3536 1228 cum

1843 1246 2220 1303 saecularium
2258 1246 2636 1320 principibus,
2692 1265 2752 1306 se
2785 1261 3141 1311 sacramento
3166 1258 3348 1326 exuit,
3379 1275 3535 1316 nun-

1843 1353 2015 1410 quam
2067 1352 2128 1394 se.
2173 1337 2232 1393 in
2286 1345 2528 1394 mortem
2581 1338 2844 1397 Silvestri
2884 1342 3118 1400 mistum
3169 1343 3362 1404 fuisse.
3407 1348 3538 1406 Post

1843 1427 1989 1484 duos
2028 1442 2163 1484 vero
2187 1441 2370 1483 annos
2401 1427 2705 1499 insligatus
2736 1432 2945 1487 iterum
2974 1447 3008 1487 a
3037 1432 3352 1506 Lampadio
3382 1436 3540 1494 ﬁlius

1846 1514 2126 1584 Silvestri,
2157 1523 2450 1573 assecutus
2490 1515 2550 1572 in
2583 1519 2673 1575 via
2713 1519 2952 1577 Petrum
2983 1521 3312 1596 diaconum,
3348 1526 3544 1584 lancea

1841 1603 2161 1660 sauciatum
2186 1604 2490 1660 interfecit.
2535 1603 2693 1673 Quod
2725 1621 2859 1664 cum
2885 1608 3098 1666 factum
3132 1610 3355 1683 fuisset,
3381 1613 3451 1671 de
3477 1628 3547 1672 eo

1840 1690 1963 1748 loco
1991 1691 2268 1761 elevatus,
2340 1698 2394 1749 et
2421 1693 2492 1749 ad
2522 1693 2874 1752 Divionense
2904 1696 3128 1755 delatus
3155 1708 3426 1772 castrum,
3457 1719 3546 1761 se-

1843 1794 1944 1836 cus
1973 1786 2234 1838 sanctum
2257 1779 2601 1857 Gregorium
2624 1798 2906 1854 proavum
2938 1791 3201 1843 nostrum
3227 1789 3542 1861 sepelitur].

36 1876 332 1934 alimenta
379 1883 434 1933 ei
479 1893 725 1935 munem
779 1874 1142 1948 pmbuisset,
1175 1875 1361 1947 Igitur
1389 1880 1684 1932 extractus
1725 1890 1820 1948 aB
1842 1865 1953 1923 Iste
1993 1883 2126 1925 vero
2153 1867 2442 1925 homicida
2472 1871 2668 1941 fugam
2701 1871 2908 1937 iniens,
2937 1874 3008 1930 ad
3039 1874 3427 1947 Chilpericum
3461 1893 3545 1936 re-

34 1968 254 2030 castro,
283 1963 349 2018 in
369 1962 647 2018 exsilium
667 1977 838 2034 super
862 1961 1046 2034 ripam
1076 1960 1340 2018 Rhodani
1369 1961 1429 2018 in
1463 1961 1603 2019 turri
1627 1976 1763 2033 qua—
1842 1970 1972 2027 gem
2015 1955 2259 2025 transiit,
2315 1956 2684 2015 facultatibus
2741 1960 2863 2017 suis
2922 1961 3059 2018 fisco
3089 1962 3116 1999 ι
3161 1963 3312 2036 regis
3355 1963 3544 2023 Gunt-

35 2051 168 2109 dam
204 2059 376 2108 arcta
409 2058 579 2123 atque
608 2051 826 2108 detecta
860 2050 1211 2108 retruditur:
1245 2050 1305 2106 in
1340 2066 1455 2122 qua
1481 2066 1581 2123 per
1617 2051 1762 2109 duos
1842 2046 2106 2103 chramni
2143 2046 2420 2107 dimissis.
2455 2047 2716 2120 Cumque
2742 2064 2841 2121 per
2868 2050 3093 2108 diversa
3118 2060 3424 2123 vagaretur
3439 2070 3547 2127 pro

35 2139 154 2196 fere
187 2154 395 2196 annos
425 2154 560 2196 cum
609 2138 812 2211 grandi
863 2137 1120 2196 cruciatu
1160 2146 1567 2196 commoratur.
1599 2138 1760 2196 Obti-
1842 2135 2150 2193 commisso
2182 2135 2414 2207 scelere,
2447 2151 2552 2193 nec
2579 2138 2633 2194 ei
2657 2144 2804 2196 esset
2832 2139 2993 2198 locus
3043 2141 3250 2199 firmus
3287 2143 3355 2199 ad
3382 2158 3547 2200 com-

33 2237 217 2286 nente
253 2228 428 2286 beato
457 2227 677 2286 Nicetio
705 2229 990 2301 episc0po,
1029 2227 1388 2300 Lugdunum
1414 2229 1756 2302 regreditur,
1843 2226 2222 2292 morandum;
2256 2226 2506 2297 tandem,
2538 2231 2602 2284 ut
2630 2228 2817 2298 credo,
2844 2237 3042 2287 contra
3090 2245 3224 2288 eum
3261 2232 3550 2304 sanguine

35 2317 462 2391 habitavitque
491 2334 622 2376 cum
670 2333 736 2376 eo
761 2334 862 2391 per
884 2317 1031 2376 duos
1075 2333 1322 2376 menses.
1354 2317 1465 2375 Sed
1503 2334 1636 2376 cum
1670 2318 1762 2376 ob-
1842 2314 2068 2371 insonte
2103 2314 2172 2370 ad
2204 2313 2466 2371 divinam
2497 2316 2807 2388 potentiam
2835 2317 3243 2398 proclamante,
3289 2321 3349 2376 in
3407 2336 3550 2394 quo-

36 2408 228 2465 tinere
265 2421 393 2464 non
417 2413 605 2480 posset
641 2423 675 2464 a
701 2423 852 2480 rege,
889 2413 955 2464 ut
1003 2407 1062 2464 in
1099 2407 1288 2466 locum
1324 2409 1478 2466 unde
1509 2408 1763 2481 dejectus
1843 2402 1977 2460 dam
2002 2403 2126 2461 loco
2153 2404 2293 2461 dum
2327 2406 2436 2462 iter
2452 2412 2664 2476 ageret,
2697 2407 3072 2466 innocentem
3093 2410 3390 2468 hominem
3419 2427 3550 2470 eva-

33 2496 259 2565 fuerat,
293 2496 722 2566 restitueretur,
764 2502 927 2556 nocte
956 2512 1058 2570 per
1086 2497 1284 2569 fugam
1336 2496 1535 2568 lapsus
1562 2496 1634 2554 ad
1667 2493 1761 2553 Si-
1845 2491 2040 2564 ginato
2070 2491 2298 2564 gladio1
2345 2493 2690 2552 interemit.
2717 2495 2894 2568 Cujus
2931 2504 3194 2568 parentes
3247 2497 3551 2555 condolen-

31 2586 344 2655 gibertum
392 2601 584 2658 regem
616 2586 643 2624 ἀ
673 2586 918 2657 transiit,
959 2591 1014 2644 et
1041 2586 1192 2659 apud
1226 2574 1604 2643 Arisitensem
1628 2596 1649 2621 °
1675 2586 1762 2642 vi-

33 2689 176 2730 cum
211 2673 528 2746 episcopus
557 2674 900 2744 instituitur,
930 2673 1150 2732 habens
1183 2674 1292 2731 sub
1316 2689 1375 2730 se
1412 2674 1544 2746 plus
1570 2673 1766 2729 minus

36 2763 341 2820 dioeceses
371 2763 392 2798 ί
421 2762 772 2837 quindecim,
805 2778 948 2836 quas
1006 2762 1260 2835 primum
1311 2761 1503 2818 Gottlii
1532 2761 1767 2832 quidam

32 2855 394 2920 tenuerant,
434 2867 596 2909 nunc
637 2867 774 2909 vero
804 2851 1123 2917 Dalmatius
1154 2850 1591 2907 SRutbenensis
1640 2849 1764 2922 epi-

34 2955 264 3012 scopus
317 2938 672 2997 vindicabat.
733 2938 857 3008 Quo
892 2940 1139 2997 abeunte
1190 2939 1401 2996 iterum
1465 2938 1769 3012 Lingonici

39 3027 419 3086 Silvestrum
434 3029 848 3102 propinquum,
879 3029 968 3086 vel
995 3031 1057 3099 [Ι.
1089 3030 1160 3100 et]
1185 3037 1468 3098 nostrum,
1498 3029 1587 3086 vel
1614 3030 1768 3087 beati

37 3112 289 3181 Tetrici,
341 3114 720 3186 episcopum“
770 3119 1068 3185 expetunt.
1123 3113 1229 3171 Sed
1265 3121 1455 3172 tamen
1508 3122 1573 3172 ut
1633 3131 1768 3173 eum

38 3207 341 3272 peterent,
379 3202 569 3259 fratris
605 3203 718 3259 mei
756 3203 864 3260 hoc
893 3201 1168 3259 instinctu
1201 3203 1482 3261 fecerunt.
1542 3203 1823 3298 Intereac

1850 2582 1931 2633 tes
1982 2575 2292 2649 propinqui
2325 2579 2567 2649 exitum,
2601 2587 2885 2638 commota
2931 2582 3232 2654 seditione,
3276 2585 3549 2642 extractis

1848 2664 2076 2738 gladiis,
2107 2682 2240 2724 eum
2273 2669 2335 2725 in
2355 2669 2537 2727 frusta
2565 2669 2892 2735 concidunt,
2925 2673 3412 2748 membratimque
3453 2674 3546 2731 di-

1850 2762 2145 2826 spergunt.
2179 2756 2376 2814 Talem
2431 2758 2588 2830 justo
2614 2758 2835 2830 judicio
2863 2759 2966 2819 Dei
2992 2774 3033 2799 ω
3078 2762 3306 2820 exitum
3372 2763 3551 2819 miser

1849 2844 2083 2916 accepit,
2115 2849 2176 2900 ut
2205 2845 2305 2918 qui
2338 2847 2728 2920 propinquum
2758 2849 3123 2908 innocentem
3159 2851 3548 2929 interemerat,

1852 2933 1973 3005 ipse
2004 2949 2214 2992 nocens
2256 2936 2476 2994 diutius
2508 2953 2624 2994 non
2683 2947 2966 2996 maneret:
3011 2955 3147 2998 nam
3208 2942 3373 3000 tertio
3426 2943 3554 3000 haec

1851 3021 1899 3078 ei
1931 3029 2250 3079 evenerunt
2276 3039 2450 3082 anno.
2484 3024 2752 3100 Denique
2772 3034 2897 3099 post
2927 3029 3235 3086 transitum
3257 3029 3544 3099 Silvestri,

1850 3107 2155 3180 Lingonici
2197 3109 2407 3169 iterum
2462 3112 2793 3185 episcopum
2825 3103 3166 3187 ﬂagitantes,
3208 3117 3549 3188 Pappolum,

1851 3195 1954 3269 qui
1979 3198 2273 3268 quondam
2295 3199 2736 3258 archidiaconus
2761 3203 3307 3274 Augustodunensis
3337 3206 3548 3274 fuerat,

40 3294 400 3346 transeunte
433 3289 593 3346 beato
625 3289 867 3358 Tetrico,
930 3289 1022 3347 hic
1070 3296 1231 3348 tonso
1258 3290 1440 3362 capite
1468 3286 1823 3365 presbytes"
1849 3286 2172 3359 accipiunt:
2203 3287 2305 3360 qui
2335 3289 2538 3358 multa,
2561 3298 2625 3347 ut
2651 3300 2916 3348 asserunt
2955 3292 3144 3364 multi,
3186 3294 3301 3366 egit
3323 3295 3548 3366 iniqua,

37 3377 389 3445 ordinatur,
421 3382 646 3447 accepta
674 3377 833 3434 omni
858 3383 1128 3450 potestate
1159 3377 1228 3433 de
1275 3377 1448 3435 rebus
1479 3378 1758 3436 ecclesiae:

37 3466 139 3538 qui
175 3480 328 3522 vero
368 3472 434 3521 ut
465 3464 917 3522 benedictionem
947 3464 1322 3536 episcopalem
1367 3465 1644 3537 Lugduni
1674 3482 1770 3523 ac-

40 3553 250 3625 cipiat,
285 3551 405 3606 iter
437 3558 615 3622 parat.
671 3552 813 3620 Quas
840 3551 979 3608 dum
1011 3557 1281 3622 aguntur,
1319 3549 1440 3622 ipse
1477 3551 1615 3623 quia
1649 3551 1768 3623 jam

39 3640 144 3695 diu
181 3636 541 3709 epilepticus
567 3645 704 3707 erat,
755 3637 828 3695 ab
862 3638 969 3694 hoc
1002 3636 1202 3694 morbo
1261 3644 1574 3710 correptus,
1605 3653 1769 3710 aspe-

39 3730 167 3785 rius
199 3734 385 3783 extra
416 3741 650 3784 sensum
710 3728 913 3799 factus,
968 3734 1020 3783 et
1067 3743 1166 3799 per
1224 3726 1346 3783 dies
1375 3727 1518 3784 duos
1544 3728 1771 3786 assidue

39 3817 196 3874 dans
233 3815 558 3886 mugitum,
592 3815 754 3872 tertia
780 3815 872 3872 die
899 3815 1169 3888 spiritum
1200 3815 1513 3873 exhalavit.
1547 3815 1769 3884 Quibus

38 3903 334 3978 peractis,
367 3901 742 3975 Lampadius,
773 3911 834 3961 ut
856 3904 1122 3976 superius
1142 3903 1422 3974 diximus,
1451 3904 1523 3961 ab
1554 3905 1769 3964 honore

41 4005 94 4053 et
113 3993 414 4053 facultate
442 3994 718 4066 privatus,
767 3996 830 4052 in
859 3994 1058 4052 odium
1109 3995 1232 4068 [Ed.
1265 3993 1415 4067 odio]
1467 3993 1622 4051 Petri
1649 3995 1775 4066 dia;

109 4185 126 4201 ·
157 4175 230 4226 Id
282 4176 376 4224 est
437 4172 711 4236 apoplexi,
753 4185 872 4238 quae
905 4185 979 4226 ex
1013 4173 1296 4236 sanguinis
1345 4172 1610 4224 eiiusione
1664 4174 1770 4225 ori-

45 4251 152 4307 tur,
189 4249 498 4306 correptus
526 4251 626 4296 est.

109 4319 131 4346 "
169 4317 322 4376 Fuit,
378 4322 436 4366 ut
475 4319 659 4366 notant
706 4314 1044 4367 Bollandiani
1097 4314 1168 4365 ad
1219 4315 1272 4364 18
1318 4314 1504 4372 Martii,
1551 4313 1772 4365 Munde-

49 4391 232 4444 ricus,
280 4397 402 4440 seu,
450 4390 509 4436 ut
546 4386 634 4436 alii
693 4385 952 4443 scribunt,
1006 4385 1344 4446 Modericus;
1396 4385 1645 4436 Ansberti
1689 4387 1773 4434 fa-

47 4460 368 4510 mosissiml
416 4459 683 4508 senatoris
734 4457 893 4515 filius,
939 4460 988 4508 S.
1030 4456 1228 4507 Arnulfl
1284 4458 1452 4520 episc.
1504 4457 1774 4508 Mettensis

46 4533 256 4588 frater,
293 4527 591 4591 quiclarus
612 4529 890 4578 miraculis
924 4528 1128 4578 obiisse
1152 4525 1373 4578 dicitur.

1852 3393 1983 3449 quae
2022 3394 2054 3434 a
2091 3377 2256 3436 nobis
2279 3380 2816 3451 praitermittuntur,
2843 3397 2914 3439 ne
2940 3383 3282 3461 detractores
3304 3385 3548 3441 fratrum

1853 3482 1977 3525 esse
2003 3467 2344 3527 videamur:
2397 3477 2589 3528 tamen
2614 3470 2847 3543 qualem
2903 3471 2952 3530 is
2999 3472 3265 3530 habuerit
3297 3474 3547 3542 exitum,

1853 3569 1969 3611 non
2019 3556 2298 3612 omittam.
2354 3557 2526 3614 Anno
2581 3561 2780 3616 octavo
2820 3564 2964 3622 209
3021 3560 3381 3632 episcopatus
3433 3559 3550 3630 sui,

1853 3643 1995 3700 dum
2046 3644 2318 3702 dimceses
2359 3657 2428 3702 ac
2459 3646 2627 3704 villas
2673 3647 2942 3706 Ecclesiae
2975 3649 3377 3715 circumiret“,
3412 3666 3555 3723 qua-

1853 3730 1986 3789 dam
2039 3739 2203 3790 nocte
2256 3733 2564 3792 dormienti
2613 3737 2880 3808 apparuit
2911 3736 2998 3794 illi
3041 3737 3239 3795 beatus
3289 3737 3553 3796 Tetricus

1850 3819 2022 3878 vultu
2061 3820 2308 3889 minaci;
2365 3823 2461 3880 cui
2509 3823 2588 3880 ita
2636 3824 2815 3882 dicit:
2869 3825 3017 3894 Quid
3048 3834 3128 3896 tu,
3176 3827 3391 3899 inquit,
3434 3826 3551 3898 hic,

1855 3910 2141 3984 Pappole‘?
2171 3911 2242 3968 Ut
2267 3913 2406 3985 quid
2437 3915 2631 3972 sedem
2686 3930 2875 3972 meam
2908 3914 3164 3988 polluis?
3202 3923 3265 3974 ut
3291 3916 3432 3989 quid
3469 3931 3553 3974 ec-

1854 3999 2087 4059 clesiam
2114 4002 2426 4073 pervadis?
2455 4011 2519 4063 ut
2545 4005 2686 4077 quid
2710 4021 2846 4064 oves
2875 4007 3024 4064 mihi
3069 4006 3311 4065 creditas
3353 4007 3437 4065 sic
3463 4007 3558 4064 di-

1921 4175 1939 4211 f
1969 4176 2025 4226 id
2052 4178 2142 4248 est
2179 4176 2510 4248 parochias,‘
2545 4179 2641 4242 qui
2687 4180 2941 4244 loquendi
2983 4182 3178 4233 modus
3222 4183 3340 4234 aliis
3393 4185 3556 4235 etiam

1856 4247 2167 4297 auctoribus
2203 4246 2643 4307 familiaris'fuit,
2693 4254 2752 4300 ut
2792 4249 3049 4303 observat
3081 4252 3284 4304 Savaro
3315 4254 3372 4302 in
3397 4253 3554 4314 epist.

1862 4317 1917 4367 16
1966 4315 2088 4367 libri
2149 4330 2208 4368 ix
2258 4317 2582 4380 Apollinaris
2625 4319 2850 4370 Sidonii.
2914 4321 3004 4372 Hac
3065 4326 3240 4373 autem
3292 4323 3560 4386 parochias

1857 4399 1978 4439 cum
2029 4386 2358 4450 Septimania
2411 4388 2626 4441 fuerant
2659 4391 2758 4441 sub
2807 4391 3045 4444 dominio
3095 4393 3554 4456 Wisigotthorum,

1855 4462 1948 4522 qui
1978 4459 2050 4508 ibi
2075 4460 2412 4510 instituerant
2447 4463 2781 4526 episcopum.

1918 4539 1942 4573 ε
1980 4529 2184 4591 llegm.,
2230 4538 2434 4578 sanctus
2484 4533 2741 4582 Martinus
2797 4535 3082 4598 cpiscopus.
3150 4534 3301 4594 Bad.,
3357 4535 3555 4586 Matius

109 4609 128 4628 σ
167 4597 559 4650 Toruodorurn
621 4599 897 4661 oppidum,
963 4599 1128 4668 vulgo
1199 4596 1492 4661 Tannerrc,
1551 4595 2134 4663 comita-Depiscopus.
2194 4599 2459 4660 Caeterum
2521 4615 2619 4665 pro
2661 4595 2992 4667 Nunc'ce-ro,
3065 4606 3354 4668 legendum
3414 4611 3557 4659 esset

44 4677 139 4722 tus
190 4670 468 4731 dignitate
517 4667 746 4719 illustre.
822 4668 984 4722 Haud
1027 4666 1246 4719 dubium
1319 4671 1450 4732 quin
1505 4669 1773 4733 ejusmodi

45 4733 384 4792 castrorum
433 4738 690 4803 episcopi,
750 4740 841 4803 qui
919 4740 1514 4802 archipresbyterorum
1565 4741 1774 4792 vicibus

45 4812 463 4874 fungebantur,
524 4811 665 4872 apud
711 4815 1003 4876 plerosque
1079 4814 1336 4862 auctores
1393 4811 1773 4875 chorepiscopi

45 4883 276 4934 fuerint
305 4879 584 4942 appellati.

1855 4678 1973 4719 tunc
2018 4683 2155 4729 vero,
2199 4678 2290 4721 aut
2337 4676 2484 4723 certe
2523 4673 2773 4733 vindicat,

1855 4741 1911 4791 in
1946 4742 2132 4792 Notilia
2162 4752 2260 4792 sua
2283 4743 2412 4804 legit
2441 4751 2565 4794 tum.

1858 4857 1890 4932 1..
1898 4810 1940 4932 ζ
1977 4813 2190 4932 lilegm.,
2241 4810 2425 4862 Τοιγίεὶ
2479 4815 2726 4880 episcopi.
2782 4817 2852 4868 De
2903 4829 3010 4880 quo
3054 4829 3222 4881 supra
3255 4818 3322 4870 ad
3347 4820 3552 4881 cap.t6

1880 4895 1893 4932 ι
1938 4919 1949 4932 .
2002 4895 2048 4932 v.
2732 4931 2735 4932 ν

1880 4895 1949 4932 ιι).
1977 4895 2048 4932 IV.

2828 4687 2928 4740 pro
2964 4677 3275 4774 υἰηᾶίειξῖαι.
3317 4678 3556 4731 Valesius

1921 4931 2017 5002 'ls
2058 4956 2140 5003 est
2197 4953 2488 5017 episcopus
2558 4931 3066 5019 Augustodunensls
3123 4956 3267 5020 apud
3322 4955 3376 5008 S.
3437 4957 3560 5008 Gre-

1858 5022 2072 5096 gorium
2113 5021 2365 5096 celebris,
2423 5024 2513 5086 qui
2566 5030 2684 5076 sedi
2726 5026 2839 5076 Suae
2874 5026 3026 5096 pallii
3069 5027 3351 5090 honorem,
3382 5030 3435 5078 et
3469 5039 3554 5079 se-

1833 5093 2022 5212 geudi
2059 5094 2244 5213 tpii-imo
2315 5092 2437 5144 loco
2489 5092 3192 5165 praerogativam‘obtinuit
3245 5098 3310 5148 ab
3363 5099 3557 5151 eodem

1906 5199 1917 5212 .
1947 5177 2051 5216 non
2084 5177 2094 5212 ι
2119 5176 2221 5216 ice.

1891 5177 2298 5314 Ttﬁmblagflica
2351 5235 2405 5285 S.
2451 5236 2696 5301 Joannis,
2754 5237 2916 5290 hodie
2966 5240 3236 5303 parochias
3279 5240 3431 5296 titulo
3480 5241 3559 5293 in-

1858 5312 1904 5357 st
1950 5312 2076 5354 ulla.

1909 5318 2179 5437 g‘ltegm”
2199 5375 2326 5435 suis,
2364 5390 2474 5440 qua:
2501 5385 2652 5428 erant
2680 5393 2742 5430 ea;
2762 5381 2883 5443 ﬁsco
2906 5381 3045 5445 regio
3081 5383 3330 5436 dimissis.

1923 5446 1936 5476 ³
1962 5447 2107 5498 Idem
2137 5450 2331 5512 codex,
2366 5450 2620 5500 hominem
2648 5453 2774 5515 forte
2800 5453 2968 5517 gladio
3001 5456 3278 5505 interemit.

113 4955 134 4982 ³
176 4953 275 5002 Sic
308 4950 530 5012 Casia;
574 4950 680 5008 alii,
735 4950 808 5001 ad
861 4950 1120 5014 Sigibcrti
1152 4956 1401 5013 regnum.
1439 4953 1675 5005 Nondum
1705 4953 1777 5003 Si-

47 5022 336 5086 gebertus
373 5026 488 5072 erat
520 5024 750 5084 occisus,
775 5034 898 5074 cum
932 5022 1046 5074 haec
1079 5025 1377 5084 contigere.

114 5103 134 5122 ο
176 5093 406 5154 Begm.,
475 5092 793 5150 Aritcnscm,
860 5095 960 5144 sed
1031 5093 1313 5145 mendose.
1383 5093 1508 5144 Nam
1573 5093 1778 5158 aliquot

49 5168 199 5216 alios
255 5166 597 5214 Arisitenses
660 5167 947 5227 episcopos
1001 5175 1071 5215 ex
1127 5164 1292 5215 variis
1337 5164 1646 5215 auctoribus
1688 5179 1775 5215 re-

49 5237 265 5288 exnset
310 5232 554 5285 Valesius
602 5236 655 5285 in
694 5235 888 5286 Notitia
936 5234 1252 5286 Galliarum.
1287 5234 1435 5286 Haud
1476 5236 1566 5285 diu
1599 5242 1778 5286 tamen

50 5309 212 5357 stetit
257 5303 358 5355 illa
416 5305 595 5356 sedes.
645 5306 912 5356 incertum
953 5316 1120 5368 porro
1171 5308 1254 5356 est
1287 5307 1406 5367 quis
1439 5306 1602 5356 fuerit
1622 5306 1776 5356 locus

51 5378 170 5437 ille,
245 5386 419 5439 quem
491 5387 559 5426 ex
615 5375 718 5427 hoc
771 5376 1026 5438 Gregorii
1096 5375 1222 5428 loeo
1272 5375 1412 5426 intra
1472 5376 1774 5427 Rulhenicae

50 5451 388 5499 dimceseos
448 5444 585 5497 fines
638 5448 907 5498 contineri
946 5447 1222 5498 discimus.
1291 5447 1377 5498 Est
1423 5459 1657 5508 namque
1702 5448 1778 5497 vi-

50 5532 158 5570 cus
221 5519 392 5569 Aria:
439 5518 632 5576 dictus,
677 5520 768 5581 qui
812 5518 995 5570 Latine
1034 5517 1303 5570 Arisitum
1350 5517 1456 5568 dici
1499 5519 1778 5581 potuisset.
1925 5527 1956 5548 ω
1997 5519 2150 5580 Editi,
2175 5521 2335 5583 juxta
2353 5523 2615 5585 judicium
2643 5527 2756 5574 Dei.

49 5590 144 5642 Est
199 5591 379 5642 etiam
418 5589 575 5640 vicus
616 5594 904 5640 montanus
958 5591 1178 5642 nomine
1233 5591 1376 5643 Airc.
1429 5589 1674 5651 Plerique
1709 5594 1776 5640 ta:
1925 5600 1948 5619 ι
1979 5590 2260 5644 Visilaudae
2349 5596 2602 5648 dicacesis
2681 5597 2948 5647 solemnem
3014 5595 3440 5657 consuetudinem,
3497 5603 3555 5648 ut

51 5673 196 5713 men
250 5659 570 5712 existimant
617 5661 914 5709 Arisirmsis
983 5662 1200 5713 nomine
1261 5661 1534 5722 designari
1582 5672 1782 5723 pagum
1865 5660 2112 5725 episcopis
2155 5677 2261 5713 mos
2295 5675 2382 5725 est,
2429 5667 2666 5730 appellat
2713 5669 2951 5719 Severus
2995 5667 3264 5730 Sulpicius
3317 5669 3472 5728 epist.
3535 5669 3556 5720 1

53 5743 162 5783 seu
218 5731 850 5802 territoriumklongum
919 5731 1136 5784 circiter
1198 5743 1299 5783 sex
1367 5732 1570 5791 leucas,
1639 5731 1782 5794 quod
1861 5730 1932 5783 ad
1977 5731 2168 5787 Euseb.
2208 5737 2282 5790 De
2323 5735 2425 5788 hac
2473 5738 2674 5801 passim
2720 5738 3024 5802 Gregorius
3075 5742 3129 5793 et
3169 5738 3263 5791 alii
3307 5741 3558 5793 auctores

55 5805 241 5856 etiam
274 5811 433 5853 nunc
453 5799 756 5864 appellatur
779 5802 995 5854 i’Arsat.
1863 5804 2086 5861 antiqui.
2383 5807 2392 5816 '
