4016 6338
2498 174 2536 205 δ

442 372 549 434 323
1031 416 1043 429 .
1514 362 1577 425 Β.
1617 360 1975 422 GREGORII
2016 350 2346 420 EPISCOPI
2382 355 2862 419 TURONENSIS
3845 370 3942 431 3.24

447 488 714 569 Spargis?
751 486 898 548 Cede
935 487 1082 558 loco,
1114 483 1377 560 relinque
1401 484 1619 557 sedem,
1647 486 1887 545 abscede
1917 484 2205 559 longiusA
2224 484 2380 540 dabit
2407 503 2423 539 :
2460 489 2511 539 et
2544 486 2641 554 qui
2676 502 2783 540 non
2819 484 2996 550 habet,
3028 487 3211 556 ipsum
3264 486 3411 556 quod
3467 488 3627 545 habet
3658 493 3942 560 auferehtr

447 601 481 643 a
517 582 769 655 regione.
800 579 881 667 Et
1077 577 1294 667 dicens,
1338 576 1765 667 virgamquam
1802 575 2045 667 habebat
2086 575 2147 631 in
2231 577 2300 630 ab
2328 592 2384 667 eo
2441 576 2658 667 (Matth.
2690 587 2819 645 XIII,
2852 575 2956 643 12).
3021 573 3091 631 Et
3145 573 3295 667 illud
3328 594 3349 667 εΔ
3399 580 3534 667 Ecce
3563 596 3731 635 sanus
3757 585 3977 667 factum

448 685 646 740 manu,
677 665 1040 742 pectori‘ejus
1087 679 1223 723 cum
1271 663 1389 721 ictu
1427 662 1621 721 valido
1646 663 1901 736 impulit.
1931 663 1997 720 In
2030 679 2148 737 quo
2232 680 2305 727 es,
2339 663 2460 733 jam
2493 666 2607 719 noli
2653 679 2899 735 peccare,
2956 680 3023 717 ne
3081 664 3218 732 quid
3283 665 3386 719 tibi
3441 666 3679 723 deterius
3731 674 3941 725 eteniat

445 759 545 818 ille
574 757 880 831 evigilans,
916 755 1059 814 dum
1108 752 1316 827 cogitat
1349 752 1491 827 quid
1540 752 1649 810 hoc
1681 758 1848 824 esset,
1895 752 2057 810 ﬁxaa
2088 752 2151 810 in
2236 756 2412 821 (Joan.
2447 765 2506 823 v,
2544 754 2641 825 14).
2675 753 2820 810 Nam
2848 751 3183 825 perstitisset
3209 752 3304 809 hic
3338 752 3397 811 in
3455 754 3716 826 sanitate,
3753 758 3804 814 si
3834 757 3937 816 Ju-

443 848 568 906 loco
597 847 696 905 illo
724 845 1014 919 deﬁgitur,
1062 858 1128 901 ac
1179 842 1378 901 dolore
1428 841 1689 899 maximo
1715 839 2022 899 cruciatur.
2079 838 2149 897 In
2236 843 2427 901 desum
2460 860 2577 901 non
2608 843 2938 902 induxisset
2971 859 3141 916 super
3161 843 3423 901 divinam
3455 845 3751 904 virtutem.
3778 846 3942 906 Tales

446 937 556 996 hoc
574 937 753 1010 igitur
779 949 991 1009 angore
1015 948 1275 1005 manens,
1302 931 1573 990 abhorret
1595 930 1791 990 cibum
1812 935 2150 1004 potumque,

447 1033 504 1085 et
542 1032 785 1085 mortem
832 1027 955 1099 jam
1014 1024 1127 1083 sibi
1190 1022 1521 1097 proximam
1574 1020 1956 1097 praestolatur.
2005 1020 2153 1091 Quid

444 1114 614 1189 plura
638 1122 661 1171 ‘2
694 1112 886 1171 Tertia
916 1112 1009 1171 die
1039 1127 1175 1170 cum
1204 1109 1552 1185 sanguinem
1580 1124 1679 1167 ore
1704 1108 2024 1185 projiceret,
2048 1124 2153 1166 ex-
2239 1117 2441 1186 cipatio
2464 1114 2702 1182 justitiee
2732 1130 2849 1167 cum
2872 1114 3167 1181 iniquitate
3189 1114 3217 1165 ?
3246 1112 3361 1166 Aut
3391 1130 3511 1181 quae
3545 1118 3775 1170 societas
3807 1118 3943 1169 lucis

448 1205 718 1279 spiravit;
784 1204 1000 1261 exinde
1047 1203 1235 1261 elatus
1289 1202 1603 1275 Lingonas,
1639 1207 1723 1259 est
1753 1202 2033 1274 sepultus.
2088 1200 2156 1257 In
2240 1220 2359 1259 cum
2396 1203 2630 1257 tenebris
2656 1215 2676 1241 ε
2699 1205 2727 1255 ?
2758 1202 2885 1268 Qua
2913 1202 3555 1256 autem'communicatio
3582 1204 3788 1258 Christi
3826 1221 3941 1257 cum

444 1295 613 1367 cujus
638 1293 830 1352 locum
863 1290 1220 1351 Mummolus
1269 1288 1448 1347 abbas
1468 1293 1511 1360 ι’,
1563 1304 1739 1362 quem
1783 1287 2011 1347 Bonum
2057 1303 2156 1346 co-
2238 1294 2466 1348 Belial?
2493 1292 2608 1346 Aut
2639 1306 2758 1360 quae
2791 1307 2925 1361 pars
2973 1290 3123 1359 ﬁdeli
3154 1306 3272 1344 cum
3302 1280 3567 1359 inﬁdeli?
3596 1292 3728 1357 Quis
3757 1297 3939 1345 autem

446 1385 759 1454 gnomento
819 1383 1045 1449 vocant,
1112 1376 1416 1450 episcopus
1499 1375 1911 1435 substituitur:
1977 1391 2153 1450 quem
2239 1397 2523 1439 consensus
2552 1382 2748 1451 templo
2766 1383 2867 1435 Dei
2894 1397 3013 1435 cum
3041 1380 3257 1433 idolis?
3317 1382 3425 1436 Vos
3464 1384 3591 1435 estis
3622 1382 3763 1435 enim
3808 1386 3941 1435 tem-

447 1465 620 1523 multi
650 1464 877 1537 magnis
909 1464 1179 1523 laudibus
1211 1469 1675 1538 prosequuntur:
1711 1464 1964 1521 dicentes
2018 1479 2155 1521 eum
2232 1474 2390 1543 plum
2419 1472 2517 1525 Dei
2540 1472 2673 1525 vici.
2704 1472 2995 1540 Propterea
3035 1471 3178 1524 emite
3204 1469 3270 1523 de
3314 1470 3489 1524 medio
3519 1486 3720 1533 eorum,
3780 1476 3830 1524 et
3860 1485 3945 1523 se-

448 1570 573 1614 esse
599 1560 840 1623 castum,
863 1552 1155 1635 sobrium,
1176 1552 1560 1625 moderatum,
1613 1569 1680 1611 ac
1704 1552 1765 1611 in
1797 1550 1959 1611 omni
1989 1550 2153 1609 boni-
2234 1563 2517 1632 paramini
2568 1560 2637 1613 ab
2695 1561 2799 1623 his,
2859 1562 2940 1613 ait
2969 1562 3229 1614 Dominus
3258 1558 3277 1593 τ
3326 1561 3403 1626 (Π
3437 1560 3554 1616 Cor,
3619 1571 3694 1626 γι,
3754 1557 3943 1627 14-17),

450 1649 563 1702 tate
586 1642 1105 1717 promptissimum,
1134 1649 1426 1700 amantem
1474 1642 1781 1717 justitiam,
1813 1641 2157 1699 charitatem
2241 1646 2377 1705 Ideo
2426 1647 2622 1704 doceat
2650 1660 3132 1719 unumquemque
3160 1644 3560 1704 Christianum
3589 1646 3716 1704 haec
3748 1662 3943 1718 causa,

450 1731 611 1792 omni
640 1732 963 1791 intentione
988 1731 1343 1807 diligentem.
1396 1732 1507 1800 Qui
1544 1737 1772 1805 accepto
1804 1731 2158 1805 episcopatu,
2243 1740 2310 1793 ut
2335 1735 2566 1807 quando
2617 1734 2907 1792 caelestem
2951 1733 3205 1806 accipere
3239 1735 3522 1793 meruerit
3570 1735 3947 1805 medicinam,

452 1836 799 1895 cognoscens
836 1796 1368 1894 quodLainpadius
1393 1796 1647 1880 multum
1675 1796 1745 1879 de
1777 1796 1952 1879 rebus
1995 1796 2220 1901 iram};
2244 1796 2470 1883 terrena
2494 1838 2613 1881 non
2643 1828 2898 1896 requirat
2929 1796 3139 1882 studia.

450 1910 643 1969 dasset
685 1910 961 1973 ecclesias.
1014 1925 1081 1968 ac
1135 1910 1203 1969 de
1232 1909 1433 1984 spoliis
1470 1925 1792 1984 pauperum
1849 1924 2035 1982 agros,
2076 1908 2160 1966 vi-
2312 1914 2439 1972 VII.
2473 1912 2582 1972 Sed
2614 1923 2641 1959 ε
2670 1920 2724 1971 et
2753 1913 2897 1972 illud
2952 1929 3401 1972 commemorare
3448 1914 3608 1986 libet,
3667 1914 3795 1988 qui,
3851 1913 3945 1972 vel

454 2015 728 2073 masque,
760 2000 855 2058 νεὶ
885 1999 1176 2073 Ιηᾶῐὶοίρίὶὶ
1203 2006 1622 2074 congregasset,
1654 2014 1791 2059 eum
1818 1997 2071 2056 ἔιδοωηὶ
2096 2012 2158 2054 1‘8
2239 2008 2438 2083 quales
2476 2006 2589 2067 viri
2634 2007 2742 2065 hoc
2793 2022 2950 2066 anno
2979 2022 3011 2064 a
3065 2006 3309 2077 Domino
3362 2011 3498 2064 sunt
3544 2005 3751 2064 vocati.
3786 2004 3955 2064 Unde

450 2088 736 2147 nudatum
764 2103 797 2145 a
825 2088 1129 2162 praesentia
1184 2104 1292 2147 sua
1337 2088 1515 2162 jussit
1552 2088 1728 2162 abigi.
1761 2087 1874 2158 Qui
1903 2102 2063 2147 nunc
2094 2086 2157 2143 in
2239 2112 2522 2171 magnum
2551 2112 2687 2155 eum
2710 2103 2764 2155 ρι
2787 2097 2906 2156 Deo
2935 2106 2957 2135 ι.
2988 2096 3399 2170 δεεθριδδῃεω
3438 2112 3541 2170 ego
3572 2111 3804 2168 censeo,
3852 2086 3971 2168 qui'

450 2177 709 2235 maxima
736 2178 1320 2251 paupertatedegens,
1346 2178 1622 2238 manibus
1649 2176 1900 2253 propriis
1931 2176 2156 2237 victum
2241 2185 2373 2246 talis
2422 2186 2493 2244 de
2520 2191 2713 2244 nostra
2745 2191 2895 2243 terra
2949 2200 3054 2243 suo
3098 2184 3361 2258 paradiso
3417 2184 3746 2243 collocatur.
3809 2180 3959 2240 Nam

454 2264 682 2339 quaerit.
713 2264 853 2323 Haec
881 2266 952 2323 de
980 2265 1072 2325 his
1098 2266 1411 2324 sufﬁciant.

2308 2277 2582 2336 enedictus
2650 2275 2873 2335 Senoch
2928 2274 3248 2349 presbyter,
3314 2274 3418 2349 qui
3475 2275 3628 2349 apud
3685 2274 3960 2333 Turonos

2237 936 2394 992 enim
2423 935 2696 992 admonet
2749 940 2804 991 et
2849 933 3039 1006 arguit
3092 934 3425 1006 Apostolus,
3474 935 3708 993 dicens:
3765 942 3943 995 Nolite

2237 1027 2379 1079 enim
2425 1025 2624 1093 jugum
2679 1024 2870 1077 ducere
2922 1039 3041 1077 cum
3070 1024 3403 1093 inﬁdelibus.
3434 1024 3561 1089 Quae
3593 1028 3735 1079 enim
3754 1029 3939 1097 parti-

527 2353 629 2412 VI.
657 2356 832 2412 Anno
864 2368 1002 2412 vero
1032 2364 1187 2427 °quo
1218 2369 1409 2427 supra,
1455 2354 1514 2412 id
1568 2361 1651 2412 est
1680 2370 1795 2427 quo
1820 2360 2045 2413 mortuo
2067 2353 2162 2413 Si-

455 2445 677 2518 giberto
701 2444 1105 2504 Childebertus
1120 2446 1277 2504 ﬁlius
1305 2450 1432 2517 ejus
1471 2462 1712 2520 regnare
1739 2447 1931 2519 cmpit,
1960 2447 2165 2506 multa;

455 2534 700 2593 virtutes
750 2533 821 2591 ad
880 2533 1213 2607 sepulcrum
1258 2533 1407 2591 beati
1463 2534 1694 2592 Martini
1742 2539 2158 2608 apparuerunt,

457 2638 602 2698 quas
624 2625 685 2682 in
723 2622 843 2682 illis
872 2622 1087 2681 libellis
1117 2622 1338 2696 scripsi,
1371 2640 1516 2697 quos
1543 2624 1614 2681 de
1655 2624 1839 2698 ipsius
1866 2623 2164 2682 miraculis

457 2724 796 2783 componere
824 2710 1058 2769 tentavi.
1096 2710 1167 2767 Et
1215 2709 1345 2767 licet
1373 2726 1639 2767 sermone
1693 2711 1928 2781 rustico,
1971 2716 2163 2768 tamen

456 2799 641 2859 celare
670 2816 873 2874 passus
898 2814 1015 2858 non
1054 2814 1206 2868 sum,
1236 2814 1368 2872 qum
1392 2804 1491 2857 aut
1510 2798 1633 2872 ipse
1660 2800 1804 2870 vidi,
1839 2805 1937 2858 aut
1961 2815 1995 2856 a
2019 2800 2166 2857 ﬁde-

459 2892 617 2951 libus
644 2892 820 2950 relata
846 2891 1109 2964 cognovi.
1156 2890 1520 2949 Hic-tantum
1548 2891 1688 2964 quid
1733 2890 2163 2965 negligentibus

459 2981 736 3051 evenerit,
767 2981 871 3056 qui
902 2987 1026 3054 post
1048 2980 1323 3039 virtutem
1377 2979 1672 3038 cmlestem
1721 2986 1946 3037 terrena
1974 2979 2163 3037 medi-

459 3075 720 3131 camenta
748 3069 1128 3144 quaesierunt,
1159 3068 1458 3127 exsolvam
1490 3088 1501 3126 :
1552 3063 1691 3143 quia
1729 3068 1879 3127 sicut
1907 3084 2007 3142 per
2034 3084 2163 3141 gra-

2246 2373 2385 2432 211
2420 2366 2770 2438 morabatur,
2800 2366 2882 2424 sic
2910 2364 3183 2439 migravit
3239 2380 3275 2421 a
3327 2363 3557 2423 saeculo.
3594 2363 3731 2422 Fuit
3753 2370 3955 2421 autem

2243 2473 2454 2531 genere
2492 2456 2813 2528 Theifalus,
2849 2462 2905 2515 et
2954 2458 3017 2514 in
3060 2453 3348 2515 Turonico
3379 2454 3625 2512 clericus
3653 2454 3865 2523 factus,
3901 2452 3957 2509 in

2244 2545 2517 2603 cellulam
2555 2560 2732 2619 quam
2782 2544 2903 2617 ipse
2932 2542 3081 2601 inter
3128 2542 3371 2616 parietes
3397 2541 3666 2615 antiquos
3716 2555 3965 2611 compo-

2247 2644 2459 2706 suerat,
2508 2653 2568 2695 se
2612 2636 2893 2693 removit:
2958 2633 3326 2708 collectisque
3383 2631 3703 2702 monachis,
3762 2636 3964 2689 orato-

2246 2727 2416 2796 rium,
2450 2726 2606 2800 quod
2637 2724 2821 2783 multo
2851 2730 3107 2797 tempore
3160 2722 3423 2781 dirutum
3474 2722 3681 2791 fuerat,
3717 2734 3961 2794 repara-

2247 2816 2350 2875 vit.
2382 2815 2542 2873 Idem
2572 2831 2744 2889 super
2776 2814 3039 2872 inﬁrmos
3096 2811 3312 2870 multas
3342 2812 3590 2870 virtutes
3619 2810 3781 2883 fecit,
3816 2823 3963 2884 quas

2246 2905 2309 2963 in
2334 2905 2481 2963 libro
2519 2904 2668 2963 Vitae
2696 2906 2822 2979 ejus
2852 2903 3189 2976 scripsimus
3219 2903 3253 2963 ⁸.

2319 2995 2475 3054 VIII.
2515 2995 2597 3053 Eo
2648 2989 2834 3053 annoj
2890 3001 2945 3052 et
2972 2994 3177 3053 beatus
3227 2993 3551 3053 Germanus
3600 2989 3965 3049 Parisiorum

2247 3085 2547 3161 episcopus
2610 3084 2837 3143 transiit
2863 3108 2875 3143 :
2908 3085 2965 3143 in
2999 3086 3166 3157 cujus
3197 3084 3513 3158 exsequiis,
3542 3082 3749 3142 multis
3780 3082 3967 3141 virtu-

461 3161 600 3220 tiam
640 3166 784 3224 210
812 3159 1145 3230 sanitatum,
1199 3158 1278 3216 ita
1324 3165 1378 3217 et
1408 3174 1508 3231 per
1536 3158 1967 3232 castigationem
2018 3159 2140 3217 stult

2308 3178 2403 3233 bus
2439 3158 2584 3248 quas
2614 3174 2673 3231 in
2705 3188 2940 3248 corpore
2970 3182 3245 3248 gesserat,
3286 3174 3396 3231 hoc
3433 3170 3796 3231 miraculum
3821 3185 3967 3227 con-

462 3257 656 3311 torum
690 3250 875 3309 virtus
905 3251 1030 3323 ejus
1077 3250 1417 3309 ostenditur.
1461 3250 1771 3307 Leonastes
1812 3248 2140 3323 Biturigus'

2308 3265 2636 3322 rmationem
2692 3263 2844 3321 fecit.
2900 3263 3047 3321 Nam
3101 3263 3431 3323 carcerariis
3483 3256 3967 3328 acclamantibus,

458 3338 921 3409 archidiaconus,
949 3337 1349 3397 decidentibus
1378 3337 1704 3426 cataractis,
1730 3337 1953 3426 lumine
1981 3338 2167 3396 caruit
2249 3368 2455 3426 corpus
2484 3353 2545 3410 in
2576 3353 2761 3424 platea
2789 3359 3161 3425 aggravalum
3211 3360 3316 3423 est,
3350 3351 3664 3423 solutisque
3718 3348 3967 3422 eisdqm,

461 3427 783 3489 0011101'1101-
828 3426 941 3496 Olli
991 3441 1127 3484 cum
1161 3442 1263 3500 per
1307 3426 1519 3485 ωυίῑοε
1560 3425 1811 3483 medicos
1838 3424 2165 3496 amblﬂans:
2254 3424 2489 3499 rursum
2517 3439 2644 3498 sine
2674 3424 2865 3497 labore
2893 3437 3157 3497 levatur:
3189 3437 3301 3511 ipsi
3340 3454 3568 3513 quoque
3618 3436 3727 3512 qui
3784 3435 3971 3494 soluti

463 3517 618 3576 nihil
646 3514 886 3575 omnino
915 3515 1160 3573 visionis
1197 3516 1448 3588 recipere
1473 3520 1682 3587 posset,
1714 3515 1951 3573 accessit
1977 3516 2047 3573 ad
2077 3515 2172 3573 ba-
2202 3582 2205 3583 ν
2253 3529 2507 3599 fuerant,
2545 3528 2607 3585 ω
2637 3526 2983 3601 obsequium
3012 3526 3236 3585 funeris
3259 3542 3444 3602 usque
3474 3526 3544 3584 ad
3568 3525 3880 3583 basilicam
3913 3525 3970 3580 in

468 3607 692 3666 silicam
726 3604 878 3664 beati
903 3604 1172 3695 Martini:
1204 3606 1305 3664 ubi
1347 3622 1450 3695 per
1475 3605 1622 3695 duos
1665 3611 1763 3664 aut
1792 3611 1905 3663 tres
1944 3621 2171 3695 menses
2254 3636 2368 3695 qua
2394 3617 2653 3692 sepultus
2682 3625 2786 3688 est,
2818 3618 2988 3676 liberi
3012 3624 3422 3691 pervenerunt.
3457 3616 3547 3674 Ad
3575 3616 3923 3687 sepulcrum
3945 3613 3971 3651 ι

465 3695 807 3766 consistens,
863 3699 919 3751 et
963 3694 1234 3767 jejunans
1259 3692 1507 3766 assidue,
1564 3694 1766 3752 lumen
1796 3700 1860 3752 ut
1898 3694 2140 3768 recipere

2308 3716 2450 3767 Item
2482 3709 2608 3782 ejus
2638 3707 2852 3767 multas
2883 3708 3145 3779 virtutes,
3193 3706 3445 3765 Domino
3505 3705 3822 3774 tribuente,
3858 3718 3975 3760 cre«

460 3784 780 3873 ﬂagitabat.
822 3783 1190 3842 Adveniente
1216 3789 1410 3842 autem
1464 3784 1799 3854 festivitate,
1844 3783 2170 3843 clariﬁcatis
2252 3800 2453 3859 dentes
2482 3798 2901 3873 experiuntur,
2932 3798 3011 3856 ita
3049 3804 3114 3858 ut
3142 3798 3414 3873 quisque,
3447 3795 3495 3855 si
3515 3795 3672 3869 jusm
3710 3792 3970 3867 petierit,

463 3872 650 3936 0011113
674 3888 910 3932 Cernere
938 3873 1112 3946 εωρίί
1143 3892 1157 3945 ;
1188 3888 1482 3946 regressus
1508 3889 1744 3948 quoque
1772 3875 2032 3945 dOmllm.
2066 3890 2168 3943 YO-
2253 3888 2524 3947 velociter
2552 3872 2817 3961 exoptata
2845 3893 3110 3961 reportet.
3158 3872 3231 3946 Si
3288 3890 3421 3960 quis
3462 3892 3650 3943 tamen
3692 3888 3975 3939 strenuus

621 3962 873 4037 (ΙιὶιοίῖθιΙΙΙ
903 3962 1429 4061 Ᾰυάεέονινθυῖοὲθδ
1458 3980 1709 4059 quarum
1734 3964 2175 4061 PCDBPCWPCU'
2256 3978 2499 4039 virtutes
2532 3979 2714 4050 illius,
2748 3995 2896 4052 quas
2947 3978 3010 4036 in
3065 3994 3301 4051 corpore
3338 3977 3502 4053 iecit,
3552 3973 3803 4032 sollicite
3846 3971 3975 4031 vult

462 4050 541 4112 lis
568 4053 771 4112 lumen
818 4058 1071 4144 augeret,
1140 4054 1404 4113 humeris
1454 4055 1808 4129 superponit.
1868 4055 2175 4115 Decidente
2256 4070 2573 4144 inquirere,
2606 4050 2822 4129 librum
2875 4068 3021 4128 Vitae
3048 4050 3231 4141 illius,
3266 4050 3369 4140 qui
3407 4082 3441 4124 a
3485 4064 3811 4121 Fortunato
3841 4076 3974 4135 pre-

465 4156 699 4218 quoque
756 4143 1061 4217 Sanguine,
1111 4159 1316 4203 rursus
1374 4144 1437 4202 in
1492 4145 1805 4203 recidivam
1859 4145 2140 4203 cmcitaten

2308 4143 2486 4232 ivtero
2516 4158 2868 4232 compositus
2893 4165 2997 4229 est,
3013 4157 3207 4231 legens
3236 4162 3442 4215 cuncta
3470 4150 3713 4226 reperiet
3734 4152 3774 4209 ι.

464 4234 768 4309 redigitur.
796 4234 957 4304 Quod
986 4250 1121 4294 cum
1149 4235 1365 4294 factum
1409 4235 1634 4308 fuisset,
1665 4252 1898 4296 rursum
1925 4236 1992 4293 ad
2022 4242 2170 4293 tem-
2326 4246 2426 4304 1x,
2459 4247 2677 4305 Eodem
2704 4260 2745 4285 ω
2793 4262 3025 4321 quoque
3080 4261 3235 4303 anno
3281 4251 3337 4302 et
3365 4244 3618 4316 Caluppa
3662 4240 3977 4298 reclausus

464 4321 631 4397 Pium
657 4328 923 4382 Sancmm
979 4339 1276 4397 regressus
1320 4330 1424 4382 θεῖ·
1483 4324 1691 4398 Ibique
1734 4325 1947 4384 iterum
2000 4323 2174 4397 longo
2255 4334 2419 4394 obiit.
2474 4335 2585 4393 Hic
2608 4340 2807 4393 autem
2846 4335 2919 4405 ab
2969 4332 3217 4391 infantia
3276 4347 3384 4391 sua
3408 4344 3631 4403 semper
3654 4327 3977 4401 religiosus

463 4418 648 4493 ερᾶῑίο
706 4422 1112 4486 οοωωοΐᾶῐιιεν
1175 4415 1374 4474 lumen
1446 4415 1699 4489 reCipel‘e
1764 4432 1881 4475 Ποῐι
1938 4416 2171 4474 meruit.
2258 4425 2387 4496 fuit,
2438 4430 2494 4483 et
2524 4425 2678 4498 apud
2712 4423 3127 4483 monasterium
3184 4419 3530 4480 Melitensen
3579 4416 3829 4474 termini
3866 4418 3980 4475 Ar-

470 4508 639 4579 Quod
665 4508 719 4566 ei
743 4507 817 4565 ob
848 4512 1144 4579 peccatum
1166 4522 1283 4564 non
1308 4505 1628 4578 priestitum
1655 4520 1802 4577 reor,
1826 4506 1999 4580 juxta
2027 4506 2140 4565 illul

2308 4516 2426 4575 erni
2467 4530 2800 4586 conversus,
2856 4515 2919 4572 in
2954 4530 3166 4587 magna
3216 4528 3277 4571 se
3314 4510 3649 4571 humilitate
3689 4505 3983 4565 fratribus

473 4595 839 4671 dominicum
864 4594 1167 4655 oraculum
1198 4617 1211 4653 :
1235 4596 1341 4663 Qui
1369 4596 1548 4661 habet,
1577 4595 1802 4651 dabitur
1822 4597 1890 4662 ei,
1919 4600 1971 4655 et
1998 4597 2175 4652 abun-

538 4780 559 4806 -
592 4772 683 4826 sm
729 4771 915 4835 Begm.
960 4770 1093 4822 Edlti
1133 4782 1268 4823 vero
1326 4781 1447 4822 cum
1499 4770 1654 4833 Bec.,
1690 4770 1834 4834 ﬁcta,
1880 4742 1989 4837 qs.
2042 4780 2177 4823 voce

473 4845 642 4899 utitur
683 4844 815 4897 item
882 4842 1181 4907 Gregorius
1227 4838 1321 4894 lib.
1370 4854 1433 4894 III
1482 4842 1550 4895 de
1596 4843 1774 4894 erac.
1842 4842 1898 4895 S.
1949 4841 2175 4901 Martini,

476 4929 596 4981 cap.
642 4916 721 4969 10.
766 4915 856 4968 Est
914 4918 1095 4967 autem
1147 4913 1293 4975 ﬁcta,
1336 4915 1395 4965 ut
1462 4915 1614 4977 putat
1668 4912 1957 4975 Alteserra,
2020 4912 2177 4965 dolor

477 4996 814 5060 subitaneus,
835 4997 987 5061 qnasl
1014 4993 1198 5048 clavus
1219 4994 1442 5057 inﬁxus,
1468 4997 1611 5047 sicut
1639 4994 1835 5047 medici
1884 4989 2173 5067 πλευρῖτιν,
2204 5039 2225 5057 ,

476 5077 646 5132 telum
677 5076 968 5140 appellant.
1004 5076 1194 5127 Nostra
1216 5074 1377 5128 lectio
1402 5087 1518 5126 rem
1540 5075 1717 5137 magis
1746 5074 2019 5138 exprimit.

542 5148 564 5176 ’³
596 5148 648 5199 ls
693 5146 794 5198 fuit
841 5146 1004 5198 abbas
1053 5145 1107 5199 S.
1154 5146 1375 5197 Joannis
1426 5145 1774 5198 Reomaensls
1812 5145 1867 5195 in
1896 5156 2028 5208 agro
2059 5143 2170 5195 Tor-

477 5217 794 5279 nodorensl,
834 5217 927 5280 qut
966 5220 1152 5268 sancto
1173 5216 1439 5269 Silvestro
1477 5218 1860 5277 successerat;
1895 5215 2003 5278 ipsi
2048 5226 2180 5267 vero

479 5290 798 5344 substitutus
836 5291 919 5339 est
964 5287 1349 5351 Leopardlnus.
1388 5288 1707 5341 Mummolus
1739 5288 1853 5353 jam
1888 5287 2180 5351 episcopus

479 5360 800 5425 subscripsit
827 5359 1021 5411 concll.
1049 5358 1247 5409 Matisc.
1267 5371 1287 5409 ι
1310 5363 1361 5411 et
1397 5371 1456 5411 ιι.

541 5442 561 5463 ε
589 5433 707 5484 Hoc
740 5432 903 5494 caput
934 5430 1089 5481 deest
1124 5429 1182 5480 in
1214 5429 1369 5480 Corb.
1401 5433 1454 5481 et
1476 5428 1688 5482 Bellov.

540 5503 563 5535 ‘
592 5504 754 5556 Becc.
802 5504 855 5554 et
926 5498 1096 5563 Colb.,
1148 5499 1427 5552 Leonastis.
1506 5500 1714 5564 Regm.,
1768 5498 2026 5550 Leonastis
2079 5497 2176 5547 Bi-

481 5574 768 5625 tun’censis.
853 5571 1022 5631 Freh.,
1102 5571 1373 5622 Leucasn's.
1455 5570 1586 5622 Editi
1677 5572 1874 5635 praeter
1956 5568 2174 5632 Chesn.,

480 5648 735 5697 Leonastes
766 5642 1037 5706 Biturigis.

540 5726 561 5749 ⁸
593 5716 795 5779 Regm.,
818 5714 939 5765 Luci
970 5714 1036 5764 ad
1071 5711 1360 5767 tenebras...
1393 5714 1459 5767 ad
1490 5711 1678 5769 Belial.

547 5787 565 5825 ι
604 5787 780 5849 Idem,
808 5786 931 5836 dicit
952 5785 1221 5838 Dominus.
1588 5808 1589 5811 η

2258 4605 2533 4683 praebuit,
2574 4605 2724 4665 sicut
2752 4606 2814 4664 in
2844 4605 2992 4665 libro
3021 4604 3169 4663 Vita)
3190 4616 3213 4644 ο
3256 4601 3383 4676 ejus
3409 4598 3777 4674 scripsimus.

2322 4788 2347 4825 ε
2379 4777 2490 4831 Hoc
2518 4778 2677 4842 caput
2704 4774 2856 4827 deest
2878 4773 2933 4825 in
2955 4771 3135 4829 Corb.,
3160 4767 3370 4842 Bellov.
3406 4770 3463 4820 et
3483 4765 3631 4842 Colb.

2322 4850 2345 4880 δ
2380 4837 2603 4913 Πεδαξ
2645 4854 2688 4899 et
2741 4846 2876 4898 ideo.
2923 4843 2981 4895 Et
3047 4842 3189 4895 intra
3259 4839 3368 4899 alii,
3413 4840 3506 4903 qui
3548 4837 3745 4891 tates...
3809 4838 3977 4890 collo-

2259 4921 2413 4975 cauit.

2319 4993 2333 5022 ¹
2366 4992 2509 5043 Inter
2558 4988 2701 5041 Vitas
2759 4988 2965 5041 Patrum
3016 4996 3139 5049 cap.
3185 4984 3263 5035 15.
3313 4979 3387 5034 De
3432 4979 3766 5034 Taifalorum
3807 4983 3977 5045 gente

2259 5062 2380 5116 vide
2404 5073 2567 5125 supra
2589 5059 2688 5112 lib.
2732 5073 2809 5122 Iv,
2835 5071 2957 5122 cap.
2992 5057 3066 5109 19.
3466 5106 3469 5109 .

2319 5136 2334 5181 t
2367 5132 2523 5186 Corb.
2551 5136 2603 5185 et
2624 5130 2853 5192 Bellov.,
2883 5131 2958 5179 Eo
2981 5136 3200 5195 tempore
3220 5128 3413 5179 beatus.

2323 5206 2345 5235 ι
2382 5205 2438 5257 ld
2488 5208 2570 5257 est
2615 5202 2895 5255 basilicam
2948 5201 2997 5251 S.
3042 5194 3231 5253 crucis
3260 5204 3315 5253 et
3348 5201 3394 5251 S.
3429 5194 3722 5256 Vincentli,
3788 5206 3920 5259 quae
3961 5205 3989 5243 a

2261 5276 2628 5341 compluribus
2682 5275 2896 5327 saeculis
2945 5275 3117 5326 sancti
3160 5269 3496 5341 confessoris
3536 5266 3770 5341 nomine
3805 5265 3985 5341 vulgo

2260 5336 2593 5412 designatur.
2629 5346 2765 5399 Obiit
2814 5345 2903 5398 die
2931 5346 2992 5396 ‘28
3030 5344 3145 5398 Maii
3198 5356 3305 5409 quo
3339 5339 3644 5395 celebratur
3694 5340 3835 5403 ejus
3870 5336 3987 5389 fes-

2262 5421 2478 5473 tivitas.’

2321 5489 2334 5521 ¹
2367 5490 2549 5543 Exstat
2604 5488 2747 5554 apud
2780 5487 2992 5540 Surium
3045 5489 3099 5540 et
3140 5484 3465 5538 Bollandum
3504 5481 3565 5535 28
3618 5480 3778 5546 Maii,
3842 5483 3903 5535 et
3942 5480 3989 5531 in

2260 5563 2499 5616 secutor
2528 5564 2779 5615 Actorum
2801 5560 2883 5612 SS.
2915 5560 3039 5611 0rd.
3061 5557 3424 5612 Benedictini.

2318 5644 2351 5666 ιι
2384 5636 2543 5687 Deest
2577 5635 2681 5687 hoc
2707 5635 2866 5697 caput
2898 5633 2951 5683 ln
2985 5632 3175 5692 Corb.,
3209 5629 3421 5683 Bellov.
3447 5629 3499 5683 et
3527 5626 3684 5682 Colb.

2319 5718 2343 5739 ·
2375 5708 2556 5771 Regm.
2595 5710 2646 5759 et
2680 5705 2833 5769 Bad.,
2857 5703 3130 5756 Heletme.

2320 5788 2341 5811 ο
2374 5778 2461 5831 Est
2492 5780 2631 5833 inter
2648 5779 2786 5831 Vitas
2818 5777 3049 5837 Patrum,
3082 5788 3203 5841 cap.
3234 5777 3314 5830 tl.
