4016 6338
48 383 148 442 3'25

1046 379 1403 441 HISTORIA
1440 376 1785 439 FRANCOR
1799 375 1928 437 UM.
1972 376 2196 439 LIBER
2234 378 2581 450 QUINTUS.

3452 387 3557 449 3'26

110 507 187 565 Χ.
236 504 396 566 Fuit
432 518 457 545 ι
493 509 689 565 autem
753 504 814 562 in
857 501 1113 565 Biturico
1171 506 1418 563 termino
1476 503 2208 575 reclaususAsynagogam
2250 502 2585 564 Judaeorum
2638 502 2948 564 multitudo
3000 509 3112 563 tota
3155 508 3547 583 sequentium,

46 598 288 655 nomine
360 596 707 667 Patroclus,
773 595 1116 670 presbyterii
1175 596 1396 655 honore
1454 596 1767 669 praeditus,

43 684 207 741 mirae
238 684 578 741 sanctitatis
606 700 671 741 ac
694 682 990 755 religionis
1030 682 1139 755 vir,
1193 700 1423 757 magum
1469 683 1767 741 abstinen—

42 776 149 843 tiae,
186 775 307 847 qui
350 774 702 849 plerumque
748 772 820 829 ab
862 772 1058 830 inedia
1100 772 1344 831 diversis
1384 773 1768 831 incommodis

35 864 404 921 vexabatur.
460 863 699 932 Vinum,
754 862 1018 930 siceram,
1071 861 1165 919 vel
1206 878 1379 920 omne
1439 864 1593 936 quod
1641 865 1762 922 ine-

32 954 233 1010 briare
268 959 481 1026 potest,
514 967 631 1010 non
679 951 912 1009 bibebat
959 958 1166 1025 praeter
1192 968 1405 1025 aquam
1454 968 1765 1025 parumper

35 1044 209 1101 melle
271 1044 543 1102 linitam:
595 1043 692 1100 sed
743 1058 849 1101 nec
899 1043 1198 1116 pulmento
1238 1043 1433 1116 aliquo
1474 1043 1759 1101 utebatur.

32 1132 221 1204 Cujus
261 1133 458 1191 victus
485 1138 602 1201 erat
630 1132 796 1205 panis
822 1131 878 1189 in
912 1147 1126 1205 aquam
1164 1133 1416 1205 infusus,
1446 1139 1617 1207 atque
1642 1131 1760 1191 sale

32 1228 177 1284 212
242 1238 596 1296 respersus:
659 1222 835 1294 hujus
901 1221 1053 1279 oculi
1108 1237 1411 1295 nunquam
1470 1222 1759 1293 caligave-

30 1318 189 1368 runt.
242 1310 391 1367 Erat
416 1316 609 1368 autem
654 1309 715 1367 in
748 1311 1003 1368 oratione
1046 1311 1333 1382 assiduus,
1366 1327 1540 1384 quam
1580 1312 1627 1369 si
1666 1325 1759 1384 pa-

29 1413 282 1471 rumper
308 1396 794 1469 praetermisisset,
849 1405 946 1453 aut
980 1397 1201 1470 legebat
1230 1398 1473 1473 aliquid,
1502 1405 1602 1458 aut
1623 1400 1759 1457 scri-

28 1490 228 1548 bebat.
273 1490 710 1563 Frigoriticis",
758 1490 1007 1564 pustulis
1035 1491 1450 1565 laborantibus,
1494 1493 1584 1552 vel
1627 1493 1757 1551 reli-

26 1585 158 1657 quis
188 1583 449 1653 morbis,
500 1598 647 1655 smpe
698 1598 799 1655 per
843 1583 1160 1641 orationem
1200 1583 1455 1643 remedia
1492 1585 1753 1644 confere-

23 1675 135 1732 bat.
171 1673 301 1732 Sed
337 1683 395 1732 et
418 1673 533 1731 alia
562 1672 726 1744 signa
766 1673 949 1731 multa
983 1675 1135 1733 fecit.
1169 1691 1301 1749 qua:
1344 1686 1444 1749 per
1488 1678 1752 1736 ordinem

26 1762 281 1834 longum
322 1770 411 1819 est
435 1777 724 1820 enarrare.
773 1760 1038 1827 Cilicium
1086 1778 1311 1835 semper
1340 1780 1484 1835 puro
1512 1766 1755 1823 adhibe-

1853 592 2317 666 destructamque
2359 593 2825 663 afundamentis,
2879 594 3066 669 campi
3114 600 3257 658 213
3294 597 3554 670 planitiei

1853 681 2134 738 assimilat
2162 682 2182 709 *‘
2209 727 2221 739 .
2252 681 2381 739 Alia
2414 688 2605 739 autem
2647 684 2738 739 die
2770 683 3033 741 sacerdos
3065 686 3147 743 eis
3176 686 3386 758 legatos
3416 672 3553 744 mit;

1854 769 1938 839 tit,
1966 770 2200 829 dicens:
2236 770 2304 827 Vi
2332 786 2435 843 ego
2466 788 2569 828 vos
2590 772 2849 829 confiteri
2883 773 2984 830 Dei
3016 772 3233 831 Filium
3280 790 3397 833 non
3435 776 3547 833 im-

1849 860 2019 933 pello,
2052 862 2148 918 sed
2193 866 2381 918 tamen
2412 861 2680 934 prazdico,
2716 869 2769 919 et
2801 862 2979 921 salem
3014 864 3271 922 scientiae
3304 865 3313 902 ί
3348 866 3550 923 vestris

1846 949 2173 1020 pectoribus
2208 950 2387 1007 trado.
2431 950 2627 1007 Pastor
2664 966 2793 1007 sum
2820 950 2979 1008 enim
3006 951 3314 1010 dominicis
3344 954 3553 1012 ovibus

1846 1040 2263 1111 superpositus,
2301 1048 2355 1096 et
2381 1042 2450 1097 de
2480 1041 2645 1098 vobis
2699 1042 2798 1098 ille
2837 1058 3008 1101 verus
3050 1042 3265 1114 Pastor,
3316 1046 3414 1118 qui
3448 1061 3551 1117 pro

1845 1127 2014 1184 nobis
2040 1143 2242 1200 passus
2271 1136 2374 1197 est,
2406 1128 2555 1185 dixit
2588 1130 2796 1187 habere
2842 1146 2900 1187 se
2930 1130 3071 1188 alias
3102 1148 3239 1190 oves
3271 1149 3401 1207 quin
3434 1149 3546 1191 non

1844 1222 1979 1274 sunt
2012 1232 2097 1273 ex
2149 1216 2286 1273 ovili
2335 1232 2457 1287 suo,
2510 1232 2653 1291 quas
2693 1234 2825 1276 eum
2884 1228 3127 1291 oporteat
3168 1224 3455 1291 adducere,
3478 1220 3547 1280 'ut

1841 1307 1939 1373 ﬁat
1970 1321 2108 1358 unus
2134 1322 2269 1372 great
2294 1312 2345 1360 et
2376 1323 2513 1361 unus
2536 1313 2730 1377 pastor
2763 1310 2935 1378 (Joan.
2975 1322 3036 1375 Χ,
3077 1310 3177 1375 16).
3221 1310 3469 1382 Ideoque
3498 1312 3548 1369 si

1840 1390 2018 1448 vultis
2043 1392 2272 1450 credere
2303 1402 2366 1451 ut
2409 1410 2531 1465 ego,
2563 1402 2738 1451 estote
2772 1411 2928 1453 unus
2972 1412 3136 1469 grex,
3180 1398 3416 1455 custode
3455 1414 3547 1455 me

1837 1481 2054 1552 posito;
2105 1483 2197 1540 sin
2242 1502 2376 1542 vero
2425 1486 2604 1554 aliud,
2655 1486 3165 1547 absceditealoco.
3218 1489 3313 1546 Illi
3350 1496 3544 1548 autem

1836 1570 1937 1629 diu
1967 1579 2277 1630 mstuantes
2307 1578 2480 1647 atque
2510 1575 2857 1644 dubitantes,
2899 1577 3063 1634 tertia
3092 1577 3203 1647 die,
3237 1585 3300 1636 ut
3355 1580 3543 1650 credo,

1836 1660 2075 1719 obtentu
2106 1661 2413 1733 pontificis,
2444 1662 2739 1735 conjuncti
2772 1662 2831 1719 in
2882 1679 3066 1721 unum
3110 1666 3176 1722 ad
3208 1680 3344 1724 eum
3376 1684 3547 1726 mau-

1838 1752 1967 1809 data
2013 1752 2331 1815 remittunt.
2377 1753 2669 1810 dicentes:
2724 1752 3029 1812 Credimus
3080 1755 3281 1813 Jesum
3321 1757 3536 1816 Filium

28 1850 117 1906 bat
144 1849 415 1921 corpori.
466 1848 577 1918 Qui
626 1852 989 1923 octogenaria
1032 1858 1199 1910 astate
1246 1853 1558 1912 abscedens
1584 1871 1617 1912 a
1651 1838 1928 1919 sae-BDei

1861 1839 1937 1896 )ei
1969 1839 2111 1910 vivi,
2159 1841 2327 1898 uobis
2366 1842 2778 1913 prophetarum
2813 1842 3050 1901 vocibus
3080 1846 3537 1920 repromissum;

26 1947 182 2014 culo,
211 1946 504 2019 migravit
538 1946 611 2004 ad
644 1946 957 2006 Christum.
996 1948 1348 2023 Scripsimus
1393 1958 1445 2009 et
1474 1952 1543 2009 de
1576 1952 1753 2026 hujus

30 2034 157 2093 Vita
196 2036 481 2095 libellum
505 2047 525 2074 ⁸
546 2078 560 2093 .
1444 2032 1451 2037 ’

90 2127 201 2185 XI.
258 2128 335 2185 Et
383 2129 519 2201 quia
555 2134 779 2204 semper
826 2132 980 2191 Deus
1023 2137 1220 2189 noster
1261 2132 1578 2189 sacerdotes
1619 2147 1755 2190 suos

25 2213 373 2284 gloriﬁcare
409 2216 699 2289 dignatur,
750 2220 889 2293 quid
944 2220 1205 2276 Arverno
1263 2219 1333 2277 de
1379 2219 1597 2277 Judmis
1648 2220 1755 2278 hoc

23 2321 182 2363 anno
235 2307 567 2379 contigerit,
624 2308 892 2381 pandam.
936 2308 1082 2367 Cum
1130 2310 1361 2367 eosdem
1409 2308 1755 2385 plerumque

24 2395 233 2453 beatus
292 2396 515 2454 Avitus
561 2398 587 2432 ιι
634 2397 933 2471 episcopus
986 2405 1393 2473 commoneret,
1448 2406 1511 2458 ut
1559 2400 1755 2459 relicto

21 2484 327 2541 velamine
376 2485 520 2558 legis
558 2485 841 2558 Mosaicae,
874 2488 1252 2561 spiritualiter
1289 2490 1431 2548 lecta
1459 2489 1749 2561 intellige-

18 2582 171 2641 rent,
204 2580 266 2631 et
292 2574 594 2633 Christum
640 2577 855 2635 Filium
892 2578 1145 2637 viventis
1182 2580 1305 2649 Dei,
1333 2580 1665 2653 prophetica
1695 2587 1749 2638 et

8 2666 617 2739 regali’auctoritate
671 2670 1045 2741 promissum,
1102 2670 1271 2727 corde
1322 2670 1633 2743 purissimo
1684 2671 1746 2729 in

10 2754 203 2811 sacris
238 2754 455 2811 litteris
494 2757 1055 2829 contemplarentur;
1099 2758 1365 2814 manebat
1410 2758 1471 2823 in
1505 2759 1748 2830 pectori-

10 2840 125 2899 bus
154 2856 395 2909 eorum,
424 2841 546 2913 jam
594 2858 713 2899 non
760 2843 964 2912 dicam,
1000 2844 1261 2901 velamen
1296 2843 1463 2913 illud,
1512 2860 1626 2916 quo
1659 2845 1744 2902 fa-

14 2930 133 2987 cies
164 2928 363 3002 Moysi
394 2929 866 3003 obumbrabatur,
897 2932 995 2989 sed
1033 2934 1240 3005 paries,
1283 2932 1570 2989 sacerdote
1597 2948 1741 3005 quo-

16 3031 133 3088 que
175 3025 413 3087 orante,
464 3024 529 3075 ut
570 3020 833 3075 conversi
880 3018 951 3075 ad
1000 3018 1335 3089 Dominum,
1376 3016 1640 3075 velamen
1671 3019 1742 3076 ab

12 3106 95 3161 eis
120 3104 344 3162 littera:
380 3112 743 3176 rumperetur
772 3104 824 3175 ί,
855 3105 1092 3178 quidam
1125 3121 1199 3163 ex
1242 3105 1335 3161 his
1376 3105 1445 3161 ad
1479 3112 1738 3163 sanctum

1837 1935 1928 1987 ett
1960 1930 2089 1988 ideo
2118 1931 2366 2003 petimus
2412 1936 2475 1987 ut
2520 1928 2828 1987 abluamur
2878 1929 3181 2003 baptismo,
3223 1950 3296 1991 ne
3338 1936 3541 1997 inhoc

1836 2017 2042 2077 delicto
2067 2034 2526 2091 permaneamus.
2547 2018 2792 2076 Gavisus
2814 2026 3007 2076 autem
3029 2021 3234 2079 nuntio
3258 2024 3539 2097 pontifex,

1837 2116 2002 2167 nocte
2026 2115 2219 2167 sancta
2256 2109 2631 2179 Pcutecostes,
2656 2106 2874 2179 vigiliis
2912 2109 3230 2181 celebratis,
3272 2113 3344 2169 ad
3393 2114 3538 2187 bap-

1838 2198 2125 2255 tisterium
2180 2198 2330 2255 foras
2390 2211 2737 2254 muraneum
2818 2212 3080 2267 egressus
3146 2206 3265 2255 est:
3338 2200 3537 2274 ibique

1836 2289 2028 2346 omnis
2054 2287 2365 2346 multitudo
2392 2302 2581 2344 coram
2610 2301 2677 2343 eo
2707 2292 3005 2357 prostrata,
3034 2286 3382 2359 baptismum
3430 2290 3534 2347 lla-

1836 2376 2058 2449 gitavit.
2106 2377 2180 2433 At
2222 2376 2320 2434 ille
2350 2390 2466 2448 prae
2494 2374 2706 2445 gaudio
2736 2374 3081 2447 lacrymans,
3121 2383 3357 2434 cunctos
3382 2393 3533 2450 aqua

1832 2466 2094 2533 abluens,
2128 2467 2437 2524 chrismate
2465 2464 2701 2534 liniens,
2755 2464 2816 2520 in
2862 2464 2997 2522 sinu
3028 2465 3226 2522 matris
3260 2466 3532 2526 Ecclesia}

1831 2556 2216 2629 congregavit.
2250 2554 2595 2625 Flagrabant
2623 2553 2789 2623 cerei,
2824 2553 3119 2626 lampades
3147 2555 3528 2629 refulgebant,

1830 2645 2115 2703 albicabat
2146 2651 2260 2703 tota
2286 2645 2489 2702 civitas
2536 2644 2605 2701 de
2639 2658 2809 2715 grege
2847 2643 3129 2702 candido:
3182 2661 3288 2703 nec
3332 2647 3529 2706 minus

1829 2735 1940 2793 fuit
1986 2736 2119 2793 urbi
2166 2734 2468 2807 gaudium,
2519 2748 2696 2807 quam
2742 2733 3037 2804 quondam
3085 2732 3301 2807 Spiritu
3335 2744 3530 2795 sancto

1829 2821 2209 2879 descendente
2256 2836 2431 2893 super
2481 2819 2782 2893 apostolos,
2818 2819 3139 2877 Jerusalem
3175 2822 3370 2881 videre
3400 2841 3528 2898 pro-

1826 2911 2056 2969 meruit.
2097 2910 2358 2969 Fuerunt
2401 2917 2594 2968 autem
2638 2909 2739 2981 qui
2778 2909 3041 2981 baptizati
3089 2919 3245 2977 sunt,
3272 2914 3526 2986 amplius

1825 3001 2148 3074 quingenti.
2182 3000 2255 3057 Hi
2286 3016 2422 3058 vero
2443 3000 2545 3075 qui
2573 3000 2924 3071 baptismum
2958 3002 3246 3074 percipere
3273 3003 3297 3041 ιι
3328 3003 3525 3061 nolue-

1823 3094 1976 3155 runt,
2014 3086 2369 3145 discedentes
2391 3086 2464 3143 ab
2490 3085 2598 3143 illa
2619 3085 2781 3153 urbe,
2823 3084 3092 3144 Massiliae
3120 3087 3325 3145 redditi
3367 3096 3521 3146 sunt.

18 3192 267 3263 Pascha,
309 3199 381 3251 ut
407 3173 1077 3266 baptizaretur-eipetiit,
1108 3197 1455 3265 renatusque
1485 3191 1601 3251 Deo
1641 3210 1796 3271 perc
1825 3175 2021 3271 “xm
2074 3175 2328 3271 Τῗδηξίίξ
2356 3176 2368 3213 ¹
2395 3175 2648 3247 POSWBC
2697 3182 2751 3230 οῖ
2795 3173 3037 3271 Brgchiq
3071 3176 3262 3271 3bbas_
3296 3177 3524 3271 οθηιιίξθ

12 3280 296 3353 baptismi
329 3289 777 3350 sacramentum,
811 3298 947 3339 cum
976 3281 1185 3339 albatis
1210 3281 1453 3355 reliquis
1483 3282 1545 3339 in
1595 3283 1741 3342 albis

14 3378 67 3426 et
108 3372 241 3443 ipse
291 3370 573 3443 procedit.
626 3370 1088 3443 Ingredientibus
1114 3377 1309 3429 autem
1342 3371 1571 3444 populis
1610 3388 1738 3444 por—

14 3468 131 3516 tam
164 3459 452 3529 civitatis,
485 3475 640 3517 unus
667 3459 1005 3518 Judteorum
1046 3476 1218 3533 super
1256 3468 1427 3534 caput
1478 3463 1739 3520 conversi

10 3548 210 3605 Judaei
263 3548 471 3605 oleum
524 3546 786 3618 fetidum,
842 3548 1069 3607 diabolo
1122 3549 1451 3623 instigante,
1484 3550 1733 3609 diﬂ'udit.

12 3636 181 3705 Quod
206 3651 357 3693 cum
385 3640 630 3693 cunctus
657 3636 973 3694 abhorrens
1004 3636 1253 3709 populus
1284 3639 1564 3695 voluisset
1597 3655 1736 3697 eum

12 3740 228 3797 urgere
264 3724 586 3797 lapidibus,
616 3725 873 3796 pontifex
904 3731 970 3783 ut
999 3725 1158 3782 fieret
1182 3740 1298 3783 non
1324 3727 1603 3798 permisit.
1634 3728 1737 3785 Die

12 3821 209 3869 autem
243 3812 439 3880 beato,
463 3828 581 3885 quo
606 3811 888 3871 Dominus
916 3813 987 3871 ad
1017 3813 1191 3871 cmlos
1221 3820 1345 3886 post
1373 3814 1733 3888 redemptum

14 3899 328 3957 hominem
357 3899 616 3957 ascendit
648 3902 950 3974 gloriosus,
980 3916 1113 3959 cum
1144 3903 1404 3960 sacerdos
1436 3902 1506 3960 de
1552 3905 1733 3961 eccle-

14 3988 106 4045 sia
133 3987 208 4047 ad
238 3987 549 4047 basilicam
585 3997 611 4033 ε
635 3988 930 4063 psallendo
958 3990 1308 4063 procederet,
1365 3992 1537 4051 irruit
1563 4007 1737 4066 super

83 4176 101 4195 ·
131 4165 302 4217 Deest
324 4166 383 4217 et
412 4165 517 4217 hoc
549 4170 706 4229 caput
730 4168 785 4218 in
814 4167 1006 4220 iisdem
1045 4168 1073 4219 3
1100 4179 1237 4219 mss.

1822 3264 2189 3323 Manatensis.
2224 3264 2357 3321 Fuit
2385 3270 2578 3322 autem
2611 3278 2819 3334 genere
2864 3262 3216 3335 Thoringus,
3248 3264 3309 3322 in
3335 3269 3523 3325 servi-

1822 3364 1970 3421 tium
2003 3360 2283 3434 Sigivaldi
2308 3361 2601 3434 quondam
2632 3358 2795 3416 ducis
2824 3357 3191 3416 venationem
3219 3375 3517 3431 exercens,

1823 3451 1971 3509 sicut
1996 3448 2140 3507 alibi
2179 3448 2518 3520 scripsimus
2546 3459 2586 3484 ω
2617 3492 2631 3505 .

1892 3536 2049 3600 ’214
2094 3535 2249 3592 XIII.
2312 3534 2462 3608 Ergo
2516 3539 2580 3591 ut
2630 3534 2701 3591 ad
2758 3532 3112 3606 propositum
3140 3539 3516 3607 revertamur,
3611 3581 3618 3587 .

1819 3624 2181 3700 Chilpericus
2205 3637 2309 3679 rex
2339 3620 2810 3678 Chlodovechum
2845 3620 3036 3679 tilium
3066 3636 3241 3679 suum
3265 3621 3519 3680 Turonis

1821 3714 2157 3775 transmisit.
2188 3711 2298 3783 Qui
2333 3719 2674 3785 congregato
2722 3713 3000 3785 exercitu,
3034 3714 3096 3771 in
3138 3714 3452 3773 terminum
3487 3730 3515 3755 ιι

1820 3806 2193 3875 Turonicum,
2226 3809 2282 3861 et
2314 3803 2695 3877 Andegavum
2728 3819 2914 3877 usque
2944 3805 3225 3863 Santones
3270 3807 3516 3877 transiit,

1818 3911 2059 3969 eamque
2102 3895 2373 3967 pervasit.
2427 3891 2783 3951 Mummolus
2806 3907 2831 3931 ο
2862 3908 2997 3951 vero
3036 3893 3312 3966 patricius
3337 3893 3517 3953 Gunt-

1817 3988 2079 4047 chramni
2108 3984 2278 4057 regis,
2310 4000 2443 4043 cum
2471 3999 2681 4057 magno
2710 3985 2972 4043 exercitu
3020 4000 3203 4059 usque
3240 3984 3511 4045 Lemovi-

1885 4172 1902 4208 ι
1941 4171 2001 4222 In
2046 4169 2132 4221 die
2186 4140 2524 4226 Parasceves,
2575 4179 2679 4232 qua
2731 4166 2955 4229 publice
3004 4166 3059 4216 in
3122 4166 3360 4220 Ecclesia
3413 4183 3511 4232 pro

82 4238 105 4265 δ
136 4236 497 4299 Frigoriticos
566 4239 771 4299 passim
840 4242 1106 4291 memorat
1181 4239 1493 4302 Gregorius,
1552 4240 1606 4291 id
1653 4243 1734 4292 est
1815 4242 2014 4293 Iudaeis
2061 4242 2264 4298 oratur,
2308 4242 2367 4289 ut
2416 4237 2667 4289 velamen
2704 4237 2770 4288 ab
2813 4248 3001 4288 eorum
3051 4237 3227 4288 oculis
3269 4238 3510 4292 tollatur.

14 4306 173 4359 febre
224 4306 559 4364 laborantes,
597 4308 741 4371 quod
788 4310 1032 4360 accessio
1083 4308 1250 4362 febris
1288 4322 1319 4361 a
1358 4309 1730 4372 irigoreinci—

1820 4314 1942 4364 Vide
1998 4309 2282 4362 Mabiltonii
2335 4311 2519 4360 notam
2586 4307 2640 4358 in
2693 4307 2903 4359 Missale
2954 4305 3174 4367 Gothic.,
3243 4320 3395 4361 num.
3450 4310 3511 4360 29

16 4380 149 4440 piat.
198 4376 466 4428 Pustulas
502 4380 557 4428 ut
599 4378 894 4441 plurimum
934 4378 1133 4431 habent
1172 4380 1320 4441 editi,
1349 4379 1571 4443 pusulas
1605 4394 1733 4432 vero
1814 4384 2060 4446 Liturgize
2084 4380 2293 4442 Gallic,
2318 4377 2410 4430 lib.
2439 4391 2521 4430 ill.

16 4450 235 4511 scripti.
287 4446 519 4498 Pustulte
566 4454 744 4501 tamen
794 4451 1016 4513 proprie
1050 4454 1175 4501 sunt
1223 4453 1463 4502 tumores
1501 4464 1600 4503 seu
1634 4464 1731 4503 ve-

1879 4466 1902 4501 s
1936 4451 2133 4516 Vigiliae
2166 4450 2309 4515 apud
2349 4449 2596 4501 Turonos
2639 4461 2709 4501 ex
2759 4447 3008 4514 Perpetui
3055 4448 3398 4503 institutione
3441 4461 3507 4503 eo

12 4521 209 4571 sicula:
265 4519 323 4569 in
374 4521 523 4576 cute;
572 4519 778 4582 pusula-
822 4532 956 4573 vero
981 4520 1159 4573 morbi
1202 4533 1399 4585 genus,
1438 4521 1603 4585 vulgo
1639 4535 1788 4585 εει-ἥ
1816 4527 1901 4580 die
1932 4524 2133 4576 ﬂebant
2161 4523 2217 4573 in
2241 4520 2464 4573 basilica
2496 4522 2666 4572 sancti
2696 4519 2924 4570 Martini.

10 4602 109 4641 cer
131 4590 307 4652 ignis,
338 4591 430 4639 aut
454 4589 599 4651 ignis
629 4591 679 4640 S.
704 4591 930 4649 Antonii,
956 4590 1177 4645 dictum.

80 4668 97 4687 ε
132 4660 289 4710 Inter
317 4658 461 4709 Vitas
490 4658 719 4723 Patrum,
755 4674 872 4726 cap.
900 4663 947 4713 9.

78 4730 97 4759 ⁸
130 4729 353 4791 Regm.,
402 4727 655 4791 Adjutus.
700 4731 829 4782 Eum
892 4732 1077 4783 laudat
1132 4731 1448 4784 Fortunatus
1498 4732 1595 4784 lib.
1648 4746 1727 4797 in,

8 4811 194 4851 carm.
264 4799 352 4851 24.
401 4797 529 4851 Vide
582 4813 747 4864 supra
798 4800 891 4853 lib.
928 4814 1003 4861 iv,
1069 4815 1186 4867 cap.
1223 4804 1300 4854 35.
1339 4803 1485 4855 Hanc
1514 4804 1727 4856 Iudaeo-

0 4881 137 4922 rum
208 4881 279 4919 an
346 4881 496 4921 AYIIO
569 4883 829 4934 episcopo
893 4881 1234 4936 procuratam
1303 4881 1726 4927 conversionem

4 4940 277 4993 versibus
337 4938 627 5004 descripsit
676 4941 993 4995 Fortunatus
1050 4944 1143 4995 lib.
1206 4957 1243 4991 v
1293 4955 1461 4995 carm.
1529 4944 1577 5007 4,
1640 4946 1726 4997 ad-

1741 4558 1901 4627 D'm:
2242 4558 2868 4655 smn-"desiransque...
2930 4590 3071 4643 locus
3150 4589 3506 4645 assimilatur.

1813 4669 2017 4732 Regm.,
2056 4663 2496 4727 destructumque
2519 4662 2719 4725 redegit
2743 4662 2802 4712 in
2822 4662 2996 4728 campi
3017 4661 3321 4726 planitiem.

1873 4740 1883 4768 ¹
1915 4738 2036 4790 Cod.
2070 4735 2271 4797 Regm.,
2305 4732 2535 4799 justitiz
2559 4732 2736 4783 solent.

1869 4812 1883 4856 i
1920 4809 2040 4859 Haec
2084 4804 2267 4859 verba.
2320 4808 2368 4855 et
2419 4804 2556 4863 ideo,
2600 4815 2777 4866 usque
2821 4804 2889 4855 ad
2936 4815 3369 4865 permaneamus.
3402 4807 3497 4859 de-

208 4868 279 4919 ab
346 4869 496 4921 Avito
569 4872 829 4934 episcopo
893 4878 1234 4936 procuratam
1303 4874 1727 4927 conversionem
1808 4884 1931 4934 sunt
1965 4880 2020 4929 in
2040 4875 2199 4928 Corb.
2227 4878 2280 4927 et
2312 4874 2508 4927 Bellov.
2600 4914 2605 4917 ‹

1869 4951 1892 4981 ι
1925 4951 1984 5001 In
2044 4945 2197 4999 Corb.
2255 4949 2308 4997 et
2365 4943 2501 4997 Bell.
2550 4944 2704 4996 deest
2762 4942 3050 5007 percipere.
3102 4943 3167 4994 Et
3194 4944 3350 5005 intra,
3399 4958 3499 5010 pro

0 5010 271 5063 hortante
321 5010 441 5074 ipso
493 5011 757 5075 Gregorio
791 5016 994 5074 nostro,
1030 5016 1116 5067 cui
1170 5026 1395 5066 carmen
1426 5027 1549 5067 cum
1582 5028 1722 5080 prae-
1803 5021 2012 5073 redditi
2042 5020 2190 5079 sunt,
2223 5016 2364 5069 Colb.
2396 5015 2559 5067 habet
2588 5013 2887 5065 redierunt.
2920 5013 3083 5065 Porro
3118 5014 3284 5066 Judaai
3312 5022 3502 5081 postea

0 5084 181 5134 missa
232 5080 463 5152 epistola
517 5085 888 5151 nuncupatum
958 5088 1059 5138 est.
1115 5086 1198 5139 Sic
1254 5089 1433 5138 autem
1490 5086 1719 5152 gratiam
1804 5094 1967 5146 etiam
2031 5087 2277 5141 Massiliae
2344 5087 2410 5138 ad
2474 5086 2801 5151 baptismum
2860 5085 3265 5149 suscipiendum
3320 5080 3553 5145 adacti.

0 5152 207 5205 Christi
244 5150 453 5205 Domini
482 5150 874 5207 commendans
902 5154 1093 5221 incipit
1109 5178 1131 5213 ι,
1156 5210 1195 5245 Ἄ

126 5275 633 5345 ln_ven_erabilibus
658 5277 887 5345 famulis,
911 5281 1163 5345 operator
1198 5281 1287 5345 opi
1303 5292 1414 5340 me,

193 5336 481 5405 Condecet,
505 5343 563 5405 ut
589 5352 805 5405 semper
832 5336 1082 5405 laus'tua,
1109 5336 1309 5395 Christe
1328 5383 1341 5402 ,
1367 5336 1543 5405 sonet,

122 5399 414 5473 [agitans
430 5399 887 5473 animum_,_votum
915 5399 1276 5473 effectumque
1313 5399 1649 5473 ministrans,

236 5466 255 5514 t
288 5463 416 5516 sine
448 5475 556 5527 quo
583 5464 792 5517 nullum
819 5467 1075 5532 praevalet
1105 5463 1228 5521 esse
1251 5469 1478 5520 bonum.

1798 5162 1976 5215 fuisse
2040 5160 2313 5216 videntur,
2366 5169 2434 5209 ex
2492 5158 2542 5208 S.
2592 5156 2844 5219 Gregorii
2883 5155 2945 5206 Μ.
2997 5159 3154 5222 epist.
3208 5158 3270 5209 45
3318 5157 3411 5214 lib.
3461 5173 3498 5219 ι,

1798 5234 2015 5298 Virgilio
2092 5230 2287 5282 Arelat.
2365 5231 2418 5281 et
2491 5228 2769 5280 Theodoro
2840 5227 3156 5281 Massiliensi
3220 5232 3493 5296 episcopis

1798 5306 2077 5369 inscripta.

1861 5375 1873 5405 ¹
1908 5368 2065 5428 Deest
2096 5374 2198 5425 hoc
2233 5373 2391 5437 caput
2422 5370 2479 5423 in
2512 5368 2688 5430 Corb.,
2722 5368 2851 5423 Bell.
2876 5373 2929 5423 et
2952 5370 3102 5424 Colb.

1861 5457 1891 5477 π’
1925 5448 1984 5499 In
2031 5458 2153 5510 cap.
2210 5444 2267 5495 12
2316 5443 2441 5495 libri
2490 5442 2558 5496 de
2598 5441 2727 5493 Vitis
2758 5442 2986 5494 Patrum.
3033 5443 3094 5494 1n
3132 5442 3315 5504 Regm.
3357 5440 3495 5491 dici-

1794 5521 1883 5572 tur
1926 5516 2117 5569 Braco.
2153 5516 2466 5568 Menaiense
2506 5514 2895 5566 monasterium
2933 5514 3095 5566 etiam
3135 5524 3282 5564 nunc
3318 5513 3494 5577 exstat

64 5596 81 5622 ε
120 5588 215 5639 Sic
256 5586 420 5640 Corb.
480 5589 534 5640 et
589 5588 737 5652 Bell.,
795 5590 885 5655 qui
955 5590 1106 5645 locus
1163 5593 1243 5646 sic
1295 5603 1596 5656 expressus
1645 5593 1713 5647 de
1795 5592 1852 5641 in
1887 5589 2106 5641 dioecesi
2142 5586 2575 5639 Claromontensi
2603 5584 2726 5635 0rd.
2759 5586 2808 5636 S.
2831 5583 3131 5656 Benedicti.

2 5656 207 5727 pavide
277 5657 627 5722 intelligitur.
709 5662 898 5715 Caeteri
981 5664 1160 5716 tamen
1218 5662 1347 5717 editi
1403 5666 1457 5715 et
1529 5663 1715 5727 scripti

0 5724 198 5783 hbent
231 5728 427 5794 legali;
488 5735 540 5786 et
584 5732 665 5787 sic
704 5734 848 5787 idem
883 5733 1038 5790 locus
1084 5735 1265 5801 legem
1322 5736 1375 5789 et
1417 5724 1712 5800 prOphetss

0 5803 359 5866 exprimeret.

1859 5670 1880 5691 ·
1911 5661 1993 5711 Sic
2016 5658 2169 5711 Corb.
2208 5662 2260 5709 et
2288 5658 2426 5709 Bell.
2454 5656 2641 5708 Cmteri
2666 5658 2865 5716 autem,
2899 5654 3045 5706 inter
3072 5649 3391 5704 terminum.

1857 5740 1878 5760 °
1915 5731 1973 5783 In
2024 5730 2261 5793 capitum
2308 5726 2547 5781 indicato
2601 5726 2720 5779 cod.
2782 5723 2924 5778 Colb.
2972 5721 3168 5775 dicitur
3228 5718 3478 5773 Homole-

1790 5813 1909 5857 nus.
