4016 6338
485 407 591 469 3ἳ7

1549 398 1609 460 s.
1649 397 2007 459 GREGOBH
2044 396 2388 458 EPlSCOPl
2426 381 2900 461 TURONENSIS

3872 405 3966 472 328

483 534 684 592 cinum
719 526 964 608 transiit,
993 528 1050 584 et
1075 529 1272 583 contra
1313 523 1675 583 Desiderium
1720 524 1928 582 ducem
1960 521 2511 594 Chilpe-Aticorum
2544 538 2661 580 non
2691 522 2902 592 fuerat,
2949 520 3412 581 Christianorum
3436 537 3599 581 nunc
3625 524 3965 596 temporibus

489 622 594 681 rici
622 619 772 691 regis
810 615 1026 676 bellum
1071 615 1264 688 gessit.
1323 613 1390 671 In
1421 629 1536 687 quo
1582 614 1782 687 praelio
1829 613 2083 671 cecidere
2117 612 2188 669 de

486 709 743 770 exercitu
771 707 896 782 ejus
924 706 1183 781 quinque
1208 704 1430 782 millia;
1459 703 1530 762 de
1556 717 1581 744 ι
1611 704 1891 762 Desiderii
1931 719 2066 762 vero
2098 704 2184 762 vi-

485 799 632 872 ginti
657 781 906 872 quatuor
935 795 1138 853 millia.
1170 781 1559 867 Ipse'quoque
1596 792 1929 852 Desiderins
1957 792 2187 862 fugiens

486 888 592 945 vix
617 886 817 944 evasit.
848 882 1204 943 Mummolus
1234 898 1370 940 vero
1405 883 1680 955 patricius
1723 897 1826 955 per
1855 883 2187 940 Arvernum

485 975 677 1048 rediit,
707 991 952 1048 eamque
988 975 1100 1048 [AL
1130 973 1327 1048 eaque]
1361 988 1462 1046 per
1485 973 1609 1030 loca
1633 971 1922 1030 exercitus
1944 971 2071 1043 ejus
2096 971 2190 1028 de-

488 1066 752 1136 vastavit,
787 1072 841 1122 et
870 1067 951 1124 sic
982 1065 1044 1122 in
1070 1064 1466 1136 Burgundiam
1495 1064 1851 1136 peraccessit.

559 1153 714 1212 XIV.
759 1153 1019 1212 Posthazc
1070 1153 1447 1212 Merovechus
1473 1168 1607 1212 cum
1656 1153 1718 1210 in
1747 1151 2004 1210 custodia
2034 1167 2068 1208 a
2093 1167 2190 1224 pa-

489 1250 573 1302 tre
600 1243 966 1314 retineretur,
991 1246 1327 1300 tonsuratus
1366 1247 1470 1311 est,
1502 1247 1836 1314 mutataque
1862 1247 2036 1308 veste,
2072 1254 2188 1311 qua

486 1330 710 1388 clericis
738 1330 824 1388 uti
877 1345 1002 1388 mos
1053 1337 1158 1400 est,
1197 1330 1501 1402 presbyter
1533 1330 1852 1399 ordinatur,
1883 1337 1940 1387 et
1963 1329 2031 1386 ad
2062 1343 2188 1385 mo-

484 1420 804 1478 nasterium
829 1415 1346 1487 Cenomannicum,
1373 1417 1526 1492 quod
1549 1424 1787 1477 vocatur
1809 1417 2098 1476 Aninsula
2122 1415 2142 1443 ⁸³
2174 1461 2189 1484 ,

489 1506 780 1580 dirigitur,
812 1512 877 1564 ut
917 1506 999 1563 ibi
1038 1505 1371 1564 sacerdotali
1421 1506 1751 1563 erudiretur
1798 1504 2016 1576 regula.
2049 1503 2189 1562 Haec

487 1595 733 1655 audiens
769 1595 1244 1654 Guntchramnus
1281 1594 1448 1664 Boso,
1498 1594 1602 1667 qui
1657 1599 1794 1651 tunc
1847 1592 1908 1650 in
1953 1592 2190 1650 basilica

488 1687 670 1746 sancti
698 1685 952 1755 Martini,
982 1691 1047 1744 ut
1067 1685 1344 1753 diximus,
1368 1684 1671 1754 residebat,
1700 1684 1856 1741 misit
1887 1683 2185 1742 Riculfum

465 1770 604 1846 ’[AL
643 1772 964 1846 Bigulfum]
1000 1771 1440 1842 subdiaconum,
1464 1776 1529 1829 ut
1551 1771 1603 1827 ei
1631 1769 1947 1828 consilium
1970 1770 2190 1828 occulte

2269 612 2416 683 ﬁeri,
2443 612 2572 686 ipse.
2594 613 2913 670 exercitum
2943 620 3285 682 commovet,
3315 619 3372 670 et
3400 613 3540 672 illu'c
3577 613 3794 687 dirigit.

2338 701 2513 758 Anno
2542 708 2732 758 autem
2764 699 3017 758 secundo
3049 699 3399 758 Childeberti
3430 703 3602 774 regis,
3643 719 3780 759 eum
3812 704 3962 761 vide-

2270 794 2363 846 ret.
2403 789 2777 847 Merovechus
2821 793 3044 862 patrem
3071 804 3245 847 suum
3305 789 3366 846 in
3419 790 3526 848 hac
3564 791 3965 850 deliberatione

2272 877 2580 946 intentum,
2634 884 2931 950 assumpto
2976 893 3171 934 secum
3221 877 3663 936 Guntchramno
3709 879 3856 936 duce
3901 881 3965 937 ad

2271 966 2704 1024 Brunichildem
2773 981 3006 1038 pergere
3085 966 3313 1039 cogitat,
3389 968 3623 1026 dicens:
3698 969 3861 1026 Absit
3912 977 3966 1026 ut

2268 1060 2498 1127 propter
2528 1069 2713 1110 meam
2749 1069 3052 1126 personam
3089 1054 3325 1112 basilica
3348 1055 3550 1123 domui
3589 1055 3821 1113 Martini
3849 1057 3965 1113 vio-

2271 1143 2506 1202 lentiam
2537 1144 2803 1216 perferat,
2832 1149 2933 1201 aut
2973 1144 3089 1214 [Αἰ.
3119 1143 3191 1216 et]
3247 1145 3402 1214 regio
3454 1145 3580 1215 ejus
3613 1161 3714 1216 per
3760 1160 3852 1200 me
3881 1161 3966 1200 ca-

2271 1229 2520 1302 ptivitati
2557 1228 2856 1287 subdatur.
2909 1229 2978 1286 Et
3029 1230 3324 1300 ingressus
3382 1230 3698 1306 basilicam,
3731 1231 3869 1288 dum
3901 1232 3966 1287 vi-

2229 1369 2232 1373 .
2270 1318 2436 1392 gilias
2462 1327 2670 1390 ageret,
2703 1335 2794 1376 res
2820 1335 2962 1391 quas
2993 1334 3189 1378 secum
3237 1320 3502 1388 habebat,
3536 1321 3606 1377 ad
3647 1320 3966 1392 sepulcrum

2270 1407 2420 1465 beati
2459 1407 2692 1464 Martini
2725 1407 3014 1478 exhibuit,
3048 1423 3218 1466 orans
3250 1414 3315 1468 nt
3340 1409 3448 1466 sibi
3479 1417 3711 1466 sanctus
3737 1423 3966 1466 succur-

2274 1504 2442 1568 reret,
2469 1503 2640 1571 atque
2693 1499 2746 1555 ei
2777 1500 3112 1557 concederet
3154 1501 3394 1572 gratiam
3424 1516 3610 1571 suam,
3642 1507 3704 1558 ut
3730 1516 3966 1574 regnum

2275 1594 2531 1668 accipere
2577 1601 2783 1668 posset.
2820 1596 3132 1654 Leudastes
3181 1603 3317 1655 tunc
3359 1612 3550 1654 comes
3583 1612 3716 1655 cum
3766 1596 3966 1654 multas

2275 1683 2330 1740 ei
2359 1682 2419 1740 in
2451 1699 2646 1749 amore
2669 1683 3067 1756 Fredegundis
3109 1683 3350 1741 insidias
3379 1684 3652 1756 tenderet,
3682 1685 3753 1742 ad
3783 1694 3966 1742 extre-

2273 1785 2437 1828 mum
2463 1785 2672 1842 pueros
2699 1770 2846 1844 ejus,
2888 1772 2992 1844 qui
3019 1771 3079 1827 in
3113 1786 3255 1844 pago
3285 1773 3498 1844 egressi
3554 1777 3699 1834 216
3726 1773 3966 1840 fuerant,

485 1860 771 1934 praeberet
785 1857 1090 1932 expetendi
1121 1858 1417 1916 basilicam
1449 1858 1631 1915 sancti
1647 1857 1899 1916 Martini.
1928 1856 2036 1926 Qui
2055 1873 2188 1916 cum
2204 1864 2250 1924 B
2269 1859 2692 1918 circumventos
2711 1857 2856 1916 dolis
2879 1858 3070 1930 gladio
3097 1859 3422 1930 trucidavit,
3449 1861 3755 1934 ipsumque
3779 1860 3966 1917 interi-

485 1949 740 2018 abiisset,
771 1949 844 2006 ab
871 1947 984 2005 alia
1019 1952 1178 2022 parte
1221 1946 1498 2006 Gailenus
1529 1958 1549 1984 °
1578 1961 1722 2020 puer
1765 1946 1892 2019 ejus
1932 1946 2187 2005 advenit.

486 2035 749 2111 Cumque
774 2050 1020 2109 parvum
1057 2033 1324 2093 solatium
1378 2034 1482 2109 qui
1532 2050 1666 2092 eum
1700 2033 1985 2092 ducebant
2011 2033 2191 2092 habe-

487 2136 637 2198 rent,
669 2129 743 2186 ab
771 2129 896 2201 ipso
936 2125 1177 2184 Gaileno
1209 2128 1271 2185 in
1319 2127 1526 2196 itinere
1555 2143 1837 2186 excussus
1881 2131 1986 2192 est,
2033 2141 2192 2199 oper-

489 2221 667 2288 teque
696 2214 897 2287 capite,
925 2216 1282 2288 indutusque
1330 2223 1489 2273 veste
1528 2214 1809 2286 saeculari,
1859 2215 2009 2274 beati
2038 2217 2190 2274 Mar-

490 2304 598 2362 tini
629 2303 905 2375 templum
933 2303 1188 2376 expetiit.
1226 2303 1404 2360 Nobis
1434 2311 1627 2360 autem
1662 2303 1866 2362 Missas
1893 2305 2190 2364 celebran-

491 2392 664 2461 tibus,
711 2393 774 2449 in
805 2399 1060 2450 sanctam
1107 2392 1423 2463 basilicam,
1475 2401 1668 2466 aperta
1705 2395 1995 2466 reperiens
2023 2396 2186 2466 ostia,

488 2484 786 2554 ingressus
811 2487 915 2538 est.
966 2481 1096 2538 Post
1139 2479 1342 2538 Missas
1392 2487 1583 2539 autem
1629 2480 1809 2554 petiit,
1843 2489 1908 2539 ut
1933 2481 1986 2539 ei
2025 2483 2187 2540 eulo—

493 2573 617 2645 gias
647 2575 672 2609 α
699 2573 833 2630 dare
875 2570 1234 2629 deberemus.
1288 2571 1423 2629 Erat
1465 2578 1659 2630 autem
1709 2579 1846 2631 tunc
1888 2573 2192 2632 nobiscum

487 2662 901 2735 Ragnemodus
949 2661 1249 2719 Parisiacae
1301 2661 1452 2719 sedis
1499 2661 1815 2736 episcopus,
1850 2663 1951 2736 qui
1997 2670 2193 2721 sancto

489 2749 778 2810 Germano
809 2756 1173 2808 successerat.
1216 2748 1377 2817 Quod
1419 2765 1555 2808 cum
1608 2751 2010 2820 refutaremus,
2045 2758 2190 2816 215

487 2837 612 2912 ipse
642 2839 889 2895 clamare
914 2838 1086 2908 cmpit
1125 2845 1182 2895 et
1209 2837 1416 2909 dicere,
1453 2838 1605 2910 quod
1636 2854 1751 2896 non
1803 2846 1951 2898 recte
1994 2856 2128 2899 eum
2159 2856 2191 2898 a

487 2929 900 2986 communione
947 2928 1073 2985 sine
1107 2927 1351 2985 fratrum
1399 2927 1768 2986 conniventia
1810 2927 2191 3002 suspendere-

489 3029 645 3073 mus.
675 3013 784 3071 Illo
815 3019 1010 3080 autem
1054 3015 1181 3072 haec
1209 3014 1453 3085 dicente,
1503 3029 1634 3073 cum
1664 3030 1950 3072 consensu
1997 3016 2188 3074 fratris

487 3104 592 3178 qui
619 3120 872 3179 praesens
898 3112 1035 3175 erat,
1081 3111 1390 3163 contestata
1419 3120 1589 3164 causa
1625 3106 1902 3164 canonica
1931 3120 1953 3146 ο
1975 3154 1989 3178 ,
2025 3107 2182 3166 eulo-

2273 1965 2430 2008 mere
2458 1949 2718 2024 cupiens,
2755 1950 2803 2008 si
2854 1950 3103 2024 reperire
3153 1951 3274 2008 loco
3312 1955 3632 2024 opportuno
3675 1949 3966 2021 potuisset.

2274 2033 2384 2094 Sed
2416 2035 2517 2093 ille
2548 2037 2792 2095 consilio
2819 2052 2962 2095 usus
2990 2035 3440 2108 Guntchramni,
3474 2042 3527 2110 et
3562 2050 3624 2093 se
3649 2033 3853 2093 ulcisci
3885 2036 3966 2092 de

2273 2123 2553 2194 sidereus,
2587 2124 2864 2184 redeunte
2888 2125 3174 2184 Marileifo
3206 2126 3224 2161 τ
3250 2124 3534 2182 archiatro
3571 2123 3641 2180 de
3668 2123 3966 2197 praesentia

2271 2214 2444 2287 regis,
2467 2214 2876 2286 comprehendi
2906 2215 3177 2289 praecepit
3209 2235 3219 2272 :
3253 2229 3587 2286 caesumque
3613 2211 3965 2287 gravissime.

2272 2302 2460 2362 ablato
2487 2319 2630 2360 auro
2663 2310 3017 2378 argentoque
3046 2305 3192 2376 ejus,
3244 2310 3302 2362 et
3355 2302 3596 2377 reliquis
3638 2301 3817 2359 rebus
3839 2314 3966 2375 quas

2273 2408 2469 2450 secum
2501 2393 2832 2466 exhibebat,
2889 2395 3118 2453 nudum
3168 2394 3424 2469 reliquit.
3482 2393 3550 2450 Et
3600 2392 3966 2449 interfecisse?

2272 2483 2492 2557 utique,
2523 2485 2569 2540 si
2591 2493 2706 2541 non
2742 2484 2893 2542 inter
2912 2501 3121 2543 manus
3147 2484 3495 2544 caedentium
3525 2483 3777 2556 elapsus,
3811 2480 3966 2539 eccle

2275 2573 2417 2630 siam
2451 2572 2796 2646 expetisset:
2826 2589 3001 2648 quem
3032 2590 3133 2632 nos
3161 2579 3353 2648 postea
3374 2573 3643 2631 indutum
3671 2571 3966 2630 vestimen

2276 2663 2366 2736 tis,
2401 2663 2630 2722 obtenta
2682 2664 2799 2723 vita
2843 2664 3141 2723 Pictavum
3185 2666 3537 2723 remisimus.
3600 2661 3966 2720 Merovechus

2273 2769 2410 2820 vero
2439 2754 2510 2812 de
2533 2762 2690 2826 patre
2717 2760 2891 2828 atque
2922 2771 3168 2813 noverca
3199 2755 3384 2813 multa
3425 2754 3669 2812 crimina
3699 2749 3966 2824 loqueba-

2275 2849 2372 2901 tur
2402 2863 2414 2900 :
2449 2859 2581 2916 quae
2607 2859 2741 2902 cum
2785 2860 2857 2901 ex
2900 2839 3062 2918 parte
3083 2861 3219 2902 vera
3248 2851 3455 2915 essent,
3485 2843 3654 2900 credo
3682 2849 3966 2914 accepturi

2274 2947 2393 2989 non
2423 2931 2600 2989 fuisse
2632 2933 2770 2995 Deo.
2800 2939 2865 2990 ut
2892 2933 3016 2990 haec
3044 2948 3149 3006 per
3178 2932 3368 2990 ﬁlium
3405 2932 3804 3006 vulgarentur,
3839 2930 3960 2987 sicu

2274 3019 2337 3076 in
2362 3019 2740 3091 sequentibus
2765 3020 3029 3091 cognovi.
3063 3019 3320 3089 Quadam
3356 3018 3512 3075 enim
3551 3018 3644 3076 die
3673 3018 3746 3074 ad
3779 3018 3966 3076 convi.

2274 3106 2440 3165 vium
2466 3108 2592 3179 ejus
2616 3108 2828 3165 ascitus
2860 3117 2916 3175 ε,
2949 3109 3089 3166 dum
3120 3108 3330 3181 pariter
3374 3107 3729 3177 sederemus,
3759 3107 3966 3180 suppli.

486 3194 612 3268 gias
650 3211 684 3252 a
712 3195 880 3252 nobis
928 3194 1161 3268 accepit.
1196 3194 1428 3251 Veritus
1468 3202 1660 3253 autem
1714 3211 1867 3266 sum,
1921 3211 1993 3254 ne
2045 3196 2411 3272 dumcciter
2437 3196 2598 3268 petiit
2628 3195 2824 3269 aliqua
2848 3197 2919 3254 ad
2946 3197 3383 3256 instructionem
3428 3196 3642 3253 animae
3693 3196 3832 3270 legi.
3867 3197 3966 3267 Egi

491 3297 680 3341 unum
705 3297 739 3340 a
765 3283 1175 3341 communione
1200 3282 1640 3356 suspendebam,
1665 3286 1725 3342 in
1751 3285 1965 3342 multos
1987 3285 2193 3343 existe-

488 3384 614 3427 rem
672 3369 982 3428 homicida.
1031 3369 1360 3433 Minabatur
1398 3369 1556 3427 enim
1592 3371 1817 3444 aliquos
1869 3371 1940 3429 de
1979 3371 2192 3446 populo

492 3463 688 3516 nostro
737 3457 1077 3528 interﬁcere,
1128 3456 1177 3513 si
1235 3458 1705 3516 communionem
1757 3465 2013 3516 nostram
2071 3473 2192 3518 non

493 3545 820 3605 meruisset.
852 3544 1063 3604 Multas
1087 3549 1279 3603 tamen
1295 3555 1412 3618 pro
1457 3546 1564 3603 hac
1594 3561 1765 3604 causa
1795 3547 2083 3608 Turonica
2111 3565 2197 3609 re-

493 3635 590 3709 gio
646 3635 923 3695 sustinuit
960 3635 1168 3694 clades.
1213 3635 1322 3693 His
1359 3636 1564 3694 diebus
1598 3635 1856 3697 Nicetius
1886 3639 1976 3697 vir
2007 3639 2195 3714 neptis

491 3741 658 3799 meae,
686 3727 979 3801 propriam
1024 3728 1244 3786 habens
1291 3742 1543 3799 causam,
1583 3729 1656 3786 ad
1683 3729 2073 3802 Chilpericum
2094 3748 2191 3790 re-

491 3831 625 3890 gem
652 3815 794 3874 abiit
821 3831 954 3875 cum
983 3816 1222 3876 diacono
1249 3823 1462 3888 nostro,
1491 3817 1592 3891 qui
1635 3819 1756 3891 regi
1778 3820 1978 3892 fugam
2004 3821 2192 3879 Mero-

491 3905 662 3964 vechi
691 3901 965 3965 narraret.
998 3906 1218 3976 Quibus
1244 3907 1406 3978 visis,
1431 3907 1828 3980 Fredegundis
1847 3910 2046 3983 regina
2069 3909 2148 3968 ait
2174 3934 2187 3968 :

491 3992 898 4066 Exploratores
927 4003 1080 4066 sunt,
1120 4003 1176 4053 et
1218 3996 1290 4053 ad
1337 3995 1743 4053 sciscitandnm
1773 3997 1912 4069 quid
1934 4004 2064 4069 agat
2089 4013 2194 4055 rex

491 4078 876 4160 advenerunt,
932 4095 996 4146 ut
1043 4087 1225 4145 sciant
1279 4085 1419 4159 quid
1468 4085 1807 4144 Merovecho
1837 4089 2190 4148 renuntient.

488 4171 564 4231 Et
597 4174 788 4232 statim
816 4175 1162 4249 exspoliatos
1199 4173 1262 4232 in
1311 4173 1589 4233 exsilium
1640 4176 1857 4233 retrudi
1902 4177 2190 4250 praecepit,

491 4261 564 4320 de
595 4277 711 4336 quo
736 4278 933 4322 mense
968 4263 1211 4336 septimo
1253 4262 1480 4336 expleto
1527 4262 1772 4321 relaxati
1823 4271 1976 4322 sunt.
2010 4263 2196 4337 Igitur

490 4349 849 4425 Chilpericus
890 4351 1128 4410 nuntios
1174 4349 1245 4408 ad
1284 4365 1387 4408 nos
1423 4351 1658 4421 direxit,
1700 4350 1932 4409 dicens:
1993 4350 2195 4424 Ejicite

2276 3298 2412 3341 vero
2459 3289 2706 3340 reserato
2763 3282 3085 3341 Salomonis
3125 3285 3290 3356 libro,
3335 3285 3688 3342 versiculum
3735 3286 3841 3357 qui
3875 3285 3966 3357 pri»

2275 3387 2410 3430 mus
2433 3371 2681 3429 occurrit
2732 3371 2972 3446 arripui,
3023 3373 3124 3446 qui
3181 3360 3300 3432 haec
3354 3372 3719 3431 continebat:
3754 3374 3966 3428 Oculun

2277 3464 2375 3533 qui
2421 3462 2681 3516 adversus
2731 3439 3007 3532 asperserit
3030 3460 3050 3488 “
3071 3467 3305 3532 patrem,
3358 3462 3617 3532 effodiant
3665 3478 3790 3516 eum
3837 3479 3965 3514 corr:

2277 3551 2344 3605 de
2371 3549 2706 3608 convallibus
2741 3550 2922 3617 (Prov.
2953 3559 3036 3618 III,
3076 3548 3180 3612 17).
3231 3547 3339 3606 1110
3389 3563 3617 3622 quoque
3657 3563 3782 3606 non
3817 3549 3954 3605 intel

2277 3643 2505 3716 ligente,
2536 3642 2895 3701 consideravi
2927 3643 3087 3701 hunc
3117 3644 3471 3702 versiculum
3501 3662 3534 3701 a
3564 3645 3822 3702 Domino
3847 3661 3965 3718 prie

2274 3736 2557 3804 paratum.
2610 3728 2779 3786 Tunc
2823 3729 3037 3786 direxit
3073 3730 3864 3803 Guntchramnusipuerum
3917 3731 3966 3788 ac

2275 3817 2582 3876 mulierem
2633 3817 2966 3890 quamdam,
3006 3817 3118 3874 sibi
3164 3816 3282 3888 jam
3310 3819 3605 3895 [cognitam
3646 3835 3680 3875 a
3728 3827 3966 3891 tGIDpOI‘t

2275 3905 2597 3963 Chariberti
2648 3905 2819 3976 regis,
2853 3904 3159 3962 habentem
3210 3906 3478 3979 spiritum
3509 3907 3810 3978 pythonis,
3844 3916 3909 3964 ut
3941 3923 3966 3962 e

2277 4011 2410 4069 quae
2470 4001 2634 4051 erant
2687 4002 2968 4052 eventura
3025 4001 3304 4051 narraret.
3360 3995 3665 4052 Asserebat
3705 4002 3966 4068 przetere:

2277 4084 2464 4156 ipsam
2498 4081 2608 4139 sibi
2640 4087 2774 4138 ante
2806 4082 2913 4138 hoc
2945 4087 3188 4154 tempus,
3234 4097 3350 4140 non
3383 4082 3572 4140 solum
3607 4099 3869 4153 annum,
3899 4099 3966 4140 se:

2277 4179 2330 4230 et
2364 4172 2516 4229 diem
2549 4178 2604 4229 et
2632 4171 2852 4239 horam,
2892 4171 2954 4227 in
3003 4185 3118 4243 qua
3147 4186 3254 4228 rex
3279 4172 3647 4230 Cbaribertus
3673 4174 3873 4231 obiret
3898 4174 3966 4230 de

2276 4262 2596 4320 nuntiasse.
2629 4259 2770 4330 Quae
2810 4260 2934 4317 haec
2961 4262 3013 4317 ei
3043 4275 3144 4332 per
3181 4277 3388 4334 pueros
3413 4265 3684 4320 mandata
3715 4265 3952 4321 remisit

2283 4351 2573 4409 Futurum
2599 4357 2684 4408 est
2712 4349 2873 4407 enim
2895 4356 2959 4407 ut
2985 4365 3090 4407 rex
3113 4348 3473 4423 Chilpericus
3503 4353 3609 4409 hoc
3645 4368 3816 4409 anno
3846 4352 3965 4408 deti

497 4448 813 4515 apostatam
841 4439 1013 4498 illum
1039 4439 1108 4497 de
1132 4439 1402 4496 basilica:
1433 4439 1525 4496 sin
1561 4447 1756 4497 autem
1804 4440 1984 4512 aliud,
2025 4446 2200 4498 totam
2285 4442 2416 4514 ciat,
2479 4449 2535 4498 et
2585 4439 2961 4498 Merovechus
3013 4455 3119 4497 rex
3173 4440 3430 4498 exclusis
3479 4441 3965 4501 fratribus‘omu

497 4531 794 4604 regionem
826 4530 988 4587 illam
1012 4529 1134 4602 igni
1165 4530 1529 4589 succendam.
1558 4530 1820 4606 Cumque
1851 4547 1956 4591 nos
1992 4533 2258 4626 reseri-D
2283 4533 2467 4606 capiat
2503 4545 2764 4604 regnum.
2808 4530 2896 4588 Tu
2939 4545 3073 4588 vero
3119 4529 3392 4588 ducatum
3447 4531 3616 4589 totius
3665 4531 3847 4604 regni
3877 4534 3966 4605 eju

496 4616 842 4690 psissemus,
872 4616 1230 4690 impossibile
1271 4630 1395 4696 esse
1436 4618 1592 4692 quod
1631 4618 1982 4692 temporibus
2014 4621 2194 4680 haere-

558 4805 578 4826 ·
607 4794 732 4849 Haec
778 4797 960 4860 verba,
998 4797 1064 4850 de
1093 4797 1358 4851 Desiderii
1397 4814 1520 4853 vero
1557 4801 1760 4864 viginti
1787 4806 2029 4866 quatuor
2063 4802 2194 4856 mit-

499 4866 598 4926 lia,
634 4868 830 4920 desunt
852 4870 906 4920 in
929 4870 1142 4922 Bellov.

555 4938 578 4968 δ
613 4939 756 5006 (3011),.
799 4941 876 5006 _in_
927 4940 1306 5000 Oenoniacum.
1358 4945 1451 5006 qui
1499 4947 1726 4996 vocatur
1757 4946 2041 5000 Annisola.
2088 4949 2194 5001 Ad-

499 5001 608 5054 buc
663 5003 905 5054 subsistit
947 5017 978 5054 a
1017 5007 1309 5057 conditoris
1339 5001 1392 5057 e't
1427 5009 1584 5068 primi
1618 5006 1826 5060 abbatis
1862 5012 2035 5061 sancti
2083 5011 2192 5062 Ca-

496 5071 639 5124 rileﬂ
684 5074 922 5132 nomine.
957 5077 1120 5140 vulgo
1153 5074 1528 5130 Satist-Calais
1580 5078 1800 5138 dictum,
1854 5080 1958 5131 sub
2003 5081 2194 5134 ordine

502 5143 553 5192 S.
591 5142 870 5195 Benedicti
925 5149 979 5198 et
1027 5149 1451 5211 Congregatione
1507 5151 1555 5200 S.
1601 5150 1786 5202 Mauri.
1837 5150 2070 5203 Observa
2106 5151 2194 5204 hic

498 5211 806 5267 Memveum
849 5217 904 5266 in
943 5223 1277 5272 monasterio
1327 5226 1597 5273 versatum
1647 5223 1823 5276 fuisse
1867 5226 1925 5274 ut
1977 5223 2194 5274 clerica-

502 5285 646 5336 libus
697 5288 897 5338 muniis
947 5292 1273 5353 erudiretur,
1323 5297 1375 5344 et
1438 5299 1647 5346 vestem
1679 5293 1986 5346 clericalem
2033 5307 2064 5344 a
2101 5306 2196 5345 sa:-

499 5357 672 5409 culari
708 5356 891 5429 tuisse
941 5360 1284 5413 dissimilem.
1339 5363 1397 5415 Et
1461 5366 1683 5429 quidem
1739 5366 2039 5428 Gregorius
2089 5365 2190 5416 Ma-

499 5441 647 5492 gnus
697 5428 860 5492 jussit
907 5431 1061 5493 epist.
1119 5432 1172 5482 10
1214 5433 1306 5483 lib.
1343 5448 1394 5498 ν,
1437 5428 1495 5487 ut
1539 5437 1697 5499 pueri
1730 5439 1884 5500 Angli
1920 5437 1976 5488 in
1999 5435 2186 5488 Galliae

497 5500 845 5552 monasteriis
869 5502 922 5550 in
941 5502 1046 5554 tlde
1079 5503 1446 5558 erudirentur.

555 5579 573 5600 τ
608 5571 692 5622 Sic
721 5571 901 5634 Corb,
933 5571 1070 5624 Bell.
1093 5578 1145 5626 et
1183 5575 1392 5638 Regm.;
1419 5577 1602 5628 caeteri
1629 5574 1919 5628 Gautenus.

555 5638 578 5668 ⁴
609 5640 738 5712 Nota
783 5651 868 5694 est
922 5644 1259 5707 eutogiarnm
1311 5649 1552 5710 acceptio
1604 5660 1706 5712 pro
1748 5646 1991 5712 quolibet
2057 5658 2184 5698 mu-

492 5711 737 5773 nusculo,
782 5714 1019 5766 maxime
1064 5726 1096 5765 a
1145 5716 1278 5769 viris
1317 5718 1420 5781 piis
1468 5711 1650 5777 misso,
1701 5711 1824 5771 cum
1868 5717 2004 5770 alias
2028 5717 2084 5769 in
2125 5729 2187 5770 re

486 5789 642 5834 sacra
688 5793 886 5844 panem
945 5785 1288 5841 benedictum
1350 5788 1634 5849 signiﬁcet.
1708 5788 2030 5843 Hincmarus
2126 5789 2186 5841 in

2281 4621 2453 4680 anuis
2481 4620 2744 4694 quinque
2773 4617 3012 4676 tenebis.
3043 4617 3220 4676 Sexto
3252 4633 3385 4676 vero
3407 4633 3560 4675 anno
3589 4620 3650 4675 in
3689 4634 3821 4678 una
3852 4620 3966 4677 civi

2275 4798 2536 4863 Capitulis
2593 4800 2721 4851 anni
2773 4800 2886 4860 852,
2941 4809 3090 4848 num.
3143 4796 3203 4847 7:
3246 4793 3308 4846 Ut
3359 4797 3423 4845 de
3474 4794 3664 4847 oblatis
3696 4809 3825 4859 qua:
3869 4797 3966 4859 om:

2273 4875 2478 4924 runtur
2509 4883 2544 4920 a
2558 4871 2770 4935 populo,
2795 4874 2844 4921 et
2880 4866 3273 4921 consecrationi
3302 4871 3610 4930 supersunt,
3632 4869 3720 4916 vet
3743 4867 3816 4918 de
3837 4869 3966 4931 pani

2245 4941 2386 5003 \bus,
2421 4946 2544 5001 etc.,
2601 4946 2715 5004 post
2766 4941 3058 4991 Missurum
3096 4937 3377 4998 solemnia,
3432 4939 3526 5000 qui
3571 4940 3966 4988 communioni

2276 5027 2386 5066 non
2424 5013 2647 5076 fuerunt
2683 5013 2896 5074 parati,
2937 5009 3087 5062 omni
3122 5009 3207 5059 die
3230 5007 3502 5059 dominico
3533 5009 3582 5058 ct
3607 5006 3805 5060 diebus
3845 5010 3966 5073 festi

2279 5084 2474 5136 exinde
2502 5082 2802 5145 accipiant,
2827 5087 2930 5133 etc.

2339 5164 2357 5184 ο
2391 5154 2596 5216 Regm.,
2621 5154 2948 5204 contestata:
2983 5161 3206 5201 causam
3227 5149 3565 5202 canonicam.

2339 5225 2358 5261 τ
2388 5225 2504 5276 Alii.
2536 5219 3069 5286 illareteifo.‘ﬂegm.,
3099 5221 3368 5286 Mariteﬁo.

2342 5306 2365 5342 s
2399 5294 2570 5356 Colb.,
2597 5293 2809 5344 accessi.

2339 5366 2361 5396 ιι
2395 5364 2572 5422 0011)..
2609 5368 2909 5426 exasperat.
2939 5363 3108 5424 Colb.,
3134 5363 3232 5428 qui
3260 5375 3476 5414 aversus
3508 5359 3846 5424 dispexerit.

2335 5435 2466 5486 'Sic
2519 5433 2694 5495 Corb.,
2743 5435 2906 5496 Bell.,
2965 5435 3116 5486 Colb.
3170 5437 3222 5485 et
3286 5433 3448 5486 Becc.
3500 5443 3624 5483 cum
3671 5431 3825 5486 Bad.
3860 5449 3877 5496 ;
3913 5435 3965 5487 al

2271 5504 2767 5568 Guntchramnum,
2806 5519 2928 5570 quae
2972 5506 3135 5557 unius
3159 5504 3406 5556 litterulas
3434 5504 3658 5554 mutatio
3689 5503 3870 5555 docet
3908 5518 3966 5557 ne

2267 5590 2498 5642 puerum
2548 5589 2580 5629 a
2613 5576 2966 5634 Guntramno,
3023 5589 3132 5626 non
3168 5588 3198 5627 a
3261 5575 3507 5627 Meroveo
3550 5573 3966 5628 Guntramnum

2269 5649 2338 5701 ad
2362 5647 2733 5712 pythonissam
2759 5646 3151 5700 consulendam
3179 5647 3410 5698 missum
3443 5645 3631 5697 fuisse.

2329 5718 2458 5770 ISie
2511 5720 2688 5776 Corb.,
2756 5717 2898 5769 Bell.
2961 5721 3015 5769 et
3081 5716 3266 5779 Colb.;
3330 5719 3512 5768 caeteri
3596 5728 3734 5769 cum
3817 5720 3966 5773 editis

2267 5787 2601 5841 Merovechus
2640 5786 2866 5840 inclusis
2891 5785 3180 5852 fratribus.
3217 5787 3328 5839 Vox
3354 5799 3453 5838 rea:
3489 5789 3574 5841 est
3595 5788 3652 5840 in
3689 5790 3829 5844 solo
3868 5789 3966 5844 Bel
