4016 6338
410 390 541 449 μίξει

1446 396 1502 452 S.
1544 393 1867 453 GREGORII
1916 395 2219 453 EPISCOI‘I
2255 395 2682 457 TURONENSIS

3610 398 3716 454 352

436 524 549 569 arce
594 521 813 583 tangere
858 509 1123 565 debueras
1175 525 1335 581 quem
1391 520 1572 568 tenere
1623 513 2020 569 dissimulabas.
2052 527 2097 584 Α
2199 513 2333 569 XVI.
2377 516 2431 570 lu
2461 516 2748 569 Britanniis
2778 514 2891 570 haec
2912 522 3029 569 acta
3057 522 3200 569 sunt.
3231 513 3524 571 Macliavus
3550 534 3717 586 quon-

442 609 727 665 Esercitus
756 617 932 661 autem
974 607 1259 676 Chilperici
1292 609 1430 679 regis
1464 626 1630 680 usque
1658 612 1889 685 Turonis
1931 627 2020 666 aco

444 701 665 766 cedens,
696 699 972 767 regionem
1006 700 1147 752 illam
1190 699 1243 753 in
1268 700 1478 767 prmdas
1514 701 1699 767 mittit,
1730 704 2026 769 succendit,

445 799 605 859 atque
651 788 927 843 devastat:
965 803 1064 842 nec
1109 787 1270 843 rebus
1299 790 1471 843 sancti
1528 790 1738 847 Martini
1771 792 2024 861 pepercit,

447 882 540 935 sed
583 880 723 951 quod
769 895 925 933 manu
961 880 1157 948 tetigit,
1209 881 1326 935 sine
1373 881 1482 936 ullo
1529 882 1623 945 Dei
1670 884 1880 948 intuitu,
1939 896 2030 938 aut

453 975 646 1028 timore
691 972 929 1042 diripuit.
959 971 1310 1027 Merovechus
1341 988 1508 1042 prope
1536 974 1672 1029 duos
1719 990 1933 1031 menses
1962 976 2027 1028 ad

449 1069 771 1124 autedictam
822 1067 1093 1119 basilicam
1146 1066 1418 1131 residens,
1470 1066 1646 1134 fugam
1701 1069 1836 1133 iniit,
1871 1078 1925 1123 et
1962 1068 2027 1121 ad

449 1158 847 1214 Brunicliildem
896 1155 1131 1223 reginam
1165 1169 1333 1222 usque
1383 1158 1659 1223 pervenit:
1692 1162 1783 1211 sel
1814 1159 1881 1212 ab
1915 1159 2025 1211 Au-

448 1252 657 1307 strasiis
684 1265 788 1303 non
817 1259 899 1302 est
927 1247 1205 1301 collectus.
1242 1247 1399 1302 Pater
1430 1263 1557 1303 vero
1587 1252 1704 1317 ejus
1733 1253 2026 1305 exercitum

449 1353 637 1398 contra
663 1340 1062 1406 Campanetnes
1100 1347 1416 1403 commovit,
1453 1350 1641 1408 putans
1669 1356 1789 1395 eum
1832 1342 2029 1413 ibidem

449 1431 739 1487 occultari:
772 1432 865 1485 sed
916 1429 1045 1482 nihil
1094 1429 1304 1496 nocuit,
1335 1443 1435 1485 nec
1478 1445 1600 1484 eum
1649 1430 1823 1499 potuit
1878 1447 2031 1501 repe-

447 1527 577 1587 rire.

520 1615 633 1672 XV.
670 1617 733 1671 Et
758 1615 881 1685 quia
913 1623 1151 1684 tempore
1176 1614 1291 1682 illo,
1322 1629 1428 1684 quo
1455 1616 1713 1671 Alboinus
1744 1618 1794 1672 in
1825 1619 2027 1674 Italiam

447 1711 722 1779 Ingressus
740 1718 843 1775 est,
866 1705 1309 1761 Chlotliacharius
1329 1714 1385 1760 et
1407 1708 1701 1776 Sigibertus
1732 1710 1937 1764 Snavos
1976 1720 2029 1765 et

442 1802 580 1856 alias
608 1810 793 1870 gentes
820 1802 871 1854 iu
900 1800 1016 1854 loco
1047 1799 1139 1853 illo
1176 1810 1545 1868 posueruute;
1578 1801 1630 1855 bi
1660 1802 1748 1869 qui
1791 1812 2029 1871 tempore

445 1896 700 1967 Sigiberti
750 1895 979 1963 regressi
1010 1905 1154 1959 sunt,
1187 1895 1236 1947 id
1264 1905 1347 1948 est
1376 1898 1464 1962 qui
1506 1911 1627 1948 cum
1660 1896 1885 1950 Alboino
1913 1897 2027 1950 Iue-
2062 1894 2105 1953 Β

447 1996 589 2053 rant,
617 1995 799 2041 contra
842 1986 938 2039 hos
966 1996 1315 2054 consurgunt,
1353 1984 1593 2039 volentes
1634 2002 1727 2040 eos
1757 2002 1785 2040 a
1819 1990 2033 2055 regiOne

442 2080 533 2133 illa
557 2077 839 2131 extrudere
870 2090 933 2129 ac
958 2075 1162 2130 delere.
1188 2078 1254 2127 At
1276 2074 1350 2128 illi
1381 2076 1780 2131 obtulerunteis
1823 2079 2030 2132 tertiam

446 2182 651 2237 partem
685 2178 862 2232 terrae,
892 2168 1128 2221 dicentes
1155 2184 1167 2219 :
1202 2166 1375 2223 Simul
1407 2170 1587 2234 vivere
1610 2171 1724 2223 sine
1754 2170 2033 2226 collisione

449 2275 749 2331 possumus.
785 2259 888 2316 Sed
922 2259 995 2312 illi
1033 2267 1216 2312 contra
1244 2272 1340 2312 eos
1367 2258 1509 2323 irati,
1538 2273 1603 2312 eo
1632 2260 1771 2328 quod
1801 2260 1898 2327 ipsi
1933 2261 2034 2315 hoc

447 2366 603 2407 antea
631 2351 944 2415 tenuissent,
976 2349 1274 2402 nullatenus
1299 2347 1907 2415 pacilicarevoluerunt.
1931 2348 2036 2404 De-

448 2446 573 2499 hinc
622 2442 785 2514 220
811 2441 1118 2496 obtulerunt
1159 2440 1238 2494 eis
1286 2442 1478 2495 iterum
1520 2442 1603 2495 isti
1644 2440 1982 2497 medietatem
2017 2459 2030 2496 :

448 2536 686 2607 posthaec
708 2550 837 2588 uuas
862 2544 1057 2599 partes,
1081 2532 1181 2587 sibi
1208 2533 1417 2585 tertiam
1441 2533 1822 2602 relinquentes.
1847 2533 2038 2589 Nolen-

438 2629 590 2683 tibus
610 2634 785 2680 autem
809 2624 932 2688 illis,
958 2623 1269 2677 obtulerunt
1298 2638 1418 2676 cum
1443 2632 1581 2677 terra
1612 2626 1789 2677 omnia
1818 2638 2031 2693 pecora,

436 2729 652 2774 tantum
685 2725 743 2771 ut
769 2732 795 2769 a
822 2716 964 2771 bello
993 2724 1287 2769 cessarent.
1315 2713 1417 2768 Sed
1463 2728 1559 2767 nec
1589 2715 1690 2768 hoc
1714 2712 1789 2768 illi
1819 2716 2035 2783 acquie-

434 2821 681 2878 ‘tscentes,
717 2820 989 2864 certamen
1021 2815 1297 2875 expetunt.
1338 2805 1401 2858 Et
1428 2805 1569 2860 inter
1608 2820 1667 2860 se
1696 2816 1822 2861 ante
1858 2818 2034 2862 certa-

440 2920 593 2973 men,
640 2901 872 2971 qualiter
920 2912 1115 2953 uxores
1170 2897 1465 2952 Suavorum
1496 2896 1819 2962 dividerent,
1861 2908 1916 2953 et
1943 2897 2034 2969 qui

431 3011 604 3065 quam
630 3003 748 3064 post
776 3006 962 3046 eorum
994 2990 1198 3044 exitum
1243 2988 1531 3057 acciperet,
1561 2996 1812 3057 tractant,
1847 2998 2038 3059 putan-

449 3096 527 3141 tes
549 3100 642 3138 eos
666 3082 771 3152 jam
790 3080 941 3150 quasi
971 3075 1281 3133 interfectos
1309 3078 1527 3135 habere.
1557 3078 1657 3132 Sed
1693 3077 1904 3134 Domini
1935 3080 2034 3133 mi-

436 3176 666 3236 seratio,
699 3187 819 3241 qua:
845 3169 1105 3239 jusﬁtiam
1147 3164 1295 3232 fat-it,
1329 3168 1378 3220 in
1412 3170 1567 3219 aliam
1612 3179 1813 3235 partem
1848 3170 2036 3223 volun-

2129 605 2250 659 dam
2281 614 2335 660 et
2356 606 2584 660 Bodicus
2613 606 2983 660 Britannorum
3005 608 3228 661 comites
3245 602 3295 672 ιι,
3319 620 3716 662 sacramentum

2131 700 2269 751 inter
2296 712 2356 753 se
2381 697 2661 764 dederant,
2708 709 2766 752 ut
2814 699 2904 766 qui
2933 714 2996 752 ex
3027 698 3107 753 eis
3137 701 3532 767 supervivet‘et,
3580 702 3719 755 Iilms

2132 787 2294 854 partis
2323 789 2545 843 alterius
2578 801 2825 857 tanquam
2853 797 3094 858 proprios
3119 789 3447 846 defensaret.
3478 795 3719 848 Mortuus

2131 890 2307 932 autem
2342 879 2566 934 Bodicus
2594 884 2809 951 reliquit
2834 883 3025 946 lilium,
3056 883 3444 937 Theodericum
3478 888 3715 939 nomine.

2130 966 2269 1032 ριιυ,
2300 968 2580 1023 Macliavus
2608 971 2804 1025 oblitus
2828 973 3181 1037 sacramenti,
3213 974 3437 1043 ριιηιιεο
3462 990 3491 1027 a
3522 976 3718 1043 patria,

2132 1075 2351 1129 regnum
2386 1063 2547 1130 putris
2582 1063 2701 1133 ejus
2743 1066 2970 1133 accepit.
3005 1065 3099 1119 llic
3124 1080 3255 1121 vero
3284 1064 3448 1121 multo
3476 1076 3719 1135 tempore

2134 1156 2388 1221 profugus
2412 1170 2680 1227 vagosque
2721 1156 2819 1211 fuit
2852 1174 2866 1210 :
2900 1160 2983 1212 cui
3013 1159 3226 1213 tandem
3256 1160 3505 1212 misertus
3535 1161 3674 1213 Deus
3695 1169 3721 1195 ο

2131 1245 2373 1300 Collectis
2392 1262 2573 1301 secum
2598 1264 2626 1302 a
2657 1249 2925 1302 Britannia
2951 1251 3097 1314 viris,
3132 1265 3191 1305 se
3216 1266 3378 1318 super
3404 1250 3719 1304 Maciiavuni

2131 1337 2349 1407 objecit,
2370 1353 2601 1408 eumque
2624 1356 2742 1394 eum
2768 1340 2879 1394 [ilio
2901 1344 3016 1409 ejus
3036 1339 3200 1397 Iacet.
3225 1341 3401 1409 gladio
3425 1342 3722 1406 interemit,

2134 1438 2445 1498 partemque
2474 1433 2645 1500 regni,
2675 1446 2831 1497 quam
2854 1432 3121 1500 quondam
3145 1440 3293 1501 pater
3315 1432 3431 1502 ejus
3452 1441 3723 1497 tenuerat,

2132 1519 2183 1571 in
2211 1532 2308 1573 sua
2349 1530 2609 1589 potestate
2640 1523 2901 1586 restituit;
2934 1533 3140 1591 partem
3169 1538 3298 1577 vero
3337 1524 3498 1579 aIiam
3532 1523 3726 1577 Waro-

2131 1608 2266 1663 chus
2287 1608 2307 1647 ί
2347 1611 2587 1665 Macliavi
2616 1612 2756 1666 [ilius
2786 1612 3070 1667 vindicavit
3099 1614 3221 1669 sibi.

2206 1745 2367 1800 XVII.
2408 1745 2839 1801 Gunteliramnus
2872 1762 2999 1802 vero
3032 1763 3125 1803 rex
3152 1748 3286 1804 duos
3314 1748 3675 1818 Magnacharii
3697 1760 3725 1799 s

2133 1836 2402 1904 quondam
2436 1838 2568 1891 lilins
2603 1840 2761 1909 221
2804 1838 2981 1909 gladio
3026 1839 3316 1907 interemit,
3351 1855 3447 1909 pro
3474 1855 3541 1896 eo
3578 1843 3727 1911 quod

2135 1930 2187 1983 iu
2220 1928 2642 1982 Austrecliildem
2673 1928 2702 1966 ιι
2725 1931 2993 1997 reginam,
3024 1930 3247 2000 erSqlte
3292 1933 3509 1987 soboles
3556 1934 3725 1988 multa

2136 2017 2474 2072 detestabilia
2503 2029 2660 2089 atque
2683 2021 3009 2074 exsecranda
3058 2022 3385 2091 proferrent;
3418 2024 3725 2079 facultates-

2135 2125 2238 2179 que
2266 2126 2450 2165 eorutn
2483 2111 2610 2165 fisco
2638 2126 2737 2165 suo
2766 2111 2988 2179 redegit.
3020 2118 3137 2183 Ipse
3181 2128 3392 2185 quoque
3420 2117 3555 2170 duos
3584 2116 3723 2170 ﬁlios

2136 2220 2261 2260 suos
2286 2205 2463 2260 subito
2494 2207 2682 2261 morbo
2720 2222 3007 2276 oppressos
3055 2207 3288 2276 perdidit
3330 2206 3371 2275 ί,
3396 2208 3465 2263 de
3490 2223 3721 2278 quorum

2141 2294 2334 2351 funere
2364 2297 2519 2353 valde
2548 2298 2894 2354 contristatus
2938 2308 3038 2363 est,
3070 2313 3136 2353 eo
3165 2299 3304 2367 quod
3340 2301 3558 2353 orbatus
3593 2299 3721 2353 abs-

2135 2403 2241 2458 que
2271 2388 2458 2443 liberis
2502 2390 2868 2444 remansisset.
2905 2389 2983 2443 Eo
3013 2403 3155 2444 anno
3210 2390 3454 2445 dubietas
3503 2390 3723 2444 Pascha

2136 2478 2256 2536 fuit.
2287 2480 2341 2535 In
2365 2480 2549 2536 Galliis
2595 2496 2725 2536 vero
2748 2496 2845 2536 nos
2871 2496 2992 2536 eum
3009 2482 3192 2537 multis
3207 2483 3512 2538 civitatibus
3531 2493 3725 2553 quarto

2136 2572 2349 2627 decimo
2376 2571 2640 2628 Kalendas
2668 2572 2865 2629 Maiasl
2906 2582 3145 2629 sanctum
3174 2575 3377 2630 Pascha
3421 2577 3725 2631 celebravi-

2136 2677 2277 2717 mus.
2310 2638 2413 2717 Alii
2458 2678 2588 2718 vero
2626 2678 2747 2718 cum
2791 2664 3059 2733 Hispanis,
3108 2666 3426 2721 duodecimo
3454 2665 3726 2722 Kalendas

2136 2754 2338 2824 Aprilis
2368 2755 2757 2809 solemnitatem
2799 2756 2936 2810 hanc
2976 2765 3307 2811 tenuerunt:
3340 2768 3513 2812 tamen
3553 2769 3609 2812 ut
3651 2758 3729 2813 Ie;

2137 2854 2283 2912 runt,
2307 2846 2480 2903 fontes
2516 2848 2613 2913 illi,
2646 2848 2735 2918 qui
2770 2847 2823 2902 in
2858 2844 3127 2917 Hispaniis
3158 2858 3288 2904 nutu
3329 2849 3420 2904 Dei
3448 2850 3726 2920 complen-

2138 2948 2224 2996 tur
2241 2938 2290 3007 ⁸,
2325 2941 2377 2995 in
2401 2950 2584 2995 nostro
2616 2940 2816 2996 Pascha
2838 2939 3026 3010 repleti
3052 2950 3194 2995 sunt.

2208 3073 2396 3130 XVIII.
2434 3073 2673 3130 Cainone
2717 3089 2847 3129 vero
2882 3072 2899 3112 ι
2935 3076 3206 3131 Turonico
3251 3078 3389 3142 vico,
3432 3078 3557 3134 dum
3605 3080 3727 3151 ipso

2137 3166 2370 3235 glorioso
2396 3164 2821 3220 Resurrectionis
2854 3166 3143 3221 Dominicze
3170 3166 3258 3222 die
3285 3169 3457 3224 Missas
3483 3172 3727 3226 celebra-

444 3274 614 3321 tatem
635 3279 821 3319 eorum
854 3259 1087 3315 retorsit.
1117 3259 1246 3313 Nam
1269 3259 1675 3327 conﬂigentibus
1701 3258 1806 3314 illis
1834 3276 1847 3311 :
1878 3268 2032 3314 erant
2059 3258 2105 3321 C
2137 3270 2343 3327 rentur,
2381 3260 2603 3314 ecclesia
2643 3260 2988 3326 contremuit,
3030 3262 3359 3331 papulasque
3397 3265 3726 3320 conterritus

445 3364 630 3412 autem
659 3352 844 3422 viginti
870 3364 963 3405 sex
997 3349 1162 3403 millia
1200 3349 1495 3414 Saxonum,
1525 3366 1590 3404 ex
1622 3352 1814 3419 quibus
1844 3352 2030 3421 viginti

445 3448 612 3503 millia
642 3444 981 3507 ceciderunt;
1015 3440 1309 3496 Suavorum
1339 3454 1550 3508 quoque
1572 3455 1669 3495 sex
1705 3442 1873 3495 millia
1896 3458 2029 3510 qua-

447 3540 733 3610 dringenti,
770 3546 826 3592 et
846 3536 1114 3603 octoginta
1135 3530 1162 3570 δ
1193 3543 1392 3586 tantum
1425 3534 1674 3601 pmstrati
1703 3544 1826 3587 sunt
1856 3552 1870 3587 :
1904 3535 2029 3590 reli-

447 3633 541 3704 qui
583 3647 711 3687 vero
751 3628 1029 3682 victoriam
1074 3625 1437 3679 obtinuerunt.
1489 3624 1567 3677 Illi
1594 3639 1804 3695 quoque
1840 3627 1929 3695 qni
1966 3643 2030 3682 ex

452 3723 757 3779 Saxonibus
781 3725 1172 3782 remanserant,
1200 3714 1446 3768 detestati
1463 3723 1605 3779 sunt,
1632 3717 1835 3770 nullum
1860 3732 1920 3772 se
1945 3733 2033 3774 eo.

452 3832 568 3870 rum
603 3814 843 3877 barbam,
870 3822 1042 3875 neque
1072 3806 1293 3875 capillos
1321 3804 1635 3871 incisurutn,
1668 3808 1768 3861 nisi
1801 3810 1946 3876 prius
1973 3824 2034 3864 se

453 3907 522 3961 de
542 3901 862 3958 adversariis
885 3899 1293 3953 ulciscerentur.
1314 3896 1518 3963 Quibus
1538 3897 1735 3952 iterum
1762 3900 2034 3955 decertan-

447 3999 615 4063 tibus,
650 3998 701 4050 in
752 3995 952 4061 majore
981 3990 1192 4048 excidio
1235 4002 1572 4061 corruerunt,
1615 3999 1671 4047 et
1715 3991 1793 4047 sic
1834 4006 1867 4048 a
1895 3993 2035 4049 bello

446 4099 714 4144 cessatum
735 4094 818 4144 est
832 4093 877 4138 ο.

522 4255 548 4282 κ
589 4243 787 4299 Confer
815 4250 975 4307 caput
1008 4238 1109 4294 hoc
1137 4253 1257 4293 cum
1288 4236 1378 4303 45,
1406 4238 1521 4293 libri
1556 4254 1630 4293 tv.
1658 4239 1946 4305 Caeterum,
1979 4252 2036 4297 ut

448 4324 669 4371 monent
699 4313 940 4367 Valesius
971 4323 1022 4364 et
1051 4311 1315 4374 Cointius,
1347 4310 1644 4378 Sigibcrtus
1672 4315 1816 4365 solus
1846 4312 2036 4368 Suevis

449 4390 623 4441 locum
654 4380 981 4438 inhabitandi
1005 4382 1258 4445 dederat,
1298 4395 1418 4432 nam
1452 4391 1577 4434 tunc
1610 4380 1722 4449 jam
1750 4381 2037 4439 defunctus

451 4466 570 4512 erat
599 4452 923 4509 Chlotarius.
956 4452 1331 4504 Emendaudus
1360 4464 1573 4520 quoque
1621 4451 1812 4503 Paulus
1846 4454 2039 4507 Diaco-

451 4544 571 4583 nus.
600 4524 690 4593 qui
722 4522 1036 4587 Gregorium
1068 4522 1277 4574 incaute
1297 4530 1533 4585 Secutus,
1560 4521 1612 4573 in
1639 4522 1776 4575 hunc
1798 4538 2035 4579 errorem

451 4599 686 4664 impegit.

2134 3369 2163 3407 a
2198 3367 2419 3423 pavore,
2454 3366 2610 3406 unam
2640 3365 2823 3406 vocem
2865 3351 3035 3419 dedit,
3083 3352 3269 3407 dicens
3310 3354 3450 3422 quod
3493 3356 3725 3412 ecclesia

2131 3445 2347 3499 caderet
2378 3460 2393 3497 :
2432 3442 2718 3513 cunelique
2756 3442 2824 3497 ab
2869 3456 2954 3511 ea,
2997 3443 3156 3496 etiam
3191 3442 3520 3512 pereﬂ‘ractis
3568 3446 3727 3500 ostiis

2136 3549 2228 3605 per
2251 3536 2425 3603 fugam
2458 3532 2590 3602 lapsi
2619 3543 2765 3586 sunt.
2810 3532 2996 3601 Magna
3042 3534 3280 3601 posthaec
3310 3535 3425 3589 lues
3468 3536 3725 3605 populum

2132 3625 2450 3680 devastavit.
2502 3622 2746 3677 Postltmc
2791 3624 3225 3678 Guntcltramnus
3268 3639 3357 3678 ret
3398 3625 3464 3679 ad
3503 3625 3726 3682 Childe-

2133 3715 2343 3771 bertam
2385 3725 2629 3783 nepotem
2658 3729 2811 3767 suum
2844 3714 3048 3782 legatus
3079 3714 3265 3783 mittit,
3297 3730 3478 3783 pacem
3511 3728 3724 3785 petens,

2134 3820 2199 3860 ac
2221 3807 2514 3875 deprecans
2544 3819 2668 3860 eum
2696 3804 2900 3860 videre.
2955 3805 3106 3859 Tunc
3145 3806 3236 3860 ille
3263 3820 3382 3860 cum
3415 3808 3727 3874 proceribus

2134 3899 2247 3952 suis
2278 3903 2343 3952 ad
2375 3913 2495 3952 eum
2520 3899 2666 3952 venit
2694 3898 2814 3967 :qui
2843 3898 2909 3951 ad
2945 3909 3190 3965 pontem,
3220 3915 3377 3968 quem
3409 3901 3657 3956 I’etrcum
3681 3910 3726 3943 ι·

2138 3989 2394 4056 vocitant,
2425 3989 2697 4058 conjuncti
2728 3999 2871 4056 sunt,
2895 3992 3293 4045 consalutantes
3315 4002 3474 4061 atque
3494 3992 3725 4049 invicem

2136 4074 2438 4137 osculantes
2466 4092 2548 4135 se.
2580 4081 3009 4135 Guntchramnus
3038 4097 3132 4136 rex
3161 4083 3238 4136 ait
3269 4100 3282 4136 :
3314 4083 3501 4138 Evenit
3530 4084 3727 4154 impul-

2137 4238 2225 4293 rii.
2256 4237 2621 4294 Guntramnus
2653 4236 3038 4307 Marca‘trudem
3078 4237 3434 4307 Magnarliarii
3475 4238 3627 4294 ducis
3664 4241 3727 4294 li-

2142 4310 2262 4364 liam
2292 4313 2549 4371 duxerat,
2575 4322 2676 4377 qua
2707 4308 2777 4361 ob
2800 4304 3185 4380 Gundebaduui
3212 4311 3533 4378 privignum,
3562 4326 3724 4380 quem

2139 4381 2504 4435 Guntramnus
2534 4393 2600 4431 ex
2637 4377 2938 4431 veneranda
2983 4379 3271 4443 habuerat,
3305 4377 3509 4433 veneno
3538 4377 3727 4435 subl..-

2143 4458 2252 4503 tum
2273 4450 2513 4518 dimissa,
2550 4448 2925 4515 Austrigildem
2954 4448 3070 4518 ejus
3100 4450 3348 4501 ancillam
3373 4452 3541 4504 duxit.
3567 4452 3724 4518 Quod

2141 4520 2335 4575 Guntio
2361 4528 2416 4572 et
2443 4517 2701 4572 Wiolicus
2735 4517 3089 4586 Magnurltarii
3140 4519 3231 4571 lilii
3266 4520 3406 4572 ferre
3439 4537 3540 4573 non
3581 4517 3727 4575 {ale-

2143 4591 2288 4655 bant,
2323 4590 2481 4657 idque
2521 4590 2731 4641 tandem
2765 4589 2909 4641 exitii
2940 4604 3097 4641 causa
3127 4590 3208 4642 eis
3257 4589 3371 4642 luit.
3402 4590 3728 4658 Magnacha-

527 4642 685 4721 5'°sic'
702 4663 864 4717 Corb.
889 4671 943 4715 et
965 4659 1205 4727 Bellen;
1236 4659 1390 4715 Colb.
1423 4660 1561 4714 idem
1593 4660 1752 4714 etiam
1778 4661 2025 4730 habebat;
2063 4642 2111 4701 D
2136 4642 2627 4730 riiim'ortémanno
2654 4658 2757 4730 566
2785 4659 3064 4729 consignant
3093 4659 3289 4713 Marius
3318 4642 3721 4719 Aveiiticensis.

452 4736 546 4793 sed
573 4744 754 4806 postea
784 4732 961 4787 addita
991 4740 1116 4784 sunt
1144 4730 1476 4806 pos_t__ntillt'a,
1511 4730 1626 4806 haec
1645 4733 1807 4806 verba
1832 4748 1894 4806 ea:
1915 4737 2027 4802 qui-

451 4803 653 4873 bus,'ut
679 4808 1033 4859 conﬁceretur
1056 4817 1147 4856 ses:
1177 4803 1359 4874 millia,
1383 4817 1446 4854 ea:
1475 4803 1656 4870 quibus
1673 4803 2029 4874 quadringenti

450 4889 497 4932 et
527 4878 803 4947 octoginta,
840 4884 976 4947 eun;
1010 4888 1165 4947 quam
1192 4872 1476 4947 lectionem
1521 4875 1643 4924 ltec.
1683 4884 1755 4947 et_
1775 4872 1909 4928 editi
1933 4879 2026 4929 ba-

452 4941 813 5029 benteiatles
839 4941 984 5029 {aut
1010 4942 1702 5029 ι’ξιυιεμξιέεπδωξτμεικφρ
1729 4944 1781 5029 7.-

527 5030 550 5056 ο
596 5013 949 5071 Witichindus
987 5014 1279 5066 monachus
1313 5013 1653 5066 Corbeiensis
1684 5015 1733 5065 in
1761 5015 2025 5081 Saxonia,

451 5090 540 5157 qui
571 5089 669 5142 sub
690 5083 923 5140 Otthone
955 5082 1024 5136 Μ.
1058 5084 1253 5157 ﬂoruit,
1279 5084 1527 5157 observat
1553 5083 1755 5136 Suavos
1774 5084 2026 5140 Transal-

456 5152 648 5212 lienses
674 5162 942 5220 regionem
967 5168 1126 5220 quam
1156 5152 1455 5205 incolebant
1476 5158 1831 5218 occupavisse
1861 5169 2027 5209 saxo-

452 5228 609 5281 nibus
632 5231 683 5279 in
704 5224 900 5277 Italam
925 5224 1301 5290 migrantibus;
1326 5224 1548 5291 ideoque
1564 5238 1659 5275 sua
1681 5225 1853 5276 adhuc
1871 5235 2029 5280 etate

451 5297 669 5352 eosdem
697 5296 813 5348 aliis
844 5309 999 5360 quam
1023 5294 1268 5346 Saxones
1297 5294 1497 5361 legibus
1524 5309 1647 5347 usos
1670 5308 1810 5358 esse,
1841 5310 2029 5364 quum-

423 5370 531 5423 vis
563 5374 612 5422 in
646 5363 873 5421 Saxonia
896 5365 1050 5416 sedes
1084 5365 1355 5416 haberent.

518 5436 547 5477 ι
589 5441 802 5503 “egre,
841 5435 1014 5494 duces,
1049 5433 1375 5501 comitesque.
1416 5432 1700 5487 Maciiavus
1752 5435 2027 5490 ordinatus

449 5510 617 5564 fuerat
648 5509 931 5574 episcopus
968 5503 1300 5565 \r'enetensis,
1332 5518 1490 5569 supra
1515 5505 1606 5555 lib.
1634 5519 1712 5567 iv,
1745 5521 1862 5571 cap.
1894 5503 1951 5568 4,
1972 5518 2027 5560 et

450 5584 567 5635 licet
597 5586 860 5646 apustata,
891 5588 1158 5643 nunquam
1191 5587 1367 5627 tamen
1406 5588 1594 5641 passus
1620 5583 1703 5628 est
1728 5589 1788 5629 se
1818 5590 2026 5631 vivente

448 5653 606 5704 alium
637 5646 893 5701 ordinari.
1152 5698 1157 5701 .

518 5730 542 5757 °
585 5720 743 5781 Editi,
775 5718 860 5783 qui
892 5714 1094 5767 tandem
1120 5714 1387 5766 miserante
1413 5710 1538 5768 Deo.

523 5788 545 5827 ί
590 5791 742 5849 Bell"
774 5785 1051 5839 Vauocus.

517 5869 545 5907 κ
582 5857 763 5923 Colb.,
793 5854 1063 5926 Magnenti.
1092 5851 1245 5907 Colb.
1275 5861 1328 5907 et
1356 5851 1559 5921 aliquot
1585 5854 1733 5921 editi,
1757 5854 2027 5925 Magia/ta-

2206 4728 2231 4800 ξ
2270 4730 2394 4794 Alii,
2420 4728 2803 4800 Austrtgildem.

2211 4798 2227 4837 ί
2271 4798 2679 4872 (ἐμιιοιιοῃιθι-ὸψ
2726 4799 2932 4872 scilicet
2979 4808 3032 4852 et
3075 4800 3441 4872 Clilotarium,
3489 4819 3721 4872 quorum

2132 4871 2402 4947 epitaphia
2429 4868 2870 4947 refert__Cliesniiis
2896 4881 3039 4923 tumo
3066 4871 3087 4947 I
3120 4871 3318 4947 Hismr.
3354 4868 3565 4938 Franc'.,
3594 4890 3718 4947 pag.

2133 4938 2256 4995 512.
2307 4941 2535 4994 Eosdem
2574 4938 2763 5010 Begios
2808 4954 2869 4991 ac
2912 4941 3134 5010 egregios
3179 4940 3519 4999 adolescentes
3562 4938 3727 5002 €er:

2133 5012 2330 5066 Marius
2358 5010 2426 5064 ad
2452 5025 2540 5062 an.
2570 5008 2693 5062 577.

2206 5083 2222 5132 ι
2269 5081 2445 5144 Colb.,
2477 5078 2717 5142 Martias.
2746 5084 2841 5133 sed
2873 5080 3148 5135 mendose.

2206 5150 2229 5189 ⁸
2272 5152 2346 5206 De
2377 5150 2459 5205 his
2501 5152 2737 5222 fontibus
2784 5149 2902 5202 vide
2929 5152 3193 5204 Cointtum
3242 5152 3309 5205 ad
3357 5167 3554 5207 annum
3584 5153 3716 5222 497,

2134 5238 2283 5276 num.
2314 5224 2365 5277 5.
2403 5222 2650 5275 Dubietas
2685 5220 2798 5274 lucc
2825 5234 2875 5274 0t
2890 5228 2940 5273 ta
2969 5235 3034 5275 ex
3065 5238 3129 5274 eo
3158 5224 3299 5290 quod
3326 5223 3509 5277 Franci
3539 5220 3721 5280 Victo?

2134 5296 2198 5346 rii
2243 5294 2555 5346 laterculum
2599 5290 2979 5358 sequebantur,
3010 5302 3066 5345 ut
3106 5296 3155 5345 in
3185 5295 3412 5347 concifio
3440 5296 3715 5351 Aurelian.

2132 5378 2205 5429 Iv,
2237 5378 2355 5416 can.
2388 5377 2426 5427 ι,
2475 5360 2716 5425 εωδιι,
2765 5369 3019 5413 statutum
3066 5360 3266 5427 ftielat;
3320 5363 3538 5428 Hispani
3588 5382 3721 5423 veto

2131 5433 2405 5502 antiquum
2434 5432 2741 5502 Latinorum
2772 5444 3056 5485 canonum.
3094 5434 3195 5486 Adi
3223 5435 3491 5488 Cointium
3516 5436 3584 5490 ad
3614 5452 3719 5490 an-

2132 5498 2404 5565 num'539,
2436 5518 2584 5555 num.
2606 5498 2703 5553 15.

2209 5571 2228 5611 ι
2262 5576 2517 5647 Castrum
2532 5582 2617 5647 est
2641 5571 2707 5625 ad
2738 5569 3069 5647 Viugenuam
3104 5574 3355 5647 positum.
3385 5576 3528 5642 quod
3558 5578 3722 5647 vulgo

2135 5643 2330 5699 Chinon
2370 5643 2687 5711 appellatur,
2720 5645 2861 5697 unde
2897 5655 3228 5698 recentiores
3256 5646 3561 5700 Clintonium
3589 5643 3719 5703 co}-

2134 5725 2286 5783 rupte
2315 5712 2678 5766 eli'orinaiuut.

2205 5794 2244 5857 ξιι
2284 5783 2599 5857 Cinnplnres
2624 5791 2751 5857 sunt
2796 5780 2951 5857 hujus
2975 5784 3226 5857 nominis
3266 5785 3370 5839 viri
3419 5787 3471 5840 in
3501 5786 3715 5857 Galliis,

2134 5855 2291 5926 vulgo
2317 5852 2665 5908 Picrt'e-Pont
2702 5854 2850 5921 dicti,
2896 5855 2985 5924 qui
3021 5865 3198 5911 autem
3244 5858 3327 5911 hic
3360 5852 3713 5925 memoratur;
