4016 6338
358 430 462 489 353

1288 428 1612 487 HISTORIA
1653 422 2098 483 FRANCORUM.
2142 422 2343 479 LIBER
2381 423 2700 491 QUINTUS.

3520 411 3624 479 ’κει

358 560 425 602 su
450 554 789 616 peccatorum
817 557 1084 611 meorum,
1119 554 1176 601 ut
1200 546 1402 616 absque
1431 544 1617 599 liberis
1646 552 1671 580 ι
1704 557 1945 598 remane-
1974 548 2021 605 Α
2050 554 2195 602 cere,
2226 540 2325 593 nisi
2356 549 2410 593 et
2438 555 2536 609 ego
2564 554 2656 593 vos
2682 538 2840 592 simili
2870 547 3017 595 sorte
3051 550 3470 594 remuiierareni.
3518 541 3628 595 llo-

361 654 477 692 rem
507 652 526 691 :
557 646 613 692 et
644 638 763 691 ideo
791 646 933 705 peto,
964 647 1019 691 ut
1046 638 1134 693 hic
1160 652 1327 705 nepos
1359 651 1508 691 meus
1536 635 1662 689 mihi
1687 632 1755 687 sit
1787 633 1945 687 illius.

365 728 433 783 Et
454 730 739 798 imponens
763 744 885 782 eum
913 743 1074 796 super
1097 729 1405 783 cathedram
1435 742 1608 791 suam,
1626 736 1876 781 cunctum
1896 725 1945 779 ei

365 836 583 889 regnum
620 819 855 880 tradidit,
894 819 1081 874 dicens
1113 837 1127 873 :
1161 819 1276 875 Una
1326 834 1423 873 nos
1462 832 1641 886 parma
1685 825 1948 885 protegat,

365 925 578 979 unaque
626 910 773 964 hasta
819 910 1094 965 defendat.
1143 910 1295 978 Quod
1336 913 1378 964 si
1427 910 1566 963 ﬁlios
1599 908 1853 973 habuero,
1903 915 1952 960 te

367 1004 715 1057 nihilominus
747 1014 998 1072 tanquam
1040 1019 1204 1057 unum
1244 1018 1307 1057 ex
1351 1001 1433 1054 his
1464 1001 1743 1069 reputabo,
1782 1011 1837 1053 ut
1870 1000 1954 1053 illa

365 1109 486 1147 cum
514 1096 617 1158 eis,
646 1102 925 1161 tecumque
968 1100 1274 1160 permaneat
1311 1091 1565 1157 charitas,
1594 1093 1755 1160 222
1796 1104 1954 1158 quam

371 1185 464 1237 tibi
512 1184 670 1237 hodie
718 1197 818 1251 ego
864 1182 1138 1250 polliceor,
1192 1192 1326 1236 teste
1366 1181 1491 1234 Deo.
1520 1178 1795 1239 ,Proceres
1828 1194 1957 1233 vero

369 1272 697 1328 Childeberti
744 1274 991 1326 similiter
1048 1287 1145 1340 pro
1191 1272 1380 1326 eodem
1426 1270 1644 1340 polliciti
1693 1279 1837 1323 sunt.
1894 1268 1959 1322 Et

372 1366 756 1418 nianducaiites
809 1363 969 1417 simul
1021 1371 1180 1431 atque
1234 1362 1515 1427 bibentes,
1571 1361 1851 1429 dignisque
1897 1373 1960 1413 se

374 1455 690 1508 muneribus
736 1454 1082 1516 honorantes,
1133 1451 1341 1521 paciﬁci
1381 1454 1763 1506 discesserunt.
1811 1450 1961 1502 Tunc

372 1546 439 1598 ad
468 1543 824 1611 Chilpericum
856 1558 1036 1612 regem
1071 1544 1388 1611 legationem
1434 1544 1721 1602 mittentes.
1756 1552 1814 1595 ut
1841 1541 1959 1595 red-

380 1638 530 1690 deret
557 1634 697 1703 quod
727 1634 793 1688 de
819 1648 1004 1688 eorum
1052 1650 1213 1701 regno
1245 1635 1509 1687 minuerat
1557 1650 1569 1684 :
1615 1632 1757 1700 quod
1787 1631 1831 1684 si
1860 1631 1963 1685 dif-

378 1727 564 1788 ferret,
595 1737 837 1790 i-ainpum
869 1730 1196 1791 praepararet
1223 1722 1290 1773 ad
1324 1720 1542 1773 bellum.
1573 1718 1725 1785 Quod
1754 1718 1846 1773 ille
1870 1718 1965 1771 de-

374 1814 630 1882 spiciens,
676 1811 817 1878 apud
847 1811 1159 1865 Suessionas
1187 1821 1348 1878 atque
1380 1808 1613 1863 Parisios
1635 1808 1809 1879 circos
1835 1805 1964 1860 tedi-

2050 630 2273 684 cedente
2308 644 2435 682 vero
2469 644 2595 696 rege
2634 627 2700 682 ad
2736 638 2987 683 metatum
3020 638 3044 666 ο
3071 645 3247 695 suum,
3282 646 3378 685 nos
3420 632 3627 686 collecti

2052 718 2104 772 in
2136 735 2298 774 unum
2336 720 2651 773 sedebamus
2693 718 2744 771 in
2784 721 3077 774 secretario
3104 720 3335 776 basilicae
3367 724 3504 778 beati
3534 726 3625 778 Ρω-

2053 812 2140 865 tri.
2188 810 2763 882 Confabulantibusque
2792 812 2971 878 nobis,
3005 814 3181 868 subito
3209 815 3426 869 advenit
3450 820 3631 873 Ai-tiiis

2053 901 2462 955 archidiaconus
2484 900 2762 956 Parisiaca:
2789 903 3058 969 Ecclesite,
3082 905 3428 975 salutatisque
3451 910 3629 971 nobis,

2052 992 2126 1044 ait
2156 1010 2168 1043 :
2198 992 2389 1047 Audite
2415 1008 2519 1057 ine,
2551 1008 2584 1047 ο
2620 992 2930 1047 sacerdotes
2958 994 3192 1059 Domini,
3238 997 3325 1065 qui
3370 998 3421 1051 in
3467 1015 3628 1053 unum

2055 1083 2264 1137 collecti
2329 1084 2479 1137 estis.
2545 1084 2650 1137 Aut
2713 1086 2855 1138 enim
2915 1086 3017 1141 hoc
3055 1099 3294 1155 tempore
3334 1092 3637 1147 exaltaliitis

2057 1188 2251 1227 nomen
2319 1186 2595 1236 vestrum,
2657 1184 2713 1227 et
2759 1176 2916 1230 bona:
2976 1176 3129 1231 fama:
3177 1181 3344 1246 gratia
3409 1182 3639 1253 refulge-

2060 1263 2220 1329 hitis;
2264 1275 2354 1319 aut
2381 1273 2529 1319 certe
2556 1264 2731 1319 nullus
2756 1280 2852 1319 vos
2881 1267 3073 1321 amodo
3103 1282 3197 1336 pro
3222 1268 3312 1323 Dei
3344 1270 3636 1324 sacerdoti-

2059 1354 2158 1408 bus
2223 1364 2309 1409 est
2359 1355 2669 1423 habiturus,
2724 1357 2770 1411 si
2825 1370 3077 1425 personas
3126 1370 3330 1414 vestras
3381 1364 3639 1430 sagaciter

2061 1460 2165 1498 non
2204 1446 2430 1517 erigitis,
2474 1458 2563 1501 aut
2608 1448 2824 1503 fratrem
2861 1451 3034 1519 perire
3067 1452 3390 1518 permittitis.
3427 1455 3550 1509 Haec
3574 1472 3639 1510 eo

2060 1532 2293 1599 dicente,
2332 1538 2507 1591 nullus
2537 1538 2874 1593 sacerdotum
2912 1540 2960 1593 ei
3002 1541 3288 1609 quidquam
3335 1545 3639 1611 respondit;

2063 1622 2322 1679 timebant
2352 1627 2493 1680 enim
2527 1629 2724 1698 regina:
2764 1630 3017 1696 furorem,
3061 1633 3216 1700 cujus
3248 1634 3496 1689 instinctu
3526 1637 3642 1689 hzec

2061 1714 2376 1783 agebantur.
2405 1717 2606 1783 Quibus
2631 1718 2870 1784 intentis,
2899 1729 2953 1774 et
2979 1735 3070 1774 ora
3097 1722 3263 1791 digito
3291 1727 3642 1791 comprimen-

2065 1804 2226 1872 tibus,
2274 1822 2373 1876 ego
2419 1808 2506 1862 aio
2535 1826 2548 1862 ξ
2574 1811 2774 1865 Attenti
2823 1823 3014 1877 esmte,
3056 1829 3259 1883 quaeso,
3300 1818 3641 1872 sermonibus

383 1898 549 1958 ficare
595 1902 869 1972 priecepit,
920 1915 1119 1971 eosque
1161 1899 1375 1970 populis
1415 1900 1778 1970 spectaculum
1825 1911 1962 1967 prae-
1990 1920 2038 1979 Β
2067 1896 2269 1962 meis,o
2294 1897 2612 1952 sanctissimi
2638 1901 2941 1957 sacerdotes
2966 1904 3075 1968 Dei,
3108 1914 3160 1957 et
3192 1908 3487 1971 praesertim
3523 1924 3636 1969 vos,

375 1995 509 2050 hens
541 1988 593 2047 δ.

450 2080 592 2142 XIX.
636 2086 730 2142 His
778 2086 851 2139 ita
897 2084 1094 2153 gestis,
1139 2083 1363 2137 audiens
1399 2072 1771 2152 Cbilpericus,
1818 2080 1960 2150 quod

376 2177 730 2233 Praetextatus
755 2175 1204 2246 Rothomagensis
1234 2175 1517 2244 episcopus
1546 2184 1732 2229 contra
1762 2173 1960 2227 utilita-

378 2276 484 2321 tem
510 2283 663 2321 suam
694 2268 902 2335 populis
930 2281 1150 2320 munera
1176 2265 1351 2330 daret,
1382 2280 1504 2320 eum
1530 2265 1599 2319 ad
1629 2280 1687 2319 se
1715 2264 1962 2319 arcessiri

380 2360 655 2427 praecepit.
721 2358 839 2425 Quo
894 2357 1138 2412 discusso
1169 2367 1216 2423 ε,
1248 2357 1446 2425 reperit
1484 2368 1606 2410 cum
1645 2356 1836 2411 eodem
1875 2370 1963 2411 res

383 2440 744 2504 Brunichildis
772 2450 970 2515 reginae
997 2449 1439 2503 commendatas:
1483 2447 1717 2518 ipsisque
1745 2449 1959 2516 ablatis,

386 2555 511 2593 cum
539 2541 590 2594 in
618 2541 810 2596 exsilio
834 2556 1003 2610 usque
1028 2545 1092 2593 ad
1110 2538 1495 2594 sacerdotalem
1524 2540 1849 2595 audientiam
1880 2555 1964 2594 re-

386 2631 545 2687 tineri
578 2632 852 2700 praecepit.
880 2630 1178 2700 Conjuncto
1207 2640 1384 2685 autem
1406 2630 1667 2695 Concilio,
1699 2629 1965 2685 exhibitus

380 2732 487 2779 est.
543 2724 710 2779 Erant
759 2733 934 2776 autem
984 2723 1220 2791 episcopi
1260 2719 1287 2758 ἀ
1319 2723 1408 2790 qui
1456 2723 1781 2776 advenerant
1826 2722 1963 2791 apud

380 2812 643 2877 Parisios,
693 2812 747 2865 in
795 2810 1010 2865 basilica
1050 2811 1221 2865 sancti
1259 2810 1398 2865 Petri
1445 2808 1699 2878 apostoli.
1746 2811 1838 2864 Cui
1872 2824 1968 2864 rex

379 2904 455 2958 Iit
488 2922 501 2955 :
533 2902 671 2969 Quid
703 2900 800 2957 tibi
845 2903 1013 2957 visum
1047 2911 1149 2966 est,
1198 2916 1232 2955 ο
1279 2902 1550 2970 episcope,
1591 2912 1649 2954 ut
1696 2899 1966 2954 inimicum

380 3009 561 3049 meum
596 2994 992 3058 Merovechum,
1035 2993 1127 3062 qui
1175 2991 1314 3045 filius
1357 3006 1477 3046 esse
1526 2991 1802 3057 debuerat,
1847 3006 1969 3045 cum

381 3088 544 3141 amita
580 3102 705 3153 sua,
740 3086 793 3142 id
820 3097 903 3142 est
928 3085 1098 3155 patrui
1122 3086 1203 3139 sui
1236 3100 1432 3150 uxore,
1459 3084 1620 3154 conju
1648 3081 1857 3155 geres?
1889 3088 1967 3138 Au

383 3170 602 3246 ignarus
644 3194 784 3243 eras,
832 3194 951 3247 quae
994 3192 1091 3246 pro
1131 3176 1230 3231 hac
1272 3192 1433 3230 causa
1464 3178 1736 3231 Caiioiium
1774 3185 1970 3233 statuta

2062 2000 2153 2057 qui
2201 1987 2575 2045 familiariores
2619 2006 2741 2047 esse
2787 1994 2897 2062 regi
2949 1994 3251 2049 videmini:
3303 1997 3554 2055 adhibete
3591 2002 3640 2055 ci

2061 2076 2343 2130 consilium
2365 2087 2606 2133 sanctum
2636 2091 2795 2150 atque
2820 2097 2877 2136 sa
2904 2085 3172 2154 verdotale,
3200 2102 3266 2141 ne
3291 2090 3643 2145 exardescens

2064 2166 2115 2220 in
2166 2170 2465 2224 ministrum
2498 2171 2615 2239 Dei,
2650 2185 2833 2241 pereat
2877 2175 2946 2231 ab
2994 2174 3070 2230 ira
3119 2178 3265 2247 ejus,
3319 2188 3374 2234 et
3419 2193 3640 2250 regnum

2064 2259 2271 2327 perdat,
2302 2270 2355 2314 et
2381 2261 2627 2330 gloriam.
2661 2263 2786 2319 Haec
2812 2279 2898 2319 me
2920 2266 3146 2329 dicente,
3166 2255 3405 2325 silebant
3433 2286 3641 2329 omnes.

2063 2350 2173 2408 Illis
2188 2368 2314 2407 vero
2327 2354 2606 2409 silentibus
2621 2356 2791 2426 adjeci
2817 2373 2832 2411 :
2863 2357 3202 2424 MementOte,
3218 2361 3418 2417 domini
3438 2366 3541 2419 mei
3556 2380 3643 2419 sa-

2064 2444 2329 2511 cerdotes,
2361 2447 2507 2502 verbi
2540 2447 2831 2516 pr0phetici
2859 2450 2999 2519 quod
3030 2450 3105 2506 ait
3136 2468 3150 2505 :
3176 2453 3239 2507 Si
3264 2450 3442 2509 viderit
3468 2473 3643 2525 specu-

2066 2536 2201 2590 lator
2227 2538 2543 2607 iniquitatem
2571 2539 2810 2606 Iiominir,
2834 2551 2881 2594 et
2912 2556 3013 2596 non
3044 2543 3249 2608 dixerit,
3273 2561 3388 2600 reus
3417 2548 3509 2601 erit
3534 2550 3646 2601 ani-

2067 2638 2161 2678 mm
2187 2629 2442 2696 pereuntis
2478 2628 2690 2700 (Ezech.
2716 2646 2903 2696 xxxiii,
2936 2631 3014 2699 6).
3067 2633 3205 2703 Ergo
3250 2637 3419 2691 nolite
3465 2637 3645 2704 silere,

2067 2717 2161 2769 sed
2209 2716 2517 2787 praedicate,
2561 2729 2616 2774 et
2659 2721 2839 2788 ponite
2882 2720 3227 2779 ante'oculos
3269 2728 3409 2798 regis
3438 2738 3648 2796 peccata

2067 2806 2205 2874 ejus,
2240 2822 2307 2863 ne
2337 2807 2475 2863 forte
2503 2809 2552 2864 ei
2577 2810 2778 2879 aliquid
2802 2812 2928 2867 mali
2957 2813 3248 2882 contingat,
3276 2828 3327 2871 et
3356 2832 3449 2872 vos
3477 2818 3554 2872 rei
3580 2820 3641 2872 εἰ·

2077 2899 2144 2952 tis
2176 2915 2271 2968 pro
2301 2901 2475 2955 anima
2504 2901 2641 2970 ejus.
2688 2903 2768 2957 An
2816 2905 3076 2975 ignoratis
3113 2907 3238 2976 quid
3282 2924 3419 2963 novo
3443 2922 3649 2978 gestuin

2074 2989 2234 3045 fuerit
2264 2992 2540 3061 tempore?
2568 2994 2838 3062 quomodo
2864 2999 3256 3065 apprehensum
3283 3000 3651 3068 Sigimunduin

2071 3080 2444 3138 Chlodomeris
2486 3087 2703 3141 retrusit
2751 3087 2805 3140 in
2833 3090 3145 3142 carcerem?
3173 3089 3410 3161 dixitque
3451 3093 3499 3148 ei
3531 3095 3651 3147 Avis

2075 3182 2161 3226 tus
2195 3170 2214 3210 ί
2246 3172 2337 3227 Dei
2363 3173 2613 3228 sacerdos
2645 3192 2658 3227 :
2693 3173 2770 3229 Ne
2819 3176 3024 3244 injicias
3073 3193 3291 3233 manum
3327 3182 3379 3234 in
3416 3197 3560 3245 eum,
3600 3194 3653 3238 et

384 3268 723 3323 sanxissent?
750 3268 923 3322 Etiam
950 3283 1053 3322 non
1080 3268 1166 3322 hic
1188 3270 1360 3322 solum
1388 3271 1682 3325 excessisse
1706 3269 1966 3338 probaris,
2000 3288 2045 3350 ρ
2076 3281 2196 3321 cum
2222 3264 2579 3334 Burgundiam
2613 3267 2854 3335 petieris,
2880 3268 3041 3339 224
3070 3272 3345 3324 victoriam
3367 3270 3653 3330 obtinebis.

384 3360 483 3415 Sed
530 3361 691 3415 etiam
732 3376 852 3413 eum
897 3356 990 3413 illo
1029 3360 1202 3430 egisti,
1233 3361 1374 3413 datis
1417 3361 1746 3426 muneribus,
1785 3373 1843 3417 ut
1870 3376 1969 3432 ego

385 3446 751 3507 interficeret.
796 3442 1015 3506 Hostem
1066 3460 1243 3505 autem
1276 3450 1438 3505 filium
1470 3454 1607 3520 patri
1656 3452 1849 3519 fecisti,
1881 3467 1972 3507 se-

388 3543 592 3597 duxisti
622 3543 845 3612 pecunia
878 3535 1111 3611 plebem,
1159 3550 1215 3596 ut
1244 3543 1420 3597 nullus
1447 3558 1654 3597 mecum
1686 3544 1844 3599 fidem
1875 3546 1972 3599 ha-

386 3638 554 3693 bitam
586 3637 910 3703 cu~tudiret;
944 3638 1264 3707 voluistique
1302 3653 1523 3706 regnum
1561 3651 1739 3692 meum
1774 3637 1828 3691 in
1857 3653 1975 3692 ma“-

389 3742 519 3782 num
566 3730 785 3784 aiterius
840 3729 1071 3784 tradere.
1128 3729 1255 3784 ΗΜ)
1303 3743 1370 3784 eo
1420 3728 1655 3795 dicente,
1703 3728 1978 3784 infremuit

391 3820 679 3874 multitudo
712 3820 1060 3885 Francorum,
1090 3820 1365 3889 voluitque
1394 3821 1529 3873 ostia
1555 3820 1791 3874 basilicae
1832 3835 1978 3875 rum-

390 3924 541 3982 pere,
564 3910 717 3981 quasi
746 3919 802 3963 ut
829 3918 1132 3968 extractum
1163 3910 1495 3965 sacerdotem
1527 3910 1794 3978 lapidibus
1824 3926 1982 3979 urge-

390 4006 475 4056 ret
518 4002 660 4054 :sed
705 4015 796 4053 rex
843 3999 1113 4068 prohibuit
1155 3999 1288 4055 fieri.
1344 3997 1579 4069 Cumque
1629 3999 1983 4054 Prmtextatus

391 4091 680 4159 episco;ius
746 4105 809 4145 ea
873 4107 993 4160 qua:
1057 4106 1153 4145 rex
1221 4091 1457 4155 dixerat,
1523 4089 1662 4144 facta
1731 4102 1980 4161 negaret,

390 4180 554 4256 223
586 4186 921 4240 advenerunt
959 4182 1080 4238 falsi
1128 4193 1315 4249 testes,
1347 4184 1436 4253 qui
1474 4185 1828 4239 05tendebant
1863 4199 1985 4255 spe-

392 4279 505 4330 cies
550 4276 778 4346 aliquas,
811 4277 1051 4331 dicentes
1084 4294 1096 4329 ε
1132 4276 1257 4330 llaec
1285 4288 1338 4331 et
1366 4278 1480 4330 hinc
1508 4276 1663 4331 nobis
1691 4276 1906 4343 dedisti,
1933 4286 1988 4331 ut

394 4364 717 4421 hlerovecbo
746 4362 905 4420 fidem
939 4368 1253 4435 promittere
1280 4367 1618 4422 deberemus.
1650 4368 1729 4422 Ad
1760 4368 1872 4422 hazc
1904 4369 1990 4423 ille

394 4457 613 4512 dicebat
652 4474 667 4510 :
712 4457 906 4511 Verum
936 4458 1082 4511 enim
1119 4456 1315 4519 dicitis,
1350 4472 1445 4511 vos
1475 4473 1503 4510 a
1536 4474 1621 4512 me
1648 4459 1846 4526 stepius
1876 4474 1993 4513 mu-

396 4556 638 4609 neratos,
676 4547 770 4601 sed
817 4562 922 4601 non
957 4546 1070 4601 haec
1110 4562 1271 4601 causa
1302 4549 1528 4609 exstitit,
1560 4558 1617 4601 ut
1644 4562 1736 4603 rex
1769 4548 1994 4619 ejicere-

2074 3357 2166 3411 llle
2198 3372 2323 3410 vero
2352 3357 2592 3412 abnuens
2621 3372 2741 3427 qua:
2770 3358 2819 3413 ei
2864 3374 2894 3413 a
2934 3362 3213 3416 sacerdote
3252 3362 3391 3416 dicta
3423 3362 3653 3429 fuerant,

2071 3449 2220 3513 abiit,
2252 3451 2529 3519 ipsumque
2556 3466 2673 3504 cum
2712 3464 2879 3505 uxore
2905 3460 2961 3506 et
2988 3451 3109 3505 filiis
3151 3454 3449 3519 intereintt;
3482 3455 3657 3524 petiit-

2073 3558 2175 3612 que
2190 3542 2565 3613 Burgundiam,
2587 3543 2764 3614 ibique
2794 3560 3083 3615 oppressus
3106 3548 3173 3601 ab
3194 3550 3457 3615 exercitu,
3491 3551 3654 3605 inter-

2073 3647 2285 3702 emptus
2338 3644 2441 3689 est.
2470 3634 2605 3702 Quid
2631 3635 2891 3690 Maximus
2934 3638 3258 3707 imperator?
3309 3639 3494 3696 Nonne
3529 3656 3649 3696 cum

2076 3725 2285 3780 beatum
2309 3725 2588 3781 Martinum
2611 3736 2639 3775 ε
2660 3729 3003 3799 compulisset
3027 3732 3422 3786 communicare
3444 3732 3653 3787 cuidam

2078 3818 2359 3874 homicidae
2405 3820 2690 3891 episcOpo,
2739 3832 2793 3877 et
2842 3824 2963 3888 ille,
3011 3837 3118 3893 quo
3165 3825 3375 3880 facilius
3416 3826 3658 3882 addictos

2080 3913 2238 3965 morti
2272 3911 2545 3979 liberaret,
2570 3916 2679 3981 regi
2710 3914 2872 3982 impio
2901 3916 3284 3979 consensisset,
3308 3928 3664 3985 prosequente

2082 4003 2241 4072 Regis
2271 4004 2459 4058 aeterni
2487 4005 2709 4073 judicio,
2744 4006 2812 4058 ab
2844 4005 3069 4071 imperio
3096 4006 3351 4073 depulsus
3380 4007 3663 4071 Maximus,

2084 4101 2256 4147 morte
2305 4093 2529 4160 pessima
2579 4094 2967 4148 condemnatus
2998 4095 3113 4147 est?
3163 4095 3285 4148 Haec
3316 4102 3401 4150 me
3432 4096 3667 4159 dicente,

2088 4199 2192 4239 non
2226 4183 2492 4253 respondit
2530 4185 2665 4238 ullus
2693 4186 3000 4255 quidquam,
3032 4185 3125 4239 Sed
3168 4195 3320 4239 erant
3367 4184 3638 4239 amnesin

2090 4276 2219 4330 teuti
2261 4285 2316 4328 et
2355 4283 2652 4343 stupentes.
2704 4276 2816 4328 Duo
2859 4286 3037 4330 tamen
3085 4275 3390 4329 adulatores
3413 4290 3480 4328 ex
3515 4275 3669 4342 ipsis,

2090 4368 2231 4437 quod
2272 4368 2337 4422 de
2382 4368 2646 4435 episcoiiis
2685 4367 2786 4423 dici
2831 4367 3115 4423 dolendum
3158 4375 3260 4432 est,
3296 4368 3673 4422 nuntiaverunt

2095 4461 2205 4530 regi
2233 4460 2493 4525 dicentes,
2521 4464 2642 4529 quia
2669 4462 2871 4516 nullum
2892 4462 3150 4530 majorem
3182 4461 3453 4517 inimicum
3486 4461 3538 4515 in
3560 4460 3671 4514 suis

2096 4554 2274 4605 causis
2301 4568 2460 4621 quam
2490 4567 2575 4607 me
2606 4552 2847 4608 haberet.
2882 4553 3031 4608 Illico
3060 4567 3194 4607 unus
3213 4567 3279 4607 ex
3303 4552 3491 4607 aulicis
3517 4566 3677 4607 cursu

397 4646 486 4692 tur
515 4653 545 4690 a
572 4643 755 4706 regno.
786 4634 918 4690 Nam
947 4645 1001 4690 et
1029 4648 1151 4690 cum
1185 4644 1280 4689 vos
1309 4637 1439 4689 mihi
1466 4646 1519 4692 et
1548 4651 1715 4706 equos
1739 4638 1989 4705 optimos,
2024 4649 2072 4708 υ
2101 4642 2285 4710 rapido
2336 4643 2400 4695 ad
2448 4658 2533 4696 me
2577 4642 3069 4709 reprtesentandum
3116 4641 3379 4711 dirigitur.
3439 4641 3679 4711 Cumque

399 4742 456 4786 et
494 4745 584 4784 res
613 4730 746 4783 alias
777 4728 1121 4798 praeberetis,
1159 4728 1397 4797 nunquid
1440 4740 1680 4798 poteram
1727 4730 1869 4783 aliud
1916 4729 1995 4783 fa-

401 4885 599 4941 dicitur
633 4880 996 4941 Pont-Pierre.
1030 4881 1163 4935 situs
1203 4880 1255 4933 in
1294 4880 1422 4932 silva
1456 4878 1662 4946 Vosago
1692 4879 1756 4932 ad
1790 4879 1989 4934 Mosiim

400 4956 646 5016 ﬂuvium,
679 4954 819 5009 inter
839 4953 1033 5006 Metam
1065 4963 1121 5006 et
1150 4950 1688 5016 Novum—castellum,
1716 4953 1803 5004 vix
1835 4951 1993 5005 hodie

405 5036 587 5081 ιιοιιιδ.

483 5105 509 5133 ι
550 5093 791 5149 Habebat
822 5092 955 5145 tilias
984 5090 1120 5145 duas
1151 5091 1536 5153 Guntramnus,
1567 5087 1994 5159 Chlodobergem

409 5181 603 5233 nempe
653 5175 707 5218 et
735 5162 1093 5225 Chlotildeni;
1143 5161 1235 5216 sed
1272 5160 1336 5233 id
1394 5170 1489 5227 pro
1532 5158 1697 5233 nihilo
1745 5158 1993 5233 ducebat,

406 5231 553 5306 quod
581 5249 749 5304 regno
778 5233 1108 5306 capessendo
1138 5231 1397 5306 inhabiles
1439 5240 1621 5306 essent
1652 5231 1795 5306 juxta
1827 5232 1993 5306 legem

407 5299 667 5369 Salicam;
690 5319 809 5372 qua:
838 5299 1050 5369 semper
1093 5302 1144 5354 in
1176 5301 1423 5355 omnibus
1465 5301 1613 5372 regni
1644 5299 1997 5372 divisionibus

411 5382 589 5431 locum
621 5370 901 5434 habuerat,
932 5385 983 5425 et
1015 5373 1207 5426 exinde
1255 5372 1453 5423 hiliuil.
1508 5370 1784 5439 Nunquam
1828 5371 1995 5429 enim,

409 5464 476 5503 ex
510 5464 616 5515 quo
648 5444 978 5515 Francorum
1035 5443 1317 5515 imperium
1348 5442 1611 5515 subsistit,
1656 5442 1905 5515 mulieres
1933 5441 2000 5494 ad

410 5509 810 5573 succedendum
846 5514 896 5565 iu
929 5527 1071 5580 regis
1100 5514 1355 5579 dignitate
1385 5511 1630 5563 admissa:
1659 5509 1892 5563 fuerunt.

485 5588 511 5626 δ
544 5586 754 5655 Begu»,
784 5598 965 5650 easque
994 5579 1292 5650 spectandos
1323 5579 1524 5655 populis
1576 5580 1812 5655 prwbuit.
1835 5579 2003 5655 _Bad.,

409 5661 466 5713 in
513 5658 587 5710 eis
626 5650 819 5725 populo
860 5656 1204 5725 spectaculum
1227 5651 1559 5725 praebiturus.
1603 5652 1767 5725 Porro
1797 5650 1881 5704 hic
1910 5652 2003 5725 de-

414 5731 536 5782 trita
578 5720 663 5781 est
696 5720 956 5792 scriptura
997 5723 1115 5774 cod.
1148 5723 1371 5783 Bellov.,
1401 5735 1568 5788 usque
1597 5720 1660 5774 ad
1691 5722 1806 5774 hcc
1836 5722 1997 5775 verba

409 5796 690 5869 sequentis
721 5794 931 5869 capitis,
964 5802 1009 5845 et
1042 5808 1133 5844 ora
1156 5792 1470 5869 digito,_etc.

490 5864 511 5907 ἒ
542 5866 729 5931 Corb.,
765 5865 914 5930 Bec.,
948 5871 1078 5926 ctc.,
1107 5877 1251 5933 quem
1296 5864 1599 5929 discussum,
1632 5874 1849 5915 casuum
1882 5877 1998 5917 mu-

2100 4731 2383 4797 venissein,
2430 4732 2606 4786 stabat
2652 4747 2743 4786 rex
2784 4732 2941 4801 juxta.
2979 4730 3380 4786 tabernaculum
3419 4743 3484 4785 ex
3515 4731 3678 4785 ramis

2103 4883 2321 4946 latione,
2352 4897 2509 4950 quam
2542 4880 2643 4937 sibi
2681 4881 2994 4939 familiarem
3033 4879 3198 4935 fuisse
3228 4879 3424 4936 fatetur
3450 4893 3557 4935 non
3582 4894 3657 4936 se-

2099 4954 2203 5006 mel
2230 4951 2544 5020 Gregorius.

2167 5020 2195 5058 ἀ
2230 5018 2395 5075 Erant
2426 5035 2649 5075 numero
2678 5019 2767 5083 45,
2798 5036 2864 5075 ex
2894 5019 3030 5074 libro
3061 5034 3131 5074 vu
3162 5018 3318 5083 infra,
3348 5034 3468 5086 cap.
3498 5020 3584 5074 i6.

2173 5101 2197 5128 ο
2232 5092 2449 5145 Veteres
2478 5100 2733 5146 metatum
2764 5106 2862 5159 pro
2891 5091 3008 5144 solo
3036 5093 3304 5157 hospitum
3339 5091 3420 5145 vel
3451 5090 3679 5144 militum

2102 5160 2331 5229 hospitio
2380 5161 2748 5231 adhibebant:
2781 5160 3046 5230 seQuioris
3092 5162 3194 5217 aevi
3243 5160 3538 5231 scriptores
3588 5176 3682 5230 pro

2103 5232 2342 5301 quolibet
2363 5230 2656 5284 domicilio.

2177 5301 2193 5339 ί
2238 5301 2450 5369 Regm.,
2498 5310 2554 5353 ut
2599 5314 2815 5368 semper
2866 5300 3021 5364 alias,
3050 5300 3477 5370 Adiutur.,Vide
3524 5313 3684 5370 supra

2103 5372 2194 5425 lib.
2230 5366 2471 5437 tufcap.
2506 5371 2558 5426 6.
2594 5366 2761 5425 Porro
2792 5372 2879 5427 hic
2905 5366 3185 5427 sacerdotis
3216 5373 3431 5425 nomine
3470 5366 3685 5434 episco—

2114 5458 2235 5508 pum
2280 5457 2384 5518 non
2432 5439 2680 5518 intelligit
2720 5443 3029 5518 Gregorius,
3078 5453 3136 5518 ut
3163 5456 3324 5518 sape
3352 5439 3502 5517 alias.
3555 5437 3685 5518 Sam

2111 5524 2331 5565 sanctus
2358 5513 2542 5565 Avitus
2581 5525 2695 5566 erat
2727 5510 3063 5567 solummodo
3092 5514 3256 5565 abbas
3285 5510 3634 5560 Midaeensis.

2184 5588 2209 5626 κ
2234 5582 2427 5646 Corb.,
2458 5584 2588 5636 Bell.
2623 5597 2673 5636 et
2710 5582 2862 5637 Colli.
2910 5583 3104 5635 habent
3134 5580 3462 5635 Germanum.
3497 5575 3691 5647 Vulga-

2114 5662 2220 5706 tam
2267 5661 2443 5706 tamen
2491 5665 2807 5707 caeterorum
2839 5653 3120 5706 lectionem
3155 5648 3500 5709 retinuiinus;
3548 5650 3690 5716 quod

2109 5722 2210 5774 hoc
2240 5723 2408 5789 ipsum
2434 5722 2870 5776 sancto-Martino
2892 5721 3181 5785 contigisse
3206 5719 3398 5771 ri-ferat
3423 5718 3691 5781 Sulpicius

2109 5792 2340 5846 Severus
2389 5792 2439 5844 iii
2476 5792 2694 5858 Dialogo
2722 5792 2775 5852 3,
2831 5791 2915 5843 ubi
2962 5799 3176 5844 sant-tus
3211 5790 3462 5845 Martinus
3498 5789 3687 5844 Filicis

2109 5862 2430 5918 ordinationi
2462 5860 2769 5916 interfuisse
2801 5869 3066 5914 narratur.
