4016 6338
384 492 491 558 335

1381 491 1438 543 S.
1480 489 1805 545 GREGORU
1847 485 2149 544 EPISCOPI
2188 486 2618 542 TUllUNENSIS

3542 475 3644 538 356

386 616 598 675 factum,
620 620 674 665 et
698 608 762 662 ad
784 608 1054 662 dexteram
1078 604 1191 673 ejus
1216 604 1626 657 Bertcltramnus
1647 614 1950 667 episcopus,
1984 603 2032 658 Α
2062 605 2200 650 tatus
2230 612 2315 651 me
2346 598 2689 665 impugnante
2727 596 3138 663 opprimeretur.
3190 592 3442 647 Dicebant
3468 592 3638 648 enim:

386 707 450 759 ad
500 705 682 756 larvam
725 715 853 754 vero
882 696 1253 765 Bagnemodns
1282 702 1308 730 ι
1337 694 1510 747 stabat
1541 710 1552 743 :
1586 705 1639 745 et
1681 701 1791 744 erat
1835 700 1959 743 ante

383 811 478 850 eos
501 808 772 848 scamnum
807 790 831 828 ι»
863 802 995 858 pane
1042 789 1271 854 desuper
1319 783 1529 852 plenttnt
1574 798 1694 835 cum
1736 781 1962 834 diversis

386 884 619 939 ferculis.
653 881 882 948 Visoque
918 895 1001 932 me
1037 891 1127 931 rex
1170 876 1287 928 ait:
1325 874 1369 927 Ο
1406 875 1674 941 episcOpe,
1703 870 1959 939 justitiam

387 972 597 1027 cunctis
629 970 805 1038 largiri
834 968 1017 1025 debes,
1059 976 1111 1019 et
1132 978 1258 1018 ecce
1287 978 1386 1031 ego
1412 961 1667 1030 justitiam
1715 975 1743 1013 a
1776 971 1828 1014 te
1858 975 1962 1012 non

384 1064 622 1132 accipio;
673 1061 789 1125 sed,
840 1070 896 1113 ut
938 1059 1114 1122 video,
1149 1056 1416 1109 cunsentis
1458 1054 1752 1122 iniquitati,
1785 1065 1838 1105 et
1866 1053 1964 1104 im-

386 1157 561 1226 pletur
606 1155 655 1208 in
691 1163 742 1207 te
783 1149 1125 1219 proverbium
1175 1147 1329 1211 illttd,
1362 1144 1502 1214 quod
1531 1160 1724 1198 corvus
1754 1144 1962 1197 oculum

386 1246 533 1300 Iurvi
579 1260 684 1297 non
727 1244 886 1295 eruit.
940 1240 1017 1292 Ad
1070 1241 1185 1291 haec
1218 1252 1316 1306 ego
1348 1254 1363 1290 :
1409 1234 1463 1291 Si
1495 1237 1613 1304 quis
1634 1235 1703 1288 de
1732 1235 1905 1298 nobis,
1933 1249 1966 1285 ο

392 1353 505 1401 rex,
554 1336 774 1404 jusritim
826 1333 1091 1386 tramitem
1138 1330 1517 1384 transcendere
1559 1328 1807 1391 voluerit,
1856 1343 1884 1380 a
1917 1338 1968 1381 te

389 1428 582 1496 corrigi
613 1435 783 1488 potest
815 1420 837 1477 :'
859 1423 904 1475 si
936 1436 1061 1476 vero
1090 1432 1144 1475 tu
1189 1421 1506 1485 excesseris,
1538 1419 1660 1486 quis
1705 1428 1758 1473 te
1802 1417 1969 1471 corri-

389 1518 527 1584 piet?
568 1515 859 1583 Loqnirnor
897 1511 1036 1567 enim
1080 1511 1195 1575 tibi,
1236 1510 1329 1564 sed
1367 1510 1410 1563 si
1444 1508 1681 1563 volueris
1711 1510 1892 1574 audis;
1923 1508 1967 1561 si

324 1650 325 1653 η
390 1616 562 1659 autent
609 1604 866 1665 nolueris,
898 1603 1016 1670 quis
1062 1610 1113 1655 te
1149 1598 1557 1664 condemnabit,
1588 1599 1688 1653 nisi
1720 1597 1765 1653 is
1791 1599 1879 1667 qui
1910 1612 1970 1652 se

392 1694 750 1762 pronuntiarit
777 1708 897 1746 esse
923 1690 1227 1746 Justitiam?
1268 1690 1349 1745 Ad
1383 1691 1495 1744 bare
1533 1690 1644 1752 ille,
1676 1699 1733 1743 ut
1758 1696 1874 1743 erat
1901 1690 1969 1743 ab

392 1785 750 1839 adulatoribus
793 1792 974 1835 contra
1018 1796 1103 1835 me
1149 1795 1436 1846 accensus,
1468 1781 1541 1833 ait
1574 1797 1586 1832 :
1622 1779 1754 1833 Cum
1793 1779 1969 1833 outli-

391 1874 487 1928 bus
529 1873 671 1926 enim
718 1871 892 1925 inveni
938 1869 1222 1938 justitiam,
1260 1878 1317 1924 et
1361 1880 1532 1924 tecum
1574 1872 1814 1926 invenire
1861 1886 1964 1924 non

2063 688 2179 742 .lzrm
2220 690 2455 741 omnium
2488 691 2860 756 episcOpormn
2898 687 3304 752 promissionem
3355 685 3639 740 habemus:

2065 788 2267 832 tantum
2315 786 2370 831 tu
2416 778 2675 832 adversus
2723 793 2827 830 non
2878 776 3113 829 incedas.
3164 773 3369 841 Quibus
3412 788 3512 845 ego
3561 791 3645 829 re-

2064 870 2255 939 spondi
2283 869 2384 924 :Si
2415 870 2543 923 ntilti
2575 870 2718 923 mille
2746 869 2907 922 libras
2931 868 3043 922 auri
3076 870 3388 939 argentique
3411 868 3640 936 dorretis,

2066 962 2304 1031 nunquid
2346 962 2491 1015 aliud
2543 961 2719 1017 facere
2765 977 3014 1031 possum,
3061 962 3165 1015 nisi
3207 962 3349 1030 quod
3389 961 3643 1015 Dominus

2065 1068 2224 1122 agere
2272 1053 2542 1121 przecipit?
2593 1052 2764 1106 Unum
2815 1060 3018 1105 tantum
3074 1050 3351 1118 polliceor,
3400 1052 3538 1119 quod
3580 1066 3643 1105 ea

2066 1161 2183 1215 qua:
2202 1145 2378 1199 cwteri
2409 1145 2698 1198 secundum
2723 1144 2994 1197 (Ianonum
3024 1154 3217 1197 statuta
3249 1146 3642 1211 consenserint,

2068 1252 2279 1305 sequar.
2310 1236 2377 1290 At
2405 1236 2477 1290 illi
2510 1252 2613 1289 non
2645 1238 2806 1307 226
2833 1235 3193 1305 intelligentes
3233 1251 3351 1304 qua:
3381 1235 3643 1301 dicebam,

2069 1326 2264 1395 gratias
2309 1334 2528 1394 agentes
2557 1325 2941 1379 discesserunt.
2975 1327 3124 1379 Mane
3149 1337 3324 1379 autem
3357 1326 3515 1388 l‘aeto,
3544 1325 3644 1377 ali-

2069 1420 2158 1489 qui
2188 1420 2253 1474 de
2281 1418 2549 1487 episcOpis
2584 1418 2649 1472 ad
2690 1432 2775 1472 me
2804 1428 3091 1484 venerunt,
3137 1418 3309 1472 simile
3339 1418 3645 1472 mandatum

2071 1510 2300 1563 terentes
2328 1523 2342 1559 :
2376 1507 2568 1577 quibus
2601 1522 2698 1577 ego
2726 1508 2918 1562 similia
2950 1509 3222 1576 restiondi.

2138 1599 2595 1653 Convenientibus
2629 1609 2806 1652 autem
2837 1599 2988 1653 nobis
3016 1600 3065 1652 in
3099 1600 3311 1653 basilica
3342 1600 3508 1653 sancti
3542 1600 3645 1653 Pe-

2071 1692 2157 1753 tri,
2191 1703 2346 1742 mane
2389 1705 2480 1742 rex
2530 1687 2719 1754 adfuit,
2768 1690 3048 1758 dixitque:
3080 1690 3373 1757 Episcoiius
3411 1692 3549 1743 enim
3594 1691 3647 1743 irt

2071 1780 2227 1832 Inrtis
2250 1778 2637 1846 deprehensus,
2677 1778 2745 1831 ab
2778 1778 3065 1847 episcopali
3102 1780 3279 1833 oflicio
3307 1788 3363 1832 ιιι
3391 1779 3648 1831 avel‘atur

2068 1867 2345 1922 Canonttm
2387 1870 2680 1922 auctoritas
2719 1869 2915 1922 sanxit.
2965 1868 3124 1922 Nobis
3172 1884 3383 1937 quoque
3429 1884 3648 1936 respon-

390 1979 623 2031 possum.
656 1962 759 2015 Sed
788 1962 901 2015 seio
935 1960 1059 2029 quid
1090 1958 1303 2025 faciam,
1333 1969 1393 2014 ut
1428 1963 1631 2017 noteris
1657 1963 1710 2016 irt
1737 1961 1964 2032 populis,
2000 1957 2046 2017 Β
2072 1958 2320 2013 dentibus
2353 1976 2366 2013 :
2394 1959 2525 2025 Quis
2567 1958 2655 2012 ille
2690 1959 2938 2012 sacerdos
2976 1968 3137 2024 esset,
3172 1959 3255 2012 cui
3288 1958 3408 2013 furti
3443 1958 3647 2013 crimen

389 2064 441 2109 et
468 2055 717 2124 injusttnn
748 2064 799 2107 te
828 2066 949 2107 esse
975 2053 1222 2106 omnibus
1253 2061 1603 2120 perpalescat.
1648 2052 1966 2108 Convocabo

344 2211 364 2226 ο
390 2146 530 2198 enim
564 2146 812 2211 populum
844 2141 1189 2209 Turonicum,
1239 2152 1294 2197 et
1338 2143 1509 2196 dicam
1539 2143 1619 2197 eis
1649 2158 1666 2197 :
1700 2142 1968 2198 Vocifera~

390 2238 515 2293 mini
545 2247 725 2290 contra
756 2235 1089 2303 Gregorium,
1136 2234 1276 2303 quod
1322 2234 1391 2289 sit
1441 2235 1691 2304 injustus,
1736 2244 1792 2289 et
1838 2235 1965 2289 nulli

393 2329 665 2381 hominum
710 2326 971 2394 justitiam
1022 2332 1257 2390 prmstet.
1314 2323 1420 2378 Illis
1462 2339 1673 2394 quoque
1702 2324 1815 2377 haec
1854 2326 1965 2379 cla-

393 2416 659 2471 mantibus
686 2411 1045 2481 respondebo,
1073 2412 1232 2482 225
1258 2411 1365 2480 Ego
1394 2414 1481 2480 qui
1516 2428 1608 2465 rex
1639 2428 1777 2477 sum,
1808 2411 1966 2482 justi-

390 2512 517 2562 tiam
544 2522 661 2560 curu
708 2505 896 2559 eodem
942 2503 1182 2557 invenire
1226 2518 1327 2555 non
1375 2519 1611 2572 possum,
1643 2516 1696 2558 et
1739 2520 1833 2559 vos
1879 2506 1968 2574 qui

391 2601 623 2653 minores
669 2597 799 2651 estis
849 2593 1162 2648 invenietis?
1204 2595 1281 2647 Ad
1330 2594 1443 2647 haec
1486 2609 1631 2662 ego:
1672 2596 1823 2660 Quod
1867 2598 1967 2650 sim

394 2689 640 2761 injustas,
664 2696 718 2741 tu
748 2685 944 2740 nescis.
968 2683 1080 2738 Scit
1097 2684 1235 2737 enim
1258 2684 1347 2737 ille
1370 2686 1747 2739 conscientiam
1773 2701 1967 2754 meam,

393 2780 478 2833 cui
501 2794 585 2831 oet
599 2778 706 2831 ulta
728 2775 903 2829 cordis
924 2783 1045 2826 sunt
1070 2772 1365 2827 manifesta.
1385 2774 1535 2839 Quod
1560 2789 1687 2828 vero
1707 2774 1836 2828 falso
1857 2775 1969 2829 cla-

395 2884 544 2923 more
574 2868 796 2935 pepulus
818 2872 868 2917 te
904 2864 1191 2918 insultante
1206 2863 1549 2927 vociferatur,
1574 2865 1699 2918 nihil
1721 2876 1821 2931 est,
1847 2867 1968 2935 quia

393 2960 570 3014 sciunt
595 2970 779 3012 omnes
806 2971 835 3010 a
863 2965 916 3010 te
946 2952 1061 3008 hate
1084 2954 1299 3009 emissa.
1334 2955 1559 3025 Ideoque
1585 2972 1688 3010 non
1729 2971 1846 3026 ego,
1876 2958 1969 3012 sed

392 3058 567 3125 potius
598 3067 651 3111 ιιι
681 3057 732 3111 in
764 3056 1148 3109 acclamatione
1179 3052 1466 3106 notaberis.
1501 3052 1605 3106 Sed
1633 3050 1756 3119 quid
1784 3049 1970 3118 plura?

392 3149 564 3203 llabes
605 3148 773 3217 legem
803 3160 858 3200 et
883 3146 1151 3199 Canones.
1180 3144 1307 3197 llzec
1346 3152 1409 3197 te
1454 3143 1741 3210 diligenter
1786 3141 1967 3195 rimari

388 3248 599 3308 oportet
631 3255 646 3293 :
680 3249 732 3291 et
769 3248 894 3291 tunc
922 3252 1037 3307 quae
1066 3236 1436 3305 prteceperint,
1482 3236 1525 3287 si
1569 3249 1678 3286 non
1714 3234 1969 3287 observa-

2069 2051 2435 2121 irrogaietur?
2480 2050 2758 2121 respondit
2802 2067 2943 2105 rex:
2978 2051 3193 2104 Vidistis
3236 2051 3377 2105 enim
3419 2051 3646 2120 specii-5,

2069 2156 2201 2208 quas
2223 2142 2375 2196 nobis
2404 2140 2545 2195 furto
2571 2142 2808 2196 abstulit.
2836 2142 3159 2196 Ostenderat
3181 2142 3319 2214 enim
3350 2130 3647 2195 nobis‘an:e

2068 2236 2210 2292 diem
2244 2237 2453 2291 tertiam
2483 2250 2574 2289 rex
2598 2235 2704 2288 duo
2732 2234 2941 2289 voluela
2966 2232 3011 2299 ί,
3034 2233 3312 2303 speciebus
3341 2242 3396 2288 et
3424 2235 3646 2286 diversis

2069 2326 2402 2379 ornamentis
2450 2324 2645 2379 referta
2696 2342 2708 2377 :
2776 2340 2894 2393 qua:
2947 2325 3379 2392 appreliabautor
3422 2324 3647 2392 ampli-us

2070 2432 2227 2489 quam
2258 2417 2354 2472 tria
2407 2419 2566 2472 millia
2614 2417 2926 2471 solidorum.
2980 2416 3087 2471 Sed
3134 2425 3188 2471 et
3226 2418 3492 2471 saeculum
3523 2433 3644 2469 eum

2083 2510 2420 2565 numismatis
2470 2519 2496 2556 8
2546 2510 2657 2563 auri
2711 2509 2942 2578 pondere
2992 2519 3258 2563 tenentem
3306 2509 3452 2578 quasi
3486 2508 3646 2562 millia

2070 2600 2198 2654 duo.
2244 2602 2367 2654 Haec
2405 2602 2546 2654 enim
2579 2600 2790 2653 dicebat
2826 2616 2939 2665 rex,
2968 2601 3066 2653 sibi
3100 2600 3166 2653 ab
3195 2601 3444 2669 episcopo
3484 2600 3648 2653 fuisse

2069 2691 2267 2746 furata.
2307 2692 2409 2758 Qui
2452 2692 2771 2759 respondit:
2806 2691 3063 2747 Recolere
3107 2708 3199 2745 vos
3242 2692 3429 2756 credo,
3478 2692 3647 2745 distre-

2070 2785 2229 2840 dente
2258 2800 2288 2840 a
2322 2785 2734 2853 liotltomagensi
2765 2786 2892 2839 urbe
2924 2786 3256 2840 Brunichilde
3279 2786 3478 2855 regina,
3506 2784 3647 2855 quod

2072 2877 2312 2930 veni-rim
2344 2879 2409 2929 ad
2438 2890 2552 2941 vos,
2582 2876 2797 2946 dixique
2838 2874 3007 2941 vobis,
3050 2878 3175 2947 quia
3207 2892 3290 2930 res
3318 2878 3452 2944 ejus,
3487 2878 3538 2929 id
3569 2883 3649 2929 et

2073 2966 2311 3035 quinque
2357 2964 2596 3019 sarcinas
2621 3005 2636 3030 ,
2677 2968 3074 3018 commendatas
3122 2967 3368 3019 haberem
3402 2982 3415 3017 :
3453 2974 3506 3018 et
3546 2966 3647 3016 l're-

2074 3057 2330 3126 quentius
2367 3056 2621 3111 advenire
2656 3070 2850 3124 pueros
2887 3057 3002 3126 ejus
3031 3056 3097 3110 ad
3128 3072 3230 3120 me,
3266 3069 3320 3110 ut
3358 3071 3421 3110 ea
3459 3055 3650 3109 redde-

2075 3163 2211 3214 rent,
2244 3159 2298 3202 et
2333 3147 2476 3202 nolui
2518 3148 2634 3202 sine
2662 3149 2887 3203 consilio
2918 3160 3121 3203 vestro.
3152 3150 3227 3202 'l‘u
3263 3159 3437 3204 autent
3464 3149 3649 3204 dixiin

2066 3239 2225 3306 mihi,
2253 3255 2285 3295 o
2312 3254 2404 3295 rex
2435 3257 2448 3292 :
2482 3239 2630 3308 Ejice
2658 3240 2771 3294 haec
2819 3254 2849 3294 a
2898 3251 2972 3306 te,
3002 3250 3056 3295 et
3085 3250 3412 3296 revertantur
3437 3243 3500 3295 ad
3534 3259 3650 3297 mu—

389 3332 533 3385 verls
561 3342 609 3394 ο,
640 3330 853 3383 noveris
883 3329 971 3382 tibi
1005 3327 1097 3382 Dei
1122 3326 1382 3396 judicium
1434 3323 1729 3379 imminere.
1780 3328 1846 3378 At
1879 3324 1966 3378 ille

2074 3331 2260 3387 liorem
2290 3345 2376 3387 res
2405 3346 2538 3396 suae,
2567 3347 2635 3387 ne
2674 3330 2949 3386 inimicitia
2993 3333 3130 3387 inter
3158 3350 3243 3387 me
3268 3345 3319 3387 et
3341 3334 3651 3391 Childeber-

387 3424 537 3493 quasi
583 3437 667 3477 me
711 3421 1041 3486 demulcens,
1085 3418 1228 3486 quod
1275 3418 1463 3472 dolose
1508 3415 1707 3470 faciens
1749 3416 1965 3484 putabat

387 3530 473 3568 me
510 3529 615 3567 non
664 3512 994 3579 intelligere,
1042 3522 1336 3562 conversus
1381 3505 1447 3559 ad
1488 3505 1773 3574 juscellum
1820 3504 1965 3575 quod

386 3619 567 3658 coram
615 3612 730 3656 erat
779 3600 1031 3664 positum,
1076 3598 1193 3652 ait:
1229 3598 1452 3664 Propter
1501 3605 1553 3649 te
1585 3596 1699 3650 haec
1742 3596 1965 3664 juscella

393 3694 596 3762 paravi,
631 3694 681 3746 irt
710 3691 902 3760 quibus
935 3690 1061 3743 nihil
1104 3688 1245 3742 aliud
1287 3697 1478 3756 praeter
1507 3688 1762 3751 volatilia,
1792 3697 1844 3741 et
1871 3701 1965 3757 pa-

388 3800 605 3855 rumper
634 3786 824 3838 ciceris
862 3784 1187 3838 continetur.
1228 3781 1307 3835 Ad
1340 3780 1455 3834 haec
1489 3794 1608 3849 ego,
1640 3792 1966 3847 cognoscens

387 3877 719 3934 adulationes
745 3874 882 3942 ejus,
922 3872 1033 3927 dixi
1064 3890 1077 3927 :
1124 3870 1316 3927 Noster
1345 3870 1496 3926 cibus
1524 3885 1646 3925 esse
1685 3870 1845 3926 debet
1883 3869 1965 3924 fa-

388 3983 515 4025 cere
560 3968 888 4021 voluntatem
918 3964 1035 4031 Dei,
1068 3973 1121 4018 et
1167 3979 1271 4018 non
1303 3964 1387 4018 bis
1432 3963 1639 4018 deliciis
1684 3962 1964 4029 delectari,

388 4071 447 4115 ιιι
471 4074 533 4115 ea
559 4075 678 4129 quze
704 4057 976 4127 praecepit,
1021 4056 1167 4110 nullo
1211 4070 1337 4110 casu
1366 4055 1855 4124 praatermittamus.
1886 4054 1966 4109 'l‘u

390 4168 520 4209 vero
541 4154 628 4222 qui
658 4152 793 4205 alios
816 4150 882 4204 de
907 4149 1112 4219 justitia
1138 4148 1344 4217 culpas,
1376 4147 1624 4217 pollicere
1653 4148 1797 4216 prius
1824 4146 1966 4216 quod

392 4249 564 4317 legem
606 4253 661 4297 et
686 4243 931 4296 Canones
972 4254 1076 4293 non
1126 4240 1343 4293 omittas
1387 4248 1487 4292 :et
1533 4249 1658 4293 tunc
1700 4239 1969 4294 credimus

392 4335 533 4406 quod
561 4335 824 4404 justitiam
856 4329 1211 4399 prosequaris.
1243 4328 1335 4383 Ille
1361 4342 1490 4382 vero
1518 4337 1759 4396 porrecta
1786 4328 1969 4382 dexte-

388 4440 472 4491 ra,
512 4424 706 4492 juravit
758 4436 851 4489 per
899 4420 1318 4486 omnipotentem
1345 4416 1533 4481 Deum,
1565 4420 1702 4485 quod
1747 4432 1808 4472 ea
1849 4434 1966 4487 qua:

392 4519 481 4572 lex
512 4527 564 4569 et
589 4513 833 4568 Canoues
877 4511 1194 4575 edocebant,
1226 4510 1370 4563 nullo
1401 4512 1829 4577 praztermitteret
1875 4525 1967 4578 pa-

393 4619 503 4662 cto.
556 4605 801 4658 Posthzec
848 4611 1071 4672 accepto
1099 4617 1256 4672 parte,
1289 4602 1476 4656 hausto
1501 4604 1661 4656 etiam
1694 4603 1818 4656 vino
1858 4605 1967 4658 dis-

2076 3430 2185 3475 tum
2223 3431 2472 3490 nepotem
2516 3437 2690 3477 memn
2730 3438 2824 3490 pro
2851 3422 2934 3477 ltis
2959 3423 3119 3476 rebus
3144 3425 3334 3478 debeat
3367 3427 3645 3493 pullulare.

2072 3508 2337 3564 Reversus
2363 3525 2491 3580 ergo
2518 3526 2615 3580 ego
2639 3511 2704 3565 ad
2734 3511 2945 3578 urbem,
2979 3528 3138 3568 unum
3168 3513 3428 3569 voloclum
3458 3517 3650 3571 tradidi

2073 3599 2252 3668 pueris
2292 3617 2304 3653 :
2351 3616 2454 3655 non
2499 3602 2639 3654 enim
2682 3602 2927 3656 valebant
2954 3606 3179 3673 amplius
3217 3604 3370 3660 ferre.
3428 3606 3650 3662 Reversi

2072 3691 2265 3745 iterum
2296 3680 2639 3761 reqiiirebant
2668 3692 2769 3747 alia
2800 3711 2812 3747 :
2857 3695 3048 3748 iterum
3076 3698 3316 3749 consolui
3347 3695 3373 3733 ιι
3404 3701 3653 3769 magnili—

2070 3781 2300 3834 centiam
2359 3792 2615 3836 vestram.
2672 3783 2753 3837 Tu
2813 3795 2989 3838 autem
3050 3788 3364 3854 praecepisti,
3421 3788 3648 3843 dicens:

2072 3868 2243 3939 Ejice.
2276 3868 2410 3939 ejice
2436 3871 2550 3926 haec
2590 3887 2619 3924 ι
2653 3882 2726 3936 te,
2755 3888 2789 3927 ο
2817 3879 3087 3941 sacerdos,
3118 3890 3186 3931 ne
3228 3876 3383 3932 iaciat
3424 3882 3653 3933 seanda-

2072 3961 2180 4016 lum
2210 3961 2323 4017 haec
2351 3976 2534 4017 causa.
2574 3963 2771 4019 lterum
2811 3965 2999 4020 tradidi
3037 3970 3115 4021 eis
3152 3967 3256 4022 duo
3292 3983 3357 4023 ex
3389 3968 3470 4023 his
3498 3986 3511 4021 :
3542 3971 3652 4025 duo

2071 4061 2247 4107 autem
2300 4052 2403 4107 alia
2448 4066 2819 4109 remanserunt
2866 4071 3093 4111 mecum.
3140 4058 3216 4111 Tu
3259 4069 3471 4124 autem,
3520 4062 3651 4129 quid

2072 4162 2213 4201 nunc
2237 4148 2600 4211 calumniaris,
2633 4160 2687 4203 et
2716 4165 2799 4203 me
2832 4150 2955 4205 furti
2978 4153 3178 4220 arguis,
3203 4170 3321 4206 eum
3350 4154 3463 4207 haec
3488 4170 3650 4210 causa

2071 4252 2177 4292 non
2205 4239 2269 4292 ad
2308 4236 2543 4305 furtum,
2582 4241 2676 4294 sed
2718 4241 2781 4294 ad
2816 4243 3106 4295 custodiam
3150 4242 3343 4298 debeat
3370 4245 3650 4313 deputari?

2070 4330 2150 4385 Ad
2182 4332 2295 4386 haec
2324 4348 2415 4386 rex
2444 4351 2458 4385 :
2492 4333 2548 4388 Si
2583 4334 2684 4388 hoc
2727 4335 3028 4403 depositum
3072 4351 3235 4404 penes
3278 4346 3328 4390 te
3356 4336 3651 4392 habebatur

2069 4424 2134 4478 ad
2163 4425 2591 4489 custodiendum,
2631 4441 2727 4480 cur
2766 4428 2965 4482 solvisti
2998 4444 3157 4482 unum
3198 4446 3263 4483 ex
3301 4430 3404 4494 bis,
3434 4440 3487 4485 et
3528 4431 3651 4485 lim-

2072 4514 2194 4567 bum
2224 4515 2400 4568 aureis
2443 4522 2751 4569 contexmm
2795 4515 2896 4570 ﬁlis
2945 4517 2996 4571 iu
3032 4528 3208 4584 partes
3254 4520 3559 4583 dissecasti,
3593 4535 3651 4574 et

2068 4604 2260 4659 dedisti
2294 4618 2385 4673 per
2413 4605 2573 4669 viros,
2608 4605 2696 4674 qui
2743 4621 2827 4659 me
2874 4620 2901 4658 a
2950 4622 3112 4675 regno
3147 4598 3466 4677 dejicerenzl
3497 4608 3649 4664 Pitc-

391 4698 523 4751 eessi
575 4692 623 4749 ἀ.
669 4694 745 4747 Ea
794 4709 919 4748 vero
981 4703 1135 4747 nocte
1155 4736 1170 4761 ,
1217 4694 1509 4747 decantatis
1566 4695 1967 4749 nocturnalibus
1999 4706 2044 4763 ι)
2073 4707 2305 4751 textatus
2333 4700 2613 4766 episcOpus
2641 4700 2949 4767 respondit:
2975 4700 3089 4755 .lam
3118 4701 3224 4754 dixi
3256 4701 3345 4756 tibi
3375 4704 3646 4773 superius,

393 4787 643 4858 hymnis,
694 4786 886 4838 ostium
938 4785 1231 4839 mansionis
1280 4795 1477 4838 nostrae
1519 4787 1768 4853 gravibus
1809 4786 1966 4839 audio

391 4880 506 4949 eogi
552 4877 907 4931 verberibus:
956 4875 1224 4943 missoque
1276 4890 1458 4943 puero,
1511 4877 1723 4929 nuntios
1773 4876 1967 4930 Frede-

392 4967 580 5036 gondis
610 4968 807 5036 regina:
847 4975 1020 5017 astare
1046 4978 1333 5033 cognosco.
1380 4966 1579 5030 Quibus
1630 4965 1963 5035 introductis,

393 5059 763 5110 salutationem
793 5055 988 5124 reginae
1011 5056 1263 5124 suscipio.
1305 5055 1502 5109 Deinde
1530 5066 1813 5123 precantur
1843 5075 1969 5125 pue-

396 5150 458 5211 ri,
496 5159 547 5200 ut
580 5147 631 5199 itt
658 5148 773 5212 ejus
807 5134 979 5199 causis
1019 5146 1319 5199 contrarius
1353 5160 1455 5198 non
1487 5148 1737 5211 existant,
1785 5150 1970 5201 simul-

394 5256 496 5309 quc
522 5240 778 5294 ducentas
807 5239 1012 5307 argenti
1040 5240 1351 5306 promittunt
1394 5238 1553 5292 libras
1583 5247 1628 5304 ο,
1658 5240 1702 5293 si
1734 5240 1972 5294 l’rtetex-

471 5381 499 5411 ι
548 5372 886 5423 Bertramttus
919 5379 1050 5440 ierat
1090 5370 1370 5437 episcopus
1405 5371 1832 5440 Burdegalensis,
1867 5374 1970 5427 Ra-

398 5440 694 5508 gtiomotlns
744 5456 870 5492 vero
916 5439 1271 5509 Parisiensis;
1322 5452 1543 5509 uterque
1589 5439 1620 5494 ιι
1672 5440 1965 5498 Fortunato

405 5514 601 5580 passim
637 5510 899 5568 laudatus.
928 5508 995 5562 de
1020 5508 1209 5575 quibus
1235 5513 1428 5575 szepios
1458 5508 1612 5562 infra.

464 5580 492 5618 δ
526 5582 576 5632 id
610 5592 683 5633 νει
720 5594 900 5633 ιιιριιειι
926 5580 1156 5635 humilis.
1180 5579 1379 5632 Gallice
1408 5580 1601 5633 dicitur
1630 5597 1697 5632 tm
1724 5584 1872 5646 banc,
1903 5599 1966 5636 ex

395 5666 500 5713 quo
539 5651 801 5703 derivavit
844 5666 941 5703 vox
985 5648 1222 5717 banquel,
1256 5653 1319 5701 ad
1352 5652 1735 5719 designandum
1781 5654 1965 5707 convi-

395 5732 558 5773 Vrum.

473 5801 493 5824 ο
539 5788 744 5855 Regum
786 5790 1045 5841 observare
1084 5788 1321 5841 colueris.

464 5857 491 5892 σί
536 5856 741 5925 Regna,
782 5861 939 5911 disces
970 5862 1025 5911 il.

2074 4792 2193 4860 quia
2227 4805 2447 4843 munera
2490 4806 2676 4845 eorum
2708 4792 2866 4861 227
2895 4806 3235 4859 acceperam,
3270 4794 3493 4863 ideoque
3521 4810 3649 4850 cum

2076 4897 2178 4935 non
2225 4882 2478 4936 haberem
2522 4882 2591 4936 de
2631 4883 2882 4951 prteseoti
2926 4884 3065 4951 quod
3108 4885 3318 4949 darent,
3361 4885 3481 4939 hinc
3512 4903 3651 4953 prae-

2073 4974 2309 5041 sumpsi,
2340 4984 2395 5027 ct
2421 4975 2497 5027 eis
2524 4975 2939 5030 vicissitudinem
2971 4991 3250 5030 munerum
3284 4978 3462 5031 tribui.
3508 4977 3646 5033 Pro-

2078 5064 2248 5132 prium
2277 5064 2405 5117 milii
2433 5079 2553 5118 esse
2580 5065 2877 5131 videbatur,
2896 5067 3035 5133 quod
3063 5068 3169 5121 lilio
3194 5083 3313 5122 meo
3335 5069 3648 5124 Merorecho

2076 5164 2213 5217 erat,
2248 5171 2405 5224 quem
2437 5156 2504 5210 de
2535 5156 2745 5210 lavacro
2768 5159 3186 5227 regenerationis
3214 5160 3417 5227 excepi.
3452 5160 3649 5218 Videris

2073 5252 2250 5297 autem
2285 5260 2375 5300 rex
2406 5243 2763 5314 Chilpericus,
2800 5246 2942 5315 quod
2982 5262 3102 5302 eunt
3132 5247 3215 5302 his
3244 5249 3525 5304 calumniis
3555 5267 3645 5305 su.

2151 5388 2173 5417 ε
2210 5378 2344 5434 Cod.
2376 5378 2583 5449 Regnn,
2616 5386 2871 5435 mare/tas.

2151 5449 2169 5486 τ
2196 5449 2514 5525 ,δὶογειιιοιιη
2548 5453 2679 5505 Bell.
2704 5463 2759 5506 et
2789 5452 2966 5517 Colb.,
2997 5468 3154 5525 quam
3186 5469 3369 5509 vocem
3398 5455 3529 5510 alias
3550 5471 3650 5525 pro

2068 5519 2341 5572 involucris
2383 5521 2433 5573 in
2467 5522 2547 5575 his
2578 5537 2707 5576 mss.
2740 5525 2964 5644 rosilam
2995 5519 3104 5591 jam
3143 5519 3647 5580 animadvertirrrus.

2068 5591 2157 5642 Sic
2186 5600 2241 5642 et
2274 5606 2367 5644 oro
2408 5592 2686 5644 speciebus.
2761 5594 2940 5644 tabent
2985 5595 3200 5644 species.
3252 5604 3456 5644 mutato
3496 5612 3647 5644 casu-

2068 5591 2157 5642 Sic
2186 5600 2241 5642 et
2274 5606 2367 5656 pro
2408 5592 2686 5660 speciebus,
2740 5591 2940 5645 habent
2985 5595 3200 5659 species,
3252 5604 3456 5648 mutato
3496 5612 3648 5651 casu.

2143 5668 2166 5732 ε
2193 5661 2370 5719 Colb.,
2396 5663 2714 5715 nomismata.
2748 5661 2854 5716 Sed
2878 5663 3170 5730 Gregorius
3200 5666 3345 5732 ponit
3372 5666 3404 5717 ιι
3426 5681 3476 5731 c,
3508 5666 3648 5721 sicut

2074 5742 2115 5783 et
2147 5729 2254 5797 join
2293 5734 2450 5792 alias,
2487 5734 2823 5791 numismatis.
2857 5747 2954 5801 pro
2984 5729 3394 5789 rtumisntalibus.

2144 5812 2165 5834 υ
2198 5800 2298 5852 Alii
2336 5818 2463 5854 mss.
2497 5816 2547 5855 et
2580 5803 2730 5867 editi,
2764 5800 3063 5857 conuiuatus
3092 5819 3224 5858 sum.
