4016 6338
281 462 383 515 557

1204 456 1521 513 HISTORIA
1567 457 2011 514 FRANCORUM.
2055 456 2252 511 LIBER
2293 458 2605 525 QUINTUS.

3446 461 3550 515 338

286 586 478 644 parare
502 560 766 639 nequiret,
798 568 1058 622 attonitus
1081 567 1256 632 valde,
1290 584 1317 620 a
1348 567 1454 640 [ΑΙ.
1477 567 1559 640 ac]
1591 569 1868 624 conseien-
1897 570 1942 627 Λ
1968 568 2225 637 judicium
2274 581 2456 623 contra
2505 585 2625 623 eum
2674 569 3019 635 scriberetur,
3054 585 3120 624 ne
3151 570 3202 623 in
3232 578 3547 640 perpetuum

288 664 359 716 tia
390 660 674 724 confusos,
705 658 954 713 discessit
994 673 1023 710 a
1060 658 1243 722 nobis;
1278 657 1591 725 vocavitque
1618 659 1875 728 (ιιιομάει

288 755 357 808 de
383 750 751 806 adulatoribus
776 750 913 814 suis,
940 758 996 802 et
1030 749 1104 803 ait
1133 762 1146 800 :
1178 747 1388 802 Victum
1432 764 1519 803 tne
1555 749 1732 803 verbis
1759 750 1874 815 epi-

290 844 438 912 scopi
467 843 661 907 fateor,
694 852 747 897 et
776 856 907 896 vera
940 856 1061 897 esse
1089 856 1210 909 quae
1240 841 1371 895 dicit
1399 842 1532 895 scio.
1572 840 1711 907 Quid
1738 857 1876 895 nunc

290 935 503 999 faciam,
528 941 589 986 ut
634 932 833 1001 regina;
873 932 941 985 de
983 946 1049 986 eo
1090 933 1337 986 voluntas
1377 932 1768 1001 adimpteatur?
1813 932 1876 985 Et

287 1026 357 1078 ait
392 1042 407 1078 :
444 1026 540 1091 Ite,
581 1032 636 1079 et
664 1026 979 1079 accedentes
1008 1025 1074 1079 ad
1111 1040 1232 1078 eum
1277 1024 1460 1091 dicite,
1507 1026 1654 1095 quasi
1694 1025 1875 1079 consi-

292 1119 416 1169 lium
449 1132 515 1171 ex
560 1116 955 1184 vobismetipsis
1003 1115 1189 1171 dantes
1236 1134 1249 1169 :
1301 1116 1450 1171 Nosti
1488 1117 1629 1187 quod
1674 1118 1743 1171 sit
1783 1133 1874 1172 rex

289 1208 629 1275 Chilpericus
662 1208 779 1275 pius
808 1216 968 1277 atque
997 1217 1379 1277 compunctus,
1414 1220 1468 1265 et
1492 1211 1600 1264 cito
1632 1211 1878 1266 ﬂectatur

291 1300 355 1350 ad
388 1297 817 1353 misericordiam
845 1316 860 1352 :
889 1299 1170 1353 humiliare
1199 1299 1298 1354 sub
1324 1315 1408 1365 eo,
1441 1310 1495 1355 et
1528 1301 1689 1355 dicito
1716 1300 1783 1354 ab
1812 1316 1878 1356 eo

288 1392 497 1459 objecta
539 1408 568 1446 a
617 1403 666 1447 te
706 1402 1008 1461 perpetrata
1048 1392 1231 1448 fuisse.
1281 1394 1431 1449 Tunc
1474 1409 1572 1450 nos
1628 1396 1876 1465 prostrati

297 1498 487 1536 omnes
530 1497 710 1536 coram
752 1482 979 1551 pedibus
1017 1483 1152 1552 ejus,
1196 1483 1309 1538 dari
1341 1485 1432 1540 tibi
1456 1486 1664 1540 veniam
1708 1486 1881 1554 impe—

300 1585 524 1627 tramus.
557 1574 649 1628 llis
676 1574 931 1630 seductus
952 1574 1305 1630 Praztextatus
1331 1577 1638 1646 episcOpus,
1668 1576 1877 1645 pollici—

300 1675 384 1718 tus
410 1675 490 1718 est
518 1680 577 1718 se
611 1670 680 1718 ita
709 1666 991 1720 facturum.
1036 1666 1191 1721 Mane
1215 1676 1395 1722 autem
1440 1667 1598 1735 facto,
1629 1669 1879 1723 conveni-

299 1771 418 1809 mus
452 1756 517 1808 ad
557 1766 872 1811 consuetum
900 1758 1075 1812 locum
1108 1772 1123 1810 :
1156 1757 1553 1826 adveniensque
1581 1768 1635 1812 et
1664 1774 1777 1825 rex,
1805 1761 1879 1813 ait

296 1844 361 1896 ad
389 1845 700 1912 episcopum
732 1862 743 1897 :
775 1844 828 1899 Si
862 1860 1083 1899 munera
1118 1860 1214 1914 pro
1255 1847 1562 1901 muneribus
1597 1847 1678 1901 his
1708 1848 1878 1900 homi-

1978 659 2419 712 communieatet.
2485 659 2689 724 Quibus
2746 658 3136 713 conditionibus
3197 674 3297 728 ego
3352 660 3544 724 restiti.

1975 748 2122 817 juxta
2152 749 2467 817 promissum
2507 749 2673 817 regis,
2709 757 2763 801 ut
2791 748 2917 803 nihil
2943 760 3097 804 extra
3127 750 3371 805 (lationes
3393 767 3539 820 gere-

1981 850 2149 892 retur.
2197 839 2345 892 Tunc
2374 839 2726 894 Prmtextatos
2765 855 2793 891 a
2825 841 3022 894 nostris
3053 849 3235 908 raptus
3262 842 3448 909 oculis,
3494 845 3544 896 in

1978 930 2279 985 custodiam
2331 930 2537 999 positus
2586 940 2688 985 est.
2742 931 2815 985 De
2849 933 3156 1000 quafugere
3204 938 3409 985 teutans
3440 932 3544 1003 [ΑΙ.

1978 1037 2099 1076 cum
2128 1021 2353 1090 fugeret]
2403 1032 2579 1087 nocte,
2631 1022 2941 1091 gravissime
2990 1038 3180 1087 ctesus,
3232 1023 3283 1076 in
3319 1023 3544 1076 insulam

1979 1115 2161 1180 maris,
2193 1116 2335 1182 quod
2379 1115 2587 1183 adjacct
2626 1116 2824 1170 civitati
2853 1117 3216 1171 Constantina:
3241 1127 3289 1184 ο,
3318 1116 3369 1171 ἰη
3401 1118 3547 1172 exsi-

1978 1205 2106 1259 lium
2137 1216 2218 1258 est
2238 1206 2505 1260 detrusus.

2052 1301 2297 1355 Posthmc
2338 1302 2547 1365 sonuit,
2582 1300 2719 1370 quod
2750 1300 3093 1356 Merovechus
3134 1301 3324 1356 iterum
3368 1301 3548 1355 basili-

1977 1404 2095 1445 cam
2127 1390 2184 1444 S.
2212 1390 2419 1444 Martini
2450 1399 2732 1445 conaretur
2765 1399 3036 1460 expetere.
3064 1392 3395 1461 Chilperi'cus
3424 1408 3548 1446 vero

1978 1481 2230 1534 custodiri
2273 1480 2542 1533 basilicam
2585 1479 2757 1549 jubet,
2799 1491 2853 1535 et
2896 1495 3083 1536 omnes
3129 1481 3302 1534 claudi
3349 1481 3542 1534 aditus.

1978 1571 2236 1625 Custodes
2265 1578 2440 1624 autem
2473 1585 2631 1623 unum
2658 1570 2878 1637 ostium,
2908 1586 3001 1640 per
3024 1571 3163 1642 quod
3192 1572 3340 1640 pauci
3368 1572 3545 1627 clerici

1978 1661 2043 1714 ad
2072 1661 2301 1715 officium
2335 1661 2754 1731 ingrederentur,
2785 1662 3162 1731 relinquentes,
3191 1662 3392 1730 reliqua
3415 1663 3548 1716 ostia

1978 1752 2157 1806 clausa
2195 1751 2447 1806 tenebant
2476 1766 2492 1804 :
2523 1751 2665 1818 quod
2709 1766 2812 1805 non
2852 1753 2967 1807 sine
3008 1752 3163 1807 tmdto
3194 1754 3399 1821 p0pulis
3428 1752 3546 1807 fuit.

1980 1844 2114 1898 Gum
2144 1853 2318 1898 autem
2350 1842 2491 1911 apud
2518 1842 2747 1896 Parisios
2774 1858 3124 1909 moraremur,
3156 1846 3301 1913 signa
3335 1847 3385 1899 in
3414 1847 3551 1899 creto

297 1936 456 1988 nibus
510 1950 570 1989 es
624 1935 875 2005 largitus,
929 1950 1024 1989 cur
1079 1949 1410 1990 sacramenta
1463 1936 1762 2005 postulasti,
1819 1947 1876 1990 ut
1908 1922 1953 1980 Β
1982 1943 2358 2003 apparuerunt,
2404 1934 2453 1987 id
2497 1943 2578 1987 est
2617 1934 2796 2003 viginti
2841 1935 2971 1988 radii
3010 1950 3040 1987 a
3078 1944 3225 2003 parte
3253 1936 3549 2005 Aquilonis,

296 2025 454 2077 ﬁdem
501 2024 817 2079 Merovecbo
859 2026 1174 2079 servarent?
1223 2026 1519 2093 ιιρειιοιιόὶι
1562 2027 1872 2095 episcopus:

296 2115 454 2183 Petii,
505 2116 695 2180 fateor,
744 2115 1005 2169 amicitias
1043 2130 1230 2170 eorum
1278 2115 1459 2170 haberi
1511 2130 1630 2170 cum
1677 2131 1791 2171 eo:
1826 2128 1878 2172 et

295 2221 402 2257 non
434 2205 605 2259 solum
637 2206 931 2270 hominem,
968 2206 1085 2269 sed,
1117 2205 1164 2271 si
1191 2206 1271 2260 fas
1298 2206 1504 2271 fuisset,
1536 2207 1781 2277 angelum
1811 2205 1878 2261 de

293 2297 435 2349 cmlo
470 2311 804 2363 evocassem,
835 2298 926 2366 qui
970 2306 1115 2351 esset
1142 2298 1355 2365 adjutor
1387 2297 1523 2367 ejus.
1549 2297 1711 2357 Filius
1734 2300 1876 2354 enim

293 2388 426 2445 mihi
452 2400 588 2455 erat,
616 2398 676 2444 ut
721 2405 867 2460 sape
888 2389 1027 2455 dixi,
1057 2390 1313 2460 spiritalis
1340 2406 1405 2445 ex
1435 2391 1667 2446 lavacro.
1718 2390 1879 2447 Cum-

294 2495 401 2548 que
431 2483 543 2535 haec
571 2481 847 2535 altercatio
871 2481 1029 2536 altius
1053 2482 1349 2547 tolleretur,
1383 2481 1737 2537 Praetextatus
1767 2483 1879 2552 epi-

299 2587 497 2639 scopus
519 2580 815 2639 prostratus
842 2571 981 2636 solo,
1013 2571 1121 2625 ait:
1156 2572 1379 2627 Peccavi
1408 2571 1462 2625 iu
1484 2574 1675 2627 caelum
1705 2580 1761 2627 et
1786 2586 1879 2627 co-

292 2680 410 2717 ram
456 2675 529 2727 te,
563 2678 597 2717 o
624 2679 715 2718 rex
761 2660 1283 2723 misericordissime.
1320 2679 1422 2734 ego
1467 2678 1582 2718 sum
1614 2664 1877 2718 homicida

293 2758 557 2811 uelandus
588 2775 599 2809 :
633 2770 733 2825 ego
761 2766 812 2811 te
843 2755 1143 2810 interﬁcere
1170 2755 1337 2820 volui,
1367 2765 1422 2811 et
1451 2757 1615 2810 lilium
1645 2765 1792 2810 tuum
1825 2757 1880 2811 in

292 2848 435 2903 solio
474 2859 565 2902 tuo
592 2850 820 2918 erigere.
856 2847 978 2900 llaec
1013 2862 1079 2901 eo
1114 2848 1343 2914 dicente,
1390 2849 1745 2916 prosternitur
1784 2863 1878 2903 rex

292 2957 478 2995 curam
506 2941 729 3009 pedzbus
752 2939 1113 3003 sacerdotum,
1144 2940 1325 2994 dicens
1350 2958 1363 2992 :
1402 2939 1614 3004 Audite,
1646 2955 1679 2994 ο
1708 2938 1881 3009 piissi-

296 3033 372 3084 mi
398 3032 724 3094 sacerdotes,
751 3045 899 3084 reum
928 3030 1130 3085 crimen
1153 3030 1480 3085 exsecrabile
1512 3029 1877 3085 conﬁtentem.

293 3124 541 3189 Cumque
567 3136 667 3176 nos
692 3121 880 3176 flentes
904 3136 1080 3191 regem
1108 3121 1468 3177 elevassemus
1496 3137 1524 3175 a
1555 3125 1693 3186 solo,
1719 3123 1879 3191 jussit

293 3228 420 3285 eum
475 3210 745 3266 basilicam
794 3211 998 3281 egredi.
1044 3212 1158 3279 Ipse
1201 3227 1327 3267 vero
1360 3212 1425 3265 ad
1476 3222 1734 3267 metatum
1767 3213 1878 3267 dis-

294 3303 495 3369 cessit,
529 3304 891 3359 transmittens
936 3305 1126 3359 librum
1158 3305 1454 3369 Canouum,
1505 3309 1553 3359 in
1586 3308 1746 3377 228
1773 3323 1875 3376 quo
1902 3284 1950 3347 ο

292 3407 414 3450 erat
435 3399 717 3463 quaternio
744 3411 914 3450 novus
941 3413 1203 3463 annexus,
1238 3398 1438 3452 habens
1466 3413 1698 3451 canones
1728 3399 1876 3467 quasi

293 3487 625 3556 apostolicos
656 3498 706 3550 ⁸,
738 3489 1071 3543 continentes
1109 3488 1223 3542 haec
1252 3505 1267 3542 :
1305 3506 1325 3541 ι
1365 3488 1661 3557 Episcopus
1700 3492 1752 3541 tu
1783 3489 1879 3544 ho-

294 3578 541 3645 micidio,
572 3578 856 3647 adulterio,
909 3586 964 3634 et
1004 3576 1238 3647 pet'jttrio
1276 3578 1668 3648 deprehensus,
1709 3591 1739 3632 a
1788 3592 1879 3633 sa-

294 3669 542 3724 cerdotio
568 3668 874 3723 divellatur.
911 3686 930 3720 ι
962 3667 1055 3721 His
1077 3666 1148 3722 ita
1174 3667 1349 3732 lectis,
1376 3683 1495 3722 cum
1528 3668 1879 3721 Praetextatus

292 3772 471 3817 st-ret
508 3772 749 3829 stupens,
797 3761 1212 3815 Bertchramuus
1253 3762 1535 3830 episcopus
1576 3761 1648 3814 ait
1677 3778 1686 3805 τ
1717 3760 1877 3828 Audi,

295 3870 331 3908 ο
358 3854 525 3908 frater
552 3864 606 3909 et
631 3854 971 3921 coepiscopo,
994 3851 1117 3921 quia
1141 3852 1279 3921 regis
1306 3853 1529 3921 gratiam
1560 3869 1663 3905 non
1692 3853 1877 3922 habes,

298 3947 530 4015 ideoque
561 3960 659 3999 nec
700 3954 878 3999 nostra
924 3944 1183 4000 charitate
1220 3945 1290 3998 uti
1324 3946 1539 4016 poteris,
1576 3948 1878 4017 priusquam

300 4037 446 4107 regis
499 4036 878 4109 indulgentiam
931 4036 1208 4095 merearis.
1261 4038 1353 4095 llis
1390 4042 1462 4096 ita
1502 4042 1683 4110 ge'Stis,
1732 4043 1884 4111 petiit

300 4147 418 4191 rex,
453 4140 508 4184 ut
545 4141 638 4185 aut
663 4130 844 4184 tunica
875 4130 999 4200 ejus.
1031 4131 1385 4198 scinderetur,
1430 4142 1522 4187 aut
1558 4134 1881 4189 centesimus

302 4230 527 4274 octavus
576 4221 847 4289 psalmus,
899 4220 988 4291 qui
1034 4221 1434 4278 maledictioncs
1478 4223 1882 4281 lschariothicas

302 4314 547 4369 continet
574 4312 624 4381 δ,
665 4328 829 4383 super
874 4322 1031 4382 caput
1076 4314 1192 4382 ejus
1233 4315 1579 4381 recitaretur;
1621 4326 1710 4371 aut
1736 4325 1881 4373 certe

377 4497 404 4525 ι
435 4487 469 4540 li
499 4497 645 4555 sunt,
673 4487 761 4556 qui
792 4487 953 4542 etiam
982 4502 1121 4542 nunc
1152 4488 1309 4557 vulgo
1337 4502 1567 4542 canones
1596 4488 1877 4552 apostolici

302 4560 663 4626 appellantur,
687 4573 915 4625 quorum
945 4558 1233 4612 auctoritas
1278 4560 1331 4611 in
1358 4559 1581 4612 ecclesia
1609 4557 1879 4615 Gallicana

305 4628 451 4681 nulla
474 4639 599 4681 tunc
619 4638 752 4682 erat.
781 4628 853 4681 De
876 4628 957 4682 his
980 4627 1299 4698 Hincmarus
1320 4628 1553 4698 loquitur
1576 4643 1757 4696 opusc.
1783 4627 1874 4684 24.

305 4698 409 4763 Qui
452 4708 627 4752 autem
655 4698 742 4752 hic
784 4698 1049 4761 laudatur,
1098 4712 1245 4750 num.
1275 4696 1343 4751 21
1371 4696 1485 4761 est;
1518 4698 1609 4751 sed
1640 4714 1742 4752 non
1770 4699 1880 4753 sin-

303 4783 433 4823 cere
454 4783 483 4821 a
507 4767 807 4838 Praetextati
829 4767 1150 4838 adversariis
1178 4768 1373 4821 relatus
1393 4776 1495 4823 est.
1520 4767 1660 4821 Nihil
1681 4769 1878 4838 quippe

306 4840 359 4891 in
387 4853 455 4891 eo
482 4837 706 4892 habetur
736 4836 799 4890 de
829 4837 1137 4900 homicidio,
1171 4852 1268 4904 pro
1293 4853 1395 4908 qua
1428 4852 1555 4893 voce
1604 4836 1794 4908 legitur
1814 4836 1878 4894 in

307 4910 429 4976 ipso
472 4923 681 4961 canone
722 4909 878 4976 furto.
932 4908 1007 4962 De
1049 4922 1311 4963 canonum
1338 4907 1689 4973 Collectione’,
1720 4924 1877 4976 quam

308 4980 396 5031 hic
417 4976 703 5047 Gregorius
729 4978 925 5041 laudat,
949 4986 1001 5047 et
1028 4979 1091 5031 de
1116 4978 1406 5032 canonibus
1429 4979 1732 5045 apostolicis
1761 4980 1879 5034 vise

306 5046 572 5101 Cointium
621 5048 687 5101 ad
732 5062 926 5101 annum
964 5046 1064 5100 577
1093 5048 1158 5102 de
1205 5047 1270 5101 iis
1300 5049 1464 5101 fusius
1506 5048 1875 5104 disserentem.

309 5118 387 5171 Ex
415 5117 515 5171 hoc
556 5129 734 5171 autem
781 5116 897 5172 loco
930 5118 991 5171 V.
1021 5118 1102 5171 Cl.
1134 5118 1447 5171 Paschasius
1468 5118 1802 5184 Quesnelius,
1826 5122 1879 5175 in

305 5187 687 5241 dissertatione
736 5203 820 5242 xv:
862 5188 926 5241 ad
956 5202 1116 5256 opera
1166 5189 1223 5243 S.
1254 5188 1446 5258 Leonis
1490 5204 1660 5257 papae,
1694 5191 1881 5258 probat

307 5257 550 5327 Dionysii
582 5258 770 5327 Exigui
792 5258 1155 5313 collectionem
1187 5257 1417 5311 nondum
1464 5268 1587 5311 tunc
1627 5257 1880 5325 temporis

304 5327 359 5382 in
393 5325 579 5381 Galliis
618 5325 781 5382 fuistic
819 5337 1126 5398 receptatna
1150 5326 1427 5398 Dionysius
1454 5330 1648 5397 quippe
1673 5328 1880 5384 ceteris

305 5412 542 5452 canones
593 5399 912 5466 apOstolicos
948 5397 1242 5465 praemittit,
1272 5413 1402 5466 quos
1432 5401 1483 5450 in
1514 5398 1697 5453 codice
1719 5399 1881 5454 Galli-

305 5481 448 5521 cauo
482 5476 601 5521 tunc
634 5484 737 5521 non
780 5469 1043 5523 exstitisse
1075 5468 1307 5521 iudicant
1335 5470 1492 5522 verba
1526 5468 1761 5537 Gregorii
1794 5483 1881 5523 re-

311 5539 696 5599 prehendentis
728 5539 947 5607 Regem,
971 5537 1109 5606 quod
1143 5553 1336 5591 nutum
1368 5541 1766 5606 quaterniouem
1798 5554 1869 5590 ca-

307 5624 471 5660 nones
511 5608 659 5677 quasi
680 5608 995 5675 Apostolicas
1039 5608 1399 5661 continentem
1452 5610 1777 5663 inseruisset.
1820 5608 1885 5662 Et

304 5678 524 5745 quidem
575 5679 828 5732 habemus
867 5694 972 5746 pra:
1012 5680 1252 5732 manibus
1287 5680 1701 5731 vetustissimum
1737 5679 1882 5732 codi-

306 5764 424 5807 cem
464 5762 721 5802 etnonntu
753 5748 1002 5804 Ecclesia:
1032 5748 1337 5811 Gallienum,
1367 5764 1428 5801 ex
1457 5748 1554 5801 Ms.
1582 5749 1888 5803 Cot'beiensi

308 5833 554 5885 tempore
589 5818 759 5887 Vigilii
795 5836 941 5887 papa:
968 5820 1292 5887 conscripto,
1326 5820 1376 5871 itt
1404 5834 1507 5886 quo
1534 5830 1583 5872 et
1612 5819 1693 5872 isti
1724 5834 1888 5872 cauo-

308 5904 413 5951 nos,
439 5890 825 5951 desiderantur,
864 5899 913 5943 ct
944 5901 1257 5945 cmtcrotum
1283 5888 1554 5956 Canountu
1585 5890 1889 5948 ϐῐωςοτιιιιι

1981 2027 2067 2095 qui
2090 2026 2156 2079 ab
2177 2026 2392 2080 Oriente
2413 2036 2690 2094 surgentes
2712 2026 2777 2079 ad
2796 2026 3136 2080 Occidentem
3162 2027 3513 2094 pr0perabaut
3535 2045 3549 2081 :

1980 2131 2046 2171 ex
2083 2117 2274 2185 quibus
2314 2132 2448 2171 unus
2482 2117 2737 2184 prolixior
2780 2127 2831 2171 et
2877 2117 2993 2170 aliis
3033 2117 3456 2185 supereminens,
3498 2128 3551 2171 ut

1979 2217 2066 2263 est
2099 2210 2149 2261 in
2179 2208 2405 2263 sublime
2428 2207 2621 2274 elatus,
2658 2222 2777 2261 mox
2805 2207 3029 2271 defecit;
3060 2216 3115 2261 et
3150 2206 3227 2261 sic
3253 2207 3438 2276 reliqui
3461 2208 3551 2275 qui

1979 2298 2147 2353 secuti
2193 2296 2423 2363 fuerant,
2464 2306 2816 2353 evanuerunt.
2854 2296 3030 2353 Credo
3073 2296 3343 2352 interitum
3382 2298 3554 2352 Mero-

1980 2390 2138 2447 vechi
2180 2392 2574 2460 pronuntiasse.
2626 2390 2972 2446 Meroveehus
3014 2404 3141 2444 vero
3165 2390 3289 2443 dum
3337 2390 3388 2443 in
3414 2389 3554 2443 Rhe-

1982 2482 2150 2537 mcnsi
2192 2483 2481 2549 Campania
2529 2482 2781 2546 latitaret,
2823 2496 2921 2536 nec
2962 2480 3130 2549 palam
3179 2496 3239 2535 se
3269 2480 3554 2535 Austrasiir

1980 2576 2249 2642 crederet,
2280 2592 2310 2629 a
2337 2575 2835 2630 Tarabauncnsibus
2859 2572 2884 2611 ι¹
2908 2575 3301 2629 circumventus
3340 2583 3445 2641 est,
3477 2575 3555 2628 di-

1982 2669 2245 2731 (eutibus,
2288 2666 2429 2738 quod
2476 2667 2661 2721 relicto
2707 2676 2855 2737 patre
2893 2666 3009 2736 ejus
3042 2665 3358 2734 Chilperico,
3400 2670 3447 2722 ei
3495 2679 3553 2721 se

1980 2758 2344 2827 subjugarent,
2378 2758 2425 2811 si
2466 2759 2534 2811 ad
2568 2773 2661 2813 eos
2687 2758 2984 2812 accederet.
3033 2757 3131 2824 Qui
3174 2758 3423 2812 velociter
3466 2773 3552 2811 as-

1980 2850 2171 2905 sumtis
2199 2864 2382 2904 secum
2413 2848 2538 2903 viris
2581 2848 2907 2914 fortissimis,
2949 2848 3113 2919 229
3148 2848 3214 2902 ad
3253 2862 3348 2904 eos
3390 2849 3553 2900 venit.

1983 2940 2045 2995 iii
2114 2949 2436 3009 praeparatos
2499 2938 2812 3008 detegentes
2871 2938 3044 3002 dolos,
3102 2939 3154 2992 itt
3205 2938 3381 2991 villam
3430 2953 3549 2991 eum

1980 3030 2263 3100 quamdam
2286 3028 2633 3094 concludunt,
2668 3036 2721 3082 et
2743 3028 3150 3095 circumseptum
3189 3042 3309 3081 cum
3339 3029 3553 3080 armatis

1980 3123 2198 3177 nuntios
2247 3120 2383 3189 patri
2414 3120 2669 3185 dirigunt.
2720 3119 2869 3186 Quod
2897 3118 2987 3173 ille
3012 3119 3257 3182 audiens,
3286 3119 3408 3172 illuc
3437 3134 3552 3186 pru-

1983 3228 2170 3283 perarc
2193 3212 2447 3267 destinat.
2490 3210 2596 3267 Sed
2636 3211 2719 3265 hic
2759 3226 2881 3266 cum
2924 3211 2975 3264 in
3018 3210 3298 3279 hOSpitiolo
3328 3211 3551 3278 quodam

1982 3302 2341 3368 retineretur,
2393 3302 2588 3357 timens
2639 3315 2707 3356 ne
2754 3301 2820 3355 ad
2879 3301 3164 3355 vindictam
3223 3300 3552 3354 iuim‘corum

1982 3394 2176 3448 multas
2206 3394 2376 3446 lueret
2407 3405 2621 3460 pronas,
2649 3399 2838 3445 vocato
2866 3390 2932 3445 ad
2974 3405 3033 3446 se
3055 3389 3279 3445 Gaileuo
3311 3390 3553 3445 familiari

1981 3504 2099 3553 suo,
2130 3488 2204 3541 ait
2241 3505 2255 3542 :
2286 3486 2397 3543 Una
2428 3487 2579 3541 nobis
2610 3501 2778 3555 usque
2806 3501 2944 3540 nunc
2981 3494 3037 3540 et
3077 3486 3251 3539 anima
3301 3495 3353 3539 et
3383 3487 3554 3539 cousi-

1980 3584 2108 3636 lium
2140 3581 2239 3636 fuit
2268 3598 2285 3636 :
2314 3596 2445 3650 rogo
2476 3595 2541 3635 ne
2575 3580 2792 3649 patiaris
2830 3594 2916 3634 me
2948 3579 3191 3633 manibus
3221 3578 3552 3631 inimicorum

1981 3675 2154 3741 tradi;
2200 3676 2294 3729 scd
2336 3683 2558 3745 accepto
2596 3673 2776 3745 gladio
2824 3674 2995 3728 irtuas
3040 3673 3090 3726 in
3139 3687 3262 3727 me:
3299 3672 3437 3741 quod
3471 3673 3555 3725 i‘lc

1983 3783 2081 3821 nec
2104 3768 2374 3833 dubitans,
2397 3784 2515 3822 eum
2548 3766 2720 3822 cultro
2747 3766 3004 3822 confodit.
3031 3764 3359 3819 Aalvcuientc
3379 3776 3553 3818 autern

1982 3875 2127 3926 rege,
2161 3869 2401 3915 mortuus
2445 3869 2527 3914 est
2569 3869 2809 3929 repertus
2847 3868 2891 3911 °.
2942 3858 3263 3917 Exstitcrunt
3314 3869 3437 3915 tunc
3467 3858 3553 3920 qui

1982 3967 2282 4011 assercrent
2311 3954 2469 4012 verba
2499 3953 2816 4019 M‘di‘OVCCiii,
2880 3971 2997 4024 qua:
3020 3955 3264 4021 superius
3297 3954 3550 4011 diximus.

1982 4045 2215 4114 aregina
2278 4045 2442 4100 fuisse
2499 4047 2759 4110 conficta;
2819 4044 3188 4098 Meruverhum
3252 4058 3378 4096 vero
3441 4043 3555 4109 ejus

1982 4140 2147 4194 fuisse
2183 4140 2333 4208 jussu
2371 4139 2510 4192 clam
2550 4137 2945 4206 interemptum.
2997 4136 3273 4191 Gailcnum
3306 4150 3429 4189 vero
3457 4150 3551 4201 ap-

1984 4229 2325 4297 prehensum,
2364 4230 2618 4282 abscissis
2662 4227 2905 4281 monibus
2943 4235 2994 4281 et
3041 4226 3282 4295 pedibus,
3314 4225 3553 4287 auribus,

1980 4332 2034 4377 et
2065 4321 2267 4376 narium
2315 4320 2739 4385 summitatibus,
2769 4330 2823 4374 et
2852 4318 2972 4373 aliis
3014 4318 3194 4371 multis
3229 4315 3552 4371 cruciatibus

1984 4496 2160 4549 versio
2186 4494 2285 4549 alia
2323 4502 2406 4549 est
2439 4493 2505 4566 ab
2534 4509 2784 4566 eaiquant
2820 4493 3104 4561 Dionysius
3133 4495 3363 4566 Exiguus
3392 4511 3553 4549 exur-

1984 4568 2145 4620 navit.
2179 4566 2315 4632 Lege
2356 4565 2455 4617 viri
2482 4565 2684 4635 eruditi
2714 4566 3141 4635 ili-sertationem
3182 4565 3341 4635 supra
3374 4568 3554 4620 lamia-

1909 4655 1955 4714 ι)
1984 4644 2090 4714 tam
2117 4635 2188 4714 de
2216 4637 2432 4714 antiqtm
2462 4634 2710 4714 @cclesia-
2732 4634 3019 4714 Gallicanae
3048 4638 3251 4714 Codice.

2054 4704 2081 4743 δ
2110 4706 2257 4778 Quod
2285 4703 2492 4778 pSaInti
2538 4705 2694 4778 hujus
2732 4706 2918 4778 verba,
2955 4704 3028 4778 _Et
3058 4706 3411 4778 Δανξιεοραιιιιιι
3446 4710 3554 4778 ejus

1981 4776 2200 4844 accipiat
2241 4776 2389 4837 alter,
2430 4783 2615 4827 contra
2644 4774 2832 4828 .Iudam
2875 4774 3215 4828 lschariotem
3259 4774 3553 4829 laudaverit

1983 4844 2171 4969 ἕεις·ῗὲ
2193 4847 2416 4898 Actuum
2444 4859 2524 4909 ut,
2549 4854 2607 4898 nt
2629 4844 2935 4899 ostenderat
2964 4845 3135 4913 ipsum
3165 4846 3231 4899 ab
3259 4846 3553 4913 apostolum

2020 4930 2121 4969 cett
2146 4929 2271 4968 isse.

2020 4929 2271 4970 CCIGISSC.

2058 4994 2080 5024 ο
2109 4984 2242 5039 Urbs
2269 4993 2349 5039 est
2368 4983 2680 5053 episconalis
2702 4982 3056 5053 Normannire,
3082 4983 3236 5052 vulgo
3253 4984 3554 5051 Coutances,

1987 5055 2181 5108 nemini
2214 5051 2469 5124 ignotaia
2497 5068 2597 5120 qua
2622 5054 2757 5124 haud
2784 5052 2963 5124 procul
2993 5051 3288 5108 dissitaiest
3307 5055 3548 5110 (Izcsarca

1986 5124 2180 5187 insula,
2212 5121 2368 5193 vulgo
2392 5122 2590 5191 Jersey,
2619 5122 2743 5176 olim
2774 5122 2837 5173 ad
2863 5121 3239 5193 Normanniam
3286 5136 3553 5193 spectans,

1984 5196 2078 5250 sed
2112 5209 2231 5262 quae
2272 5192 2414 5265 nunc
2442 5202 2526 5247 est
2555 5192 2975 5265 Stttltatnptoniae
3006 5194 3207 5263 Anglus
3238 5192 3556 5265 provincia};

1984 5268 2118 5324 so‘a.
2148 5279 2283 5335 cum
2311 5263 2564 5335 Garnseia
2612 5263 2710 5335 sibi
2758 5262 2952 5329 vicina,
2996 5266 3182 5334 Anglis
3218 5262 3461 5335 superest
3489 5262 3554 5321 ex

1985 5336 2121 5389 avita
2147 5332 2483 5387 Nurtnannite
2509 5333 2835 5388 haereditate.

2053 5401 2079 5441 ἀ
2104 5404 2381 5458 Tarvenua
2406 5403 2726 5459 Morinorum
2752 5403 2875 5458 urbs
2896 5404 3093 5459 srcculo
3116 5406 3350 5471 proxime
3371 5412 3554 5471 elapso

1983 5475 2177 5539 diruta,
2223 5478 2375 5540 cujus
2419 5475 2573 5528 sedes
2616 5473 2932 5543 episcopalis
2980 5473 3033 5528 in
3075 5482 3181 5528 tres
3220 5477 3553 5540 episcopatus

1984 5544 2149 5599 d.visa
2201 5544 2332 5611 fuit,
2377 5545 2805 5609 Bononienscm,
2858 5546 3452 5613 Audomaropolitanotu
3500 5552 3554 5598 et

1984 5616 2271 5684 lprcnsem.

2065 5694 2086 5720 ε
2118 5684 2337 5738 Mortem
2385 5684 2502 5750 ejus
2557 5683 2723 5737 refert
2780 5684 2970 5737 Marius
3017 5682 3081 5735 ad
3128 5696 3214 5734 an.
3258 5681 3383 5735 578.
3435 5683 3556 5743 Εξιιι

1995 5769 2188 5879 tempus
2222 5755 2455 5878 Parisiis)
2478 5755 2918 5822 posteardelatum
2951 5763 3059 5817 est,
3092 5761 3146 5806 ut
3179 5752 3399 5809 habetur
3428 5754 3556 5808 inira

2018 5844 2084 5877 t.t.
2113 5840 2221 5879 vm.
2246 5840 2361 5879 ean.
2462 5865 2474 5879 .

2017 5827 2084 5877 ib.
2113 5840 2221 5891 vm,
2246 5840 2361 5893 (ιδῃ.
2394 5827 2474 5879 10.
