4016 6338
529 499 632 562 339

1515 495 1581 553 S.
1620 495 1949 553 GDEGORH
1991 495 2294 552 El’lSCOPl
2336 496 2765 555 TURONENSIS
3654 494 3732 550 310

526 609 796 669 ull'ectum.
821 604 1106 661 infeliciter
1136 612 1478 660 necaverunt.
1504 604 1850 664 Grindtonem
1874 622 2109 678 quoque,
2142 615 2190 667 Α
2220 620 2402 661 amota
2428 651 2445 676 ,
2479 620 2756 677 reperiunt
2787 616 2838 662 et
2869 606 3082 661 tertiam
3122 623 3137 663 :
3166 595 3425 676 iussuque
3463 606 3565 677 ejus
3585 620 3626 663 et
3649 609 3736 663 hac

528 702 788 755 intextum
814 709 963 766 rota,
990 701 1043 754 in
1070 700 1296 755 sublime
1325 699 1683 767 sustulerunt;
1711 702 2044 756 Gucilionem
2064 711 2112 768 ο,

531 791 622 854 qui
653 791 920 860 quondam
952 806 1134 845 comes
1183 790 1361 860 palatii
1415 791 1667 858 Sigiherti
1724 793 1866 861 regis
1924 794 2114 860 fuerat,

430 878 439 889 ‘
530 881 772 935 abscisso
797 881 973 952 capite
1002 882 1403 944 interfecerunt.
1433 882 1538 937 Sed
1561 893 1612 937 et
1642 883 1776 937 alios
1806 883 2000 937 multos
2027 884 2117 950 qui

530 986 651 1026 cum
680 974 870 1027 eodem
897 982 1174 1038 venerant,
1204 974 1409 1029 crudeli
1441 990 1574 1029 nece
1597 976 1825 1030 diversis
1855 976 2117 1030 mortibus

530 1063 843 1116 affecerunt.
886 1063 1264 1130 Loquebantur
1292 1068 1453 1119 etiam
1488 1074 1614 1120 tunc
1641 1064 1906 1131 homines,
1934 1066 1987 1120 iu
2019 1067 2118 1120 hac

530 1155 986 1210 circumventione
1008 1155 1251 1225 Egitlium
1280 1154 1309 1193 δ
1340 1158 1651 1227 episcopum
1681 1166 1737 1211 et
1764 1156 2119 1211 Guntcbram-

535 1260 660 1299 num
685 1246 945 1300 Dosonem
972 1244 1140 1301 fuisse
1168 1248 1454 1301 maximum
1477 1257 1657 1316 caput,
1688 1264 1753 1302 eo
1781 1250 1920 1317 quod
1946 1249 2118 1302 Gunt-

533 1334 820 1389 chramuus
852 1335 1221 1406 Fredegundis
1252 1338 1451 1407 reginae
1496 1340 1719 1393 occultis
1746 1338 1998 1393 amicitiis
2025 1352 2121 1407 po-

534 1428 723 1481 tiretur
756 1442 855 1497 pro
901 1429 1271 1484 interiectione
1293 1430 1687 1495 Tlteodoberti;
1720 1430 1940 1500 Egidius
1966 1445 2115 1498 vero,

487 1533 493 1539 ’
536 1520 678 1586 quod
709 1521 754 1573 ei
784 1520 891 1589 jam
921 1521 1080 1591 longo
1106 1533 1344 1589 tempore
1372 1532 1517 1578 esset
1541 1538 1720 1577 carus.
2076 1534 2084 1541 ‘

517 1596 526 1603 ’
611 1608 729 1664 XX.
773 1609 905 1664 Cum
963 1623 1139 1665 autem
1202 1612 1444 1668 Justinus
1500 1614 1792 1683 imperator
1830 1623 1874 1679 ο,
1919 1614 2120 1669 amisso

492 1772 499 1780 ἢ
539 1714 739 1766 sensu,
771 1716 959 1755 amens
988 1702 1209 1757 ell'ectus
1235 1712 1412 1770 esset,
1440 1713 1493 1758 et
1523 1719 1618 1773 per
1648 1705 1814 1759 solam
1861 1705 2116 1772 SOpbiam

542 1802 818 1863 augustam
849 1794 966 1862 ejus
993 1794 1271 1862 imperium
1302 1807 1595 1863 regeretur,
1621 1797 1799 1866 pupilli
1819 1839 1835 1865 ,
1861 1808 1916 1851 ut
1946 1798 1999 1852 in
2029 1813 2120 1852 su-

543 1886 752 1949 periore
771 1885 904 1938 libro
922 1882 1031 1953 jam
1051 1884 1286 1939 diximus
1309 1885 1447 1956 (Lib.
1472 1901 1546 1950 tv,
1570 1904 1683 1956 cap.
1708 1887 1825 1956 5'5),
1848 1888 2118 1942 Tiberium

2221 700 2480 755 aufertur.
2509 703 2622 767 Qua
2649 702 2823 756 ablata
2845 744 2859 765 ,
2896 700 3171 754 inveniunt
3201 715 3448 769 maguum
3481 702 3731 755 thesaurum

2222 791 2505 846 habentem
2538 808 2696 860 supra
2730 792 2873 845 mille
2903 793 3018 846 auri
3050 792 3380 846 centenaria.
3416 792 3741 862 Sublatutuque

2219 896 2431 947 aurum,
2467 885 2789 951 pauperibus
2816 882 2989 937 adhuc
3013 882 3394 946 abundantius,
3420 893 3478 936 ut
3505 898 3741 939 consueve-

2220 984 2322 1035 rat,
2347 975 2715 1028 subministrat
2764 992 2779 1026 :
2822 988 2921 1027 nec
2965 975 3013 1027 ei
3059 974 3314 1026 Dominus
3346 973 3539 1041 aliquid
3560 973 3744 1030 deiicere

2222 1063 2345 1117 fecit
2369 1073 2393 1101 ο
2424 1079 2519 1133 pro
2548 1064 2686 1118 bona
2713 1065 2989 1117 voluntate
3015 1079 3131 1117 sua.
3159 1062 3297 1129 Quid
3341 1063 3389 1116 ei
3439 1065 3490 1115 in
3530 1074 3745 1131 posterum

2222 1154 2480 1208 Dominus
2512 1155 2897 1218 transmiserit,
2932 1170 3035 1208 non
3063 1155 3327 1207 omittam.
3352 1152 3543 1209 Narses
3566 1154 3639 1207 ille
3659 1156 3745 1208 dux

2222 1243 2387 1300 Italia:
2420 1243 2463 1308 ί,
2495 1259 2616 1299 cum
2667 1244 2718 1298 in
2765 1246 2993 1314 quadam
3040 1245 3256 1297 tivitate
3296 1244 3513 1298 domum
3550 1259 3751 1314 magnam

2223 1336 2478 1400 haberet,
2508 1334 2563 1389 in
2594 1334 2795 1388 Italiam
2826 1348 2946 1389 eum
2981 1334 3163 1388 multis
3190 1334 3454 1389 thesauris
3482 1350 3689 1403 egressus
3710 1344 3750 1405 ι,

2220 1427 2287 1480 ad
2309 1441 2469 1496 supra
2500 1434 2847 1480 memoratam
2877 1426 3062 1480 urbem
3086 1426 3301 1480 advenit
3326 1444 3337 1478 :
3364 1426 3536 1495 ibique
3559 1427 3601 1480 in
3622 1428 3754 1481 domo

2221 1533 2317 1573 sua
2354 1519 2567 1573 occulte
2611 1518 2896 1571 cisternam
2943 1532 3189 1586 magnam
3238 1515 3400 1580 fodit,
3429 1518 3478 1570 in
3507 1532 3594 1586 qua
3620 1517 3754 1571 multa

2222 1609 2386 1664 millia
2409 1608 2839 1663 ccntenariorum
2864 1610 2980 1661 auri
3005 1608 3162 1680 231
3193 1607 3504 1676 argentique
3527 1609 3758 1678 reposuit:

2223 1702 2403 1771 ibique
2435 1701 2737 1757 interfectis
2767 1701 3018 1765 consciis,
3046 1701 3135 1754 uni
3169 1700 3528 1753 tantummodo
3555 1703 3650 1754 seni
3681 1716 3761 1769 per

2219 1793 2584 1861 juramentum
2610 1792 2823 1846 condita
2851 1791 3265 1845 commendavit.
3293 1790 3637 1859 Defunctoque
3658 1792 3765 1846 Nar-

2222 1893 2338 1939 sete
2387 1884 2500 1938 haec
2546 1882 2648 1939 sub
2694 1893 2839 1937 terra
2885 1882 3140 1937 latebant.
3187 1884 3427 1952 Cumque
3472 1883 3766 1950 supradictus

543 1974 810 2029 (Ia-sarem
839 1976 1136 2043 elegerunt,
1160 1976 1366 2039 utilem,
1390 1988 1690 2043 strenuum,
1716 1989 1875 2047 atque
1904 1978 2116 2047 sapien-
2146 1985 2193 2044 Β
2221 1991 2386 2031 senex
2417 1977 2574 2044 hujus
2602 1975 2976 2044 eleemosynas
3001 1973 3217 2028 assidue
3243 1983 3509 2037 cerni-ret,
3535 1974 3683 2043 pergit
3707 1974 3768 2028 ad

544 2074 671 2133 tem,
694 2066 1202 2137 eleemosynarium,
1228 2068 1554 2136 inopemque
1578 2069 1837 2137 optimum
1869 2070 2119 2127 defenso-

537 2171 672 2211 rem.
688 2155 787 2220 Qui
816 2171 937 2211 cum
969 2158 1133 2210 multa
1155 2160 1222 2210 de
1251 2156 1518 2212 thesauris
1542 2174 1674 2227 quos
1696 2160 1859 2230 230
1881 2159 2119 2216 Justinus

538 2248 865 2315 aggregavit,
889 2247 1210 2315 pauperibus
1240 2258 1508 2318 erogaret,
1534 2261 1589 2303 et
1614 2250 1848 2320 Augusta
1881 2251 1967 2305 illa
1994 2267 2116 2306 eum

541 2342 871 2411 frequentius
902 2345 1219 2412 increparet,
1245 2344 1387 2413 quod
1419 2344 1798 2413 rempublicam
1828 2346 2121 2417 redegisset

544 2436 596 2489 in
640 2446 1007 2504 paupertatem
1026 2476 1039 2500 ,
1072 2437 1380 2507 diceretque
1410 2454 1423 2491 :
1453 2437 1601 2505 Quod
1630 2452 1731 2507 ego
1760 2440 1939 2493 multis
1965 2438 2120 2493 annis
2144 2484 2162 2503 κ

539 2528 845 2598 aggregavi,
862 2538 917 2582 tu
948 2528 1081 2582 infra
1111 2544 1335 2598 paucum
1360 2539 1565 2600 tempus
1590 2530 1809 2601 prodige
1827 2532 2119 2603 dispergis,

543 2618 720 2673 aiebat
747 2619 834 2673 ille
859 2638 874 2674 :
905 2620 1017 2673 Non
1047 2620 1219 2675 deerit
1248 2620 1378 2676 fisco
1403 2633 1610 2688 nostro,
1631 2632 1831 2677 tantum
1861 2637 2121 2693 pauperes

547 2712 945 2782 eleemnsynam
976 2712 1271 2781 accipiant,
1298 2720 1391 2767 aut
1419 2714 1615 2782 captivi
1648 2714 1995 2769 redimantur.
2025 2713 2121 2769 Hic

544 2813 627 2857 cst
666 2803 809 2857 enim
856 2818 1077 2873 magnus
1106 2805 1418 2870 thesaurus,
1444 2806 1655 2860 dicente
1685 2805 1909 2860 Domino
1938 2823 1952 2859 :
1986 2805 2119 2860 Tlte-

540 2895 798 2948 saarizate
834 2895 970 2949 vobis
1012 2895 1274 2951 thesauros
1309 2898 1361 2951 in
1399 2897 1559 2965 coelo,
1593 2900 1679 2952 ubi
1721 2915 1878 2968 neque
1914 2915 2119 2968 aerugo,

549 2999 704 3051 neque
750 2984 884 3037 tinea
931 2987 1252 3055 corrumpit;
1294 3000 1340 3041 et
1380 2988 1463 3042 ubi
1511 2994 1648 3058 [ures
1684 3008 1785 3044 non
1828 2991 2117 3061 eﬁ’oditmt,

543 3089 633 3126 nec
674 3080 910 3141 furantur
957 3074 1179 3144 (Matth.
1227 3092 1318 3143 γι,
1356 3076 1483 3148 20).
1528 3080 1666 3149 Ergo
1714 3082 1781 3136 de
1825 3082 1927 3137 hoc
1974 3085 2113 3152 quod

548 3163 686 3218 Deus
725 3164 890 3231 dedit,
915 3180 1300 3237 congregemus
1336 3184 1431 3238 per
1470 3184 1729 3239 pauperes
1773 3171 1827 3226 in
1868 3173 2030 3239 caelo,
2064 3182 2123 3229 ut

554 3256 807 3312 Dominus
839 3258 992 3313 nobis
1020 3272 1217 3329 augere
1257 3261 1503 3332 dignetur
1546 3262 1596 3316 in
1638 3264 1856 3319 saeculo.
1884 3262 2118 3336 thuia,

2221 2084 2342 2124 eum
2362 2107 2378 2133 ,
2401 2068 2587 2123 dicens
2622 2086 2636 2122 :
2669 2067 2764 2133 Si,
2797 2067 2997 2136 inquit.
3029 2067 3156 2121 mihi
3187 2066 3381 2136 aliquid
3412 2066 3641 2134 prodest,
3668 2080 3768 2119 ma-

2220 2176 2380 2231 gnam
2424 2176 2534 2215 rem
2580 2159 2698 2227 tibi,
2728 2158 2930 2225 Ctesar,
2958 2159 3187 2217 edicam.
3219 2159 3316 2213 Cui
3367 2158 3459 2212 ille
3502 2175 3515 2210 :
3564 2158 3772 2229 Dic,ait,

2219 2253 2360 2322 quod
2391 2251 2644 2304 volueris.
2678 2248 2924 2304 Proderit
2951 2252 3096 2305 enim
3131 2250 3261 2315 tibi,
3293 2248 3337 2304 si
3367 2250 3608 2320 quiddam
3637 2250 3775 2305 nobis

2222 2343 2559 2412 profuturum
2587 2356 2708 2396 esse
2735 2340 3055 2395 narraveris.
3079 2341 3434 2407 Thesanrum,
3464 2343 3637 2410 inquit,
3658 2340 3779 2395 Nar-

2223 2435 2357 2490 setis
2378 2433 2710 2489 reconditum
2735 2433 2927 2498 habeo,
2945 2433 3085 2503 quod
3117 2433 3169 2486 iu
3193 2441 3434 2487 extremo
3457 2433 3571 2487 vita:
3594 2434 3781 2501 positus

2227 2528 2409 2583 celare
2456 2541 2560 2580 non
2608 2540 2848 2595 possum.
2884 2525 3035 2580 Tunc
3080 2524 3261 2579 C1~sar
3289 2524 3530 2579 Tiberius
3565 2526 3782 2593 gavisus,

2221 2617 2388 2673 mittit
2409 2633 2579 2686 usque
2608 2616 2673 2670 ad
2704 2617 2879 2671 locum
2911 2630 3105 2685 pueros
3131 2631 3296 2672 suos:
3324 2615 3644 2685 przecedente
3662 2630 3784 2670 vero

2221 2724 2377 2774 sene,
2412 2709 2465 2763 hi
2504 2718 2800 2778 sequuntur
2829 2708 3059 2762 attoniti.
3093 2707 3574 2775 Pervenientesme
3612 2708 3673 2761 ad
3711 2709 3788 2762 ci-

2223 2811 2483 2865 sternam,
2508 2801 2933 2870 deopertamque
2963 2800 3356 2870 ingrediuntur,
3386 2800 3438 2853 iu
3467 2814 3565 2869 qua
3594 2808 3789 2854 tantum

2222 2907 2409 2947 aurum
2438 2901 2825 2960 argentumque
2852 2884 3146 2960 reperiunt.
3167 2899 3224 2943 ut
3249 2906 3343 2958 per
3365 2889 3557 2944 multos
3577 2889 3685 2943 dies
3703 2889 3793 2944 vix

2221 2993 2577 3039 evacuaretur
2604 2996 2634 3035 a
2665 2982 3089 3050 deportanttbus.
3121 2980 3187 3034 Et
3215 2996 3279 3035 ex
3313 2981 3413 3034 hoc
3443 2979 3530 3034 ille.
3568 2978 3794 3048 amplius

2226 3075 2383 3130 hilari
2408 3075 2720 3144 erogatione
2746 3073 3075 3141 dispensavit
3104 3072 3308 3142 egenis.

2294 3169 2434 3225 XXI.
2468 3169 2628 3239 Igitur
2652 3166 2678 3205 ιι
2708 3177 2891 3222 contra
2920 3166 3196 3223 Salonium
3224 3162 3669 3231 Sagittariumque
3686 3162 3800 3231 epi-

2226 3274 2420 3330 scopos
2449 3259 2706 3312 tumultus
2735 3259 2997 3312 exoritur.
3032 3256 3091 3310 ili
3133 3258 3272 3309 enim
3305 3272 3334 3308 a
3364 3256 3557 3309 Sancto
3595 3253 3803 3308 Nicetio

547 3360 600 3404 ut
627 3350 890 3417 diximus,
915 3366 1139 3421 magnus
1180 3362 1233 3407 et
1271 3369 1428 3409 verus
1468 3354 1798 3410 Christianus
1827 3358 2119 3421 erat,dum
2146 3347 2193 3410 C
2226 3351 2565 3425 Lugdunensi
2614 3351 2867 3421 episcopo
2913 3349 3162 3417 educati,
3209 3348 3525 3401 diaconatus
3566 3344 3805 3400 ofﬁcium

548 3441 703 3493 hilari
732 3440 1108 3495 distributione
1138 3444 1460 3511 pauperibus
1487 3458 1644 3512 opem
1676 3454 1924 3514 praestat,
1950 3448 2121 3518 magis

545 3546 608 3593 ac
635 3531 801 3600 magis
828 3530 879 3586 ei
915 3532 1169 3586 Dominus
1197 3534 1583 3587 subministrat.
1611 3535 1742 3589 Nam
1772 3537 2121 3594 deambulans

548 3636 641 3685 per
689 3622 976 3690 pa'atium,
1019 3621 1146 3675 vidit
1192 3622 1245 3675 in
1296 3623 1599 3691 pavimento
1647 3625 1839 3680 domus
1888 3628 2119 3684 tabulam

551 3729 936 3780 marmoream,
962 3714 1014 3767 in
1045 3730 1144 3785 qua
1174 3730 1302 3770 crux
1336 3716 1610 3772 Domiuica
1651 3730 1766 3773 erat
1806 3722 2009 3789 sculpta
2030 3762 2046 3789 ,
2068 3733 2124 3780 et

546 3808 622 3858 ait
653 3821 667 3858 :
698 3803 870 3860 Cruce
902 3812 1021 3871 tua,
1050 3806 1301 3873 Domine,
1328 3806 1557 3862 frontem
1588 3818 1824 3864 nostram
1855 3812 2121 3871 munimus

545 3906 600 3955 et
621 3906 856 3966 pectora,
872 3905 1063 3951 etecce
1082 3910 1296 3951 crucem
1317 3897 1418 3952 sub
1440 3898 1659 3967 pedibus
1679 3900 2051 3958 cunculcamus
2066 3902 2117 3958 (ι.

550 3990 618 4041 Et
645 3989 787 4043 dicto
816 3988 973 4043 citius
996 3989 1155 4058 jussit
1182 4005 1303 4045 eam
1336 3990 1568 4059 auferri,
1591 3991 1910 4064 defossaque
1939 3997 2119 4052 tabula

547 4092 706 4148 atque
740 4091 938 4146 erecta,
966 4080 1241 4135 inveniunt
1280 4082 1467 4137 subter
1506 4094 1560 4139 et
1593 4085 1749 4139 aliam
1781 4087 1880 4141 hoc
1908 4087 2118 4157 signum

546 4175 848 4229 habentem.
876 4173 1315 4244 Nuntiantesque,
1337 4174 1493 4244 jussit
1516 4186 1568 4232 et
1596 4176 1738 4231 illam
1759 4180 1991 4233 auferre.
2006 4182 2120 4248 Qua

615 4343 641 4372 η
666 4333 854 4395 Coti)"
880 4329 1242 4395 Gttciolousm;
1291 4331 1447 4398 Dell.,
1479 4331 1816 4396 Ciucilonem,
1842 4336 1931 4399 qui
1959 4352 2121 4404 quon-

544 4408 662 4457 dant
699 4404 879 4472 palatii
919 4404 1183 4470 Sigiberti.
1212 4405 1403 4457 Comes
1436 4404 1616 4471 palatii
1648 4406 1963 4473 prtepOsitus
2004 4418 2121 4461 erat

546 4476 727 4541 regim,
747 4473 851 4540 juri
883 4474 1114 4527 dicundo
1145 4482 1391 4540 praeerat,
1414 4490 1476 4527 ac
1504 4489 1589 4527 res
1617 4474 1832 4541 majoris
1862 4477 2120 4530 momenti

546 4541 812 4595 referebat
857 4541 921 4613 ad
974 4542 1303 4611 principem;
1348 4554 1399 4597 et
1442 4552 1501 4597 ut
1546 4546 2005 4613 archit-apellanus
2050 4548 2119 4603 de

545 4612 926 4684 ecclesiasticis
970 4613 1164 4684 rebus,
1191 4628 1309 4682 qua:
1336 4614 1399 4667 ad
1432 4613 1686 4684 palatium
1714 4612 2115 4684 deferebantur,

544 4684 755 4775 sic'iste
776 4681 1518 4775 stimulatilius-judicabat.
1536 4683 1669 4741 Vide
1697 4687 1937 4757 DignOnii
1962 4681 2113 4742 notas
2143 4715 2197 4775 D

545 4757 596 4806 in
630 4754 718 4807 lib.
744 4769 756 4804 I
789 4751 1047 4815 Marculli,
1075 4755 1293 4807 formula
1321 4752 1412 4809 25.
1566 4810 1567 4813 η

619 4823 643 4861 b
679 4823 891 4892 Egidius
920 4838 1012 4877 seu
1042 4822 1315 4892 Aigidius,
1346 4824 1514 4893 episc.
1548 4824 1894 4891 Rbeuiensis,
1924 4827 1992 4883 ob
2020 4843 2116 4884 sua

544 4903 653 4948 tam
675 4894 810 4967 bona
836 4908 994 4967 quam
1017 4896 1151 4947 mala
1172 4894 1402 4967 facinora
1434 4897 1762 4967 notissimus.
1786 4897 1912 4967 Ejus
1935 4900 2116 4953 laudes

545 4966 883 5035 prosequitur
909 4963 1228 5019 Fortunatus
1251 4965 1343 5019 lib.
1369 4981 1449 5035 ut,
1473 4981 1639 5021 carm.
1670 4966 1755 5020 18.
1782 4963 1932 5021 Plura
1960 4969 2027 5024 de
2051 4984 2117 5024 eo

540 5034 882 5160 grndoardus
906 5034 1002 5089 lib.
1032 5048 1072 5089 tt
1103 5036 1238 5090 Hist.
1265 5036 1605 5103 Rhemensis,
1627 5045 1683 5091 et
1707 5041 1903 5107 passim
1935 5050 2119 5095 noster

590 5121 843 5160 reaornts.

590 5121 843 5171 regortus.

618 5187 640 5213 ο
660 5176 790 5249 Vide
811 5190 929 5244 cap.
942 5175 1010 5249 51
1042 5177 1275 5249 inferius.
1294 5175 1416 5249 Haec
1436 5185 1610 5249 autem
1634 5178 1814 5233 omnia
1835 5181 2116 5249 exscripsit

545 5245 738 5319 Paulus
770 5246 1035 5319 Diacrlib.
1061 5247 1207 5319 inde
1231 5246 1407 5319 Gestis
1434 5247 1691 5317 Langob.,
1712 5264 1828 5319 cap.
1856 5250 1915 5303 il
1947 5245 2109 5306 et“.

616 5313 648 5359 ἀ.
666 5316 993 5389 Theodosius
1016 5328 1070 5371 et
1092 5317 1492 5389 Valentinianus
1514 5313 1793 5374 vetuerant
1815 5336 1882 5374 ne
1904 5321 2110 5389 signum

540 5392 720 5440 crucis
749 5388 1133 5456 insculperetur
1164 5388 1214 5440 in
1241 5388 1378 5449 solo,
1408 5390 1490 5442 vel
1521 5389 1713 5456 lapide,
1734 5391 1816 5443 vel
1845 5388 2113 5445 marmore

542 5460 688 5511 humi
722 5458 914 5531 posito.
936 5458 1203 5531 ‘L._uni_t_'..,
1234 5457 1369 5531 βοά.
1404 5458 1675 5512 Neminem
1705 5462 1791 5512 lic.
1822 5462 1954 5531 sign.
1982 5460 2112 5524 Vide

536 5540 592 5582 et
619 5544 737 5581 can.
765 5529 798 5581 6
826 5528 988 5580 Cone.
1013 5526 1270 5581 Trullani.

612 5607 639 5668 τ
662 5600 767 5652 Sic.
795 5597 951 5651 Corb.
975 5611 1027 5651 et
1057 5598 1217 5661 Beih;
1251 5597 1399 5660 Bec.,
1430 5599 1610 5665 faciet;
1634 5598 1745 5663 alii,
1772 5600 2105 5668 permittebat.

614 5665 637 5705 ί
674 5668 958 5739 Eunuchus
984 5668 1369 5739 [iiIilOSlsSlmllS
1390 5669 1643 5721 Belisario
1664 5665 1999 5735 suhStitutus,
2019 5674 2108 5739 qui

540 5734 912 5811 Ostrogottbos
942 5738 993 5811 i_u
1021 5738 1164 5811 Italia
1198 5741 1406 5811 penitus
1431 5739 1647 5811 delevit.
1672 5740 1763 5791 sed
1788 5740 1855 5793 ab
1875 5734 2108 5811 Augusta

542 5809 683 5866 male
713 5809 933 5880 habitus,
956 5808 1330 5876 Langobardos
1357 5808 1408 5862 in
1439 5810 1680 5864 eamdem
1715 5808 1984 5880 regionem
2011 5815 2107 5866 atl-

544 5881 780 5951 vocavit;
802 5879 939 5951 quod
970 5888 1143 5932 tamen
1172 5880 1335 5951 gratis
1361 5881 1537 5935 fictum
1559 5879 1825 5937 existimat
1848 5882 2106 5951 Valesius,

664 5964 714 6018 nt
744 5965 853 6019 rer.
874 5948 1113 6018 Francic.

2221 3456 2347 3501 sunt
2376 3444 2551 3502 sortiti
2578 3460 2593 3498 :
2620 3442 2881 3512 hujusque
2910 3450 3151 3508 tempore
3180 3438 3428 3492 Salonius
3458 3434 3811 3490 Ebredunen-

2222 3537 2297 3592 sis
2323 3534 2341 3574 ί
2370 3536 2537 3600 urbis,
2563 3533 2989 3602 Sagittariuaque
3016 3531 3331 3601 Vapigensis
3356 3528 3605 3583 Ecclesiae
3626 3540 3814 3581 sacer-

2222 3630 2376 3684 dotes
2422 3637 2751 3681 statuuntur.
2796 3624 2902 3679 Sed
2949 3632 3189 3678 assumto
3227 3625 3556 3691 episcOpatu,
3586 3620 3637 3673 in
3677 3633 3815 3687 pro-

2225 3723 2397 3791 prium
2440 3718 2598 3774 relati
2640 3718 2952 3781 arbitrium,
2978 3725 3257 3784 cteperunt
3287 3715 3337 3767 in
3371 3710 3821 3783 pervasionibus,

2222 3811 2480 3879 czedibus,
2512 3809 2832 3873 homicidiis,
2858 3807 3157 3873 adulteriis,
3184 3806 3523 3874 diversisque
3552 3803 3606 3857 in
3635 3802 3824 3857 scele-

2224 3907 2389 3969 ribus,
2408 3906 2596 3959 insano
2619 3907 2798 3959 furore
2818 3902 3081 3972 grassari;
3117 3902 3186 3956 ita
3211 3909 3270 3955 ut
3287 3899 3517 3967 quodam
3539 3908 3825 3967 tempore,

2220 3998 2527 4052 celebrante
2547 3996 2763 4049 Victore
2784 3993 3208 4048 Tricastinorum
3234 3990 3249 4042 i
3286 3993 3541 4061 episcopo
3559 3990 3831 4043 solemni-

2222 4100 2382 4147 tatem
2424 4089 2651 4142 natalitii
2695 4087 2799 4153 sui,
2832 4086 3026 4141 emissa
3067 4085 3312 4147 cohorte,
3343 4099 3463 4139 cum
3514 4082 3715 4152 gladiis
3767 4091 3835 4136 et

2222 4181 2429 4254 sagittis
2460 4182 2729 4236 irruerent
2753 4194 2912 4251 super
2938 4195 3085 4235 eum.
3110 4178 3503 4247 Venientesque
3533 4175 3838 4231 sciderunt

2295 4344 2319 4386 ll
2353 4334 2442 4391 Sic
2466 4344 2675 4390 veteres
2704 4350 2835 4391 mss.
2864 4343 2919 4390 ct
2943 4334 3071 4391 edit.
3100 4333 3300 4389 Chesn.
3330 4348 3483 4402 vero,
3511 4334 3835 4406 ingressus.

2220 4405 2397 4477 Colb.,
2424 4422 2702 4477 regressus.

2291 4482 2319 4513 ⁵
2356 4473 2664 4541 Ηοοόεψυι
2691 4476 2840 4529 dcest
2872 4475 2922 4528 in
2954 4473 3142 4536 Corb.,
3177 4474 3305 4528 Bell.
3338 4486 3389 4527 et
3427 4474 3588 4530 Colb.
3622 4474 3848 4530 Exstat

2221 4548 2274 4601 in
2301 4547 2478 4600 Casin.
2508 4557 2561 4599 et
2590 4546 2727 4599 aliis.
2752 4544 2968 4600 Confer.
2991 4560 3108 4614 cap.
3129 4543 3200 4597 28
3232 4542 3387 4598 infra.
3413 4543 3605 4598 Refert
3632 4554 3851 4601 auten)

2222 4620 2273 4671 in
2307 4619 2409 4670 hoc
2438 4616 2744 4681 Gregorius,
2769 4631 2888 4680 quae
2916 4617 3101 4670 saltem
3137 4630 3165 4666 a
3190 4616 3459 4681 deccnnio
3488 4616 3572 4669 bis
3600 4614 3858 4671 duobus

2221 4687 2513 4760 episcopis,
2542 4685 3135 4760 Sagittarioscilicetet
3167 4685 3409 4760 Salonio,
3439 4687 3855 4760 contigerant.

2296 4755 2312 4794 ί
2343 4754 2706 4821 Ebrodunum,
2723 4755 3037 4822 Embruu,et
3059 4756 3346 4825 Vapingum
3370 4770 3463 4808 seu
3479 4754 3857 4824 Vapincum,

2236 4843 2355 4897 gap,
2385 4828 2630 4882 civitates
2676 4829 2727 4880 in
2775 4827 3093 4895 Delpltinatu
3138 4841 3321 4893 parum
3351 4840 3536 4897 a‘sese
3574 4827 3863 4897 invicem

2219 4895 2681 4964 dissnze,divers:e
2715 4908 2886 4950 tamen
2910 4898 3196 4966 provincia:
3220 4895 3638 4950 ecclesiastica.
3669 4895 3869 4951 Prior

2220 4984 2412 5035 nempe
2452 4967 2759 5036 metropolis
2806 4978 2887 5020 est
2916 4965 3141 5035 Alpium
3191 4965 3607 5026 Maritimaruut,
3648 4966 3873 5022 altera

2171 5074 2180 5083 .
2221 5054 2345 5093 vero
2374 5040 2475 5093 sub
2502 5039 2826 5095 Narbonensi
2861 5036 2901 5090 ll
2930 5038 3328 5104 archiepiscopo
3356 5036 3604 5103 Aqueusi
3643 5049 3876 5104 paret.

2295 5109 2310 5159 l
2354 5110 2486 5163 Editi
2514 5109 2752 5177 plerique
2778 5124 2895 5162 cum
2926 5107 3108 5173 ilcgm.
3126 5116 3181 5161 et
3206 5104 3881 5177 Bec.,i'f't't'cassinorum.

2222 5180 2517 5233 Retineuda
2550 5189 2723 5233 tamen
2757 5186 2935 5231 nostra
2968 5180 3142 5231 lectio.
3170 5178 3298 5245 [Sam
3332 5176 3665 5230 Tricassiua
3706 5178 3884 5233 urbs

2218 5260 2299 5304 est
2331 5252 2380 5303 in
2407 5248 2715 5317 Campania,
2733 5248 2889 5316 vulgo
2912 5249 3121 5317 'l‘royes.
3137 5249 3201 5299 At
3225 5247 3312 5301 hic
3335 5247 3683 5317 designatur
3706 5250 3892 5305 urbs

2218 5316 2635 5379 Tricastinorum
2686 5321 2735 5372 in
2784 5316 3126 5385 Delpltina‘lu,
3157 5318 3314 5383 vulgo
3365 5316 3741 5371 Stant-Paul
3799 5322 3895 5375 de

2217 5390 2669 5443 Trois-Clititeaux.
2693 5391 2755 5441 Et
2775 5390 2987 5457 quidem
3016 5389 3272 5441 Eusebius
3301 5389 3622 5457 presbyter,
3650 5387 3869 5443 Victo
3890 5420 3904 5433 π

2217 5460 2289 5513 ris
2320 5462 2404 5513 hic
2436 5460 2714 5513 memorati
2748 5461 2995 5522 nomine,
3018 5457 3260 5511 Concilio
3291 5458 3536 5522 Lugduu.
3577 5473 3625 5511 ιι
3665 5460 3907 5516 inter-

2218 5528 2346 5594 luit,
2373 5542 2426 5583 et
2462 5530 2684 5598 ipsemet
2717 5530 2955 5583 Cencilio
3000 5528 3372 5581 Matisconettsi
3405 5543 3420 5580 ι
3452 5528 3910 5595 subscripsit.

2218 5601 2451 5654 Natalitii
2480 5611 2653 5653 autem
2683 5600 2763 5652 sui
2792 5600 3102 5669 siileutnitas
3129 5614 3286 5666 quam
3317 5599 3693 5663 celebrabat,
3735 5612 3917 5658 erit;

2220 5673 2583 5724 anniversaria
2620 5670 3041 5725 consecrationis
3081 5684 3193 5722 sua:
3230 5672 3344 5722 dies
3376 5670 3427 5721 iu
3459 5669 3919 5736 episcoiiutn.

2220 5742 2283 5795 Et
2314 5741 2525 5810 quidem
2557 5741 2816 5809 hodieque
2843 5741 2896 5794 in
2923 5740 3209 5794 Pontiticali
3236 5740 3475 5793 l'lomauo
3501 5739 3691 5793 inter
3720 5739 3929 5799 festa

2219 5813 2541 5865 solemuiora
2594 5821 2932 5880 computatur
2967 5811 3386 5866 consecrationis
3423 5811 3939 5880 episcoponuu

2217 5882 2354 5944 dies,
2378 5881 2468 5959 qui
2501 5897 2613 5936 mos
2653 5892 2734 5938 est
2775 5883 3043 5952 antiquus,
3076 5892 3131 5937 ut
3177 5889 3320 5955 patet
3358 5896 3423 5936 ex
3470 5889 3603 5936 vet.
3647 5895 3939 5959 sacra;

2217 5963 2509 6008 ωυίιιιιτιιε.
