4016 6338
211 447 293 499 διε

1126 446 1440 503 IlISTOIlIA
1486 448 1931 504 FBANCORUM.
1974 450 2175 505 LIBER
2214 450 2531 519 QUINTUS.

3357 452 3500 507 Sﬁ‘

211 559 509 612 vestimenta
534 555 675 625 ejus,
694 558 967 612 ministros
986 558 1333 620 conciderunt,
1352 574 1476 614 vasa
1496 569 1547 615 et
1563 575 1775 614 omnem
1805 565 1854 623 Α
1882 576 2005 617 rans
2031 563 2170 633 quod
2201 563 2576 632 praetermissis
2615 576 2750 616 nunc
2779 561 3065 633 generibus
3113 559 3470 628 feminarum,

209 659 509 716 apparatum
533 655 559 682 ι
592 648 799 715 prandii
828 646 1158 713 auferentes,
1185 650 1543 717 relinquentes
1573 652 1782 719 episco-

210 756 322 809 pum
352 740 406 793 in
438 739 625 808 grandi
658 741 1004 795 contumelia.
1029 740 1181 807 Quod
1210 756 1327 794 cum
1361 758 1449 795 rex
1483 741 1785 798 Guntchra—

210 846 355 884 mnus
390 831 549 899 232
582 844 624 882 cc
650 831 933 895 inperisset
956 872 975 900 ,
1007 832 1318 900 congregari
1350 834 1610 903 synodum
1644 835 1784 903 apud

211 924 386 976 urbem
436 922 849 989 Lugdunensem
897 922 1076 991 jussit.
1108 924 1499 994 Cnnjunetique
1546 928 1784 996 episcopi

214 1025 325 1063 cum
357 1013 662 1080 patriarcha
686 1011 712 1050 δ
748 1013 953 1067 Nicetiu
986 1016 1162 1083 beato,
1186 1016 1447 1071 discussis
1474 1019 1670 1083 causis,
1701 1019 1784 1072 in-

212 1115 465 1156 venerunt
486 1118 582 1159 eos
611 1104 679 1159 de
709 1104 793 1159 his
821 1106 1135 1175 sceleribus,
1157 1107 1347 1177 quibus
1373 1109 1784 1175 accusabantur,

210 1194 358 1246 valde
387 1194 693 1260 convictos;
729 1206 1208 1265 praeceperuntque
1252 1206 1309 1252 ut
1347 1202 1433 1265 qui
1478 1201 1598 1252 talia
1634 1215 1786 1253 com-

211 1286 486 1351 miserant,
511 1287 852 1356 episcopatus
883 1288 1085 1343 honore
1110 1289 1463 1358 privarentur.
1484 1294 1549 1344 At
1570 1291 1645 1345 illi
1667 1306 1787 1346 cum

210 1375 379 1427 adhuc
424 1375 708 1443 propitium
759 1377 861 1431 sibi
912 1393 1088 1443 regem
1138 1393 1258 1433 esse
1305 1380 1635 1445 nossent,ad
1665 1395 1787 1435 eum

212 1467 491 1535 accedunt,
520 1468 872 1536 implorantes
912 1485 970 1525 se
1015 1472 1209 1539 injuste
1251 1485 1484 1528 remotos
1525 1491 1542 1531 :
1583 1476 1791 1545 sibique

212 1558 369 1610 tribui
402 1558 696 1625 licentiam,
724 1570 780 1614 ut
808 1560 874 1613 ad
908 1577 1096 1631 papam
1144 1563 1291 1617 urbis
1335 1565 1591 1621 Romana:
1635 1582 1792 1623 acce-

210 1650 335 1703 dere
361 1648 615 1704 debeant.
645 1651 751 1704 licx
781 1667 907 1706 vero
937 1668 1177 1707 annuens
1205 1654 1551 1723 petitionibus
1580 1671 1787 1723 eorum,

211 1739 347 1793 datis
377 1741 623 1809 epistolis
650 1756 744 1796 eos
772 1743 917 1797 abire
944 1744 1206 1812 permisit.
1231 1746 1328 1812 Qui
1357 1748 1673 1804 accedentes
1700 1765 1793 1804 co-

211 1845 321 1884 ram
352 1846 487 1900 papa
514 1832 720 1886 Joanne
746 1843 794 1897 ε,
818 1844 1093 1903 exponunt
1118 1850 1179 1889 se
1208 1837 1404 1891 nullius
1435 1839 1656 1892 rationis
1679 1840 1793 1894 exi-

1887 657 2027 724 regis
2058 657 2360 710 vocitantur
2388 655 2571 719 liberi,
2604 653 2693 723 qui
2736 653 2805 708 de
2845 652 3062 721 regibus
3101 651 3298 705 fuerint
3338 667 3462 720 pro-

1886 746 2080 799 creati.
2118 746 2207 799 llis
2249 746 2444 799 auditis
2479 760 2568 798 rex
2601 752 2902 797 commotus
2930 742 3113 805 valde,
3146 752 3252 795 tam
3292 755 3465 809 equos

1886 854 2043 905 quam
2075 852 2298 906 pueros,
2329 838 2410 891 vel
2438 852 2766 905 quaecunque
2794 836 2987 889 habere
3018 835 3463 904 potuerant,abs-

1890 930 2039 994 tulit;
2075 932 2324 999 ipsosque
2369 931 2420 983 in
2477 928 2814 984 monasteriis
2842 946 2870 981 at
2899 943 2958 983 se
2988 928 3209 998 longiori
3240 942 3465 982 accessu

1888 1021 2121 1085 dimotis,
2147 1022 2197 1074 in
2226 1022 2417 1091 quibus
2448 1021 2811 1089 paenitentiam
2840 1032 3076 1090 agerent,
3104 1021 3298 1075 includi
3326 1037 3466 1089 prae-

1888 1112 2057 1179 cepit,
2090 1127 2194 1165 non
2228 1112 2457 1180 amplius
2484 1126 2641 1179 quam
2672 1112 2910 1179 singulos
2946 1113 3024 1166 eis
3052 1113 3276 1166 clericos
3304 1114 3465 1167 relin-

1890 1218 2060 1273 quens
2102 1218 2118 1255 :
2160 1202 2372 1271 judices
2403 1204 2636 1256 locorum
2667 1202 2975 1256 terribiliter
3003 1216 3381 1267 commouens,
3407 1210 3465 1255 ut

1892 1293 2040 1361 ipsos
2067 1307 2187 1347 cum
2219 1292 2437 1345 armatis
2465 1276 2736 1346 custodire
2762 1292 3024 1359 debeant,
3065 1307 3130 1344 ne
3159 1291 3246 1345 cui
3275 1292 3340 1345 ad
3371 1306 3465 1347 eos

1891 1384 2189 1437 visitaudos
2218 1384 2356 1437 ullus
2385 1391 2565 1451 pateat
2588 1383 2783 1436 aditus.
2807 1381 3131 1451 Snperstites
3152 1384 3293 1438 enim
3312 1392 3468 1437 erant

1894 1476 1979 1530 his
2006 1475 2194 1531 diebus
2224 1476 2317 1529 filii
2346 1475 2518 1544 regis,
2541 1490 2607 1529 ex
2638 1474 2830 1544 quibus
2859 1476 3039 1529 senior
3069 1485 3328 1543 aegrotare
3357 1491 3468 1530 cae-

1899 1563 1995 1634 pit.
2014 1564 2344 1620 Accedentes
2363 1573 2541 1618 autem
2565 1563 2631 1616 ad
2660 1579 2840 1633 regem
2864 1562 3150 1616 familiares
3171 1562 3308 1631 ejus,
3327 1563 3469 1618 dixe-

1895 1662 2061 1710 runt:
2095 1655 2150 1709 Si
2182 1655 2443 1724 propitius
2472 1653 2658 1707 audire
2683 1652 2991 1720 dignaretur
3018 1666 3111 1706 rex
3143 1652 3303 1706 verba
3346 1666 3465 1706 ser-

1896 1760 2084 1798 vorum
2116 1760 2357 1809 suorum,
2384 1744 2729 1813 loquerentur
2758 1742 2809 1795 in
2837 1744 3054 1796 auribus
3081 1743 3207 1800 tuis.
3228 1742 3327 1809 Qui
3350 1743 3426 1796 ait
3450 1759 3467 1798 :

1897 1835 2194 1905 Loquimini
2218 1850 2335 1903 qua:
2359 1834 2505 1889 libet.
2533 1834 2927 1902 Dixeruntque:
2958 1832 3033 1886 Ne
3064 1832 3197 1886 forte
3219 1833 3471 1887 innocen-

117 1927 123 1935 '
214 1920 482 1975 stentibus
510 1923 686 1976 causis
716 1923 946 1978 dimotos
967 1924 1015 1979 ά.
1045 1925 1135 1979 Ille
1162 1941 1290 1981 vero
1314 1925 1570 1996 epistolas
1600 1928 1666 1982 ad
1697 1944 1785 1983 re-
1821 1935 1865 1995 Β
1897 1939 1977 1983 tes
2009 1927 2061 1982 bi
2088 1928 2324 1996 episeopi
2349 1926 2537 1982 exsilio
2566 1926 2901 1980 condemnati
2935 1925 3175 1985 fuissent.
3200 1932 3255 1980 et
3284 1940 3471 1995 pecca-

211 2026 326 2081 gem
353 2013 559 2083 dirigit,
578 2014 631 2067 in
653 2014 847 2083 quibus
868 2016 999 2071 locis
1018 2018 1132 2071 suis
1153 2018 1367 2073 eosdem
1393 2017 1596 2073 restitui
1613 2018 1791 2088 jubet.

213 2105 364 2171 Quod
396 2121 488 2161 rex
521 2106 640 2161 sine
666 2122 839 2172 mora,
859 2108 1134 2180 castigatis
1165 2111 1311 2179 prius
1339 2110 1443 2166 illis
1462 2112 1639 2167 verbis
1662 2112 1798 2165 mul-

213 2197 300 2260 tis,
325 2196 591 2265 implevit.
616 2198 723 2254 Sed
752 2200 916 2265 nulla,
941 2200 1082 2268 quod
1112 2200 1262 2270 pejus
1288 2210 1393 2268 est,
1414 2200 1516 2257 fuit
1544 2202 1797 2258 emenda—

214 2296 291 2347 tio
314 2294 604 2349 subsecuta
636 2311 652 2349 :
686 2305 863 2349 tamen
897 2292 1126 2351 Victoris
1152 2295 1389 2365 episcopi
1422 2310 1605 2366 pacem
1634 2296 1799 2365 petie-

216 2396 365 2449 runt,
400 2384 610 2441 traditis
638 2385 962 2450 hominibus,
987 2400 1123 2454 quos
1151 2384 1205 2440 in
1233 2384 1552 2441 seditionem
1583 2387 1799 2443 direxe-

214 2488 361 2532 rant.
404 2478 512 2533 Sed
559 2478 648 2533 ille
694 2479 1006 2533 recordatus
1054 2479 1301 2547 praecepti
1353 2478 1645 2543 Dominici,
1691 2494 1796 2535 non

213 2570 415 2624 debere
441 2569 594 2624 reddi
624 2570 851 2624 inimicis
881 2571 1019 2624 mala
1052 2584 1148 2639 pro
1178 2570 1331 2625 malis
1361 2570 1538 2640 (Rom.
1562 2584 1658 2632 xu,
1688 2570 1795 2640 l7),

211 2658 343 2713 nihil
393 2659 482 2713 his
529 2659 651 2713 mali
688 2659 922 2724 faciens,
947 2659 1145 2715 liberos
1176 2658 1325 2714 abire
1351 2658 1616 2728 permisit.
1648 2657 1801 2714 Unde

210 2752 262 2803 in
306 2758 588 2819 posterum
630 2764 659 2803 α
702 2752 1079 2805 communione
1123 2764 1414 2819 suspensus
1457 2758 1562 2816 est,
1594 2766 1691 2820 pro
1734 2766 1801 2807 eo

210 2841 353 2908 quod
408 2842 622 2910 publice
667 2856 945 2908 accusans,
984 2842 1121 2897 clam
1170 2842 1399 2897 inimicis
1447 2844 1798 2913 pepercisset,

209 2933 420 3002 absque
451 2936 679 2988 consilio
711 2933 929 2989 fratrum
951 2977 966 3003 ,
998 2951 1132 3006 quos
1162 2946 1526 2991 accusttverat.
1555 2938 1661 2993 Sed
1707 2953 1803 3007 per

212 3023 456 3080 favorem
486 3026 629 3095 regis
652 3028 843 3081 iterum
868 3028 920 3081 in
942 3028 1372 3083 communionem
1396 3040 1676 3084 revocatus
1699 3040 1799 3084 est.

210 3118 275 3173 lli
302 3133 440 3173 vero
472 3119 527 3172 in
560 3119 854 3187 majoribus
884 3119 1177 3174 sceleribus
1218 3119 1455 3188 quotidie
1502 3120 1803 3175 misceban-

210 3220 294 3264 tur
322 3228 339 3263 :
378 3219 437 3264 et
469 3210 525 3263 in
554 3210 753 3277 przeliis
784 3210 888 3262 illis
909 3249 923 3273 ,
954 3210 1093 3263 sicut
1115 3208 1225 3279 jam
1257 3223 1413 3276 supra
1458 3211 1798 3265 meminimus

1895 2026 2005 2072 tum
2048 2020 2190 2087 regis
2238 2028 2494 2086 augeatur
2538 2018 2589 2071 in
2630 2017 2835 2086 aliquo,
2867 2023 2922 2071 et
2949 2016 3068 2072 ideo
3099 2016 3238 2071 ﬁlius
3265 2017 3471 2073 domini

1897 2112 2062 2163 nostri
2091 2118 2292 2179 pereat.
2317 2107 2419 2175 Qui
2446 2109 2521 2161 ait
2549 2125 2563 2161 :
2596 2109 2669 2161 lte
2695 2107 3039 2175 quantocius,
3061 2115 3116 2160 et
3143 2108 3317 2162 laxate
3344 2123 3468 2178 eos,

1896 2202 2246 2269 deprecantes
2273 2211 2329 2253 ut
2356 2210 2511 2253 orent
2540 2214 2632 2266 pro
2664 2197 2893 2267 parvulis
2922 2199 3136 2251 nostris.
3154 2197 3356 2265 Quibus
3380 2199 3474 2254 ab—

1896 2294 2165 2359 euntibus,
2189 2291 2395 2345 diinissi
2419 2301 2561 2344 sunt.
2589 2289 2800 2358 Egressi
2834 2288 2992 2358 igitur
3018 2287 3087 2343 de
3114 2288 3473 2349 monasteriis.

1897 2385 2166 2457 conjuncti
2199 2396 2326 2440 sunt
2356 2384 2574 2453 pariter,
2592 2395 2645 2437 et
2672 2398 2729 2438 se
2758 2384 3163 2449 nsculautes,eo
3183 2384 3324 2452 quod
3348 2383 3474 2440 olim

1898 2496 1929 2534 a
1959 2497 2017 2535 se
2040 2481 2136 2535 tisi
2169 2494 2271 2534 non
2304 2479 2533 2543 fuerant,
2554 2477 2620 2531 ad
2649 2475 2891 2531 civitates
2918 2491 3041 2530 suas
3064 2477 3289 2545 regressi
3309 2487 3435 2532 sunt
3459 2493 3472 2530 :

1899 2585 1954 2630 et
1981 2573 2030 2627 in
2063 2581 2266 2625 tantum
2295 2569 2598 2636 compuncti
2624 2577 2770 2634 sunt,
2795 2579 2851 2622 ut
2876 2568 3182 2623 viderentur
3209 2583 3474 2636 nunquam

1901 2681 1930 2719 a
1963 2662 2240 2734 psallentio
2268 2674 2502 2727 cessare,
2522 2659 2685 2730 234
2710 2658 2983 2713 celebrare
3006 2656 3223 2727 jejunia,
3245 2659 3475 2713 eleemo-

1903 2769 2065 2825 syuas
2093 2766 2367 2817 exercere,
2393 2752 2581 2806 librum
2610 2750 2841 2803 Davidici
2863 2749 3115 2803 carminis
3141 2750 3362 2819 explere
3385 2764 3476 2821 per

1903 2848 2066 2912 diem,
2090 2858 2380 2913 noctesque
2410 2844 2462 2898 in
2495 2843 2707 2914 hymnis
2732 2857 2793 2896 ac
2825 2842 3140 2896 lectionibus
3166 2842 3481 2898 meditando

1903 2940 2189 2993 deducere.
2209 2936 2312 2991 Sed
2343 2952 2447 2991 non
2470 2936 2559 2990 diu
2588 2936 2700 2990 haec
2728 2934 2983 2989 sanctitas
3006 2934 3207 2988 illibata
3237 2949 3476 3004 permau.

1907 3031 2017 3095 sit,
2049 3029 2400 3096 conversique
2429 3036 2553 3081 sunt
2583 3026 2772 3080 iterum
2815 3032 3105 3078 retrorsum
3139 3039 3156 3079 :
3187 3034 3241 3079 et
3270 3024 3338 3077 ita
3371 3026 3478 3094 νιο-

1905 3137 2132 3190 rumque
2164 3131 2348 3175 noctes
2379 3118 2646 3189 epulando
2672 3126 2832 3187 atque
2862 3115 3090 3169 bibendo
3118 3115 3403 3182 ducebant,
3423 3127 3479 3172 ut

1906 3213 2116 3268 clericis
2142 3212 2426 3266 matutinas
2452 3210 2505 3263 in
2533 3208 2757 3263 ecclesia
2783 3206 3197 3271 celebrantibus,
3214 3206 3266 3259 hi
3291 3208 3477 3275 pocula

214 3300 355 3371 (Lib.
388 3316 465 3367 tv,
495 3316 612 3370 cup.
641 3298 752 3367 57),
782 3314 901 3369 qua:
933 3299 1252 3353 Mummolus
1279 3315 1398 3353 cum
1429 3299 1795 3370 Langobardis
1828 3312 1873 3375 (ι
1908 3309 2279 3373 poscerent,et
2300 3303 2420 3355 vina
2454 3301 2699 3353 libarent.
2718 3297 2866 3351 Nulla
2899 3312 3119 3362 prorsus
3144 3297 3210 3350 de
3233 3297 3340 3349 Deo
3365 3307 3480 3352 erat

210 3393 403 3463 gessit,
435 3400 689 3460 tanquam
722 3405 857 3444 unus
886 3406 948 3445 ex
981 3390 1150 3456 laicis,
1175 3390 1398 3445 accincti
1431 3404 1602 3457 arma,
1636 3390 1800 3460 pluri-

211 3501 332 3541 mos
378 3484 619 3553 propriis
661 3482 902 3537 manibus
945 3481 1344 3536 interfecerunt.
1377 3481 1431 3537 In
1490 3483 1634 3538 cives
1676 3499 1803 3539 vero

210 3590 337 3632 suos
384 3575 683 3630 nonnullos
722 3573 974 3628 commoti
1020 3572 1165 3639 felle,
1196 3573 1539 3628 verberantes
1579 3574 1804 3631 fustibus

211 3683 385 3738 usque
416 3669 486 3721 ad
516 3664 835 3721 ell‘usiouem
867 3664 1142 3734 sanguinis
1161 3707 1175 3731 ,
1204 3666 1517 3720 saeviebant.
1547 3665 1699 3722 Unde
1724 3666 1804 3721 fa-

209 3768 356 3814 ctum
405 3767 526 3825 est,
559 3766 617 3812 ut
656 3757 858 3812 clamor
888 3757 1043 3826 233
1087 3757 1265 3825 populi
1306 3758 1372 3811 ad
1409 3772 1590 3828 regem
1629 3759 1807 3815 denuo

215 3851 583 3917 procederet;
617 3848 944 3918 eosdemque
974 3865 1063 3902 rex
1092 3848 1342 3903 arcessiri
1372 3851 1642 3919 praecepit.
1671 3852 1808 3919 Qui-

212 3940 315 3995 bus
338 3938 981 4003 advenientibus,,noluit
1011 3939 1121 3993 suis
1146 3940 1420 3994 obtutibus
1448 3943 1756 4009 praesentari
1790 3960 1803 3997 :

211 4036 424 4088 scilicet
457 4043 514 4085 ut
548 4033 696 4101 prius
727 4032 902 4085 habita
930 4032 1228 4097 audientia,
1258 4031 1304 4086 si
1334 4033 1507 4087 idonei
1535 4043 1557 4070 θ
1587 4036 1797 4089 inveni-

208 4136 433 4193 rentur,
467 4123 547 4178 sic
579 4124 720 4192 regis
750 4124 1083 4192 praise-ntimo
1114 4132 1468 4179 mererentur.
1503 4125 1605 4180 Sed
1636 4125 1809 4195 Sagit-

212 4216 389 4270 tarius
440 4216 571 4270 felle
616 4225 947 4281 commotus,
994 4214 1130 4268 hanc
1170 4217 1427 4269 rationem
1469 4215 1606 4271 dure
1642 4218 1810 4272 susci-

212 4308 397 4375 pirus,
431 4317 491 4361 ut
518 4315 639 4361 erat
666 4306 803 4361 levis
828 4320 891 4361 ac
920 4320 1110 4369 vanus,
1136 4315 1190 4361 et
1219 4307 1270 4360 in
1303 4307 1640 4361 sermonibus
1670 4308 1809 4362 irra-

212 4399 581 4455 tionabilibus
628 4398 896 4465 proauus,
942 4397 1242 4452 declamare
1285 4396 1507 4466 plurima
1556 4397 1625 4452 de
1682 4413 1809 4467 rege

211 4493 410 4556 carpit,
443 4506 510 4545 ac
549 4490 752 4555 dicere,
784 4489 927 4558 quod
959 4490 1050 4543 lilii
1081 4490 1197 4558 ejus
1228 4505 1446 4559 regnum
1478 4504 1672 4558 capere
1702 4504 1807 4544 non

210 4592 485 4651 possent,
516 4596 585 4637 eo
613 4581 752 4651 quod
797 4591 964 4635 mater
992 4596 1175 4635 eorum
1208 4596 1273 4634 ex
1302 4578 1500 4633 familia
1532 4578 1549 4618 τ
1588 4580 1808 4650 Magna-

1904 3397 2125 3463 mentin,
2152 3395 2328 3448 nullus
2356 3393 2573 3447 omnino
2598 3404 2786 3445 cursus
2806 3398 2830 3436 κ
2865 3390 3135 3444 memoria:
3165 3388 3479 3444 habebatur.

1906 3488 2182 3543 Redeunte
2207 3485 2233 3524 ιι
2264 3500 2487 3551 aurora,
2519 3492 2796 3553 surgentes
2842 3496 2870 3534 a
2919 3494 3072 3534 cinna
3092 3519 3109 3537 .
3142 3479 3387 3533 mollibus
3416 3494 3476 3533 se

1909 3581 2235 3635 indumentis
2261 3578 2584 3647 operientes,
2609 3589 2800 3629 somno
2826 3574 3054 3643 vinoque
3081 3573 3294 3640 sepulti,
3315 3586 3483 3642 usque

1909 3674 1972 3728 ad
2005 3676 2189 3729 horam
2218 3673 2322 3727 diei
2354 3671 2562 3726 tertiam
2594 3668 2950 3723 dormiebant.
2977 3665 3083 3721 Sed
3112 3680 3209 3720 nec
3236 3666 3484 3722 mulieres

1907 3768 2131 3822 deerant
2154 3783 2271 3820 cum
2298 3765 2491 3835 quibus
2521 3763 2903 3831 polluerentur.
2922 3760 3278 3827 Exsurgt-ntes
3300 3757 3483 3823 igitur,

1909 3860 2073 3913 abluti
2118 3858 2319 3913 balneis
2359 3857 2423 3911 ad
2466 3855 2767 3911 convivium
2812 3850 3254 3915 discumbebant;
3286 3850 3486 3917 dequo

1910 3964 2139 4019 vespere
2183 3956 2485 4017 surgentes,
2519 3959 2687 4000 etcum
2728 3941 3000 3997 inhiabant
3039 3954 3205 4010 usque
3246 3939 3311 3994 ad
3359 3940 3486 3995 illud

1909 4041 2043 4097 lucis
2079 4030 2319 4109 tempus,
2348 4039 2487 4107 quod
2534 4036 2778 4106 superius
2817 4032 3067 4090 diximus.
3100 4032 3188 4086 Sic
3229 4032 3488 4087 faciebant

1910 4133 2134 4202 singulis
2160 4131 2367 4195 diebus,
2400 4129 2572 4182 donec
2599 4128 2675 4181 ira
2707 4126 2800 4179 Dei
2832 4124 2987 4178 irruit
3010 4138 3171 4191 super
3198 4138 3311 4184 eos,
3338 4122 3481 4193 quod

1911 4224 1965 4280 in
1995 4232 2261 4293 posterum
2280 4219 2619 4274 memoratnri
2638 4231 2821 4271 sumus
2843 4214 2979 4285 (Lib.
3005 4228 3095 4277 vtt,
3120 4228 3238 4283 cap.
3265 4211 3377 4280 59).

1986 4314 2146 4370 XXII.
2186 4314 2335 4368 Tunc
2364 4305 2746 4364 Vuinnochusl
2776 4306 2942 4361 Britto
2977 4304 3029 4358 in
3074 4317 3280 4358 summa
3324 4303 3489 4359 absti-

1912 4405 2087 4461 nentia
2127 4420 2157 4459 a
2205 4403 2487 4458 Britanniis
2534 4400 2683 4455 venit
2732 4395 3002 4461 Turonis,
3064 4393 3488 4466 Hierosolymam

1913 4497 2167 4553 accedere
2201 4495 2437 4565 cupiens,
2478 4493 2683 4548 nullum
2718 4488 2859 4545 aliud
2891 4488 3264 4544 vestimentum
3294 4486 3397 4541 nisi
3424 4487 3492 4541 de

1918 4588 2140 4659 pellibus
2165 4587 2341 4642 ovium
2374 4586 2494 4640 lana
2520 4583 2741 4655 privatis
2781 4581 2982 4636 habens
3016 4597 3031 4635 :
3076 4594 3234 4651 quem
3262 4594 3360 4633 nos
3387 4594 3493 4647 quo

209 4674 393 4730 charii
422 4673 696 4744 quondam
745 4674 937 4741 ascita,
972 4673 1112 4743 regis
1142 4681 1315 4727 torum
1344 4672 1565 4728 adiisset
1606 4690 1618 4726 :
1662 4674 1799 4744 igno-

1917 4680 2123 4737 facilius
2151 4690 2477 4745 teneremus,
2507 4677 2629 4748 quia
2670 4674 2822 4732 nobis
2852 4674 3135 4746 religiosus
3161 4671 3320 4728 valde
3348 4671 3494 4747 vide-

299 4845 324 4874 ι
356 4837 557 4904 Regm.
580 4847 685 4885 non
716 4830 873 4904 habet
902 4828 1125 4904 prandii.

298 4908 326 4946 δ
372 4896 707 4961 Ρίιῖτὶετεὴεε
755 4896 965 4953 titulum
1017 4899 1099 4952 hic
1144 4897 1350 4951 Nicetio
1400 4896 1580 4951 datum
1626 4897 1813 4967 objicit

206 4980 503 5038 Guintius,
525 4984 580 5027 ut
613 4972 797 5039 probet
820 4986 881 5024 ea
913 4984 1030 5037 quae
1057 4969 1142 5023 hic
1166 4970 1233 5022 de
1264 4967 1552 5039 Sagittario
1580 4969 1812 5039 etSalo-

206 5053 323 5104 nio
342 5037 675 5109 referuntur,
692 5042 759 5095 ab
779 5042 957 5109 aliquo
980 5041 1359 5109 interpolatnre
1380 5037 1617 5109 Gregorii
1644 5038 1814 5093 llisto-

198 5125 323 5176 rixa
360 5117 549 5171 addita
588 5112 776 5167 fuisse.
820 5110 923 5166 Sed
970 5110 1112 5164 idem
1167 5108 1347 5163 titulus
1390 5108 1573 5163 Prisco
1618 5109 1809 5163 Nicetii

200 5186 538 5246 μιςεεεεητὶ
580 5185 737 5238 datur
778 5182 828 5235 in
876 5180 1114 5233 Concilio
1150 5181 1425 5234 Matiscon.
1456 5195 1516 5234 tt.
1545 5178 1813 5247 Sulpicius

203 5262 399 5329 βρίθει.
437 5254 892 5329 Bituric.__dic2tur
923 5252 1224 5329 patriarcha
1264 5250 1519 5329 inmepist.
1550 5249 1810 5329 Desiderii

198 5319 619 5386 Cadurcensis.
646 5325 840 5377 Chesn.
872 5330 1001 5375 tom.
1036 5322 1074 5386 I,
1108 5336 1227 5389 pag.
1260 5322 1384 5385 880,
1418 5336 1516 5375 nec
1545 5319 1696 5374 alteri
1729 5334 1818 5373 us-

197 5418 387 5469 quam
422 5393 1163 5482 maereres:seeae
1180 5391 1582 5482 l?§i.‘.‘f_'i'_'..‘{’iis
1606 5391 1813 5482 tum
1921 5391 2828 5482 sarciasincisimsua
2846 5391 3505 5479 animifuisse:

578 5434 765 5554 G'alliaz.
791 5462 1029 5542 synodis.
1058 5434 1369 5554 (iunci'l'ium‘I
1379 5470 1562 5541 autem
1584 5460 1799 5554 Ιιιλμειιιιε

1921 5434 2038 5473 ants
2065 5434 2303 5489 Ut‘egnl‘ll
2338 5434 2658 5482 lOClsputet.
2703 5434 2826 5465 Viue
2867 5434 3172 5473 maumumt,

1925 5505 2047 5545 nem
2075 5490 2142 5543 de
2168 5503 2326 5544 cursu
2372 5485 2668 5548 Gallicana,
2706 5496 2886 5554 parag.
2918 5484 2974 5536 6.

564 5550 673 5606 quo
716 5534 800 5587 hic
824 5531 1040 5602 agitur,
1073 5531 1113 5585 ιῑ
1142 5533 1298 5601 vulgo
1339 5531 1554 5597 dicitur,
1582 5531 1818 5585 habitum
3177 5569 3340 5634 mm.
3360 5569 3513 5622 ηηε,

236 5634 279 5667 ιι
518 5648 537 5662 ο
1934 5650 1958 5669 ,ι
1972 5666 2017 5669 -.ξ
2030 5660 2043 5669 .
2061 5667 2072 5669 -

297 5648 612 5737 ῖνιξζιλξιεε
659 5675 745 5739 III,
787 5682 1146 5747 cognomento
1193 5670 1505 5747 Catellinus,
1549 5670 1613 5724 ad
1664 5685 1799 5740 quon

1924 5650 2093 5705 dente.

198 5731 699 5826 permissu-regis,
728 5731 781 5799 ut
808 5731 1051 5800 observat
1087 5743 1397 5813 Gregorius,
1424 5731 1782 5797 accesserant.
2007 5741 2019 5778 ἱ
2064 5740 2240 5806 Colb.,
2268 5738 2581 5794 Wanochus.
2614 5735 2764 5802 Bad.,
2792 5732 3096 5790 Mnnocltus.
3120 5731 3197 5789 De
3218 5731 3336 5809 ejus
3364 5744 3519 5793 litor,

284 5822 325 5863 ἀ
367 5824 588 5867 Regni“
616 5825 834 5867 remotos
862 5830 893 5867 α
920 5818 1025 5867 suis
1056 5816 1349 5867 honoribus.
1929 5822 1981 5867 te
2010 5812 2098 5867 lib.
2130 5827 2217 5867 \‘ttl
2242 5852 2255 5867 .
2288 5825 2401 5867 can.
2436 5807 2522 5861 5i.
3232 5840 3241 5845 -

284 5822 325 5863 ἀ
367 5813 834 5872 Βραιι)..’τενηοιυε
862 5830 893 5868 a
920 5818 1025 5867 suis
1056 5816 1349 5868 honoribus.
1929 5822 1981 5869 te
2010 5813 2098 5867 lib.
2130 5827 2217 5867 \‘ttl
2242 5852 2255 5872 ,
2288 5825 2401 5872 cap.
2436 5813 2522 5861 δι.
3232 5840 3241 5845 -

290 5822 325 5863 ι
367 5824 588 5888 Begu»,
616 5825 834 5870 remotos
862 5830 893 5868 α
920 5822 1025 5867 suis
1056 5822 1349 5868 honoribus.
1929 5822 1981 5869 te
2010 5822 2098 5867 ltb.
2130 5827 2217 5867 \‘ttl
2242 5852 2255 5877 ,
2288 5825 2384 5874 cap

290 5906 325 5933 ε
376 5896 426 5953 ω
462 5900 573 5956 est,
606 5891 807 5961 absque
833 5885 1075 5949 crimine,
1110 5895 1162 5939 ut
1207 5883 1398 5953 passim
1432 5881 1662 5952 loquitur
1693 5879 1823 5935 Gre-

1915 4834 2127 4901 gorius;
2161 4834 2282 4889 inde
2312 4832 2365 4888 itt
2395 4830 2789 4903 Capitttlaribtts
2813 4843 2866 4882 se
2886 4826 3149 4881 idoneam.
3180 4824 3317 4880 Vide
3348 4826 3496 4882 Alte-

1915 4915 2391 5043 “iniungimus
2421 4974 2591 5026 fuerat
2618 4968 2813 5043 ancilla
2842 4966 2894 5022 in
2926 4964 3087 5020 domo
3106 4964 3489 5035 Magnacltarii.

1920 5045 2051 5100 Vide
2077 5040 2236 5115 supra
2264 5040 2378 5098 n'ot.
2428 5045 2479 5097 in
2508 5057 2625 5109 cap.
2659 5040 2749 5095 17.

1989 5146 2015 5185 8
2056 5138 2145 5191 Sic
2172 5137 2495 5191 vocabantur
2526 5134 2671 5187 horae
2714 5128 3009 5184 canoniczc.
3060 5127 3232 5184 Hodie
3281 5128 3493 5187 dicere-

1919 5224 2075 5263 mus:
2107 5208 2257 5261 Nulla
2285 5206 2365 5262 eis
2390 5215 2506 5260 erat
2548 5217 2675 5256 cura
2706 5197 2965 5259 recitandi
2997 5199 3277 5255 Breviarii.
3323 5202 3511 5267 Quarti.

1920 5292 2045 5332 vero
2071 5278 2301 5345 religiosi
2332 5282 2515 5330 essent
2566 5273 2680 5326 istis
2725 5272 3053 5345 temporibus
3096 5270 3301 5345 clerici,
3332 5274 3517 5328 etiam.

1920 5349 2154 5416 episcopi
2164 5340 2199 5410 ,⁷
2212 5349 2260 5400 in
2292 5348 2393 5400 hoc
2424 5340 2785 5416 persolvendo
2804 5354 2996 5416 penso,
3010 5412 3017 5416 _
3030 5355 3106 5416 ex
3122 5344 3496 5416 compluribus
