4016 6338
558 410 661 471 553

1563 415 1620 471 S.
1661 416 1985 483 GREGORII
2026 419 2326 478 EPlSCOPI
2368 424 2789 486 TURONENSIS

3684 444 3767 501 3N-

559 523 732 599 batur,
759 519 1075 592 presbyterii
1119 522 1285 592 gratia
1335 523 1711 589 honoravimus
1744 539 1789 581 ι.
1842 529 2130 599 Ingitrudis
2159 544 2209 603 Α
2237 535 2339 593 Sed
2374 546 2493 607 post
2531 555 2750 606 annum,
2786 549 2839 597 et
2863 542 3046 611 patriae
3086 552 3140 599 et
3184 544 3525 607 facultatibus
3569 553 3763 612 redditus

553 622 730 668 autem
782 613 1088 683 religiosam
1168 617 1608 671 consuetudinem
1665 621 1913 687 habebat,
1936 639 2126 693 aquam

551 707 618 760 de
656 705 905 774 sepulcro
924 708 1092 763 sancti
1136 707 1342 761 Martini
1371 708 1622 777 colligere
1650 726 1665 765 :
1693 726 1796 781 qua
1829 728 1963 784 aqua
1994 717 2128 770 deli-

548 807 746 865 ciente,
777 808 927 867 rogat
954 815 1048 855 vas
1074 813 1195 853 cum
1231 802 1353 853 vino
1380 802 1443 854 ad
1477 802 1616 857 beati
1640 806 1901 879 tumulum
1932 808 2128 876 depor-

550 894 670 945 tziri.
695 891 986 947 Transacta
1024 904 1202 950 autem
1233 907 1413 959 nocte,
1463 896 1516 951 id
1543 897 1735 954 exinde
1764 898 1866 954 hoc
1907 904 2129 974 presby-

548 989 663 1033 tero
693 993 954 1050 prmscnte
981 987 1181 1048 assumi
1228 987 1519 1056 mandavit,
1548 999 1604 1043 et
1632 990 1696 1043 ad
1726 1006 1785 1045 se
1814 992 2010 1059 delato,
2052 996 2125 1049 ait

550 1074 859 1145 presbytero
891 1094 903 1130 :
934 1077 1097 1131 Aufer
1126 1078 1246 1132 hinc
1273 1081 1475 1141 vinum,
1505 1092 1556 1134 et
1579 1096 1737 1136 unam
1770 1093 1973 1138 tantum
2004 1096 2125 1155 gut-

545 1171 652 1237 tam
698 1167 764 1220 de
802 1181 934 1236 aqua
990 1168 1289 1235 benedicta,
1347 1171 1486 1226 unde
1536 1187 1721 1240 parum
1744 1185 2011 1243 superest,
2045 1175 2126 1230 ef-

542 1256 703 1313 funde
730 1255 778 1309 δ.
807 1258 957 1323 Quod
990 1273 1113 1312 cum
1143 1259 1376 1317 fecisset.
1428 1262 1619 1315 mirum
1651 1264 1816 1329 dictu,
1849 1265 2120 1320 vasculum

542 1347 1063 1417 quodsemiplenum
1116 1359 1254 1414 erat,
1303 1350 1368 1404 ad
1416 1353 1572 1406 unius
1612 1362 1772 1422 guttai
1802 1355 2118 1411 descensum

541 1441 943 1508 impletumest.
993 1441 1133 1496 Idem
1184 1444 1264 1497 bis
1311 1454 1404 1498 aut
1450 1455 1529 1500 ter
1579 1448 1646 1500 ita
1679 1457 1981 1513 vacuatum,
2028 1464 2122 1517 per

540 1544 697 1583 unam
730 1539 930 1586 tantum
962 1542 1161 1609 guttam
1204 1544 1285 1588 est
1316 1537 1587 1603 impletum
1620 1554 1632 1591 :
1661 1539 1820 1609 235
1848 1541 1986 1609 quod
2012 1556 2116 1595 non

536 1621 823 1687 ambigitur
845 1634 896 1678 et
921 1607 982 1677 in.
1005 1626 1104 1678 hoc
1126 1625 1263 1679 beati
1299 1626 1507 1680 Martini
1546 1607 1709 1684 inissa:
1730 1607 2005 1685 suae...

608 1711 797 1767 XXIII.
844 1714 935 1770 IIis
965 1716 1035 1770 ita
1064 1718 1249 1786 chtis,
1285 1718 1508 1777 Samson
1542 1721 1681 1775 Illius
1707 1723 1998 1791 Chilperici
2029 1740 2116 1780 re-

532 1805 614 1873 gis
634 1805 833 1875 juuiur,
859 1823 887 1861 a
914 1809 1215 1878 dysenteria
1238 1820 1291 1864 et
1321 1810 1467 1866 l‘ehre
1499 1815 1940 1881 comprehensus,
1973 1833 2004 1872 e
2031 1834 2117 1873 re-

2237 641 2320 685 est
2352 631 2486 700 (Lib.
2512 649 2602 688 vut
2623 673 2639 698 ,
2671 650 2789 703 cap.
2833 636 2946 704 2(3).
2976 637 3408 697 Guntchramnus
3440 643 3574 699 Bosa
3607 648 3766 705 relictis

2236 720 2443 776 ﬁliabus
2467 725 2579 777 suis
2608 725 2659 778 in
2691 726 2912 781 basilica
2938 727 3075 790 beati
3104 728 3288 793 Hilarii
3318 731 3384 785 ad
3406 731 3761 793 Childebertum

2234 827 2410 882 regem
2444 815 2673 881 transiit.

2302 904 2490 960 XXVI.
2532 908 2685 961 Anno
2711 923 2922 977 quoque
2949 912 3104 964 tertio
3147 913 3310 983 233
3355 914 3662 971 Childeberti
3695 933 3765 975 τεν

2227 996 2329 1064 gis,
2357 997 2445 1062 qui
2473 1007 2587 1050 erat
2613 998 2896 1064 Chilperici
2927 1010 2980 1054 et
3007 1001 3394 1057 Guntch'ramni
3425 1005 3663 1073 septimus
3685 1009 3761 1064 de-

2227 1089 2396 1149 cimus
2430 1103 2622 1153 annus,
2646 1077 2771 1143 cum
2805 1091 2977 1145 Dacco
3021 1101 3045 1129 °
3081 1094 3313 1161 Dagarici
3346 1096 3609 1164 quondam
3633 1097 3761 1165 ﬁlius,

2227 1178 2414 1232 relicto
2456 1195 2581 1249 rege
2622 1181 2951 1250 Chilperico,
3002 1184 3103 1239 Imc
3148 1185 3380 1255 illucque
3428 1198 3702 1259 vagaretur,
3737 1205 3762 1244 a

2229 1268 2523 1324 Dracoleno
2554 1269 2572 1308 ί
2607 1272 2761 1338 dure,
2795 1274 2883 1342 qui
2923 1274 3201 1330 dicebatur
3231 1276 3542 1345 lndustrius,
3575 1280 3762 1333 fraudu-

2223 1360 2395 1415 lenter
2418 1362 2783 1433 apprehensus
2809 1373 2890 1419 est
2924 1384 2935 1418 :
2968 1382 3126 1435 quem
3155 1369 3388 1424 vinctum
3421 1370 3485 1422 ad
3531 1370 3764 1439 Chilperi-

2222 1466 2343 1506 cum
2368 1468 2543 1523 regem
2573 1454 2900 1509 Branuacum
2932 1456 3169 1523 deduxit,
3196 1459 3319 1512 dato
3354 1460 3403 1514 ei
3442 1464 3765 1527 sacramento,

2222 1545 2369 1613 quod
2391 1544 2553 1598 vitam
2599 1545 2737 1599 illius
2786 1561 2908 1600 cum
2937 1562 3060 1617 rege
3089 1558 3113 1596 8
3142 1550 3433 1604 obtineret.
3464 1552 3567 1606 Sed
3599 1552 3770 1607 oblitus

2218 1634 2558 1700 sacramenti,
2589 1634 2697 1703 egit
2725 1648 2844 1690 cum
2870 1636 3124 1705 princ-ipe,
3157 1637 3387 1693 nefarias
3414 1656 3498 1693 res
3526 1656 3766 1704 asserens,

2223 1732 2281 1776 ut
2328 1733 2647 1778 moreretur.
2679 1726 2773 1780 Ille
2802 1741 3013 1795 quoque
3053 1742 3173 1782 cum
3204 1731 3410 1783 vinctus
3440 1717 3769 1797 detiu'eretur,

2221 1824 2273 1868 et
2299 1816 2641 1870 cerneret'se
2680 1818 2886 1884 penitus
2914 1833 3017 1870 non
3047 1834 3362 1884 evasurum,
3393 1835 3421 1873 a
3459 1824 3767 1891 presbytero,

529 1896 629 1951 bus
656 1896 900 1953 humanis
925 1903 1177 1955 excessit.
1210 1901 1302 1956 llic
1331 1918 1477 1964 vero.
1501 1918 1620 1957 cum
1651 1905 1984 1975 t.hilpcricus
2014 1923 2107 1963 rex
2139 1918 2185 1979 Β
2214 1919 2339 1973 rege
2382 1907 2674 1971 nesciente,
2723 1908 3087 1975 ptenitentiam
3123 1909 3272 1977 petiit
3298 1908 3348 1964 h.
3397 1912 3509 1976 Qua
3554 1924 3768 1982 accepta,

537 1987 764 2045 Torttaci
793 2005 823 2045 a
870 1990 1035 2047 fratre
1065 1994 1404 2049 obsideretur
1430 1996 1566 2065 (Lib.
1612 2012 1686 2063 tv,
1721 2014 1837 2067 cap.
1871 1998 1983 2071 52),
2018 2016 2111 2053 na-

529 2090 615 2135 tus
645 2091 729 2137 cst
762 2100 776 2137 :
800 2098 955 2153 quem
994 2094 1167 2139 mater
1193 2087 1263 2139 ob
1290 2096 1490 2141 metum
1531 2089 1717 2142 mortis
1744 2103 1775 2143 a
1803 2106 1862 2144 se
1891 2092 2108 2158 abjecit,

528 2185 581 2249 et
608 2176 830 2242 perdere
855 2176 1042 2233 voluit.
1075 2176 1181 2233 Sed
1212 2192 1333 2233 cum
1378 2195 1485 2231 nou
1517 2184 1797 2247 potuisset,
1829 2180 2107 2251 objurgata

525 2281 555 2344 ξ
587 2283 729 2336 rege,
756 2282 876 2323 eum
907 2269 1156 2337 baptizari
1189 2269 1461 2339 prcccepit.
1486 2270 1584 2337 Qui
1612 2272 1928 2340 baptizatus,
1960 2284 2015 2327 et
2041 2274 2109 2328 ab

525 2364 643 2439 Ipso
672 2361 924 2431 episcopo
971 2372 994 2401 ο
1050 2374 1350 2434 susceptus,
1386 2360 1554 2418 lustro
1593 2379 1699 2418 uno
1729 2380 1827 2419 nec
1873 2366 2110 2433 perfecto

524 2452 805 2523 defunctus
846 2461 947 2508 est.
999 2452 1129 2508 Nam
1177 2464 1232 2510 et
1280 2463 1449 2509 mater
1477 2455 1594 2525 ejus
1637 2455 2000 2526 Fredegundis
2055 2461 2109 2512 in

523 2548 607 2613 bis
632 2549 818 2604 diebus
846 2549 1077 2619 graviter
1108 2549 1411 2619 mgrotavit,
1439 2550 1531 2605 sed
1561 2553 1855 2606 convaluit.

596 2639 786 2693 XXIV.
839 2641 1079 2695 Posthazc
1130 2641 1183 2695 in
1233 2652 1410 2705 nocte,
1462 2656 1582 2711 qua:
1623 2653 1740 2697 erat
1786 2642 1941 2698 tertio
1986 2642 2109 2698 Idus

521 2731 858 2799 Novembris,
902 2733 1148 2801 apparuit
1178 2733 1330 2787 nob’s
1360 2732 1498 2787 beati
1528 2733 1738 2788 Martini
1770 2734 1977 2803 vigilias
2016 2749 2105 2790 ce-

520 2822 848 2899 lebrantibus
875 2838 1120 2893 magnum
1150 2824 1477 2895 prodigium;
1509 2840 1631 2879 nam
1659 2825 1711 2880 in
1752 2827 1930 2880 medio
1968 2827 2105 2882 luntc

521 2917 675 2970 stella
706 2915 913 2985 fulgens
935 2917 1043 2970 visa
1080 2927 1163 2971 est
1193 2916 1422 2981 elucere,
1454 2927 1506 2971 et
1537 2932 1699 2987 super
1724 2932 1786 2972 ac
1812 2918 1996 2973 subter
2019 2920 2103 2973 lu-

518 3022 641 3059 nam
681 3006 798 3060 alim
822 3005 989 3060 stella:
1019 3006 1329 3075 propinqua:
1356 3016 1737 3075 apparuerunt.
1775 3006 1882 3063 Sed
1910 3014 1965 3063 et
1993 3011 2103 3063 cir-

516 3097 672 3150 rulus
720 3096 830 3160 ille,
878 3095 967 3164 qui
1018 3095 1248 3162 pluviam
1284 3096 1594 3164 plerumque
1622 3095 1905 3165 signiﬁcat,
1955 3099 2099 3153 circa

513 3204 629 3257 eam
660 3188 926 3257 apparuit.
957 3185 1060 3241 Sed
1084 3201 1201 3256 qua:
1225 3186 1337 3241 hcec
1367 3185 1734 3255 ﬁguraverint,
1764 3186 2097 3255 ignoramus.

2214 1995 2529 2052 interfectus
2549 2008 2650 2052 est.
2696 1997 2829 2053 Cum
2856 2011 3033 2057 autem
3063 2002 3200 2057 idem
3245 2003 3569 2057 Dracolenus
3597 2006 3772 2060 veloci-

2213 2097 2294 2142 ter
2318 2096 2677 2144 reverteretur
2705 2091 2755 2143 in
2801 2092 3047 2159 patriam,
3075 2093 3158 2146 his
3195 2092 3386 2147 diebus
3431 2094 3771 2149 Guutchram-

2211 2165 2312 2234 nus
2344 2180 2487 2234 Bosa
2525 2180 2661 2236 tilias
2711 2194 2836 2236 suas
2882 2196 2919 2234 at
2961 2180 3176 2239 Pictam
3216 2182 3426 2239 auferre
3479 2185 3769 2239 conabatur.

2209 2272 2361 2338 Quod
2389 2272 2617 2328 audiens
2670 2272 3018 2339 Dracoleuus,
3068 2287 3130 2329 ss
3184 2289 3346 2343 super
3391 2289 3514 2330 eum
3560 2274 3771 2344 ohjecit;

2209 2364 2311 2420 sed.
2334 2364 2429 2430 illi,
2468 2365 2607 2419 sicut
2641 2374 2799 2420 erant
2824 2364 3012 2435 parati,
3043 2366 3369 2434 resistentes,
3414 2382 3475 2423 se
3503 2367 3772 2426 defensare

2210 2456 2532 2511 nitebantur.
2563 2455 2993 2512 Guntchramnus
3023 2472 3149 2512 vero
3178 2457 3321 2512 misit
3364 2474 3524 2513 unttm
3552 2459 3619 2513 de
3643 2460 3773 2514 ami-

2207 2546 2287 2611 cis
2316 2550 2428 2601 suis
2450 2546 2519 2600 ad
2544 2562 2688 2614 eum,
2726 2546 2912 2603 dicens
2936 2563 2950 2600 :
2997 2546 3145 2605 Vade
3180 2557 3235 2602 et
3258 2548 3344 2603 dic
3362 2550 3410 2604 ei
3437 2568 3450 2602 :
3500 2550 3617 2605 Scis
3636 2549 3771 2604 enim

2206 2639 2349 2707 quod
2380 2637 2553 2693 fmdus
2581 2639 2717 2694 inter
2746 2652 2844 2693 nos
2871 2638 3057 2692 initum
3088 2638 3365 2705 habemus,
3393 2654 3522 2708 rogo
3548 2651 3602 2693 ut
3631 2650 3683 2694 te
3709 2640 3776 2694 de

2208 2729 2344 2783 meis
2384 2742 2662 2786 removeas
2703 2730 2927 2785 insidiis.
2972 2730 3237 2798 Quantum
3268 2736 3346 2785 vis
3388 2732 3455 2785 de
3500 2731 3651 2786 rebus
3682 2733 3775 2786 tol-

2205 2818 2316 2875 lere
2344 2835 2448 2875 non
2481 2821 2770 2891 prohibeo;
2820 2830 3021 2876 tantum
3060 2824 3210 2890 mihi,
3260 2824 3358 2877 etsi
3410 2824 3573 2891 nudo,
3621 2824 3777 2879 liceat

2203 2923 2324 2965 cum
2354 2910 2559 2965 filiabus
2588 2911 2720 2967 meis
2746 2927 2873 2967 accc
2894 2915 3003 2968 lere
3046 2928 3151 2982 quo
3193 2919 3432 2967 voluero.
3465 2914 3534 2968 At
3577 2915 3685 2980 ille,
3718 2926 3776 2973 ut

2203 3010 2321 3054 erat
2351 3015 2519 3055 vanus
2545 3015 2609 3056 ac
2637 3002 2768 3057 levis
2793 3019 2806 3054 :
2844 3003 2999 3067 Ecce,
3031 3002 3220 3071 inquit,
3254 3004 3566 3072 funiculum,
3598 3005 3648 3058 in
3670 3021 3778 3075 quo

2202 3090 2291 3144 alii
2322 3091 2616 3160 culpabiles
2640 3093 2785 3162 ligati
2827 3092 2893 3147 ad
2922 3109 3121 3163 regem,
3167 3108 3253 3147 me
3302 3094 3549 3161 ducente,
3592 3096 3778 3157 directi

2202 3191 2328 3237 sunt
2360 3202 2372 3235 ε
2407 3184 2458 3237 in
2488 3199 2592 3254 quo
2619 3193 2673 3239 et
2702 3187 2786 3239 hic
2834 3185 2990 3241 hodie
3021 3186 3284 3256 Iigandus,
3313 3188 3438 3243 illuc
3476 3190 3772 3246 deducetur

512 3277 639 3335 Nam
671 3291 724 3333 et
755 3278 933 3331 lunam
978 3277 1078 3331 hoc
1108 3293 1247 3332 anno
1276 3292 1418 3346 smpe
1454 3277 1506 3331 in
1536 3277 1864 3346 nigredinem
1886 3293 2093 3333 versam
2122 3286 2167 3349 ς
2202 3272 2431 3328 vinctus.
2480 3275 2547 3327 Ει
2590 3274 2711 3330 haec-
2731 3289 2855 3330 cum
2902 3276 3144 3343 dixisset,
3178 3278 3552 3334 calcaneorum
3582 3282 3782 3338 ictibus

512 3372 757 3435 vilimus,
786 3380 840 3424 et
867 3378 990 3425 ante
1018 3368 1255 3424 Natalem
1298 3369 1505 3424 Domini
1555 3369 1731 3438 gravia
1783 3371 1929 3424 luere
1955 3372 2097 3425 toni-

513 3472 648 3514 trua.
684 3461 788 3517 Sed
821 3471 876 3515 et
920 3460 1234 3530 splendores
1281 3459 1359 3514 illi
1413 3461 1553 3513 circa
1586 3461 1774 3525 solem,
1822 3460 1961 3514 sicut
1984 3459 2093 3530 jam

513 3565 639 3610 ante
660 3556 867 3610 cladem
883 3555 1176 3611 Arvernam
1205 3552 1372 3609 fuisse
1396 3532 1931 3608 commemoravimus
1952 3555 2091 3626 (Lib.

515 3662 587 3716 ιν,
614 3663 727 3717 cup.
752 3645 865 3716 51),
893 3660 1027 3716 quos
1054 3646 1235 3700 rustici
1258 3645 1400 3700 soles
1422 3652 1632 3712 vocant,
1655 3646 2089 3716 apparuerunt“;

519 3751 567 3802 et
603 3753 749 3793 mare
779 3739 914 3791 ultra
945 3737 1159 3791 modum
1191 3750 1462 3810 egressum
1515 3745 1779 3812 asserunt,
1828 3746 1884 3793 et
1929 3741 2091 3793 multa

513 3830 618 3885 alia
645 3830 795 3900 signa
828 3836 1211 3898 apparuerunt.

583 3923 751 3979 XXV.
794 3922 1226 3979 Guntchramnus
1270 3923 1410 3981 Boso
1458 3925 1685 3979 Turonis
1730 3940 1851 3979 cum
1905 3927 2086 3995 paucis

509 4014 1011 4081 armatisveniens,
1045 4014 1180 4077 tilias
1218 4030 1366 4084 snas,
1396 4030 1528 4086 quas
1564 4017 1615 4070 in
1659 4017 1874 4072 basilica
1905 4028 2087 4089 sancta

507 4107 814 4177 reliquerat,
847 4106 894 4160 vi
923 4107 1163 4173 abstulit,
1193 4115 1249 4163 et
1277 4122 1369 4162 cas
1418 4122 1585 4177 usque
1631 4108 1858 4163 Pictavis
1902 4111 2091 4163 civita-

503 4209 631 4265 tem,
673 4215 794 4269 qua:
821 4209 936 4255 erat
961 4198 1286 4256 Childeberti
1318 4202 1477 4271 regis,
1521 4201 1792 4271 perduxit.
1822 4202 2092 4273 Chilperi-

502 4311 598 4350 cus
628 4312 838 4366 quoque
868 4312 961 4350 rex
990 4295 1260 4351 Pictavum
1301 4284 1555 4364 pervasit,
1583 4305 1742 4366 atque
1767 4300 1979 4367 nepotis
2005 4298 2085 4351 sui

500 4389 742 4461 homines
767 4388 835 4443 ab
864 4389 979 4457 ejus
1004 4396 1130 4441 sunt
1172 4388 1475 4442 hominibus
1504 4387 1741 4457 etl‘ugati.
1777 4388 2081 4443 Ennodium

499 4497 562 4536 ex
595 4481 845 4535 comitatu
893 4480 959 4534 ad
1005 4480 1146 4549 regis
1175 4483 1514 4549 praesentiam
1545 4484 1932 4549 perduxerunt.
1967 4483 2084 4549 Quo

499 4573 689 4649 exsilio
727 4572 1000 4642 damnato,
1052 4572 1328 4627 facultates
1371 4573 1489 4643 ejus
1518 4574 1648 4628 fisco
1699 4573 2078 4629 subdiderunt.

568 4756 594 4784 λ
633 4746 785 4803 Colb.
815 4755 870 4801 et
915 4746 1127 4813 Regm.,
1159 4749 1499 4802 onerarimus.
1546 4746 1832 4817 Inqitrudis
1865 4765 1991 4803 vero
2021 4751 2074 4805 in

496 4818 655 4872 editis
686 4818 953 4887 plerisque
979 4819 1176 4872 dicitur
1207 4818 1520 4889 lngetrudis.
1570 4820 1782 4887 Bcgtn.,
1820 4818 2075 4890 lngtltru-

493 4893 795 4961 diritatem
838 4891 1130 4961 religiosam
1174 4890 1610 4961 consuetudinem,
1660 4902 1763 4944 etc.
1797 4890 1873 4945 De
1919 4890 2076 4961 Ingil-

496 4960 652 5014 trude
684 4960 816 5013 infra
845 4959 1043 5022 libitx,
1072 4974 1190 5025 cap.
1217 4959 1305 5024 55,
1338 4969 1390 5012 et
1422 4960 1509 5013 lib.
1547 4976 1602 5025 x,
1635 4975 1685 5014 c.
1714 4961 1798 5014 1‘2.

564 5030 591 5067 δ
632 5030 842 5099 Regum,
890 5030 1009 5083 inde
1052 5046 1232 5100 parum
1278 5029 1659 5099 supera/funde.
1709 5030 1974 5086 Cancrum
2007 5047 2071 5086 cx

494 5101 596 5154 hoc
638 5100 1011 5171 similibusque
1047 5101 1316 5171 miraculis
1343 5101 1786 5171 consuetudinem
1821 5117 2067 5157 manasse

490 5178 640 5237 putat
660 5169 897 5223 Cointins
926 5172 1094 5223 sancti
1121 5168 1330 5228 Martini
1362 5168 1557 5226 nomen
1586 5187 1747 5240 super
1767 5176 1946 5225 vinum
1984 5175 2067 5226 in—

488 5241 733 5301 vocandi,
758 5241 993 5310 illudque
1022 5249 1202 5309 postea
1226 5257 1252 5291 a
1282 5240 1520 5297 Convivis
1548 5243 1761 5310 putandi
1791 5243 1842 5297 iu
1868 5253 2075 5297 multm

486 5312 761 5366 t-liarimtis
792 5311 1090 5383 symbolum
1116 5351 1141 5383 ,ν
1174 5326 1329 5383 quem
1378 5328 1579 5367 morem
1636 5325 1816 5378 postea
1873 5329 2066 5379 pravus

487 5397 615 5436 usus
638 5381 893 5448 corrupit.
928 5385 996 5435 At
1023 5381 1344 5449 crediderim
1386 5385 1565 5450 potius
1620 5384 1802 5437 ﬁdeles
1845 5384 1968 5436 olim
2013 5387 2066 5438 in

488 5461 622 5508 testo
652 5453 711 5508 S.
742 5453 974 5512 Martini,
1009 5453 1145 5506 sicut
1191 5465 1244 5506 et
1289 5451 1341 5505 in
1375 5454 1495 5505 aliis
1523 5454 1934 5523 celebrioribus,
1976 5470 2067 5520 pa-

486 5539 607 5578 rare
634 5523 875 5577 convivia
907 5523 1284 5587 consuevisse;
1334 5524 1509 5592 idque,
1540 5527 1638 5579 etsi
1672 5526 1721 5576 in
1755 5522 1869 5576 aliis
1912 5521 2063 5577 festi-

486 5594 735 5647 vitalibus
781 5594 1116 5663 abrogatum,
1168 5594 1220 5659 in
1269 5596 1368 5647 hac
1415 5610 1515 5647 una
1567 5608 1943 5660 perseverasse
1992 5595 2063 5648 ob

486 5664 655 5717 sancti
688 5665 783 5717 viri
818 5664 1205 5717 ceiebritatem.
1242 5663 1338 5717 llic
1363 5674 1538 5717 autem
1561 5668 1627 5718 de
1655 5666 1749 5717 ista
1777 5674 2063 5718 consuetu-

486 5738 611 5803 dine
642 5748 743 5785 non
773 5733 879 5802 agit
902 5732 1209 5799 Gregorius,
1248 5734 1342 5787 sed
1371 5733 1437 5787 de
1465 5749 1600 5802 aqua
1629 5735 1743 5794 illa.
1775 5750 1875 5803 qua
1920 5735 2060 5789 beati

488 5801 587 5875 viri
610 5801 910 5875 sepulcrum
950 5804 1092 5857 ablui
1130 5804 1353 5869 solebat,
1390 5818 1454 5859 cx
1484 5801 1584 5875 qua
1610 5805 1737 5875 :rgri
1767 5801 1929 5874 potati
1960 5820 2059 5860 sa:-

491 5872 615 5967 φας
627 5872 969 5951 curabuntur.

2105 4652 2158 4719 υ

2200 3379 2397 3436 urgens
2416 3381 2630 3436 equum,
2660 3369 2724 3422 ad
2757 3369 2904 3423 illum
2926 3370 3095 3424 veloci
3123 3386 3282 3425 cursu
3303 3373 3511 3442 dirigit;
3544 3383 3598 3429 et
3623 3389 3783 3430 casso

2199 3471 2319 3511 eum
2364 3460 2653 3513 verberans
2682 3458 2807 3525 ictu,
2840 3454 3019 3515 hastili
3059 3461 3251 3529 diviso,
3284 3466 3429 3517 ensis
3471 3464 3536 3518 ad
3579 3474 3784 3521 terram

2198 3549 2326 3604 ruit.
2355 3549 2785 3605 Guntchramnus
2816 3567 2946 3606 vero
2974 3567 3094 3607 cum
3117 3570 3276 3623 super
3302 3571 3362 3609 se
3392 3566 3623 3611 mortem
3648 3573 3782 3612 cer-

2196 3647 2350 3693 neret
2376 3639 2675 3706 imminere,
2709 3642 2951 3697 invocato
2980 3647 3193 3700 nomine
3225 3646 3454 3711 Domini,
3502 3659 3552 3703 et
3580 3650 3789 3704 virtute

2195 3744 2387 3799 magna
2414 3731 2551 3786 beati
2584 3731 2812 3797 Martini,
2844 3735 3157 3804 elevatoque
3204 3748 3384 3803 conto,
3421 3737 3784 3795 Dracoleuum

2194 3823 2429 3877 arctatin
2460 3822 2718 3889 faucibus,
2744 3840 3170 3897 suspensumque
3200 3828 3267 3882 de
3295 3842 3433 3898 equo
3462 3844 3678 3885 sursum
3730 3831 3783 3898 ί,

2193 3929 2330 3970 unus
2352 3917 2419 3971 de
2445 3918 2630 3971 amicis
2655 3920 2769 3972 suis
2794 3934 2913 3973 eum
2944 3919 3123 3975 lancea
3155 3920 3322 3976 latere
3352 3923 3694 3978 verberatum
3722 3928 3793 3979 li-

2192 4012 2344 4078 nivit,
2368 4010 2666 4083 fugatisque
2697 4014 2879 4077 sociis,
2903 4015 3123 4084 ipsoque
3140 4017 3395 4085 spoliato,
3413 4017 3793 4072 Guntchram-

2191 4116 2291 4180 nus
2302 4118 2420 4157 cum
2444 4103 2650 4159 ﬁliabus
2668 4104 2802 4159 liber
2816 4107 3090 4161 abscessit.
3107 4107 3350 4163 Posthaec
3364 4108 3599 4164 Severus
3613 4123 3795 4166 socer

2190 4194 2308 4262 ejus
2338 4208 2368 4247 a
2398 4194 2522 4249 Iiliis
2547 4195 2685 4265 apud
2715 4210 2895 4265 regem
2920 4199 3151 4266 graviter
3175 4211 3477 4254 accusatur.
3510 4200 3640 4255 Haac
3689 4202 3799 4258 ille

2188 4283 2433 4351 audiens,
2454 4299 2576 4339 cum
2601 4290 2803 4355 magnis
2829 4287 3140 4343 muneribus
3158 4289 3225 4343 ad
3249 4304 3427 4359 regem
3454 4293 3586 4359 petit
3609 4293 3793 4364 237

2186 4377 2277 4447 qui
2309 4376 2362 4430 in
2400 4380 2483 4431 via
2514 4377 2881 4446 apprehensus
2912 4387 2968 4434 et
2994 4381 3324 4452 exspoliatus
3344 4422 3360 4449 ,
3399 4393 3561 4453 atque
3589 4386 3647 4439 in
3678 4400 3798 4440 ex-

2188 4473 2365 4527 silium
2394 4473 2677 4541 deductus,
2707 4484 2878 4531 morte
2905 4477 3133 4543 pessima
3169 4477 3336 4531 vitam
3366 4478 3553 4532 ﬁnivit.
3587 4479 3703 4533 Sed
3732 4491 3802 4537 et

2185 4567 2293 4631 duo
2320 4564 2410 4621 lilii
2433 4564 2573 4635 ejus,
2606 4566 2934 4632 Bursolenus
2963 4576 3017 4623 et
3044 4568 3224 4637 Dodo,
3250 4568 3321 4623 ob
3343 4569 3547 4625 crimen
3571 4571 3806 4641 majes~

2256 4759 2277 4787 ο
2319 4747 2368 4803 Is
2396 4746 2561 4803 fuisse
2593 4748 2800 4802 videtur
2838 4747 3194 4804 Chrasmarus
3223 4748 3655 4803 Tornacensium
3713 4752 3810 4805 si-

2181 4820 2289 4874 mul
2319 4829 2374 4890 et.
2393 4820 2890 4887 Noviomagensium
2913 4834 3006 4873 seu
3028 4819 3526 4874 Viromaudensium
3555 4822 3813 4890 episco-

2178 4905 2299 4959 pus.
2354 4889 2447 4943 llic
2476 4891 2669 4944 desinit
2709 4891 2877 4944 codex
2924 4890 3337 4957 Bellovaccnsis,
3390 4889 3603 4945 caetera
3650 4903 3814 4948 sunt

2180 4961 2385 5014 avulsa.
2600 5007 2611 5019 .

2247 5030 2274 5067 ά
2316 5031 2410 5085 llic
2435 5030 2630 5085 desinit
2651 5040 2811 5099 caput
2838 5030 2889 5085 itt
2920 5028 3082 5086 Corb.

2251 5109 2275 5138 ε
2315 5102 2499 5164 Corb.,
2529 5101 2854 5166 Dacolenus;
2876 5100 3053 5165 Colb.,
3081 5100 3248 5170 Taceo
3274 5099 3547 5170 Tagarici;
3597 5101 3777 5157 Bad.

2171 5170 2654 5295 gaggoﬁbdarici;
2678 5173 2891 5241 Regum,
2921 5170 3069 5243 Dago
3094 5169 3375 5236 Gadarici;
3403 5172 3551 5239 Bec.,
3593 5170 3825 5227 Dacro

2220 5260 2251 5293 α
2292 5258 2438 5294 artct.

2220 5242 2438 5294 «darici.

2246 5311 2266 5350 ί
2286 5310 2496 5384 μονὴν
2532 5309 2845 5384 Dragoleno,
2874 5312 2966 5383 qui
3006 5310 3060 5366 in
3092 5313 3327 5368 indicqu
3352 5312 3596 5379 capitum
3635 5311 3825 5369 dici-

2173 5392 2256 5435 tur
2282 5382 2610 5453 Dratglenus.

2243 5463 2268 5523 ξτ
2308 5452 2429 5518 Alii,
2473 5452 2610 5522 apud
2642 5469 2827 5523 regem.

2246 5521 2271 5559 ιι
2311 5524 2443 5577 Nota
2475 5520 2742 5577 hominem
2776 5526 2826 5577 in
2856 5524 3099 5590 periculo
3127 5520 3352 5592 positum
3385 5523 3596 5593 clama
3623 5538 3833 5593 pres-g

2174 5594 2359 5663 hytero
2392 5596 2755 5658 paenitentiam
2790 5596 3026 5662 petiisse,
3053 5596 3193 5662 quod
3243 5610 3303 5645 ea
3347 5601 3477 5647 ante
3500 5592 3825 5647 Catullum

2173 5664 2237 5719 Vl
2270 5666 2319 5718 in
2364 5663 2587 5718 Francia
2621 5679 2726 5718 τοις
2753 5675 2878 5718 ante
2908 5676 3133 5719 mortem
3187 5668 3568 5731 deucgaretur.
3640 5663 3835 5718 Vide‘

2171 5736 2443 5791 Malitllou.
2476 5735 2631 5788 Praef.
2680 5737 2731 5787 in
2754 5734 2891 5788 Szuc.
2938 5750 2994 5790 tu
3022 5735 3376 5802 Benedictin.,
3410 5748 3464 5804 p.
3494 5749 3544 5799 ι,
3587 5749 3657 5789 n.
3689 5735 3829 5799 24.

2248 5808 2262 5843 ἱ
2309 5807 2516 5879 Regm.,
2544 5822 2692 5869 equo,
2725 5821 2948 5860 rursum.
3428 5826 3433 5829 ν
3514 5812 3517 5813 ⁷
3724 5810 3741 5817 ’
3784 5804 3809 5819 ⁸
