4016 6338
488 298 595 359 345

1417 299 1734 356 HISTORIA
1777 296 2215 354 FRANCORUM.
2260 297 2462 353 LIBER
2503 298 2819 363 QUINTUS.

3639 300 3747 356 546

487 416 610 470 tatis
647 413 793 467 ltesm
816 410 1017 478 judicio
1047 410 1233 464 mortis
1262 420 1542 479 suscepto.
1568 426 1703 465 umis
1725 412 1791 465 ab
1820 412 2056 467 exercitu
2087 419 2134 475 Α
2162 419 2343 466 sentes
2365 412 2629 480 episcOpi,
2679 414 2809 467 illud
2840 424 2917 468 εει
2944 416 3179 477 additum
3207 414 3226 454 ί
3245 459 3259 483 ,
3296 417 3435 486 quod
3460 429 3637 472 essent
3666 419 3742 472 rei

485 508 534 560 vi
566 516 855 573 oppressus
883 512 997 565 est;
1030 501 1169 555 alius
1200 502 1250 554 in
1284 501 1403 571 fuga
1434 503 1823 571 apprehensus,
1850 510 2065 556 trunca-

490 601 552 654 tis
586 598 834 652 manibus
872 606 925 651 et
968 595 1192 665 pedibus
1238 595 1476 661 interiit;
1509 610 1702 663 resque
1744 609 1932 649 omnes
1958 605 2063 649 tam

485 704 669 742 eorum
693 731 709 756 ,
738 700 896 756 quam
930 686 1115 755 patris,
1156 686 1285 741 ﬁsco
1324 686 1530 741 collata:
1552 695 1696 739 sunt.
1733 685 1897 739 Erant
1924 686 2071 739 enim

488 781 567 835 cis
597 780 769 848 magni
802 778 1059 832 thesauri.

565 870 774 925 XXVII.
807 869 1005 922 Dehine
1026 867 1301 933 Turonici,
1334 867 1556 934 Pictavi,
1591 868 1934 932 Baiocassini,
1964 866 2063 922 Ce-

493 962 818 1028 nnntannici,
851 961 1144 1029 Andegavi,
1170 975 1287 1014 cum
1312 961 1429 1012 aliis
1452 960 1632 1013 multis
1656 960 1704 1011 in
1738 960 2062 1013 Britanniam

491 1071 552 1107 rx
581 1054 727 1121 jussu
759 1052 1047 1118 Chilperici
1092 1051 1231 1119 regis
1262 1051 1507 1103 abierunt
1539 1066 1552 1102 :
1584 1059 1637 1104 et
1667 1058 1850 1103 contra
1879 1048 2065 1102 Waro-

490 1152 645 1199 c'mm
674 1154 721 1209 ⁸,
764 1144 927 1197 ﬁlium
980 1142 1244 1211 quondam
1292 1142 1528 1197 Macliavi
1556 1185 1570 1206 ,
1617 1142 1682 1194 ad
1733 1140 2062 1194 Vicinoniam

491 1237 517 1275 ιι
547 1236 761 1291 ﬂuvium
792 1236 1049 1289 resident.
1080 1235 1184 1289 Sed
1219 1234 1303 1287 ille
1333 1233 1517 1287 dolose
1543 1248 1636 1299 per
1664 1241 1874 1285 noctem
1905 1246 2069 1299 super

490 1331 729 1383 Saxones
757 1326 1123 1380 Baiocassinos
1147 1336 1169 1364 ο
1198 1338 1377 1389 ruens,
1404 1326 1688 1377 maximam
1723 1324 1919 1378 exinde
1945 1338 2064 1392 par-

492 1430 595 1475 tem
627 1418 913 1473 interfecit.
945 1418 1070 1472 Post
1112 1416 1197 1471 die
1241 1425 1414 1471 autem
1446 1417 1596 1470 tertia
1618 1457 1631 1478 ,
1682 1430 1801 1469 cum
1842 1415 2065 1469 ducibus

489 1511 630 1579 regis
661 1509 945 1576 Chilperici
976 1522 1161 1577 pacem
1186 1505 1407 1577 faciens,
1441 1518 1493 1561 et
1522 1506 1685 1559 ﬁlium
1717 1521 1872 1559 suum
1895 1506 1948 1560 in
1969 1506 2066 1558 ob-

489 1602 718 1654 sidatum
770 1599 1008 1662 donans,
1058 1606 1392 1651 sacramento
1420 1612 1479 1651 se
1518 1598 1873 1665 constrinxit,
1922 1596 2063 1667 quod

494 1690 668 1744 ﬁdelis
709 1689 823 1754 regi
855 1687 1155 1755 Chilperico
1180 1700 1300 1740 esse
1328 1685 1565 1740 deberet.
1593 1686 1825 1740 Venetos
1854 1700 2067 1754 quoque
2098 1700 2101 1703 λ

2167 501 2492 571 majestatis,
2542 513 2598 558 et
2644 507 2827 573 patriae
2856 507 3175 573 proditores.
3216 510 3327 573 Qua
3378 508 3444 562 de
3482 522 3638 559 causa
3677 510 3745 560 ab

2165 595 2474 662 episcopatu
2502 595 2746 649 discincti
2772 596 2893 669 [ΑΙ.
2922 598 3115 667 dejecti
3136 597 3175 670 ],
3212 600 3263 652 in
3295 599 3568 653 basilicam
3601 599 3743 654 beati

2168 685 2398 739 Marcelli
2425 687 2525 740 sub
2544 689 2785 741 custodia
2806 689 3185 743 detruduntur.
3210 690 3286 743 Ex
3310 706 3411 760 qua
3436 705 3530 757 per
3556 689 3733 759 fugam

2167 774 2300 843 lapsi
2327 818 2339 840 ,
2384 776 2746 831 discesserunt
2795 794 2889 846 per
2924 780 3133 834 diversa
3174 792 3457 850 vagantes,
3489 782 3657 837 dottec
3690 782 3742 835 in

2166 865 2468 919 civitatibus
2498 881 2682 920 eorum
2708 869 3098 938 alii'subrogati
3128 879 3317 923 suntl.

2239 954 2430 1009 XXIX.
2460 958 2797 1027 Chilpericus
2819 976 2947 1015 vero
2978 978 3070 1015 rex
3095 962 3478 1029 descriptiones
3501 976 3661 1016 novas
3691 972 3746 1015 et

2166 1062 2357 1115 graves
2397 1050 2448 1101 in
2497 1051 2640 1102 omni
2688 1066 2850 1119 regno
2875 1066 2973 1105 suo
3002 1052 3112 1106 ﬁeii
3134 1053 3311 1120 jussit.
3342 1054 3455 1118 Qua
3495 1054 3561 1106 de
3584 1066 3741 1106 causa

2167 1139 2314 1191 multi
2340 1139 2700 1208 relinquentes
2726 1142 2969 1196 civitates
2997 1142 3259 1214 illas[Al.
3294 1141 3474 1214 suas],
3509 1144 3597 1197 vel
3620 1157 3747 1211 pos«

2165 1229 2436 1283 sessiones
2469 1232 2737 1297 proprias,
2782 1233 2882 1284 alia
2929 1248 3087 1300 regna
3122 1235 3420 1301 petierunt,
3454 1234 3621 1287 satius
3648 1233 3749 1286 du-

2165 1331 2349 1374 centes
2378 1322 2502 1375 alibi
2538 1324 2899 1390 peregrinari,
2928 1339 3083 1392 qnam
3131 1324 3222 1377 tali
3273 1324 3510 1393 periculo
3556 1324 3742 1393 subja-

2165 1426 2307 1465 cere.
2339 1413 2607 1467 Statutum
2632 1415 2773 1469 enim
2806 1412 2999 1478 fuerat,
3033 1426 3088 1469 ut
3128 1429 3406 1483 possessor
3436 1415 3502 1468 de
3535 1414 3745 1482 propria

2167 1515 2305 1559 terra
2334 1521 2491 1560 uu-im
2540 1507 2849 1572 amphoram
2889 1508 2995 1561 vini
3033 1522 3126 1574 per
3154 1508 3467 1574 aripennem
3497 1504 3522 1543 δ
3553 1505 3741 1560 redde-

2169 1608 2272 1648 ret.
2302 1595 2408 1649 Sed
2439 1605 2492 1648 et
2520 1598 2635 1649 alim
2664 1596 2962 1650 functiones
2994 1596 3369 1664 inlligebantur
3398 1596 3577 1649 multis
3600 1636 3614 1657 ,
3640 1603 3746 1648 tam

2165 1684 2234 1738 de
2273 1685 2496 1753 reliquis
2536 1687 2717 1751 terris,
2744 1702 2900 1754 quam
2932 1687 2998 1740 de
3029 1688 3303 1755 mancipiis
3330 1706 3343 1741 :
3368 1689 3507 1756 quod
3542 1687 3748 1755 impleri

491 1781 759 1835 civitatem
789 1776 1002 1843 refudit,
1036 1778 1135 1832 sub
1163 1793 1226 1832 ea
1254 1778 1582 1843 conditione,
1614 1786 1671 1831 ut
1692 1778 1736 1833 si
1767 1785 2062 1833 mereretur
2096 1787 2140 1848 Β
2169 1794 2271 1831 non
2322 1786 2547 1845 poterat.
2582 1778 2953 1833 Lemovicinus
2994 1796 3202 1849 quoque
3252 1784 3475 1849 populus
3517 1796 3637 1835 cum
3687 1796 3747 1834 se

491 1885 608 1926 eam
641 1886 734 1939 per
758 1870 1049 1938 jnssionem
1082 1870 1220 1939 regis
1250 1884 1463 1939 regere,
1496 1870 1691 1925 tributa
1724 1871 1803 1924 vel
1846 1871 2022 1923 omnia
2046 1908 2063 1935 ,

492 1980 609 2033 qua:
636 1963 830 2017 exinde
860 1963 1219 2031 debebantur,
1262 1965 1418 2018 annis
1447 1964 1671 2036 singulis
1708 1964 1853 2020 nullo
1882 1967 2068 2020 admo-

496 2063 658 2110 nente
704 2055 1043 2109 dissolveret.
1074 2055 1227 2123 Quod
1258 2069 1378 2109 cum
1408 2053 1605 2111 factum
1636 2055 1861 2123 fuisset,
1908 2072 2066 2111 exer-

492 2146 630 2199 citus
670 2145 738 2200 ab
768 2161 832 2201 eo
862 2145 980 2201 loco
1021 2156 1260 2200 remotus
1304 2156 1407 2201 est.
1452 2146 1695 2202 Posthac
1733 2147 2067 2217 Chilpericus

494 2250 586 2289 rex
615 2235 681 2290 de
712 2236 1035 2306 pauperibus
1058 2248 1110 2292 et
1133 2236 1437 2308 junioribus
1464 2236 1491 2275 ‘l
1520 2239 1763 2294 ecclesia:
1795 2242 1878 2295 vel
1923 2241 2068 2296 basi-

494 2324 609 2380 licze
642 2327 844 2381 [vannos
868 2327 1028 2397 jussit
1047 2328 1210 2398 exigi,
1241 2343 1339 2398 pro
1365 2343 1431 2383 eo
1449 2330 1589 2398 quod
1614 2331 1665 2384 in
1697 2330 1933 2386 exercitu
1961 2347 2068 2387 non

495 2416 878 2471 antbulassent.
924 2415 1037 2472 Non
1069 2418 1212 2472 enim
1240 2428 1353 2474 erat
1382 2419 1749 2486 consuetudo,
1786 2430 1845 2474 ut
1892 2420 1948 2475 hi
1985 2422 2069 2476 ul-

496 2509 598 2561 lam
628 2510 968 2564 exsolverent
997 2510 1260 2579 publicam
1295 2511 1641 2567 iunctionem.
1674 2512 1915 2568 Posthaec
1944 2512 2071 2568 Wa-

497 2602 693 2655 rui-hus
723 2603 1038 2659 nbliviscens
1069 2604 1442 2674 proinissiunis
1481 2620 1621 2672 suae,
1654 2606 1837 2660 volens
1871 2608 2063 2661 irrum-

499 2711 627 2765 pere
677 2698 815 2764 quod
877 2696 1104 2763 fecerat,
1157 2695 1381 2751 Ennium
1436 2698 1744 2766 episcopum
1803 2697 2071 2754 Veneticaa

501 2788 646 2842 urbis
669 2788 735 2841 ad
763 2788 1116 2855 Chilpericum
1160 2803 1335 2857 regem
1366 2788 1564 2858 dirigit.
1592 2790 1658 2841 At
1699 2789 1787 2843 ille
1819 2790 1893 2843 ira
1925 2803 2073 2842 com-

500 2890 676 2932 motus
698 2921 711 2940 ,
744 2879 903 2949 238
929 2878 1260 2949 ohjurgat‘nm
1287 2894 1407 2934 eum
1433 2878 1625 2933 exsilio
1658 2880 1898 2933 damnari
1932 2894 2071 2947 prte-

501 2972 658 3038 cepit.

577 3061 807 3115 XXVIII.
832 3062 985 3115 Anno
1010 3076 1221 3130 quoque
1250 3071 1439 3131 quarto
1465 3060 1792 3117 Chiltleberti
1814 3101 1829 3127 ,
1860 3060 1947 3128 qui
1977 3060 2076 3116 fuit

2168 1880 2411 1926 cerneret
2441 1871 2530 1924 tali
2560 1868 2703 1924 fasce
2729 1874 2933 1940 gravari
2957 1916 2971 1937 ,
3020 1886 3377 1941 congregat-us
3426 1874 3474 1925 in
3508 1872 3747 1926 c..iendis

2168 1961 2399 2027 Martiis,
2435 1961 2667 2014 Marcum
2707 1958 3150 2028 referendarium,
3185 1964 3272 2030 qui
3312 1963 3425 2016 ha-c
3448 1977 3608 2033 agere
3634 1961 3749 2031 jus-

2167 2068 2260 2109 sus
2289 2054 2481 2118 fuerat,
2507 2054 2813 2109 interﬁcere
2834 2054 3000 2108 voluit
3032 2072 3044 2107 :
3077 2062 3131 2108 et
3162 2054 3379 2108 fecisset
3405 2054 3611 2121 utique,
3644 2054 3742 2105 nisi

2168 2160 2289 2201 eum
2328 2147 2611 2216 episcopus
2644 2144 2925 2199 Ferreolus
2950 2142 2965 2181 ί
2992 2144 3059 2197 ab
3090 2144 3384 2198 imminenti
3437 2143 3749 2197 discrimine

2170 2239 2467 2294 liberasset.
2529 2237 3032 2307 Arreptis'quoque
3079 2238 3230 2290 libris
3288 2235 3748 2304 descriptionum,

2171 2331 2335 2402 239
2372 2328 2621 2384 incendio
2674 2328 2959 2383 multitudo
3004 2326 3287 2395 conjuncta
3341 2326 3748 2380 concremavit:

2172 2427 2313 2478 unde
2343 2425 2565 2477 multum
2614 2424 2871 2477 molestus
2900 2437 2991 2475 rex
3017 2462 3032 2487 ,
3074 2420 3312 2489 dirigens
3341 2419 3407 2473 de
3461 2421 3625 2473 latere
3655 2434 3750 2473 suo

2172 2530 2457 2586 personas,
2482 2516 2758 2569 immensis
2783 2515 2997 2569 damnis
3029 2516 3278 2584 pepultun
3307 2511 3521 2574 afﬂixit,
3550 2514 3749 2582 suppli~

2174 2610 2376 2677 ciisque
2412 2607 2709 2662 conterruit
2737 2607 2785 2672 i,
2816 2614 2989 2661 morte
3017 2605 3310 2660 mulctavit.
3346 2604 3545 2660 Ferunt
3586 2604 3746 2658 etiam

2174 2710 2299 2757 tunc
2328 2702 2549 2757 abbates
2588 2712 2745 2770 atque
2783 2701 3125 2771 presbyteros
3164 2701 3231 2755 ad
3260 2702 3468 2768 stipites
3495 2709 3750 2754 extensus

2175 2796 2401 2850 diversis
2451 2792 2781 2863 subjacuisse
2812 2795 3092 2849 tormentis
3116 2836 3129 2858 ,
3164 2793 3615 2848 calumniantibus
3657 2808 3747 2847 re-

2174 2886 2379 2955 galibus
2410 2885 2621 2951 missis,
2659 2885 2798 2955 quod
2849 2886 2900 2939 in
2948 2885 3215 2941 seditione
3246 2886 3423 2955 populi
3456 2885 3522 2939 ad
3570 2887 3750 2939 incen-

2175 2978 2381 3033 dendos
2428 2978 2593 3033 libros
2634 2978 3011 3051 satellitesfl.
3056 2976 3367 3048 adjutores]
3421 2976 3749 3042 adfuissent,

2176 3070 2447 3124 acerbiora
2476 3084 2685 3138 quoque
2710 3069 2961 3137 deinceps
2993 3055 3289 3139 indigentes
3322 3070 3534 3121 tributa.

506 3154 741 3208 decimus
786 3160 1008 3206 octavus
1037 3151 1422 3207 Gnntchramni
1453 3160 1508 3207 ει
1553 3152 1819 3221 Chiperici
1849 3168 2068 3222 regum,
2102 3162 2147 3225 (ζ
2250 3161 2418 3216 XXX,
2457 3163 2690 3217 Britanni
2737 3178 2952 3231 quoque
3001 3164 3237 3229 graviter
3284 3162 3554 3230 regionem
3605 3160 3751 3213 [ιιω.

505 3245 641 3314 apud
665 3245 993 3299 Cavillonum
1022 3246 1286 3299 civitatem
1312 3247 1546 3317 synodus
1569 3246 1702 3301 facta
1722 3256 1824 3313 est,
1849 3262 1912 3301 ex
1922 3246 2075 3316 jussu

507 3336 757 3406 principis
786 3336 1203 3401 Guntchramni;
1232 3337 1596 3405 discussisque
1625 3338 1849 3392 diversis
1873 3337 2071 3406 causis,

507 3442 685 3483 contra
717 3428 989 3484 Salonium
1035 3438 1085 3482 et
1135 3428 1477 3497 Sagittarium
1525 3428 1806 3497 episcopos
1855 3429 2077 3482 iteratur

506 3523 597 3577 illa
626 3522 837 3590 antiqua
864 3521 1135 3575 calamitas
1157 3530 1202 3573 ο.
1234 3520 1569 3589 Uhjiciuntur
1604 3521 1682 3577 eis
1710 3521 1936 3575 crimina
1968 3538 1979 3573 :
2024 3531 2078 3575 et

508 3632 613 3669 non
658 3616 830 3668 siilum
858 3613 924 3667 de
944 3611 1248 3679 adulteriis,
1280 3628 1462 3667 verum
1492 3614 1654 3666 etiam
1687 3614 1752 3669 de
1781 3612 2078 3668 homicidiis

508 3717 843 3764 accusantur.
873 3705 977 3761 Sed
1025 3706 1138 3760 haec
1173 3721 1269 3777 per
1308 3707 1673 3775 pmnitentiam
1702 3708 1916 3778 purgari
1947 3723 2077 3763 cen-

583 3878 608 3905 σι
631 3867 806 3929 Colb.,
845 3864 1137 3928 Voracium,
1163 3872 1217 3917 et
1246 3860 1379 3917 infra
1402 3904 1418 3928 ,
1456 3862 1758 3918 Varadium.

579 3937 607 3977 ιι
629 3938 901 3991 Cervicem
936 3934 1217 3987 Britannia:
1260 3934 1552 4002 peninsultn
1580 3947 1756 4002 secat,
1801 3942 1961 4002 atque
1998 3934 2078 3989 in-

511 4020 592 4062 ter
619 4008 844 4062 Venetos
874 4016 921 4060 et
954 4004 1264 4058 Namnetem
1292 4004 1452 4058 urbes
1483 4005 1534 4058 in
1566 4004 1833 4059 Oceanum
1866 4006 2074 4058 Britan-

509 4082 683 4134 nicum
728 4077 1081 4145 immergitur.
1141 4074 1348 4143 \‘ulgari
1378 4075 1631 4130 idiotnate
1675 4074 1867 4129 dicitur
1897 4075 1948 4128 la
1989 4076 2077 4128 Vi-

506 4152 662 4204 tuine.

582 4232 604 4258 ε
629 4218 761 4274 Cod.
788 4218 997 4286 Regia"
1025 4215 1254 4271 Saxones
1278 4226 1427 4285 atque
1452 4215 1833 4287 Bajocnssinas.
1861 4217 1951 4271 Ast
1974 4216 2077 4287 alia

510 4290 667 4344 lcctio
698 4289 887 4357 potior.
923 4288 1016 4340 llic
1038 4289 1231 4354 quippe
1254 4286 1599 4351 designantur
1628 4286 1867 4342 Saxones
1890 4302 1921 4340 e
1946 4286 2079 4341 Ger-

509 4362 679 4413 mania
702 4356 941 4421 oriundi,
967 4357 1054 4423 ιμιί
1088 4356 1355 4411 inclinatis
1386 4358 1595 4421 imperti
1627 4357 1848 4411 llomani
1878 4357 2079 4409 viribus

508 4433 559 4484 in
593 4431 913 4483 Britanniam
941 4428 1193 4494 majorem
1222 4436 1276 4481 et
1302 4429 1353 4480 in
1384 4428 1579 4481 Gallias
1611 4428 1847 4492 irrupere
1874 4470 1889 4492 ,
1920 4438 2079 4494 atque

506 4502 657 4582 exiis
690 4499 927 4590 ltuttltglii
962 4499 1013 4552 in
1032 4506 1210 4590 tractu
1228 4501 1591 4590 mAfClIIGEiCO‘,‘
1598 4514 1660 4551 ac
1701 4497 1894 4590 ﬁnibus
1918 4500 2072 4590 liam.
2110 4531 2156 4590 υ

505 4573 731 4625 rassium
754 4584 799 4624 et
827 4568 1258 4622 Naumetensium
1282 4570 1643 4630 considentes,
1661 4585 1779 4623 cum
1806 4569 2073 4623 veteribus

508 4643 695 4696 incolis
724 4641 998 4708 permisli,
1045 4654 1237 4692 nomen
1289 4642 1449 4691 etiam
1500 4638 1707 4706 utrique
1736 4641 1879 4708 genti
1926 4653 2074 4691 COIII-

510 4729 667 4765 mune
701 4711 1019 4764 habuerunt.
1056 4709 1189 4762 Hinc
1218 4708 1537 4763 Fortunatus
1561 4710 1651 4762 lib.
1686 4723 1763 4771 tu,
1817 4724 1983 4762 carm.
2016 4708 2071 4774 8,

505 4784 683 4837 laudat
709 4782 937 4834 Felicem
968 4780 1134 4847 episc.
1166 4779 1530 4833 Namneticum
1560 4780 1629 4831 oh
1661 4779 1891 4832 Saxones
1921 4779 1990 4831 ab
2008 4795 2074 4832 eo

505 4855 604 4907 sub
629 4855 755 4921 jugo
774 4852 975 4906 (Παίδιί
1002 4847 1417 4921 mansuefactos.
1452 4850 1650 4904 Eurum
1680 4850 2075 4921 regionemtza-

504 4917 650 4978 rolus
676 4917 868 4977 Calvus
897 4922 946 4974 in
984 4922 1186 4990 legibus
1216 4922 1355 4988 apud
1386 4920 1656 4976 Silvacum
1686 4920 1919 4988 appellat
1947 4917 2076 4973 Lin-

502 5010 655 5064 guam
684 4994 1011 5064 Samniticum.

572 5064 598 5101 ἀ
625 5064 870 5147 Iuniores
912 5063 997 5117 hic
1044 5069 1167 5147 sunt
1202 5062 1453 5147 ecclesia:
1499 5060 1821 5147 servitnres,
1868 5068 1925 5111 ut
1952 5059 2077 5147 luit

502 5134 765 5196 Cointius,
793 5134 858 5186 ad
886 5149 1085 5185 annum
1127 5131 1269 5196 586;
1302 5128 1433 5186 aiias
1468 5130 1544 5184 sic
1587 5130 1921 5196 appellantur
1950 5128 2073 5182 Cle-

503 5207 598 5260 rici
644 5204 984 5258 subdiaconis
1028 5202 1329 5256 inferiores.
1374 5202 1502 5256 Vide
1542 5200 1745 5252 Concil.
1799 5199 2073 5253 Masticon.

502 5291 551 5335 I,
583 5292 702 5330 can.
732 5278 794 5337 8,
843 5284 896 5327 et
930 5273 1169 5342 Bignonii
1204 5274 1367 5327 Notas
1413 5276 1463 5324 in
1506 5270 1743 5324 Mat-colli
1791 5269 2072 5342 formulam

500 5344 646 5399 5lih.
692 5362 727 5398 ι.
757 5340 1197 5397 Bannum‘autem
1252 5345 1335 5397 h:c
1390 5351 1608 5411 usurpat
1648 5356 1743 5407 pro
1783 5340 2074 5411 multaiin-

499 5417 636 5470 dicta
670 5418 733 5468 iis
757 5416 845 5481 qui
868 5416 932 5468 ad
967 5420 1215 5477 hannum,
1248 5414 1297 5466 id
1329 5425 1411 5468 est
1436 5414 1499 5466 ad
1524 5410 1797 5480 placitum,
1823 5410 2073 5463 militiam

499 5502 591 5542 seu
623 5488 887 5541 delectmu
910 5501 1015 5537 nctt
1044 5495 1404 5538 accesserant.

578 5568 599 5593 ο
625 5557 741 5611 Jam
772 5558 965 5622 quippe
996 5554 1229 5609 accusati
1278 5557 1484 5608 fuerant
1520 5560 1575 5606 et
1618 5550 1960 5605 condemnati
2015 5552 2067 5603 in

498 5628 727 5680 concilio
757 5621 999 5695 L’ugdttn.
1053 5640 1087 5677 ll
1111 5665 1125 5687 ,
1177 5635 1232 5677 ut
1275 5625 1472 5679 dictum
1500 5634 1582 5677 est
1609 5637 1767 5695 supra
1802 5621 2035 5695 _cap.__20
2055 5661 2068 5683 ,

498 5696 595 5750 sed
618 5689 1015 5765 Joannis-papa:
1042 5695 1280 5765 decreto
1328 5695 1600 5756 restituti,
1653 5692 1891 5765 Concilio
1924 5689 2067 5765 Pari-

500 5770 660 5839 ξηευεί
688 5783 770 5833 tv,
803 5758 1113 5831 auito'iji3,
1160 5779 1279 5821 cum
1327 5767 1444 5821 aliis
1497 5765 1764 5833 episcOpis
1814 5758 2066 5816 iuterfu-zo

2177 3252 2418 3307 donicacn
2444 3263 2820 3319 vastaverunt,
2855 3252 3099 3305 incendio
3124 3292 3139 3317 ,
3172 3252 3371 3319 prteda,
3402 3250 3709 3319 captivitate
3737 3289 3751 3303 .

2176 3347 2263 3416 qui
2297 3360 2467 3413 usque
2505 3343 2817 3398 Cornuiium
2867 3343 3040 3397 vicum
3073 3341 3096 3378 ¹ι
3129 3342 3446 3396 debellaudo
3488 3336 3779 3410 progressi.

2176 3448 2322 3495 sunt.
2352 3436 2552 3492 Ennius
2584 3436 2702 3510 [ΑΙ.
2739 3437 2939 3490 Ennius
3004 3450 3132 3490 vero
3153 3436 3435 3503 episcopus
3465 3438 3529 3487 de
3558 3433 3754 3487 exsilia

2178 3532 2445 3593 reductus,
2472 3529 2760 3598 Andegavu
2789 3529 2855 3582 ad
2883 3528 3205 3598 pascendum
3236 3524 3530 3597 delegatur,
3562 3541 3657 3581 nec
3687 3527 3752 3580 ad

2178 3623 2443 3678 civitatem
2475 3636 2623 3675 suam
2660 3620 2964 3674 Veneticum
2995 3619 3168 3673 redire
3193 3618 3536 3687 permittitur.
3566 3617 3754 3686 Bippo.

2177 3716 2328 3772 lenus
2361 3713 2385 3753 ιη
2409 3730 2533 3769 vero
2563 3714 2665 3769 dux
2696 3724 2881 3768 contra
2913 3714 3193 3767 Biitannns
3223 3712 3495 3781 dirigitur,
3541 3719 3593 3765 et
3639 3711 3753 3765 loca

2180 3880 2318 3925 rant.
2351 3871 2613 3926 Caeterum
2641 3883 2705 3925 ex
2738 3869 2840 3923 hoc
2861 3868 3069 3937 capite,
3112 3867 3254 3938 mind
3286 3882 3470 3938 omnes
3500 3882 3630 3920 mss.
3665 3882 3753 3921 ex.

2180 3941 2386 4007 hibeat,
2429 3952 2633 3995 certum
2666 3951 2748 3994 est
2786 3941 2943 3995 etiam
2979 3937 3137 4008 caput
3166 3939 3235 3993 ΞΟ
3263 3937 3564 4008 hnjnslibri
3589 3977 3604 4001 ,
3634 3937 3755 4008 licet

2180 4013 2231 4065 in
2261 4006 2463 4079 aliquot
2483 4013 2639 4065 codd.
2672 4010 3026 4074 desideretur,
3047 4006 3230 4079 verum
3254 4006 3375 4063 esse
3404 4006 3643 4079 Gregorii
3676 4007 3753 4061 fc-

2181 4090 2317 4135 tum.
2351 4078 2423 4134 De
2452 4083 2762 4136 earumdem
2805 4082 3104 4149 dejectione
3144 4078 3254 4149 agit
3300 4079 3496 4133 Marius
3520 4079 3585 4132 ad
3616 4078 3755 4132 hunc

2180 4152 2349 4218 ipsum
2380 4166 2597 4205 annum.

2256 4220 2273 4258 ί
2300 4221 2449 4275 Cnlb.
2462 4261 2473 4277 .
2503 4221 2835 4274 attitulatum.

2252 4301 2276 4339 κ
2308 4291 2520 4343 Aridius
2550 4291 2758 4345 scilicet
2793 4287 3080 4356 Sagittario
3108 4287 3451 4355 Vapincensi,
3482 4294 3536 4340 et
3558 4286 3757 4341 Emerii

2182 4369 2269 4415 tus
2320 4360 2540 4416 Salonio
2578 4360 2967 4413 Ehredunensi.
3004 4359 3234 4425 Uterque
3262 4356 3501 4409 interfuit
3526 4358 3755 4410 concilio

2182 4432 2384 4485 Matisc.
2418 4447 2476 4495 η,
2508 4446 2647 4484 anno
2684 4429 2823 4491 585.
2878 4437 2932 4483 et
2980 4428 3191 4482 Aridins
3222 4426 3505 4482 Valentino
3555 4443 3614 4485 tt.
3664 4442 3754 4486 an.

2184 4502 2306 4556 584.
2335 4502 2515 4555 Eidem
2544 4501 2758 4570 scripsit
2785 4512 2891 4554 tres
2918 4500 3176 4569 epistolas
3202 4499 3258 4553 S.
3278 4496 3569 4570 Gregorius
3600 4498 3670 4551 Μ.
3701 4498 3755 4554 in

2180 4573 2372 4642 quibus
2403 4574 2615 4641 Arcgius
2655 4567 2887 4633 dicitur,
2917 4567 3054 4625 sicut
3081 4579 3135 4642 et
3165 4570 3215 4623 in
3243 4568 3358 4638 ejus
3385 4567 3747 4642 Vitahab‘auc-

2182 4638 2296 4699 tore
2317 4638 2586 4699 coaetanen
2606 4642 2823 4710 scripta,
2844 4643 2979 4706 apud
3002 4640 3269 4693 Lahbeum
3296 4651 3437 4694 tomo
3461 4655 3474 4691 I
3501 4638 3750 4694 Biblioth.

2180 4716 2557 4837 apvmhlpsins
2604 4712 2793 4766 l‘rstuiu
2844 4713 2897 4766 in
2927 4711 3135 4781 propria
3179 4711 3404 4766 ecclesia
3447 4710 3755 4763 celebratur

2219 4801 2310 4837 tet
2391 4799 2481 4836 an.
3025 4795 3041 4818 ιι

2219 4786 2268 4837 ie
2299 4802 2310 4837 I
2341 4784 2481 4836 Maii.
3025 4795 3041 4818 ε

2258 4852 2286 4890 ιι
2319 4857 2643 4920 Aripeunem
2673 4868 2791 4919 appc
2812 4852 3013 4905 llahant
3061 4860 3266 4904 veteres
3289 4849 3456 4911 Galli,
3492 4858 3546 4920 ut
3578 4856 3756 4906 monet

2184 4918 2456 4988 Valesius,
2485 4918 2858 4989 semijugerem
2887 4923 3249 4975 continentem
3279 4921 3375 4973 Iit)
3412 4918 3596 4986 pedes.

2258 4993 2271 5031 ί
2305 4996 2381 5049 De
2411 4995 2509 5046 hoc
2536 4991 2669 5045 infra
2701 4995 2790 5045 lib.
2825 5006 2916 5056 γη,
2946 5008 3063 5056 cap.
3097 4990 3177 5042 I0.

2253 5065 2269 5115 ἕ
2308 5068 2493 5134 ltegm.
2523 5074 2577 5117 et
2608 5065 2752 5127 Bec.,
2784 5061 3033 5113 contrivit.
3068 5062 3210 5134 lianc
3234 5074 3353 5112 esse
3378 5060 3600 5134 primam
3631 5060 3753 5112 Mis-

2178 5150 2359 5188 sornm
2388 5131 2653 5197 regiorum
2684 5136 3004 5185 mentionem
3038 5133 3173 5199 apud
3205 5139 3418 5183 nostros
3453 5131 3750 5183 Ilistoricos

2178 5208 2429 5258 observat
2458 5204 2697 5257 Valesius
2748 5200 2881 5255 Iihro
2913 5218 2939 5254 χ
2983 5203 3177 5256 lterum
3239 5200 3481 5254 Francic.
3515 5201 3753 5251 l’ostmo-

2178 5278 2301 5327 dum
2335 5275 2435 5327 sub
2484 5273 2763 5326 MiSSlIl‘Ulll
2805 5271 3196 5326 dominicorum
3252 5274 3465 5325 nomine
3509 5270 3753 5329 celebres

2179 5345 2409 5398 fuerunt.

2242 5414 2269 5453 ¹ί
2302 5416 2448 5469 lluuc
2477 5413 2652 5467 locum
2701 5409 2942 5467 Cuintius
2987 5413 3219 5481 appellat
3248 5409 3472 5481 cornus.
3504 5405 3755 5481 Valesius

2179 5503 2303 5541 vero
2329 5487 2402 5539 ait
2434 5486 2589 5553 vulgo
2635 5483 2805 5551 putaui
2844 5500 2974 5540 esse
3021 5476 3365 5540 Sinni—Aulim
3399 5479 3444 5529 le
3492 5476 3748 5532 Cormier.

2173 5558 2304 5612 Cod.
2340 5557 2549 5623 “egon,
2583 5553 2947 5608 Tornuntium.

2254 5627 2270 5666 ι
2307 5616 2445 5680 Cod.
2478 5628 2665 5693 ltegm.
2716 5640 2834 5677 cum
2864 5627 3064 5693 aliquot
3092 5619 3279 5685 editis,
3308 5616 3601 5689 Bypolenus
3623 5631 3640 5684 ',
3666 5617 3756 5675 alit

2180 5697 2455 5768 Dipolenus
2479 5738 2490 5761 ,
2520 5695 2857 5766 Beppoknus.
