4016 6338
302 261 404 317 387

1286 265 1344 322 ε.
1386 264 1710 323 GREGORII
1753 266 2058 324 EPISCUPI
2097 264 2529 322 TURONENSIS

3452 266 3560 323 3&3

299 377 475 447 aliqua
518 374 807 435 Britanniae
837 378 982 434 ferro
1024 377 1379 449 incendioque
1405 380 1660 449 opprimit
1690 397 1704 434 :
1753 397 1873 452 qua:
1902 383 1955 442 Α
1976 394 2091 434 sam
2121 384 2428 438 auferentes
2467 380 2697 450 praedam
2719 423 2734 449 ,
2768 394 2923 448 agros
2958 378 3287 449 pervadunt,
3319 380 3502 436 vineas
3528 398 3559 435 a

301 484 390 524 res
418 471 670 539 majorem
696 471 952 525 insaniam
980 472 1254 525 excitavit.

375 562 567 617 XXXI.
611 564 743 616 Dum
784 563 901 617 haec
927 573 1215 633 agerentur
1256 566 1307 618 in
1342 562 1526 619 Galliis
1561 573 1609 629 η,
1633 564 1878 621 Justinus

301 654 519 723 impleto
543 656 749 722 imperii
777 666 968 711 octavo
989 658 1198 711 decimo
1218 674 1381 724 anno,
1407 660 1693 713 amentiam
1716 675 1875 728 quam

301 746 595 802 incurrerat
621 789 637 811 ,
666 764 787 803 cum
819 751 923 804 vita
977 752 1165 805 ﬁnivit.
1198 753 1314 817 Quo
1342 754 1582 820 sepulto,
1630 752 1878 807 Tiberius

299 837 478 891 Ctrsar
501 839 734 906 arripuit
756 840 864 907 jatu
894 842 1018 894 olitn
1049 856 1356 912 aggressum
1385 844 1663 909 imperium
1687 843 1737 895 δ.
1768 844 1873 899 Sed

298 945 419 982 cum
449 944 570 982 eum
600 930 893 985 secundum
925 932 1363 985 consuetudinem
1405 932 1507 985 loci
1556 932 1620 985 ad
1664 942 1875 996 specta-

299 1024 475 1073 culum
507 1022 633 1075 circi
667 1023 1067 1090 prtestolaretnr
1096 1024 1325 1091 populus
1346 1039 1721 1092 processurum
1745 1063 1759 1087 ,
1784 1037 1876 1092 pa.

300 1126 420 1166 rare
449 1114 495 1166 ei
526 1114 767 1181 cogitans
800 1130 895 1182 pro
951 1124 1100 1181 parte
1154 1116 1438 1169 .lustiniani
1496 1116 1717 1170 insidias
1737 1156 1752 1180 ,
1783 1118 1872 1185 qui

302 1212 428 1255 tunc
469 1218 633 1270 nepos
679 1204 868 1257 Justini
917 1205 1233 1271 habebatur,
1267 1206 1358 1260 ille
1405 1220 1500 1273 per
1549 1207 1663 1260 loca
1691 1216 1901 1260 sanctae

301 1295 579 1358 processit.
610 1295 996 1363 Completaqtte
1026 1297 1268 1350 oratione
1287 1336 1301 1359 ,
1332 1304 1523 1351 vocatu
1545 1297 1610 1349 ad
1639 1312 1698 1351 se
1729 1298 1875 1353 urbis

302 1397 468 1449 papa,
503 1398 623 1436 cum
653 1385 965 1439 consulibus
1008 1400 1069 1439 ac
1110 1385 1374 1454 praefectis
1406 1388 1655 1453 palatium
1685 1399 1766 1443 est
1794 1389 1875 1443 in-

300 1486 540 1541 gressus.
586 1474 787 1528 Dehine
832 1473 1048 1528 indutus
1079 1492 1339 1545 purpura,
1373 1477 1678 1533 diademate
1719 1494 1874 1533 coro-

302 1572 494 1627 natus,
525 1563 717 1617 throno
762 1566 1024 1634 imperiali
1064 1566 1344 1635 impositus
1366 1610 1382 1633 ,
1438 1583 1559 1623 cum
1594 1571 1873 1625 immensis

300 1651 545 1707 laudibus
577 1664 600 1692 ο
632 1655 911 1722 imperium
935 1658 1290 1713 conﬁrmavit.
1313 1658 1634 1715 Factionarii
1660 1678 1872 1731 quoque

1979 468 2242 525 fructibus
2286 481 2544 537 vacuant,
2596 480 2651 526 et
2699 472 2941 541 captivos
2969 471 3262 525 abducunt.
3308 470 3390 524 Ad
3421 486 3560 539 quos

1978 577 2098 616 cum
2129 562 2279 617 Felix
2310 563 2592 633 episcopus
2621 564 2941 632 legationem
2973 561 3241 629 misisset,
3266 563 3560 619 emendare

1980 656 2371 722 promittentes,
2402 657 2530 710 nihil
2563 657 2626 709 de
2657 654 2935 724 promissis
2963 654 3185 724 implere
3213 654 3498 708 voluerunt

2049 744 2286 801 XXXIII.
2336 747 2489 816 Apud
2519 743 2743 800 hautem
2797 746 3029 799 Parisios
3078 746 3267 801 mulier
3311 748 3556 816 quaedam

1976 836 2080 889 ruit
2112 837 2162 889 in
2192 840 2415 903 crimen,
2434 838 2795 892 asserentibus
2816 836 2975 909 25.1
3001 837 3200 902 multis,
3233 838 3385 905 quasi
3407 838 3552 907 quod
3580 910 3583 911 ν

1979 925 2166 979 relicto
2195 928 2316 980 viro
2356 942 2476 981 cum
2520 928 2626 981 alio
2655 929 2988 982 misceretur.
3018 928 3179 997 Igitur
3209 939 3458 997 parentes
3489 930 3556 983 il-

1977 1016 2081 1071 lius
2112 1028 2459 1073 accesserunt
2498 1020 2565 1074 ad
2611 1031 2845 1088 patrem,
2874 1022 3148 1074 dicentes:
3178 1024 3283 1074 Aut
3306 1021 3553 1077 idoneam

1977 1109 2140 1162 redde
2170 1110 2331 1163 ﬁliam
2382 1118 2523 1163 tuam
2547 1150 2560 1174 ,
2593 1119 2684 1163 aut
2712 1122 2858 1165 certe
2888 1113 3162 1177 moriatur,
3196 1127 3264 1167 ne
3312 1123 3553 1181 stuprum

1977 1198 2079 1254 hoc
2110 1202 2294 1268 generi
2325 1210 2507 1254 nostro
2536 1213 2712 1254 notant
2742 1202 2963 1271 inﬁigat.
2995 1202 3149 1265 Novi,
3171 1202 3340 1272 inquit
3371 1214 3545 1271 pater,

1972 1304 2073 1359 ego
2102 1291 2258 1344 ﬁliam
2298 1306 2468 1344 meam
2498 1292 2633 1345 bene
2662 1292 2939 1357 idoneam,
2972 1306 3071 1347 nec
3095 1300 3178 1346 est
3203 1308 3383 1347 verum
3428 1308 3551 1347 ver—

1977 1378 2101 1433 bum
2124 1384 2225 1434 hoc
2248 1421 2264 1446 ,
2309 1380 2449 1449 quod
2481 1382 2605 1434 mali
2637 1380 2877 1434 homines
2900 1383 3311 1450 proloquuntur.
3343 1381 3548 1435 Tamen

1974 1484 2044 1524 ne
2082 1470 2285 1524 crimen
2315 1478 2601 1541 consurgat
2643 1471 2865 1524 ulterius
2886 1513 2902 1537 ,
2952 1470 3288 1524 innocentem
3317 1483 3436 1524 eam
3465 1468 3551 1523 fa-

1974 1560 2112 1615 ciam
2141 1571 2495 1615 sacramento.
2524 1561 2585 1615 Et
2616 1562 2689 1615 illi
2722 1577 2737 1613 :
2765 1560 2854 1629 Si,
2888 1562 3173 1629 inquiunt,
3200 1569 3283 1615 est
3312 1560 3547 1626 innoxia,

1976 1668 2137 1722 super
2183 1655 2443 1709 tumulum
2492 1654 2592 1709 hoc
2619 1656 2757 1709 beati
2789 1654 3027 1725 Dionysii
3081 1658 3330 1724 martyris
3368 1669 3550 1708 sacra-

299 1741 639 1808 opperientes
684 1745 748 1798 ad
777 1746 975 1801 circum
997 1788 1013 1813 ,
1043 1762 1164 1801 cum
1207 1762 1585 1817 cognovissent
1613 1767 1730 1820 quae
1750 1760 1869 1807 acta
1903 1744 1949 1802 Β
1976 1747 2167 1799 mentis
2192 1744 2419 1800 afﬁrma.
2447 1745 2682 1811 Faciam,
2711 1746 2871 1816 inquit
2902 1754 3070 1814 pater.
3105 1744 3255 1800 Tunc
3283 1745 3412 1799 inito
3439 1746 3550 1815 pla-

299 1832 542 1898 fuerant,
590 1837 795 1903 pudore
831 1837 1039 1892 confusi
1095 1840 1212 1894 sine
1237 1839 1428 1895 eﬁectu
1459 1846 1684 1911 regressi
1714 1855 1861 1913 sunt,

298 1923 427 1976 nihil
458 1923 657 1977 homini
679 1927 766 1994 qui
800 1927 851 1979 in
886 1927 996 1981 Deo
1022 1942 1168 1995 spem
1196 1930 1358 2000 240
1390 1941 1643 1997 posuerat
1682 1935 1873 1989 adver-

296 2016 405 2069 sari
438 2016 674 2072 valentes
697 2016 746 2070 δ.
781 2017 1088 2073 Transactis
1116 2022 1276 2089 igitur
1303 2024 1484 2090 paucis
1513 2025 1701 2079 diebus
1721 2065 1739 2092 ,
1775 2026 1874 2080 ad-

296 2107 514 2162 veniens
542 2108 898 2175 Justinianus,
930 2111 1151 2180 pedibus
1179 2127 1238 2167 se
1262 2112 1490 2181 projecit
1510 2115 1873 2184 imperatoris,

297 2199 593 2266 quindecim
623 2201 674 2256 ei
711 2204 1015 2256 centenaria
1046 2203 1161 2257 auri
1213 2202 1463 2259 deferens
1504 2206 1575 2259 ob
1623 2209 1870 2261 meritum

296 2292 503 2359 gratiae.
540 2292 707 2358 Quem
760 2294 849 2348 ille
896 2294 1191 2351 secundum
1241 2296 1515 2363 patientia:
1552 2311 1665 2351 sua:
1710 2299 1870 2353 ritum

297 2372 583 2459 colligens,
625 2385 676 2442 itt
702 2386 962 2457 palatium
986 2387 1146 2457 jussit
1194 2388 1471 2442 assistere.
1504 2389 1701 2457 Sophia
1743 2404 1872 2444 vero

297 2481 531 2549 Angusta
566 2483 849 2535 immemor
878 2482 1282 2550 promissionis,
1316 2496 1476 2551 quam
1506 2481 1773 2551 quondam
1816 2482 1871 2536 in

304 2571 567 2625 Tiberium
619 2572 899 2639 habuerat,
932 2572 1157 2626 insidias
1208 2572 1255 2626 ei
1310 2573 1525 2626 tentavit
1572 2571 1870 2627 intendere.

298 2663 623 2717 Procedente
650 2671 829 2718 autem
856 2678 921 2719 eo
952 2663 1018 2717 ad
1050 2664 1262 2729 villam,
1306 2671 1364 2715 ut
1388 2664 1539 2733 juxta
1568 2662 1729 2717 ritum
1775 2666 1874 2717 itn-

299 2755 552 2823 perialem
603 2755 817 2825 triginta
866 2755 1054 2809 diebus
1094 2755 1158 2809 ad
1191 2755 1514 2808 vindemiim
1551 2755 1875 2823 jucundare-

297 2852 383 2898 tur
407 2854 431 2882 ο
454 2855 666 2910 ,vocato
688 2847 826 2899 clam
848 2844 1169 2911 Iustiniano,
1194 2845 1389 2914 Sophia
1422 2845 1593 2899 voluit
1618 2861 1737 2899 eum
1765 2847 1874 2900 eri-

297 2952 422 3007 gere
471 2939 522 2992 in
565 2939 865 3006 imperium.
894 2939 1012 3003 Quo
1057 2948 1364 3007 comperto,
1408 2938 1655 2992 Tiberius
1709 2954 1871 2994 cursu

298 3028 466 3081 veloci
498 3028 562 3081 ad
586 3026 1228 3093 Constantinoiiolitanam
1252 3030 1522 3084 civitatem
1546 3032 1867 3098 regreditur,

1974 1837 2083 1888 cito
2108 1835 2172 1888 ad
2200 1835 2472 1890 basilicam
2501 1837 2748 1907 martyris
2776 1838 2947 1891 sancti
2978 1835 3340 1903 conveniunt,
3367 1836 3548 1891 eleva-

1972 1928 2148 1995 tisque
2174 1937 2323 1995 pater
2353 1928 2598 1981 manibus
2639 1942 2800 1996 super
2842 1928 3090 1981 altarium
3118 1969 3133 1993 ,
3158 1928 3355 1996 juravit
3386 1928 3545 1981 ﬁliattt

1972 2034 2078 2073 non
2107 2034 2227 2074 esse
2248 2021 2586 2088 culpabilem.
2610 2018 2924 2074 Econtrario
2952 2035 3074 2074 vero
3100 2020 3400 2089 perjnrasse
3420 2034 3547 2075 eum

1971 2110 2064 2164 alii
2087 2125 2116 2163 a
2147 2120 2299 2180 parte
2325 2109 2341 2147 ί
2372 2112 2467 2164 viri
2504 2112 2870 2179 pronuntiant.
2922 2112 3013 2166 llis
3054 2126 3185 2182 ergo
3233 2113 3547 2167 altercanti-

1973 2200 2094 2267 bus,
2126 2203 2424 2273 evaginatis
2444 2204 2632 2272 gladiis
2656 2204 2790 2259 inse
2819 2204 3044 2258 invicem
3076 2216 3353 2274 proruunt,
3384 2215 3548 2277 atque

1972 2302 2097 2349 ante
2125 2296 2315 2363 .ipsum
2348 2296 2597 2349 altarium
2628 2310 2688 2350 se
2716 2294 3001 2349 trucidant.
3031 2294 3197 2349 Erant
3222 2304 3398 2352 autem
3430 2312 3547 2351 ma-

1967 2383 2117 2453 jores
2164 2394 2291 2439 natu
2335 2396 2390 2440 et
2433 2387 2587 2455 primi
2620 2386 2756 2457 apud
2786 2387 3144 2454 Chilpericum
3176 2402 3376 2456 regem.
3410 2388 3546 2445 Sau-

1972 2477 2182 2530 ciantur
2226 2478 2373 2532 multi
2430 2478 2650 2548 gladiis,
2708 2477 3035 2548 reSpergitur
3084 2488 3269 2533 sancta
3312 2479 3545 2536 humano

1972 2578 2164 2620 cruore
2191 2566 2404 2621 basilica
2427 2608 2443 2634 ,
2475 2568 2611 2621 ostia
2655 2568 2843 2637 jaculis
2886 2568 3156 2623 fodiuntur
3197 2581 3251 2624 et
3288 2571 3543 2639 ensibus,

1973 2667 2132 2726 atque
2176 2672 2345 2728 usque
2374 2659 2441 2713 ad
2471 2660 2642 2728 ipsum
2669 2662 2969 2728 sepulcrum
3017 2661 3122 2715 tela
3158 2661 3334 2731 iniqua
3373 2661 3543 2717 deste-

1974 2753 2143 2805 viunt.
2167 2750 2318 2816 Quod
2344 2750 2471 2805 dum
2501 2754 2587 2805 vix
2616 2753 2906 2821 mitigatur,
2940 2755 3083 2808 locus
3105 2751 3336 2808 ofﬁcium
3369 2754 3543 2824 perdi-

1972 2839 2051 2895 dit
2074 2845 2121 2906 t,
2145 2842 2315 2897 donec
2340 2845 2438 2897 ista
2465 2844 2641 2898 omnia
2664 2843 2730 2897 ad
2754 2846 2894 2913 regis
2921 2845 3161 2898 notitiam
3184 2846 3543 2913 pervenirent.

1976 2935 2039 2989 Hi
2068 2950 2197 2990 vero
2221 2946 2565 3005 properantes
2616 2936 2681 2991 ad
2724 2939 3061 3006 prmsentiam
3093 2940 3341 3008 principis
3365 2981 3380 3004 ,
3439 2955 3543 2995 non

1975 3025 2306 3092 ret-ipiuutur
2336 3028 2385 3078 in
2416 3028 2672 3096 gratiam;
2704 3028 2794 3081 sed
2824 3027 2890 3081 ad
2922 3027 3228 3095 episcopum
3262 3028 3360 3081 loci
3403 3030 3543 3084 illius

299 3118 793 3187 apprehensamque
840 3121 1132 3189 Augustam
1160 3160 1178 3187 ,
1221 3119 1288 3174 ab
1328 3119 1576 3174 omnibus
1602 3121 1871 3177 thesauris
1899 3101 1944 3163 C
1976 3114 2173 3168 remitti
2195 3130 2288 3169 eos
2312 3115 2518 3184 jttssnm
2552 3129 2665 3181 est,
2708 3127 2765 3171 ut
2798 3119 2841 3171 si
2870 3119 2936 3171 de
2967 3122 3065 3172 hoc
3095 3118 3326 3174 facinore
3354 3121 3542 3189 culpa-

300 3209 574 3277 spoliavit,
626 3208 796 3263 solum
821 3209 869 3262 ei
920 3209 1091 3262 victus
1119 3208 1418 3278 quotidiani
1448 3208 1759 3263 alimentum
1782 3225 1872 3265 re-

266 3302 561 3370 'linquens.
593 3301 1000 3371 Segregatisque
1046 3302 1227 3371 pueris
1254 3301 1371 3371 ejus
1408 3300 1476 3355 ab
1500 3316 1585 3369 ea,
1617 3301 1750 3358 alios
1779 3318 1874 3370 po-

300 3394 404 3447 suit
449 3392 515 3447 de
542 3391 788 3446 ﬁdelibus
817 3396 927 3447 suis
947 3434 962 3458 ,
988 3394 1245 3447 mandans
1274 3408 1490 3461 prorsus
1520 3403 1576 3448 ut
1606 3396 1779 3449 nullus
1805 3395 1872 3449 de

299 3483 652 3539 anterioribus
680 3483 745 3538 ad
777 3500 892 3538 eam
926 3484 1142 3540 haberet
1176 3500 1470 3540 accessum.
1511 3485 1870 3542 Jtzstinianum

300 3586 425 3626 vero
449 3572 783 3641 objurgatum
816 3582 962 3627 tanto
1009 3574 1062 3627 itt
1114 3582 1383 3642 posterum
1416 3589 1603 3628 amore
1648 3575 1869 3642 dilexit,

301 3672 357 3716 ut
389 3663 495 3717 ﬁlio
516 3663 631 3732 ejus
662 3665 825 3717 ﬁliam
854 3679 1001 3717 suam
1036 3664 1387 3733 promitteret,
1420 3681 1736 3737 rursumque
1761 3669 1870 3724 ﬁlio

300 3772 396 3811 suo
420 3756 577 3811 ﬁliam
602 3758 717 3825 ejus
745 3767 1022 3826 expeteret
1054 3775 1068 3812 :
1098 3758 1192 3813 sed
1224 3776 1326 3813 non
1354 3769 1438 3813 est
1469 3776 1553 3816 res
1584 3763 1771 3817 sortita
1794 3764 1872 3817 ef-

300 3848 518 3903 fectum.
552 3849 827 3903 Exercitus
856 3850 970 3919 ejus
1000 3851 1191 3906 Persas
1238 3853 1562 3922 debellavit,
1594 3854 1870 3923 victorque

300 3954 596 4009 regressus,
630 3949 826 3994 tantam
859 3943 1049 3996 molem
1083 3943 1274 4011 praedae
1305 3944 1516 4008 detulit,
1541 3954 1596 3998 ut
1622 3946 1868 4001 credere-

305 4038 389 4083 tur
415 4030 689 4100 cupiditati
743 4031 985 4085 humana:
1038 4046 1195 4101 posse
1238 4033 1507 4088 sufﬁcere.
1540 4034 1730 4103 Viginti
1759 4037 1869 4093 ele-

302 4120 487 4189 phanti
514 4123 652 4191 capti
675 4122 738 4174 ad
764 4123 1134 4191 imperatorem
1159 4123 1367 4177 deducti
1400 4135 1526 4178 sunt
1551 4122 1597 4181 τ.

371 4210 586 4267 XXXII.
611 4212 847 4266 Britanni
872 4228 935 4267 eo
964 4228 1104 4267 anno
1126 4216 1276 4268 valde
1306 4215 1481 4269 infesti
1510 4218 1651 4272 circa
1681 4219 1866 4276 urbem

301 4303 446 4357 Iucre
476 4302 837 4358 Namneticam
864 4312 888 4351 ε
910 4314 1070 4374 atque
1096 4304 1458 4362 Rliedonicam
1486 4324 1498 4359 :
1525 4310 1612 4378 qui
1646 4312 1865 4365 immen-

371 4432 393 4455 η
424 4420 576 4475 Nulla
628 4421 713 4473 hic
751 4429 833 4474 est
862 4421 1091 4486 capitum
1123 4421 1395 4475 distinctio
1424 4424 1475 4475 in
1499 4423 1683 4489 Colb.,
1730 4426 1818 4478 ubi
1844 4466 1859 4491 ,

299 4491 554 4553 excitavit,
588 4494 671 4554 qui
700 4508 812 4542 cum
837 4501 1199 4542 reverterentur
1226 4493 1279 4543 in
1310 4491 1513 4553 Galliis,
1541 4502 1646 4545 etc.

370 4559 396 4597 δ
431 4562 620 4623 Ιὶθὶιιεει
649 4559 935 4624 Gregorius
963 4574 1121 4628 supra
1160 4575 1278 4628 cap.
1309 4562 1380 4613 20
1409 4559 1569 4614 refert
1598 4561 1862 4616 Iustinum

298 4630 349 4681 in
374 4630 639 4681 Caesarem
674 4638 1002 4693 assumptum
1050 4626 1348 4682 fuisse‘att.
1378 4630 1499 4683 b77t
1539 4631 1669 4683 Vide
1698 4633 1856 4685 Chro-

299 4700 454 4751 nicon
479 4698 697 4752 Joannis
723 4698 788 4750 de
814 4698 1033 4768 Biclstro.
1058 4698 1370 4768 Gregorium
1402 4702 1683 4768 exscripsit
1709 4703 1861 4757 l’aul.

301 4768 446 4821 Diae.
481 4769 516 4821 I.
550 4783 632 4831 nt,
666 4783 783 4836 cap.
822 4767 905 4818 1:2.
938 4766 1131 4821 Marius
1172 4766 1363 4823 scribit
1390 4785 1477 4823 an.
1510 4766 1614 4826 579
1652 4772 1863 4827 Jnsﬁno

295 4838 550 4891 drfuncto
590 4837 860 4892 Tiberium
890 4840 1236 4893 successisse.
1287 4840 1389 4893 Alii
1422 4842 1650 4908 denique
1678 4843 1862 4896 volunt

296 4909 607 4983 Tiberium,
656 4923 839 4983 mense
878 4908 1175 4983 Septembri
1225 4910 1529 4983 anno-578,
1564 4914 1858 4983 Augustum

299 4982 661 5032 renuntiatum
711 4980 870 5033 fuisse
899 4995 925 5030 a
958 4980 1167 5034 Iustino
1194 5023 1206 5039 .
1237 4981 1324 5048 qui
1352 5022 1365 5043 ,
1392 4990 1449 5034 ut
1477 4980 1860 5046 aiutttfniense

298 5050 539 5120 sequenti
562 5051 852 5103 exstinctus
881 5062 991 5112 est,
1023 5051 1244 5104 anno”
1266 5054 1472 5113 itnierii
1500 5055 1607 5105 fere
1623 5055 1854 5120 expleto.

373 5130 392 5190 ς
421 5118 472 5190 Id
500 5129 583 5172 est
612 5121 1096 5190 acclamationibus,
1128 5137 1246 5190 qntc
1278 5122 1489 5189 regibus
1521 5124 1629 5175 ﬁeri
1665 5118 1856 5178 solent.

364 5186 389 5223 ⁸
416 5189 572 5264 Gorb.
588 5229 602 5253 ,
624 5188 954 5264 nihilominus
976 5192 1130 5259 quiin
1146 5186 1317 5244 'lJeunt
1343 5186 1485 5261 apem
1507 5206 1744 5264 posuerat
1765 5196 1861 5247 ad-

292 5261 541 5313 versarios
562 5276 661 5312 non
690 5261 885 5310 metuit.

367 5338 391 5365 ε
420 5329 587 5383 Feriae
636 5326 994 5382 Vindemiales
1039 5330 1274 5400 celebres
1318 5342 1439 5384 sunt
1468 5333 1603 5400 apud
1650 5346 1859 5390 veteres

294 5400 609 5470 scriptores,
658 5413 865 5470 sacro:
885 5406 952 5470 et‘
979 5398 1246 5470 profanos.
1290 5404 1370 5453 Ab
1398 5398 1561 5470 imp’p.
1595 5405 1857 5458 observa-

297 5469 566 5543 tasuftti‘sse
589 5470 801 5543 tradunt
828 5466 1154 5535 Capitolinus
1182 5470 1231 5522 itt
1263 5466 1552 5537 Antonino,
1584 5474 1852 5543 Latnprid.

293 5538 344 5592 in
372 5539 741 5609 Ileliogahalo,
768 5548 870 5593 etc.
1046 5608 1056 5609 ί
1674 5590 1681 5593 ,

367 5606 387 5645 ⁸
425 5606 550 5664 11ωὸ
581 5613 790 5665 vivente
832 5610 1004 5662 adhuc
1031 5608 1239 5664 Justino
1285 5611 1571 5677 contigisse
1619 5614 1863 5667 scribunt

294 5678 526 5741 Joannes
570 5680 762 5735 Diclar.
805 5680 856 5733 in
887 5680 1187 5746 Chronico,
1221 5690 1274 5736 et
1302 5682 1491 5751 Evagr.
1540 5683 1632 5737 lib.
1662 5699 1691 5735 v
1722 5683 1857 5737 llist.

1974 3204 2111 3260 biles
2154 3206 2519 3262 invenirentur
2542 3252 2557 3277 ,
2588 3224 2691 3261 non
2722 3211 3102 3264 convenienter
3152 3210 3484 3263 sociarentur
3517 3209 3540 3248 κ

1973 3298 2355 3354 eotnmunioui.
2388 3300 2536 3355 Tunc
2581 3301 2647 3354 ab
2689 3302 2943 3371 episcopo
2987 3302 3329 3371 Ragnemodo
3365 3300 3409 3367 ι,
3445 3303 3533 3372 qui

1973 3387 2256 3444 Parisiacae
2279 3390 2533 3445 Ecclesiae
2563 3402 2811 3461 praeerat,
2839 3400 3221 3460 componentes
3260 3393 3350 3463 qui
3407 3390 3428 3467 [
3454 3395 3540 3449 At.

1972 3493 2089 3547 qua:
2118 3477 2133 3550 ]
2196 3482 2333 3536 male
2356 3493 2650 3552 gesserant,
2680 3483 2732 3536 in
2754 3476 3186 3538 'cotnmunionem
3216 3484 3540 3539 ecclesiasti-

1971 3583 2088 3624 cam
2119 3581 2240 3624 sunt
2271 3574 2487 3639 recepti.
2518 3573 2703 3628 Mulier
2733 3588 2861 3627 vero
2885 3588 2987 3626 non
3013 3584 3131 3643 post
3153 3574 3331 3627 multis
3352 3573 3540 3628 diebus

1970 3674 2091 3714 cum
2123 3662 2186 3714 ad
2213 3661 2469 3740 judicium
2500 3672 2802 3727 vocaretur,
2834 3662 3024 3730 laqueo
3052 3663 3210 3717 vitam
3247 3663 3433 3717 ﬁnivit.

2044 3750 2281 3805 XXXIV.
2323 3755 2477 3806 Auno
2504 3753 2688 3822 quinto
2715 3753 3042 3809 Childeberti
3091 3754 3230 3825 regis
3258 3755 3535 3810 Arverno-

1969 3859 2087 3898 rum
2119 3845 2386 3913 regionem
2418 3846 2615 3900 diluvia
2663 3862 2851 3917 magna
2896 3859 3221 3916 presserunt,
3254 3849 3327 3903 ita
3359 3857 3413 3903 ut
3448 3866 3541 3919 per

1968 3936 2084 3991 dies
2114 3937 2390 3991 duodecim
2414 3954 2517 3991 non
2546 3946 2785 3993 cessaret
2810 3954 2838 3992 a
2872 3939 3044 4008 pluvia
3068 3955 3083 3993 ι
3108 3949 3354 4007 tantaque
3380 3942 3538 3994 inun-

1968 4026 2180 4081 datione
2208 4027 2427 4083 Limane
2448 4039 2486 4066 ω
2516 4040 2598 4084 est
2625 4031 2879 4096 infusum,
2916 4039 2971 4084 ut
2997 4034 3191 4086 multos
3225 4048 3292 4086 ne
3336 4048 3539 4088 semen-

1968 4130 2075 4175 tem
2102 4121 2341 4189 jacerent
2364 4123 2690 4190 prohiberet.
2710 4124 2948 4178 Flumina
2969 4139 3179 4194 quoque
3202 4124 3359 4195 Liger
3379 4125 3539 4196 242

1968 4211 2314 4283 Flavarisque
2337 4255 2351 4279 ,
2383 4229 2539 4283 quem
2586 4214 2829 4269 Elacrem
2858 4223 2886 4250 ιι
2917 4215 3188 4281 vocitant,
3223 4215 3307 4269 vel
3351 4216 3545 4285 reliqui

1968 4312 2235 4359 torrentes
2267 4314 2639 4373 percurrentes
2681 4307 2731 4360 in
2757 4320 2901 4372 eum,
2937 4306 3008 4359 ita
3039 4305 3443 4371 intumuerunt,
3478 4314 3531 4361 ut

2040 4424 2066 4462 ε
2092 4414 2271 4479 Colb.,
2305 4414 2612 4469 Veneticum.
2630 4416 2816 4469 Nostra
2843 4427 3018 4472 tamen
3043 4417 3405 4473 Iectiomeliur
3422 4433 3541 4473 cen-

1967 4486 2074 4559 seri
2100 4486 2292 4550 debet,
2327 4494 2435 4559 tum
2457 4490 2533 4559 ob
2561 4501 2689 4539 mss.
2731 4496 2783 4559 et
2831 4488 3035 4554 editos,
3088 4497 3198 4542 tum
3230 4490 3350 4559 quia
3382 4488 3532 4544 Felix

1967 4558 2248 4623 episcopus
2280 4566 2397 4610 erat
2427 4557 2819 4611 Namnetensis.

2038 4625 2062 4695 ιθ
2096 4627 2249 4679 Deest
2280 4628 2379 4680 hoc
2405 4638 2566 4695 caput
2596 4629 2647 4680 in
2682 4627 2842 4683 Corb.
2872 4638 2927 4681 et
2952 4628 3104 4682 Colb.

2044 4692 2058 4766 ξ
2110 4695 2291 4765 Ιὶνεη).
2303 4737 2319 4761 ,
2348 4692 2537 4766 aperis.

2040 4763 2074 4838 i_
2109 4763 2342 4838 Ecclesia
2384 4763 2688 4821 interdicta
2738 4767 2808 4820 oh
2865 4769 3140 4838 sanguinis
3192 4769 3528 4825 eﬁ'usionem.

1979 4833 2456 4908 Vi_de‘Audoenum
2490 4839 2574 4890 lib.
2610 4853 2647 4891 tt
2672 4837 2737 4891 de
2768 4838 2879 4890 Vita
2906 4833 2991 4891 Sf
3007 4840 3155 4905 Eligii
3176 4880 3193 4907 ,
3227 4857 3344 4908 cap.
3369 4843 3463 4896 20.

2036 4903 2191 4977 ¥.Stc
2213 4908 2401 4977 Itegtn.
2426 4924 2440 4973 ;
2464 4918 2517 4961 at
2538 4908 2649 4970 alii,
2680 4924 2780 4960 nan
2808 4903 3188 4975 invenirentur,
3199 4903 3535 4970 sociarentur.

2042 4974 2060 5012 ι
2105 4978 2214 5040 ΑΙ..
2250 4974 2600 5047 Ri’ginmodo;
2618 4979 2782 5041 Bad.,
2817 4978 3110 5033 Raimundo
3130 4974 3399 5050 ,‘7altquot,
3431 4984 3536 5041 Reg

1960 5050 2233 5116 gnamodo.

2037 5127 2076 5153 ηι
2114 5118 2202 5172 Sic
2226 5122 2332 5186 jam
2364 5133 2520 5187 supra
2554 5119 2646 5173 lib.
2670 5133 2877 5185 ttt,cap.
2906 5119 2959 5181 9,
2991 5121 3272 5187 appellavit
3294 5137 3410 5176 eam
3437 5138 3537 5179 Ar.

1960 5191 2159 5242 vernia:
2188 5200 2409 5261 partem,
2444 5204 2598 5257 quam
2633 5190 2918 5242 Limanium
2947 5193 3106 5242 etiam
3139 5207 3277 5245 nunc
3298 5196 3536 5261 appella-

1962 5273 2114 5323 mus;
2146 5275 2174 5312 a
2210 5262 2334 5312 limo
2361 5260 2429 5311 oh
2461 5261 2852 5313 l'mcunditatetn
2885 5260 2961 5312 sic
2990 5262 3183 5313 dictam
3215 5260 3536 5330 putat'Alteq

1962 5344 2130 5401 serra.
2165 5332 2236 5401 De
2264 5345 2331 5401 ea
2376 5329 2627 5383 Sidonius
2675 5331 2764 5382 lib.
2799 5346 2887 5393 ttt,
2914 5332 3067 5401 epist.
3102 5346 3149 5393 ι,
3188 5329 3342 5401 cuius
3370 5337 3538 5388 meriti

1961 5400 2052 5463 sit,
2087 5401 2162 5451 vel
2189 5398 2390 5452 Gott/tis
2418 5402 2606 5451 credite
2628 5440 2642 5464 ,
2675 5402 2761 5468 qui
2789 5403 2940 5452 etiam
2976 5398 3348 5464 Septinmniam
3388 5421 3534 5456 suam

1963 5468 2252 5534 fastidiunt,
2285 5472 2435 5522 modo
2462 5470 2696 5522 invidiosi
2726 5472 2879 5540 hujus
2908 5472 3087 5540 anguli
3114 5473 3267 5524 etiam
3304 5474 3533 5528 desolata

1965 5544 2276 5606 praprietate
2306 5542 2584 5605 potiuntur.

2038 5622 2064 5649 υ
2107 5611 2196 5665 Sic
2223 5626 2352 5663 mss.
2380 5623 2433 5663 et
2463 5609 2622 5675 editi,
2669 5618 2862 5677 pra-ter
2897 5610 3047 5664 Coll».
3077 5611 3167 5678 qui
3211 5610 3370 5666 habet
3413 5612 3527 5665 lla-

1967 5692 2187 5745 crcm,et
2206 5682 2426 5745 Cltesn,
2455 5678 2711 5733 Elattrem.
2734 5680 2901 5736 Codd.
2930 5684 3103 5736 laudat
3121 5685 3411 5746 Αιιομθιπι.
3437 5684 3538 5739 ubi.
