4016 6338
424 288 524 343 549

1384 278 1697 335 HISTORIA
1741 276 2183 334 FRANCORUM.
2217 250 2420 335 ιιηὲῐι
2457 277 2774 345 QUINTUS.

3574 284 3735 342 ὥθ’

424 414 707 465 terminos,
736 411 873 468 quos
919 409 1190 465 nunquam
1236 403 1611 457 excesserant,
1644 398 2005 462 praeterirent.
2034 397 2083 449 Α
2111 388 2445 446 Perdidimus
2474 392 2660 448 dulces
2679 404 2736 448 et
2770 392 2963 447 charos
2993 391 3148 449 nobis
3188 393 3476 451 infantulos
3498 438 3514 460 ,
3546 414 3680 469 quos

423 499 555 559 Quae
584 493 792 558 grande
820 490 890 544 de
932 484 1214 557 pecoribus
1241 483 1529 551 excidium,
1559 485 1628 539 de
1662 485 1884 537 culturis
1914 482 2009 536 de-

422 585 779 645 trimentnm,
829 580 898 634 de
942 577 1185 632 mdiﬁciis
1235 578 1411 631 fecere
1458 573 1811 643 naufragium.
1888 572 2006 625 Pari

422 674 586 727 modo
617 672 909 726 Rhodanus
935 684 1056 722 cum
1092 667 1245 721 Arari
1289 665 1643 734 conjunctus,
1677 666 1820 733 ripas
1848 677 2007 717 exce-

422 767 579 828 dens,
610 778 775 833 grave
803 764 1054 815 damnum
1085 759 1291 827 papillis
1324 758 1531 822 intulit,
1576 770 1758 809 muros
1787 754 2005 821 Lugdu-

424 859 611 911 nensis
637 853 870 909 civitatis
914 853 1090 920 aliqua
1124 867 1186 903 ex
1222 860 1373 918 parte
1403 848 1682 901 subvertit.
1716 846 2007 912 Quiesien-

424 947 571 999 tibus
604 959 735 999 vero
777 943 1002 1013 pluviis,
1039 941 1259 995 arbores
1305 940 1482 993 denuo
1530 938 2009 991 ﬂoruerunt:erat

424 1038 569 1089 enim
603 1036 805 1089 mensis
826 1032 1141 1102 September
1164 1044 1213 1085 ι.
1240 1031 1294 1084 ln
1323 1031 1592 1084 'l‘nronico
1621 1045 1750 1083 vero
1776 1044 1841 1083 eo
1863 1042 2005 1082 anno

430 1142 592 1180 mane
620 1126 928 1194 priusquam
958 1124 1073 1177 dies
1104 1122 1458 1187 illucesceret,
1492 1119 1663 1187 fulgor
1694 1133 1787 1188 per
1812 1119 2004 1172 coelum

426 1217 736 1271 cucurrisse
757 1216 904 1270 visus
932 1224 1035 1279 est,
1058 1222 1113 1267 et
1133 1214 1197 1266 ad
1223 1212 1458 1266 Orientis
1483 1211 1689 1279 plagam
1719 1209 2002 1263 decidisse.

426 1310 532 1363 Sed
563 1320 614 1362 et
642 1307 872 1371 sonitus,
899 1315 1147 1375 tanquam
1175 1302 1435 1358 diruentis
1455 1303 1682 1363 arboris,
1720 1318 1812 1368 per
1841 1309 2004 1353 totam

426 1408 628 1452 terram
659 1396 804 1450 illam
848 1395 1059 1447 auditus
1086 1404 1167 1447 est
1196 1409 1209 1444 :
1234 1392 1376 1460 quod
1407 1391 1527 1444 ideo
1558 1406 1664 1444 non
1701 1400 1785 1444 est
1823 1390 1890 1442 de
1918 1403 2004 1441 aro

433 1492 565 1544 lore
592 1487 966 1543 aestimandum
999 1527 1013 1551 ,
1034 1486 1152 1554 quia
1176 1485 1229 1538 in
1252 1485 1634 1554 quinquaginta
1662 1490 1753 1535 aut
1776 1479 2006 1548 amplius

428 1581 680 1634 milliaria
709 1587 793 1633 est
818 1578 1080 1631 auditum.
1111 1574 1233 1645 Ipso
1254 1591 1396 1630 anno
1425 1575 1662 1645 graviter
1708 1575 1834 1626 urbs
1868 1573 2002 1625 Bur-

427 1671 733 1740 degalensis
760 1685 789 1723 a
822 1678 1131 1723 terraentotu
1160 1682 1419 1722 concussa
1451 1676 1555 1731 est,
1588 1666 1893 1733 moeniaque
1921 1663 2004 1716 ci-

2108 491 2201 535 aut
2228 483 2445 551 gremiis
2464 482 2712 550 fovimus,
2742 493 2835 538 aut
2860 486 2999 540 ulnis
3029 486 3406 558 bajulavimus,
3434 501 3526 544 aut
3555 506 3680 560 pro-

2108 575 2223 642 pria
2267 590 2425 629 manu
2465 577 2777 632 ministratis
2810 578 2946 633 cibis
2985 580 3128 647 ipsos
3174 581 3353 636 studio
3396 585 3678 650 sagaciore

2108 666 2457 736 nutrivimus;
2486 668 2580 721 sed
2606 669 2864 724 abSIersis
2897 671 3147 739 lacrymis
3172 687 3293 727 eum
3342 675 3499 730 beato
3525 676 3629 735 Job
3656 722 3669 744 ,

2108 752 2338 809 diximus
2369 774 2381 807 :
2412 756 2657 810 Dominus
2679 760 2837 823 dedit,
2876 757 3127 813 Dominus
3155 762 3362 815 abstulit
3388 778 3407 816 :
3426 767 3683 831 quomodo

2108 845 2333 901 Domino
2364 850 2576 915 placuit,
2611 851 2682 901 ita
2711 850 2907 919 factum
2933 860 3025 904 est.
3059 851 3138 904 Sit
3172 869 3355 906 nomen
3386 857 3497 925 ejus
3526 858 3681 910 benc-

2109 940 2302 991 dictum
2348 941 2400 992 in
2441 940 2631 994 swcula
2663 940 2805 1005 (Job.
2851 942 3029 1011 κει).
3066 943 3227 1009 Igitur
3275 945 3325 998 in
3369 946 3449 999 his
3493 947 3683 1002 diebus

2107 1026 2443 1096 Cltilpericus
2497 1046 2589 1085 rex
2637 1034 2872 1098 graviter
2917 1036 3197 1101 aegrotavit
3238 1051 3383 1105 :quo
3425 1040 3681 1093 convale-

2106 1129 2313 1184 scente,
2347 1119 2486 1173 ﬁlius
2511 1120 2627 1188 ejus
2653 1122 2854 1189 junior,
2890 1124 3117 1178 necdum
3143 1141 3209 1179 ex
3238 1142 3369 1195 aqua
3396 1138 3451 1183 et
3481 1130 3682 1197 Spiritu

2106 1220 2293 1263 sancto
2331 1221 2580 1274 renatus,
2613 1225 2878 1280 aegrotare
2900 1216 3079 1279 Cthit.
3114 1216 3281 1280 Quem
3326 1221 3378 1271 in
3425 1221 3682 1275 extremis

2107 1302 2374 1368 videntes,
2412 1303 2675 1369 baptistno
2699 1303 3003 1358 abluerent.
3035 1306 3150 1372 Quo
3178 1324 3459 1376 parumper
3491 1310 3681 1365 melius

2106 1403 2319 1461 agente,
2353 1392 2519 1447 frater
2545 1393 2661 1461 ejus
2691 1394 2893 1458 senior,
2925 1396 3141 1450 nomine
3165 1397 3580 1465 Cltlodobertus,
3611 1400 3680 1454 ab

2107 1480 2210 1537 hoc
2232 1482 2421 1536 morbo
2442 1482 2753 1550 corripitur,
2778 1483 3057 1552 ipsumque
3086 1485 3137 1538 in
3159 1485 3474 1542 discrimine
3493 1488 3679 1542 mortis

2108 1570 2475 1640 Fredegundis
2524 1583 2695 1625 mater
2723 1586 2983 1639 cernens,
3016 1588 3139 1628 sero
3168 1578 3467 1643 paenitens,
3502 1577 3577 1631 ait
3615 1578 3683 1632 ad

2105 1674 2285 1727 regem
2314 1678 2327 1711 :
2358 1660 2457 1713 Diu
2504 1674 2600 1714 nos
2629 1664 2766 1714 male
2795 1672 3010 1729 agentes
3039 1663 3209 1731 pietas
3246 1665 3428 1719 divina
3470 1678 3683 1721 susten-

428 1760 610 1814 vitatis
648 1760 703 1813 in
742 1760 1054 1813 discrimine
1103 1758 1396 1812 eversionis
1443 1757 1791 1817 exstiterunt;
1837 1765 1999 1822 atque
2030 1757 2075 1817 Β
2104 1758 2207 1814 tat;
2242 1764 2361 1802 nam
2392 1764 2536 1818 saepe
2576 1764 2674 1804 nos
2719 1750 2957 1805 febribus
2981 1760 3034 1807 et
3060 1752 3181 1807 aliis
3213 1755 3366 1809 malis
3392 1757 3675 1826 corripuit,

429 1851 503 1903 ita
529 1851 707 1903 omnis
740 1850 966 1917 populus
996 1857 1137 1904 metu
1171 1849 1359 1904 mortis
1388 1850 1680 1903 exterritus
1707 1858 1787 1902 est
1814 1890 1829 1914 ,
1864 1859 1918 1900 ut
1958 1847 2004 1901 si

430 1960 537 1998 non
569 1943 799 2013 fugeret,
825 1952 1034 2011 putaret
1060 1958 1119 1998 se
1140 1959 1258 1998 cum
1290 1946 1420 1996 urbe
1449 1942 1747 1996 delliSCt'l‘t'.
1783 1941 1928 1995 Unde
1953 1950 2006 1993 et

432 2038 585 2089 multi
616 2036 681 2089 ad
714 2035 963 2090 civitates
993 2035 1127 2089 alias
1158 2038 1502 2089 transierunt.
1532 2034 1630 2099 Qui
1666 2030 1862 2086 tremor
1894 2032 2000 2104 [Αι.

434 2126 614 2197 timor]
658 2127 724 2180 ad
767 2128 964 2180 vicinas
1004 2127 1249 2180 civitates
1296 2136 1574 2193 porrectus
1602 2132 1713 2189 est,
1745 2132 1799 2176 et
1840 2138 2005 2191 usque

433 2219 739 2287 Hispaniam
781 2219 995 2287 attigit,
1030 2218 1126 2271 sed
1176 2234 1278 2269 non
1321 2226 1427 2270 tam
1456 2217 1648 2269 valide.
1692 2216 1892 2268 Tamen
1936 2214 2006 2267 de

434 2309 706 2379 Pyrenaeis
750 2310 1022 2363 montibus
1051 2308 1295 2361 immensi
1329 2308 1531 2376 lapides
1559 2318 1681 2360 sunt
1706 2305 1960 2359 commoti
1983 2343 2001 2369 ,

433 2402 521 2471 qui
551 2417 739 2471 pecora
771 2403 1117 2470 hominesque
1147 2410 1568 2469 prostraverunt.
1600 2398 1729 2451 Nam
1771 2408 1824 2451 et
1860 2398 2007 2449 vicos

435 2496 849 2566 Burdegalenses
891 2496 1196 2549 incendium
1238 2495 1490 2548 divinitus
1531 2506 1707 2549 ortum
1757 2494 2004 2560 exussit,

433 2586 506 2642 ita
539 2597 595 2639 ut
636 2588 809 2641 subito
855 2588 1228 2655 comprehensi
1277 2587 1418 2656 igne,
1455 2594 1560 2639 tam
1614 2587 1803 2638 domus
1849 2599 2006 2653 quattt

434 2694 569 2733 areze
594 2685 713 2732 cum
743 2680 965 2732 annonis
995 2678 1238 2732 incendio
1260 2685 1657 2741 cremarentur;
1681 2677 1881 2730 nullum
1914 2690 2008 2744 pe-

435 2779 577 2824 nitus
602 2768 1000 2823 incitamentum
1030 2769 1232 2823 habens
1265 2771 1401 2839 ignis
1429 2771 1585 2823 alieni
1607 2809 1622 2835 ,
1656 2768 1754 2823 nisi
1788 2769 2007 2822 forsitan

437 2861 679 2929 jussione
706 2859 905 2913 divina.
946 2860 1073 2913 Nam
1103 2868 1156 2912 et
1199 2860 1598 2914 Aurelianensis
1630 2859 1816 2914 civitas
1862 2858 2009 2927 gravi

441 2953 693 3006 incendio
720 2953 1086 3021 conflagravit,
1118 2954 1167 3005 in
1214 2960 1417 3006 tantum
1453 2962 1510 3005 ut
1553 2952 1835 3006 ditioribus
1879 2953 2010 3006 nihil

438 3045 647 3114 penitus
680 3052 1095 3099 remaneret:et
1136 3045 1180 3097 si
1226 3045 1417 3113 aliquis
1462 3045 1530 3098 ab
1551 3045 1680 3110 igne
1724 3046 2008 3114 quidquam

2107 1850 2159 1892 et
2218 1840 2528 1894 emendatio
2575 1854 2682 1893 non
2728 1842 3006 1896 successit.
3074 1844 3209 1898 Ecce
3247 1846 3356 1913 jam
3405 1847 3677 1914 perdimus

2107 1931 2278 1995 lilios;
2321 1946 2447 1987 ecce
2481 1933 2592 2001 jam
2642 1947 2736 1988 eos
2785 1934 3035 2003 lacrymte
3073 1949 3402 2004 pauperum,
3453 1942 3683 1994 lamenta

2108 2021 2426 2087 viduarum,
2474 2023 2703 2093 suSpiria
2762 2025 3119 2093 orphanorum
3181 2026 3529 2094 interimunt;
3586 2047 3685 2088 nec

2106 2130 2231 2183 spes
2260 2127 2503 2171 remanet
2531 2117 2617 2170 cui
2655 2116 2855 2187 aliquid
2892 2132 3301 2188 congregemus.
3334 2121 3684 2177 Tltesauriu-

2107 2223 2249 2273 mus,
2280 2208 2580 2263 nescientes
2608 2209 2695 2262 cui
2724 2224 3110 2279 congregentus
3144 2226 3228 2264 ea.
3261 2213 3398 2267 Ecce
3439 2214 3680 2271 thesauri

2109 2312 2389 2357 remanent
2415 2319 2445 2357 a
2477 2317 2786 2372 possessore
2815 2305 2997 2368 vacui,
3030 2305 3233 2373 rapinis
3258 2321 3321 2359 ac
3347 2308 3683 2365 maledictio-

2117 2394 2273 2449 nibus
2310 2396 2470 2464 pleni.
2504 2395 2750 2462 Nunquid
2802 2412 2907 2450 tton
2935 2397 3273 2453 exttndabant
3313 2399 3475 2471 244,
3501 2417 3683 2471 prom-

2113 2485 2319 2555 ptuaria
2356 2486 2517 2540 vino?
2547 2488 2783 2556 nunquid
2817 2504 2923 2542 non
2955 2489 3144 2544 horrea
3187 2493 3529 2558 repleliantur
3569 2496 3679 2550 fru-

2111 2577 2335 2630 mento?
2385 2578 2623 2647 nunquid
2674 2594 2779 2632 non
2820 2589 2974 2634 erant
3024 2580 3257 2635 thesauri
3302 2582 3484 2638 referti
3530 2599 3684 2649 auro,

2110 2678 2356 2737 argento,
2390 2670 2657 2739 lapidibus
2696 2672 2965 2739 pretiosis,
2998 2672 3308 2734 monilibus,
3338 2676 3422 2729 vel
3471 2677 3687 2745 reliquis

2113 2764 2474 2832 imperialibus
2499 2766 2865 2819 ornamentis?
2894 2766 3034 2820 Ecce
3061 2766 3200 2835 quod
3231 2769 3500 2835 pulchrius
3530 2770 3686 2826 habe~

2113 2860 2324 2923 bamus,
2357 2860 2650 2930 perdimus.
2686 2860 2851 2922 Nunc,
2880 2862 2923 2913 si
2952 2862 3141 2929 placet,
3172 2863 3290 2917 veni
3322 2862 3429 2934 [ΑΙ.
3463 2863 3687 2935 venite],

2111 2961 2165 3004 et
2209 2949 2556 3005 incendamus
2592 2966 2781 3005 omnes
2821 2951 3206 3021 descriptiones
3252 2954 3501 3023 iniquas;
3538 2958 3686 3010 suill-

2114 3047 2328 3116 ciatqne
2376 3047 2504 3099 fisco
2553 3055 2741 3099 nostro
2772 3086 2788 3109 ,
2842 3046 2981 3113 quod
3030 3046 3240 3100 suffecit
3287 3049 3420 3116 patri
3468 3048 3687 3120 regique

436 3138 648 3203 eripuit,
679 3138 746 3190 ab
776 3136 1143 3189 insistentibus
1174 3136 1380 3190 furibus
1408 3149 1487 3189 eSt
1533 3138 1816 3204 direptum.
1854 3135 2008 3202 Apud
2035 3118 2081 3180 ο
2113 3136 2542 3193 Chlothachario.
2574 3136 2698 3191 llaec
2744 3136 2900 3191 effata
2942 3141 3146 3204 regina,
3180 3140 3366 3207 pugnis
3396 3118 3684 3195 verberans

440 3230 721 3282 terminum
749 3228 1107 3283 Carnotenuut
1138 3244 1295 3283 verus
1321 3227 1345 3265 δ
1379 3230 1447 3283 de
1471 3230 1690 3284 clTracto
1720 3245 1854 3298 pane
1880 3246 2007 3283 san-

436 3320 551 3389 guis
576 3320 800 3375 efﬂuxit.
826 3322 1071 3377 Graviter
1103 3334 1227 3376 tunc
1249 3333 1304 3377 et
1336 3322 1566 3376 Biturica
1594 3323 1779 3378 civitas
1801 3341 1827 3375 a
1852 3339 2009 3394 gran-

438 3417 563 3469 dine
595 3416 871 3470 verberata
904 3423 1007 3471 est.

512 3507 725 3561 XXXV.
767 3508 870 3563 Sed
921 3510 1034 3563 lucc
1080 3507 1317 3578 prodigia
1348 3509 1661 3578 gravissima
1706 3509 1862 3580 243
1896 3508 2009 3564 lues

436 3607 520 3650 est
545 3599 844 3652 subsecuta.
873 3598 1000 3652 Nam
1029 3601 1453 3656 discordantibus
1476 3602 1707 3671 reg~bus,
1733 3613 1784 3655 ct
1816 3604 2007 3656 iterum

437 3691 631 3745 bellum
664 3691 816 3745 civile
846 3693 1150 3761 parantibus
1172 3734 1188 3759 ,
1232 3696 1596 3765 dysentericus
1627 3696 1845 3748 morbus
1872 3710 2010 3763 pene

439 3783 637 3837 Gallias
666 3793 801 3837 totas
832 3787 1241 3852 praeoccupavit.
1277 3786 1405 3839 Erat
1434 3787 1574 3839 enim
1608 3788 1688 3839 his
1717 3788 1805 3855 qui
1838 3786 2008 3854 pitie-

447 3875 638 3928 buitur
693 3876 859 3928 valida
888 3891 1007 3930 cum
1040 3877 1236 3930 vomitu
1270 3878 1452 3941 febris,
1484 3894 1780 3947 renumque
1811 3880 2008 3933 nimius

445 3966 615 4028 dolor,
646 3975 801 4032 caput
828 3982 988 4036 grave
1018 3968 1095 4019 vel
1126 3967 1324 4020 cervix.
1352 3967 1424 4020 Ea
1456 3983 1583 4021 vero
1613 3983 1729 4034 quae
1760 3984 1825 4022 ex
1856 3984 1948 4022 ore
1980 3980 2003 4009 ο

451 4057 862 4127 projiciebantur
891 4099 905 4122 ,
952 4059 1131 4113 colore
1197 4073 1435 4122 croceo,
1490 4070 1581 4112 aut
1629 4072 1773 4113 certe
1822 4060 2008 4115 viridia

447 4158 633 4211 erant;
663 4162 693 4200 a
726 4148 903 4201 multis
943 4157 1121 4202 autem
1153 4152 1492 4203 asserebatur
1521 4166 1782 4205 venenum
1830 4152 2009 4205 occul-

445 4247 555 4290 tum
600 4252 739 4292 esse.
789 4240 1112 4294 Rusticiores
1162 4256 1285 4296 vero
1324 4244 1534 4297 eorales
1586 4243 1685 4298 hoc
1736 4240 2006 4311 pusulan

438 4331 812 4383 nominabant:
844 4332 981 4400 quod
1015 4348 1118 4387 non
1143 4345 1224 4388 est
1244 4334 1572 4399 incredibile,
1603 4335 1723 4404 quia
1749 4334 1924 4388 missae
1953 4336 2005 4389 in

436 4422 669 4490 scapulis
698 4425 810 4476 sive
835 4424 1079 4481 cruribus
1108 4438 1364 4489 ventosaz,
1392 4428 1801 4495 procedentibus
1828 4444 2008 4481 erum-

2114 3240 2318 3298 pectns,
2344 3228 2507 3298 jussit
2537 3228 2700 3281 libros
2730 3226 3008 3291 exhiberi,
3037 3229 3125 3297 qui
3151 3230 3218 3283 de
3248 3232 3544 3285 civitatibus
3576 3233 3688 3286 suis

2114 3336 2209 3391 per
2239 3321 2473 3375 Marcum
2518 3331 2818 3384 venerant;
2860 3320 3213 3389 proiectisque
3254 3322 3305 3376 in
3347 3324 3554 3391 ignem,
3586 3326 3684 3380 ite-

2113 3431 2229 3468 rum
2262 3415 2326 3468 ad
2360 3428 2535 3481 regem
2566 3428 2825 3467 conversa
2854 3430 2867 3466 :
2892 3412 3027 3479 Quid
3066 3423 3152 3479 tu,
3183 3414 3384 3482 inquit,
3417 3416 3685 3471 moraris?

2115 3505 2219 3559 Fac
2248 3504 2387 3573 quod
2438 3505 2584 3556 vides
2621 3518 2649 3554 a
2698 3518 2785 3557 me
2818 3504 2929 3556 iieri
2956 3542 2971 3566 ,
3022 3512 3079 3557 ut
3122 3513 3177 3557 et
3220 3504 3263 3557 si
3304 3504 3491 3560 dulces
3532 3518 3685 3562 natos

2114 3595 2417 3665 perdimus,
2452 3593 2531 3647 vel
2577 3608 2788 3661 ptenam
2838 3601 3145 3662 perpetuam
3193 3596 3499 3650 evadamus.
3532 3597 3683 3652 Tunc

2114 3702 2208 3740 rex
2236 3693 2589 3754 compunctus
2614 3684 2775 3737 corde
2815 3684 3028 3738 tradidit
3068 3701 3255 3741 omnes
3288 3686 3452 3743 libros
3485 3688 3684 3743 descri-

2114 3776 2351 3844 ptinnum
2386 3775 2488 3843 igni
2512 3815 2526 3837 ,
2555 3776 2999 3845 contlagratisque
3021 3776 3156 3843 illis,
3191 3778 3333 3832 misit
3360 3781 3448 3848 qui
3476 3780 3679 3834 futuras

2115 3866 2458 3935 prohiberent
2483 3867 2889 3934 descriptiones.
2916 3867 3157 3922 Posthtec
3181 3869 3472 3924 infantulus
3489 3870 3674 3940 jnuior

2111 3957 2236 4012 dum
2266 3958 2431 4010 nimio
2461 3957 2641 4011 labore
2672 3958 2917 4022 tabescit,
2948 3958 3339 4027 exstinguitur;
3374 3976 3531 4029 quem
3552 3976 3675 4015 eum

2112 4049 2351 4103 maximo
2383 4064 2615 4104 llltBl‘Ol'e
2652 4050 2977 4104 deducentes
3011 4066 3040 4103 a
3070 4052 3194 4105 villa
3234 4050 3508 4107 Brennaco
3538 4052 3684 4107 Pari-

2111 4141 2242 4205 sios,
2274 4142 2339 4195 ad
2388 4141 2661 4195 basilicam
2708 4142 2877 4196 sancti
2920 4142 3155 4211 Dionysii
3196 4145 3427 4212 sepelire
3458 4146 3679 4199 manda-

2110 4243 2297 4286 verunt
2323 4240 2368 4284 ε.
2404 4230 2819 4285 Cltlodobertum
2870 4247 2997 4285 vero
3037 4242 3424 4301 componentes
3457 4235 3682 4290 in'fere-

2111 4331 2212 4389 tro,
2245 4323 2561 4378 Suessiones
2600 4322 2665 4375 ad
2709 4321 2980 4376 basilicam
3030 4326 3198 4377 sancti
3229 4323 3464 4377 Medardi
3507 4324 3674 4380 duxe-

2110 4425 2254 4481 runt,
2289 4414 2731 4485 projicientesque
2758 4429 2879 4468 eum
2929 4413 2996 4467 ad
3041 4424 3281 4468 sanctum
3328 4414 3632 4483 sepulcrum
3656 4455 3672 4481 ,

438 4512 784 4580 pentibusth
814 4513 1031 4577 vesicis,
1062 4515 1286 4569 decursa
1316 4518 1464 4571 sanie
1508 4518 1658 4571 multi
1701 4518 2005 4572 liberaban-
2039 4501 2086 4559 ί)
2114 4517 2369 4563 v(“lenml
2401 4517 2517 4560 νοιδ
2551 4522 2645 4575 ρτο
2670 4520 2774 4570 eo;
2803 4504 2897 4559 8θά
2926 4505 3097 4559 “ludia
3127 4514 3301 4570 ηοειθ»
3327 4505 3552 4561 “melus
3568 4506 3678 4575 iam

440 4612 558 4668 tur;
606 4603 698 4657 sed
743 4614 796 4658 et
841 4605 1049 4672 herbae,
1102 4623 1219 4676 qum
1258 4609 1477 4661 vent-nis
1525 4608 1823 4672 medentur,
1857 4609 2003 4678 potui

435 4708 677 4764 sumptze,
713 4698 978 4767 plerisque
1010 4700 1252 4766 prmsidia
1281 4704 1644 4755 contulerunt.
1678 4703 1741 4756 Et
1784 4703 2001 4770 quidem

437 4790 664 4855 primum
715 4791 826 4841 lirec
862 4790 1143 4843 inlirmitas
1188 4807 1214 4842 a
1266 4805 1451 4845 mense
1483 4794 1723 4860 Augusto
1754 4792 1955 4846 initiata
1983 4832 1999 4858 ,

437 4878 681 4945 parvulos
732 4878 1101 4931 adolescentes
1148 4879 1417 4946 arripuit,
1470 4879 1722 4947 lethoque
1769 4881 1999 4950 subegit.

436 5010 752 5077 Elaverque,
801 5028 947 5081 quem
985 5011 1280 5065 Melacrem.
1334 5012 1379 5066 is
1409 5018 1491 5065 est
1538 5010 1732 5063 Elaver
1769 5011 1996 5077 ﬂuvius,

436 5086 591 5153 vulgo
620 5084 835 5145 l‘Allier,
861 5084 948 5149 qui
979 5094 1127 5136 ortus
1158 5085 1206 5134 itt
1237 5083 1521 5153 Celiennis,
1555 5083 1872 5153 etlnstrat.s
1901 5084 2000 5134 Ar-

436 5151 631 5214 vernis,
666 5155 798 5207 infra
829 5153 1112 5205 Nivernuni
1154 5152 1337 5204 urbem
1374 5156 1422 5203 in
1454 5151 1679 5218 Ligerim
1713 5152 1925 5205 labitur.

514 5224 759 5343 ﬂsgl‘pnse
788 5223 1001 5276 Octobri
1034 5225 1147 5276 haec
1176 5222 1462 5299 contigisw
1489 5222 1675 5274 scribit
1704 5222 1902 5274 Marius
1930 5221 1997 5274 ad

433 5309 496 5346 an
507 5334 517 5344 .
548 5291 669 5346 580.

506 5364 529 5401 δ
568 5362 755 5427 Coth.,
783 5364 920 5415 urbis
948 5364 1031 5415 de.

506 5445 528 5472 ο
571 5437 623 5487 In
656 5432 817 5487 Corlt.
850 5435 999 5486 deest
1026 5448 1087 5485 ea:
1114 5448 1222 5485 ore.

502 5503 529 5540 ⁴¹
569 5504 742 5569 Colh.,
772 5503 997 5557 Ceriales
1025 5502 1119 5555 Itoc
1159 5501 1411 5568 pustulas.
1441 5502 1594 5564 Bad.,
1626 5499 1829 5554 Carales
1853 5542 1866 5564 ,
1900 5502 1998 5554 hoc

431 5586 522 5635 est,
552 5576 801 5641 pustulas.
837 5572 1016 5631 Erant,
1049 5574 1099 5625 ni
1134 5574 1302 5632 fallor,
1330 5575 1551 5640 pustulae
1574 5573 1622 5625 in
1647 5574 1808 5625 corde
1839 5582 1993 5635 ortae,

432 5657 479 5703 et
515 5646 630 5697 ideo
660 5645 866 5697 eorales
895 5644 1084 5705 dicite;
1119 5643 1197 5695 vel
1228 5644 1367 5712 quod
1399 5652 1548 5711 Sputa
1578 5652 1760 5697 esscnt
1801 5658 1995 5713 purpu-

431 5718 511 5788 rei
535 5713 973 5787 colorigcoralio
1002 5713 1207 5767 similis.

2111 4611 2164 4655 et
2196 4600 2390 4664 tenuis,
2420 4599 2663 4667 spiritum
2694 4596 3001 4651 exhalavit:
3027 4611 3181 4667 quem
3214 4596 3267 4649 in
3300 4596 3515 4651 basilica
3555 4613 3680 4651 san-

2107 4707 2315 4753 ctorum
2342 4694 2571 4761 CriSpini
2599 4704 2759 4762 atque
2791 4692 3109 4761 Crispiniani
3146 4689 3165 4730 ί
3198 4700 3489 4762 martyrum
3520 4705 3671 4758 sepe-

2107 4794 2325 4847 lierunt.
2358 4793 2576 4859 Magnus
2603 4806 2813 4860 quoque
2858 4791 2944 4845 hic
2968 4800 2995 4838 ε
3031 4791 3269 4859 planctus
3296 4791 3440 4845 omni
3481 4791 3679 4860 populo

2109 4886 2235 4953 fuit;
2266 4900 2388 4939 nam
2419 4885 2517 4938 viri
2546 4884 2806 4954 lugentes,
2838 4882 3197 4951 mulieresque
3241 4882 3551 4950 lugubribus
3582 4897 3678 4936 ve-

2178 5028 2202 5057 °
2245 5020 2337 5073 Hic
2367 5035 2393 5070 a
2428 5019 2715 5088 Fortunato
2763 5015 3055 5088 appellatur
3102 5015 3451 5088 Dagobertus,
3491 5014 3668 5088 cujus,

2103 5098 2154 5143 et
2183 5089 2523 5143 Clilodoberti
2558 5087 2729 5139 fratris
2750 5085 3013 5153 epitapbia
3038 5085 3247 5151 scripsit
3277 5086 3367 5138 lib.
3393 5101 3473 5149 ιχ,
3497 5085 3667 5142 carm.

2102 5159 2136 5211 4
2162 5171 2214 5213 et
2244 5158 2294 5211 5.
2330 5159 2520 5212 Obiere
2566 5166 2680 5223 post
2720 5158 2979 5225 synodum
3031 5156 3488 5223 Brennacensem,
3521 5165 3579 5211 ut
3608 5173 3672 5211 ex

2102 5244 2219 5293 cap.
2255 5229 2438 5281 ultimo
2468 5227 2623 5296 hujus
2656 5226 2772 5279 libri
2808 5237 2972 5292 patet.

2178 5298 2195 5335 ί
2243 5298 2333 5350 Est
2360 5314 2495 5350 nunc
2526 5294 2903 5351 ninnasterium
2937 5296 3140 5350 ordinis
3178 5297 3235 5351 S.
3274 5294 3539 5351 Benedicti
3569 5295 3669 5349 sub

2104 5369 2162 5423 S.
2200 5368 2363 5421 Mauri
2402 5368 2828 5437 congregatione,
2859 5382 2980 5421 cum
3010 5367 3234 5421 Basilica
3269 5367 3480 5435 insigni,
3514 5364 3670 5437 cujus

2102 5439 2277 5492 navim
2307 5434 2834 5492 Calvintstae'szi-eulo
2861 5439 3121 5502 superiori
3167 5434 3493 5491 everterunt.
3528 5434 3671 5488 Nun-

2101 5510 2230 5563 nulli
2253 5509 2553 5562 existimant
2573 5507 2639 5560 ibi
2654 5509 2778 5560 olim
2796 5509 3063 5562 exstitisse
3084 5508 3261 5560 sedem
3283 5504 3670 5571 episc0palem.

2173 5588 2199 5625 ε
2236 5578 2323 5632 Sic
2348 5580 2499 5634 Colb.
2527 5588 2580 5634 ct
2612 5578 2843 5644 Chcsn.;
2873 5579 3111 5649 plerique
3132 5575 3258 5631 editi
3284 5615 3299 5643 ,
3327 5572 3547 5643 Magnus
3578 5590 3673 5638 κει

2099 5666 2193 5721 que
2223 5650 2340 5715 huc.
