  <div class='ocr_page' id='page_1' title='image "/cluster/home/n/w/nwhite01/storage/ocr_20150623/71/hvd.32044054758743/183.png"; bbox 0 0 4016 6338; ppageno 0'>
   <div class='ocr_carea' id='block_1_1' title="bbox 414 266 536 323">
    <p class='ocr_par' dir='ltr' id='par_1_1' title="bbox 414 266 536 323">
     <span class='ocr_line' id='line_1_1' title="bbox 414 266 536 323; baseline 0.041 -5"><span class='ocrx_word' id='word_1_1' title='bbox 414 296 417 299; x_wconf 61' lang='grc' dir='ltr'><strong>ι</strong></span> <span class='ocrx_word' id='word_1_2' title='bbox 444 266 536 323; x_wconf 62' lang='grc'><strong>5⁸51</strong></span> 
     </span>
    </p>
   </div>
   <div class='ocr_carea' id='block_1_2' title="bbox 1457 272 2684 331">
    <p class='ocr_par' dir='ltr' id='par_1_2' title="bbox 1457 272 2684 331">
     <span class='ocr_line' id='line_1_2' title="bbox 1457 272 2684 331; baseline 0.002 -2"><span class='ocrx_word' id='word_1_3' title='bbox 1457 273 1511 329; x_wconf 83' lang='lat' dir='ltr'><strong>S.</strong></span> <span class='ocrx_word' id='word_1_4' title='bbox 1554 274 1874 329; x_wconf 75' lang='lat' dir='ltr'><strong>GIIEGUIHI</strong></span> <span class='ocrx_word' id='word_1_5' title='bbox 1918 274 2221 329; x_wconf 76' lang='lat' dir='ltr'><strong>EPISCOPI</strong></span> <span class='ocrx_word' id='word_1_6' title='bbox 2263 272 2684 331; x_wconf 66' lang='lat' dir='ltr'><strong>TURONENSIS</strong></span> 
     </span>
    </p>
   </div>
   <div class='ocr_carea' id='block_1_3' title="bbox 3584 286 3696 342">
    <p class='ocr_par' dir='ltr' id='par_1_3' title="bbox 3584 286 3696 342">
     <span class='ocr_line' id='line_1_3' title="bbox 3584 286 3696 342; baseline -0.009 0"><span class='ocrx_word' id='word_1_7' title='bbox 3584 286 3696 342; x_wconf 72' lang='lat'><strong>352</strong></span> 
     </span>
    </p>
   </div>
   <div class='ocr_carea' id='block_1_4' title="bbox 439 385 3687 467">
    <p class='ocr_par' dir='ltr' id='par_1_4' title="bbox 439 385 3687 467">
     <span class='ocr_line' id='line_1_4' title="bbox 439 385 3687 467; baseline 0.002 -30"><span class='ocrx_word' id='word_1_8' title='bbox 439 386 705 441; x_wconf 77' lang='lat' dir='ltr'><strong>stimentis</strong></span> <span class='ocrx_word' id='word_1_9' title='bbox 749 385 973 449; x_wconf 63' lang='lat' dir='ltr'><strong>indutas,</strong></span> <span class='ocrx_word' id='word_1_10' title='bbox 1022 394 1078 439; x_wconf 91' lang='lat' dir='ltr'><strong>ut</strong></span> <span class='ocrx_word' id='word_1_11' title='bbox 1126 385 1262 440; x_wconf 84' lang='lat' dir='ltr'><strong>solet</strong></span> <span class='ocrx_word' id='word_1_12' title='bbox 1311 386 1365 439; x_wconf 88' lang='lat' dir='ltr'><strong>in</strong></span> <span class='ocrx_word' id='word_1_13' title='bbox 1409 387 1691 457; x_wconf 87' lang='lat' dir='ltr'><strong>conjugum</strong></span> <span class='ocrx_word' id='word_1_14' title='bbox 1738 388 2006 456; x_wconf 82' lang='lat' dir='ltr'><strong>exsequiis</strong></span> <span class='ocrx_word' id='word_1_15' title='bbox 2032 392 2078 450; x_wconf 79' lang='grc' dir='ltr'>Α</span> <span class='ocrx_word' id='word_1_16' title='bbox 2112 388 2249 451; x_wconf 87' lang='lat' dir='ltr'><strong>illos,</strong></span> <span class='ocrx_word' id='word_1_17' title='bbox 2283 388 2371 457; x_wconf 89' lang='lat' dir='ltr'><strong>qui</strong></span> <span class='ocrx_word' id='word_1_18' title='bbox 2400 389 2721 441; x_wconf 83' lang='lat' dir='ltr'><strong>avunculum</strong></span> <span class='ocrx_word' id='word_1_19' title='bbox 2753 401 2928 441; x_wconf 86' lang='lat' dir='ltr'><strong>meum</strong></span> <span class='ocrx_word' id='word_1_20' title='bbox 2961 387 3366 458; x_wconf 83' lang='lat' dir='ltr'><strong>interfecerunt,</strong></span> <span class='ocrx_word' id='word_1_21' title='bbox 3413 394 3578 467; x_wconf 56' lang='lat'><strong>256</strong></span> <span class='ocrx_word' id='word_1_22' title='bbox 3605 407 3687 452; x_wconf 76' lang='lat' dir='ltr'><strong>te.</strong></span> 
     </span>
    </p>
   </div>
   <div class='ocr_carea' id='block_1_5' title="bbox 442 476 2006 547">
    <p class='ocr_par' dir='ltr' id='par_1_5' title="bbox 442 476 2006 547">
     <span class='ocr_line' id='line_1_5' title="bbox 442 476 2006 547; baseline 0.002 -18"><span class='ocrx_word' id='word_1_23' title='bbox 442 478 592 540; x_wconf 74' lang='lat' dir='ltr'><strong>fieri,</strong></span> <span class='ocrx_word' id='word_1_24' title='bbox 640 479 706 530; x_wconf 90' lang='lat' dir='ltr'><strong>ita</strong></span> <span class='ocrx_word' id='word_1_25' title='bbox 759 477 860 529; x_wconf 90' lang='lat' dir='ltr'><strong>hoc</strong></span> <span class='ocrx_word' id='word_1_26' title='bbox 899 476 1057 528; x_wconf 88' lang='lat' dir='ltr'><strong>funus</strong></span> <span class='ocrx_word' id='word_1_27' title='bbox 1086 487 1211 528; x_wconf 89' lang='lat' dir='ltr'><strong>sunt</strong></span> <span class='ocrx_word' id='word_1_28' title='bbox 1257 489 1569 542; x_wconf 85' lang='lat' dir='ltr'><strong>prosecutae.</strong></span> <span class='ocrx_word' id='word_1_29' title='bbox 1618 478 1778 532; x_wconf 84' lang='lat' dir='ltr'><strong>Multa</strong></span> <span class='ocrx_word' id='word_1_30' title='bbox 1826 487 2006 547; x_wconf 89' lang='lat' dir='ltr'><strong>postea</strong></span> 
     </span>
    </p>
   </div>
   <div class='ocr_carea' id='block_1_6' title="bbox 445 566 2008 638">
    <p class='ocr_par' dir='ltr' id='par_1_6' title="bbox 445 566 2008 638">
     <span class='ocr_line' id='line_1_6' title="bbox 445 566 2008 638; baseline 0.004 -19"><span class='ocrx_word' id='word_1_31' title='bbox 445 566 782 633; x_wconf 81' lang='lat' dir='ltr'><strong>Chilpericus</strong></span> <span class='ocrx_word' id='word_1_32' title='bbox 814 580 911 621; x_wconf 78' lang='lat' dir='ltr'><strong>rex</strong></span> <span class='ocrx_word' id='word_1_33' title='bbox 936 566 1199 631; x_wconf 88' lang='lat' dir='ltr'><strong>ecclesiis,</strong></span> <span class='ocrx_word' id='word_1_34' title='bbox 1231 568 1344 622; x_wconf 80' lang='lat' dir='ltr'><strong>sive</strong></span> <span class='ocrx_word' id='word_1_35' title='bbox 1388 568 1640 634; x_wconf 74' lang='lat' dir='ltr'><strong>basilicis,</strong></span> <span class='ocrx_word' id='word_1_36' title='bbox 1676 570 1762 623; x_wconf 88' lang='lat' dir='ltr'><strong>vel</strong></span> <span class='ocrx_word' id='word_1_37' title='bbox 1807 583 2008 638; x_wconf 83' lang='lat' dir='ltr'><strong>paupe-</strong></span> 
     </span>
    </p>
   </div>
   <div class='ocr_carea' id='block_1_7' title="bbox 438 656 961 725">
    <p class='ocr_par' dir='ltr' id='par_1_7' title="bbox 438 656 961 725">
     <span class='ocr_line' id='line_1_7' title="bbox 438 656 961 725; baseline 0 -15"><span class='ocrx_word' id='word_1_38' title='bbox 438 656 586 710; x_wconf 77' lang='lat' dir='ltr'><strong>ribus</strong></span> <span class='ocrx_word' id='word_1_39' title='bbox 611 666 692 709; x_wconf 86' lang='lat' dir='ltr'><strong>est</strong></span> <span class='ocrx_word' id='word_1_40' title='bbox 723 657 961 725; x_wconf 80' lang='lat' dir='ltr'><strong>largitus.</strong></span> 
     </span>
    </p>
   </div>
   <div class='ocr_carea' id='block_1_8' title="bbox 506 745 2006 818">
    <p class='ocr_par' dir='ltr' id='par_1_8' title="bbox 506 745 2006 818">
     <span class='ocr_line' id='line_1_8' title="bbox 506 745 2006 818; baseline 0.006 -20"><span class='ocrx_word' id='word_1_41' title='bbox 506 745 746 800; x_wconf 72' lang='lat' dir='ltr'><strong>XXXVI.</strong></span> <span class='ocrx_word' id='word_1_42' title='bbox 791 748 883 801; x_wconf 88' lang='lat' dir='ltr'><strong>llis</strong></span> <span class='ocrx_word' id='word_1_43' title='bbox 909 748 1099 803; x_wconf 85' lang='lat' dir='ltr'><strong>diebus</strong></span> <span class='ocrx_word' id='word_1_44' title='bbox 1145 750 1572 818; x_wconf 81' lang='lat' dir='ltr'><strong>Austrechildis,</strong></span> <span class='ocrx_word' id='word_1_45' title='bbox 1620 751 2006 807; x_wconf 87' lang='lat' dir='ltr'><strong>Guntchramni</strong></span> 
     </span>
    </p>
   </div>
   <div class='ocr_carea' id='block_1_9' title="bbox 433 839 2002 910">
    <p class='ocr_par' dir='ltr' id='par_1_9' title="bbox 433 839 2002 910">
     <span class='ocr_line' id='line_1_9' title="bbox 433 839 2002 910; baseline 0.008 -23"><span class='ocrx_word' id='word_1_46' title='bbox 433 839 689 906; x_wconf 84' lang='lat' dir='ltr'><strong>principis</strong></span> <span class='ocrx_word' id='word_1_47' title='bbox 720 840 921 908; x_wconf 84' lang='lat' dir='ltr'><strong>regina,</strong></span> <span class='ocrx_word' id='word_1_48' title='bbox 956 842 1022 892; x_wconf 85' lang='lat' dir='ltr'><strong>ab</strong></span> <span class='ocrx_word' id='word_1_49' title='bbox 1069 841 1167 894; x_wconf 89' lang='lat' dir='ltr'><strong>hoc</strong></span> <span class='ocrx_word' id='word_1_50' title='bbox 1194 843 1380 893; x_wconf 90' lang='lat' dir='ltr'><strong>morbo</strong></span> <span class='ocrx_word' id='word_1_51' title='bbox 1421 853 1733 910; x_wconf 82' lang='lat' dir='ltr'><strong>consumpta</strong></span> <span class='ocrx_word' id='word_1_52' title='bbox 1761 852 1842 898; x_wconf 88' lang='lat' dir='ltr'><strong>est</strong></span> <span class='ocrx_word' id='word_1_53' title='bbox 1873 861 1884 895; x_wconf 91' lang='lat'><strong>:</strong></span> <span class='ocrx_word' id='word_1_54' title='bbox 1910 845 2002 899; x_wconf 90' lang='lat' dir='ltr'><strong>sed</strong></span> 
     </span>
    </p>
   </div>
   <div class='ocr_carea' id='block_1_10' title="bbox 432 928 2003 1005">
    <p class='ocr_par' dir='ltr' id='par_1_10' title="bbox 432 928 2003 1005">
     <span class='ocr_line' id='line_1_10' title="bbox 432 928 2003 1005; baseline 0.007 -27"><span class='ocrx_word' id='word_1_55' title='bbox 432 928 739 997; x_wconf 79' lang='lat' dir='ltr'><strong>priusquam</strong></span> <span class='ocrx_word' id='word_1_56' title='bbox 767 946 992 997; x_wconf 87' lang='lat' dir='ltr'><strong>nequam</strong></span> <span class='ocrx_word' id='word_1_57' title='bbox 1022 930 1267 997; x_wconf 83' lang='lat' dir='ltr'><strong>spiritum</strong></span> <span class='ocrx_word' id='word_1_58' title='bbox 1290 932 1587 996; x_wconf 81' lang='lat' dir='ltr'><strong>exhalaret,</strong></span> <span class='ocrx_word' id='word_1_59' title='bbox 1617 948 1843 989; x_wconf 90' lang='lat' dir='ltr'><strong>cernens</strong></span> <span class='ocrx_word' id='word_1_60' title='bbox 1864 936 2003 1005; x_wconf 92' lang='lat' dir='ltr'><strong>quod</strong></span> 
     </span>
    </p>
   </div>
   <div class='ocr_carea' id='block_1_11' title="bbox 431 1016 2002 1093">
    <p class='ocr_par' dir='ltr' id='par_1_11' title="bbox 431 1016 2002 1093">
     <span class='ocr_line' id='line_1_11' title="bbox 431 1016 2002 1093; baseline 0.008 -26"><span class='ocrx_word' id='word_1_61' title='bbox 431 1016 658 1070; x_wconf 80' lang='lat' dir='ltr'><strong>evadere</strong></span> <span class='ocrx_word' id='word_1_62' title='bbox 688 1033 790 1072; x_wconf 88' lang='lat' dir='ltr'><strong>non</strong></span> <span class='ocrx_word' id='word_1_63' title='bbox 827 1033 1023 1083; x_wconf 88' lang='lat' dir='ltr'><strong>posset,</strong></span> <span class='ocrx_word' id='word_1_64' title='bbox 1059 1022 1159 1072; x_wconf 87' lang='lat' dir='ltr'><strong>alta</strong></span> <span class='ocrx_word' id='word_1_65' title='bbox 1192 1021 1407 1076; x_wconf 87' lang='lat' dir='ltr'><strong>trahens</strong></span> <span class='ocrx_word' id='word_1_66' title='bbox 1428 1025 1680 1093; x_wconf 87' lang='lat' dir='ltr'><strong>suspiria,</strong></span> <span class='ocrx_word' id='word_1_67' title='bbox 1717 1025 1888 1079; x_wconf 89' lang='lat' dir='ltr'><strong>voluit</strong></span> <span class='ocrx_word' id='word_1_68' title='bbox 1911 1026 2002 1080; x_wconf 89' lang='lat' dir='ltr'><strong>leti</strong></span> 
     </span>
    </p>
   </div>
   <div class='ocr_carea' id='block_1_12' title="bbox 432 1109 2005 1184">
    <p class='ocr_par' dir='ltr' id='par_1_12' title="bbox 432 1109 2005 1184">
     <span class='ocr_line' id='line_1_12' title="bbox 432 1109 2005 1184; baseline 0.005 -23"><span class='ocrx_word' id='word_1_69' title='bbox 432 1110 514 1161; x_wconf 80' lang='lat' dir='ltr'><strong>sui</strong></span> <span class='ocrx_word' id='word_1_70' title='bbox 543 1109 741 1164; x_wconf 86' lang='lat' dir='ltr'><strong>habere</strong></span> <span class='ocrx_word' id='word_1_71' title='bbox 765 1111 1067 1179; x_wconf 82' lang='lat' dir='ltr'><strong>participes.</strong></span> <span class='ocrx_word' id='word_1_72' title='bbox 1093 1126 1256 1179; x_wconf 88' lang='lat' dir='ltr'><strong>agens</strong></span> <span class='ocrx_word' id='word_1_73' title='bbox 1281 1122 1339 1167; x_wconf 92' lang='lat' dir='ltr'><strong>ut-</strong></span> <span class='ocrx_word' id='word_1_74' title='bbox 1361 1114 1411 1166; x_wconf 90' lang='lat' dir='ltr'><strong>in</strong></span> <span class='ocrx_word' id='word_1_75' title='bbox 1438 1116 1706 1181; x_wconf 84' lang='lat' dir='ltr'><strong>exsequiis</strong></span> <span class='ocrx_word' id='word_1_76' title='bbox 1732 1114 1849 1184; x_wconf 83' lang='lat' dir='ltr'><strong>ejus</strong></span> <span class='ocrx_word' id='word_1_77' title='bbox 1872 1115 2005 1169; x_wconf 88' lang='lat' dir='ltr'><strong>alio-</strong></span> 
     </span>
    </p>
   </div>
   <div class='ocr_carea' id='block_1_13' title="bbox 433 1200 2001 1268">
    <p class='ocr_par' dir='ltr' id='par_1_13' title="bbox 433 1200 2001 1268">
     <span class='ocr_line' id='line_1_13' title="bbox 433 1200 2001 1268; baseline 0.004 -17"><span class='ocrx_word' id='word_1_78' title='bbox 433 1212 554 1251; x_wconf 86' lang='lat' dir='ltr'><strong>rum</strong></span> <span class='ocrx_word' id='word_1_79' title='bbox 588 1201 768 1252; x_wconf 64' lang='lat' dir='ltr'><strong>funx-ra</strong></span> <span class='ocrx_word' id='word_1_80' title='bbox 804 1200 1202 1268; x_wconf 76' lang='lat' dir='ltr'><strong>plangerrntur.</strong></span> <span class='ocrx_word' id='word_1_81' title='bbox 1237 1201 1427 1257; x_wconf 83' lang='lat' dir='ltr'><strong>Fertur</strong></span> <span class='ocrx_word' id='word_1_82' title='bbox 1460 1207 1602 1257; x_wconf 86' lang='lat' dir='ltr'><strong>enim</strong></span> <span class='ocrx_word' id='word_1_83' title='bbox 1648 1204 1950 1258; x_wconf 83' lang='lat' dir='ltr'><strong>Herodiauo</strong></span> <span class='ocrx_word' id='word_1_84' title='bbox 1975 1214 2001 1241; x_wconf 70' lang='grc' dir='ltr'><strong>ιι</strong></span> 
     </span>
    </p>
   </div>
   <div class='ocr_carea' id='block_1_14' title="bbox 432 1293 1999 1362">
    <p class='ocr_par' dir='ltr' id='par_1_14' title="bbox 432 1293 1999 1362">
     <span class='ocr_line' id='line_1_14' title="bbox 432 1293 1999 1362; baseline 0.004 -21"><span class='ocrx_word' id='word_1_85' title='bbox 432 1304 583 1343; x_wconf 89' lang='lat' dir='ltr'><strong>more</strong></span> <span class='ocrx_word' id='word_1_86' title='bbox 629 1306 807 1357; x_wconf 86' lang='lat' dir='ltr'><strong>regem</strong></span> <span class='ocrx_word' id='word_1_87' title='bbox 854 1293 1089 1358; x_wconf 77' lang='lat' dir='ltr'><strong>petiisse,</strong></span> <span class='ocrx_word' id='word_1_88' title='bbox 1139 1293 1573 1347; x_wconf 74' lang='lat' dir='ltr'><strong>diceuszAdliue</strong></span> <span class='ocrx_word' id='word_1_89' title='bbox 1619 1308 1743 1362; x_wconf 85' lang='lat' dir='ltr'><strong>spes</strong></span> <span class='ocrx_word' id='word_1_90' title='bbox 1790 1294 1999 1349; x_wconf 84' lang='lat' dir='ltr'><strong>vivendi</strong></span> 
     </span>
    </p>
   </div>
   <div class='ocr_carea' id='block_1_15' title="bbox 429 1380 1992 1452">
    <p class='ocr_par' dir='ltr' id='par_1_15' title="bbox 429 1380 1992 1452">
     <span class='ocr_line' id='line_1_15' title="bbox 429 1380 1992 1452; baseline 0.004 -20"><span class='ocrx_word' id='word_1_91' title='bbox 429 1380 639 1447; x_wconf 83' lang='lat' dir='ltr'><strong>fuerat,</strong></span> <span class='ocrx_word' id='word_1_92' title='bbox 689 1382 846 1452; x_wconf 61' lang='lat'><strong>25,5</strong></span> <span class='ocrx_word' id='word_1_93' title='bbox 894 1383 939 1436; x_wconf 90' lang='lat' dir='ltr'><strong>si</strong></span> <span class='ocrx_word' id='word_1_94' title='bbox 986 1398 1090 1436; x_wconf 90' lang='lat' dir='ltr'><strong>non</strong></span> <span class='ocrx_word' id='word_1_95' title='bbox 1136 1383 1275 1437; x_wconf 87' lang='lat' dir='ltr'><strong>inter</strong></span> <span class='ocrx_word' id='word_1_96' title='bbox 1319 1385 1616 1452; x_wconf 91' lang='lat' dir='ltr'><strong>iniquorum</strong></span> <span class='ocrx_word' id='word_1_97' title='bbox 1661 1384 1992 1439; x_wconf 88' lang='lat' dir='ltr'><strong>medicorum</strong></span> 
     </span>
    </p>
   </div>
   <div class='ocr_carea' id='block_1_16' title="bbox 431 1472 1997 1546">
    <p class='ocr_par' dir='ltr' id='par_1_16' title="bbox 431 1472 1997 1546">
     <span class='ocr_line' id='line_1_16' title="bbox 431 1472 1997 1546; baseline 0.007 -25"><span class='ocrx_word' id='word_1_98' title='bbox 431 1484 621 1523; x_wconf 83' lang='lat' dir='ltr'><strong>manus</strong></span> <span class='ocrx_word' id='word_1_99' title='bbox 644 1472 947 1524; x_wconf 72' lang='lat' dir='ltr'><strong>interissem</strong></span> <span class='ocrx_word' id='word_1_100' title='bbox 974 1489 989 1538; x_wconf 87' lang='lat'><strong>;</strong></span> <span class='ocrx_word' id='word_1_101' title='bbox 1020 1488 1139 1526; x_wconf 88' lang='lat' dir='ltr'><strong>nam</strong></span> <span class='ocrx_word' id='word_1_102' title='bbox 1184 1475 1429 1542; x_wconf 84' lang='lat' dir='ltr'><strong>potiones</strong></span> <span class='ocrx_word' id='word_1_103' title='bbox 1471 1476 1539 1530; x_wconf 92' lang='lat' dir='ltr'><strong>ab</strong></span> <span class='ocrx_word' id='word_1_104' title='bbox 1579 1476 1686 1530; x_wconf 88' lang='lat' dir='ltr'><strong>illis</strong></span> <span class='ocrx_word' id='word_1_105' title='bbox 1723 1485 1997 1546; x_wconf 73' lang='lat' dir='ltr'><strong>acceptae,</strong></span> 
     </span>
    </p>
   </div>
   <div class='ocr_carea' id='block_1_17' title="bbox 426 1560 1996 1629">
    <p class='ocr_par' dir='ltr' id='par_1_17' title="bbox 426 1560 1996 1629">
     <span class='ocr_line' id='line_1_17' title="bbox 426 1560 1996 1629; baseline 0.006 -16"><span class='ocrx_word' id='word_1_106' title='bbox 426 1560 553 1613; x_wconf 86' lang='lat' dir='ltr'><strong>mihi</strong></span> <span class='ocrx_word' id='word_1_107' title='bbox 585 1564 630 1615; x_wconf 80' lang='lat' dir='ltr'><strong>ri</strong></span> <span class='ocrx_word' id='word_1_108' title='bbox 656 1564 985 1619; x_wconf 89' lang='lat' dir='ltr'><strong>abstulerunt</strong></span> <span class='ocrx_word' id='word_1_109' title='bbox 1008 1566 1189 1629; x_wconf 86' lang='lat' dir='ltr'><strong>vitam,</strong></span> <span class='ocrx_word' id='word_1_110' title='bbox 1215 1578 1271 1621; x_wconf 92' lang='lat' dir='ltr'><strong>et</strong></span> <span class='ocrx_word' id='word_1_111' title='bbox 1294 1567 1537 1622; x_wconf 81' lang='lat' dir='ltr'><strong>fecerunt</strong></span> <span class='ocrx_word' id='word_1_112' title='bbox 1558 1584 1642 1623; x_wconf 91' lang='lat' dir='ltr'><strong>me</strong></span> <span class='ocrx_word' id='word_1_113' title='bbox 1666 1568 1802 1624; x_wconf 87' lang='lat' dir='ltr'><strong>hanc</strong></span> <span class='ocrx_word' id='word_1_114' title='bbox 1824 1570 1996 1623; x_wconf 81' lang='lat' dir='ltr'><strong>lucem</strong></span> 
     </span>
    </p>
   </div>
   <div class='ocr_carea' id='block_1_18' title="bbox 426 1652 1993 1728">
    <p class='ocr_par' dir='ltr' id='par_1_18' title="bbox 426 1652 1993 1728">
     <span class='ocr_line' id='line_1_18' title="bbox 426 1652 1993 1728; baseline 0.007 -25"><span class='ocrx_word' id='word_1_115' title='bbox 426 1652 681 1706; x_wconf 77' lang='lat' dir='ltr'><strong>velociter</strong></span> <span class='ocrx_word' id='word_1_116' title='bbox 718 1656 942 1721; x_wconf 84' lang='lat' dir='ltr'><strong>perdere</strong></span> <span class='ocrx_word' id='word_1_117' title='bbox 967 1673 979 1707; x_wconf 89' lang='lat'>:</span> <span class='ocrx_word' id='word_1_118' title='bbox 1003 1666 1056 1709; x_wconf 91' lang='lat' dir='ltr'><strong>et</strong></span> <span class='ocrx_word' id='word_1_119' title='bbox 1084 1656 1223 1720; x_wconf 89' lang='lat' dir='ltr'><strong>ideo,</strong></span> <span class='ocrx_word' id='word_1_120' title='bbox 1254 1672 1320 1711; x_wconf 89' lang='lat' dir='ltr'><strong>ne</strong></span> <span class='ocrx_word' id='word_1_121' title='bbox 1346 1659 1507 1712; x_wconf 88' lang='lat' dir='ltr'><strong>inulta</strong></span> <span class='ocrx_word' id='word_1_122' title='bbox 1536 1674 1680 1713; x_wconf 84' lang='lat' dir='ltr'><strong>mors</strong></span> <span class='ocrx_word' id='word_1_123' title='bbox 1709 1675 1827 1714; x_wconf 90' lang='lat' dir='ltr'><strong>mea</strong></span> <span class='ocrx_word' id='word_1_124' title='bbox 1856 1675 1993 1728; x_wconf 68' lang='lat' dir='ltr'><strong>prae-</strong></span> 
     </span>
    </p>
   </div>
   <div class='ocr_carea' id='block_1_19' title="bbox 2110 476 3685 547">
    <p class='ocr_par' dir='ltr' id='par_1_19' title="bbox 2110 476 3685 547">
     <span class='ocr_line' id='line_1_19' title="bbox 2110 476 3685 547; baseline 0.006 -16"><span class='ocrx_word' id='word_1_125' title='bbox 2110 492 2229 531; x_wconf 90' lang='lat' dir='ltr'><strong>cum</strong></span> <span class='ocrx_word' id='word_1_126' title='bbox 2279 477 2503 543; x_wconf 89' lang='lat' dir='ltr'><strong>retines;</strong></span> <span class='ocrx_word' id='word_1_127' title='bbox 2555 476 2649 531; x_wconf 80' lang='lat' dir='ltr'><strong>sed</strong></span> <span class='ocrx_word' id='word_1_128' title='bbox 2696 486 2753 532; x_wconf 90' lang='lat' dir='ltr'><strong>et</strong></span> <span class='ocrx_word' id='word_1_129' title='bbox 2804 478 3144 547; x_wconf 79' lang='lat' dir='ltr'><strong>presbyteros</strong></span> <span class='ocrx_word' id='word_1_130' title='bbox 3199 479 3323 535; x_wconf 86' lang='lat' dir='ltr'><strong>huic</strong></span> <span class='ocrx_word' id='word_1_131' title='bbox 3374 498 3530 539; x_wconf 66' lang='lat' dir='ltr'><strong>noxas</strong></span> <span class='ocrx_word' id='word_1_132' title='bbox 3583 488 3685 541; x_wconf 84' lang='lat' dir='ltr'><strong>ad-</strong></span> 
     </span>
    </p>
   </div>
   <div class='ocr_carea' id='block_1_20' title="bbox 2109 566 3684 635">
    <p class='ocr_par' dir='ltr' id='par_1_20' title="bbox 2109 566 3684 635">
     <span class='ocr_line' id='line_1_20' title="bbox 2109 566 3684 635; baseline 0.006 -15"><span class='ocrx_word' id='word_1_133' title='bbox 2109 568 2335 632; x_wconf 87' lang='lat' dir='ltr'><strong>mistos,</strong></span> <span class='ocrx_word' id='word_1_134' title='bbox 2402 566 2467 620; x_wconf 88' lang='lat' dir='ltr'><strong>ad</strong></span> <span class='ocrx_word' id='word_1_135' title='bbox 2513 566 2815 620; x_wconf 82' lang='lat' dir='ltr'><strong>convivium</strong></span> <span class='ocrx_word' id='word_1_136' title='bbox 2862 567 3077 635; x_wconf 83' lang='lat' dir='ltr'><strong>recipis.</strong></span> <span class='ocrx_word' id='word_1_137' title='bbox 3130 567 3337 624; x_wconf 88' lang='lat' dir='ltr'><strong>Deinde</strong></span> <span class='ocrx_word' id='word_1_138' title='bbox 3401 571 3684 629; x_wconf 85' lang='lat' dir='ltr'><strong>inimicitia</strong></span> 
     </span>
    </p>
   </div>
   <div class='ocr_carea' id='block_1_21' title="bbox 2108 655 3683 731">
    <p class='ocr_par' dir='ltr' id='par_1_21' title="bbox 2108 655 3683 731">
     <span class='ocr_line' id='line_1_21' title="bbox 2108 655 3683 731; baseline 0.006 -22"><span class='ocrx_word' id='word_1_139' title='bbox 2108 656 2461 722; x_wconf 82' lang='lat' dir='ltr'><strong>increscente,</strong></span> <span class='ocrx_word' id='word_1_140' title='bbox 2492 655 2743 726; x_wconf 80' lang='lat' dir='ltr'><strong>paulatim</strong></span> <span class='ocrx_word' id='word_1_141' title='bbox 2768 658 2931 725; x_wconf 60' lang='lat' dir='ltr'><strong>coepit</strong></span> <span class='ocrx_word' id='word_1_142' title='bbox 2957 657 3108 713; x_wconf 88' lang='lat' dir='ltr'><strong>villas</strong></span> <span class='ocrx_word' id='word_1_143' title='bbox 3134 661 3398 725; x_wconf 70' lang='grc' dir='ltr'><strong>εοειεεὶειι,</strong></span> <span class='ocrx_word' id='word_1_144' title='bbox 3424 678 3556 731; x_wconf 86' lang='lat' dir='ltr'><strong>quas</strong></span> <span class='ocrx_word' id='word_1_145' title='bbox 3579 665 3683 719; x_wconf 78' lang='lat' dir='ltr'><strong>Ma-</strong></span> 
     </span>
    </p>
   </div>
   <div class='ocr_carea' id='block_1_22' title="bbox 2107 746 3684 820">
    <p class='ocr_par' dir='ltr' id='par_1_22' title="bbox 2107 746 3684 820">
     <span class='ocr_line' id='line_1_22' title="bbox 2107 746 3684 820; baseline 0.007 -21"><span class='ocrx_word' id='word_1_146' title='bbox 2107 746 2381 801; x_wconf 84' lang='lat' dir='ltr'><strong>racliarius</strong></span> <span class='ocrx_word' id='word_1_147' title='bbox 2431 756 2751 802; x_wconf 86' lang='lat' dir='ltr'><strong>testamento</strong></span> <span class='ocrx_word' id='word_1_148' title='bbox 2797 751 2999 816; x_wconf 89' lang='lat' dir='ltr'><strong>scripto</strong></span> <span class='ocrx_word' id='word_1_149' title='bbox 3050 751 3360 820; x_wconf 85' lang='lat' dir='ltr'><strong>reliquerat,</strong></span> <span class='ocrx_word' id='word_1_150' title='bbox 3421 755 3684 810; x_wconf 86' lang='lat' dir='ltr'><strong>violenter</strong></span> 
     </span>
    </p>
   </div>
   <div class='ocr_carea' id='block_1_23' title="bbox 2106 836 3683 915">
    <p class='ocr_par' dir='ltr' id='par_1_23' title="bbox 2106 836 3683 915">
     <span class='ocr_line' id='line_1_23' title="bbox 2106 836 3683 915; baseline 0.008 -26"><span class='ocrx_word' id='word_1_151' title='bbox 2106 836 2375 901; x_wconf 72' lang='lat' dir='ltr'><strong>invadere,</strong></span> <span class='ocrx_word' id='word_1_152' title='bbox 2405 852 2653 893; x_wconf 86' lang='lat' dir='ltr'><strong>asserens</strong></span> <span class='ocrx_word' id='word_1_153' title='bbox 2679 852 2785 892; x_wconf 89' lang='lat' dir='ltr'><strong>non</strong></span> <span class='ocrx_word' id='word_1_154' title='bbox 2830 838 3026 894; x_wconf 89' lang='lat' dir='ltr'><strong>debere</strong></span> <span class='ocrx_word' id='word_1_155' title='bbox 3053 842 3335 897; x_wconf 74' lang='lat' dir='ltr'><strong>ecclesiam</strong></span> <span class='ocrx_word' id='word_1_156' title='bbox 3364 843 3480 915; x_wconf 86' lang='lat' dir='ltr'><strong>ejus</strong></span> <span class='ocrx_word' id='word_1_157' title='bbox 3515 846 3683 901; x_wconf 85' lang='lat' dir='ltr'><strong>facul-</strong></span> 
     </span>
    </p>
   </div>
   <div class='ocr_carea' id='block_1_24' title="bbox 2108 930 3680 998">
    <p class='ocr_par' dir='ltr' id='par_1_24' title="bbox 2108 930 3680 998">
     <span class='ocr_line' id='line_1_24' title="bbox 2108 930 3680 998; baseline 0.008 -19"><span class='ocrx_word' id='word_1_158' title='bbox 2108 936 2266 983; x_wconf 83' lang='lat' dir='ltr'><strong>tatem</strong></span> <span class='ocrx_word' id='word_1_159' title='bbox 2297 930 2543 997; x_wconf 86' lang='lat' dir='ltr'><strong>adipisci,</strong></span> <span class='ocrx_word' id='word_1_160' title='bbox 2577 945 2608 984; x_wconf 88' lang='lat' dir='ltr'><strong>a</strong></span> <span class='ocrx_word' id='word_1_161' title='bbox 2633 931 2786 998; x_wconf 87' lang='lat' dir='ltr'><strong>cujus</strong></span> <span class='ocrx_word' id='word_1_162' title='bbox 2812 931 3020 986; x_wconf 81' lang='lat' dir='ltr'><strong>clericis</strong></span> <span class='ocrx_word' id='word_1_163' title='bbox 3057 941 3281 987; x_wconf 85' lang='lat' dir='ltr'><strong>testator</strong></span> <span class='ocrx_word' id='word_1_164' title='bbox 3310 933 3484 989; x_wconf 83' lang='lat' dir='ltr'><strong>fuerat</strong></span> <span class='ocrx_word' id='word_1_165' title='bbox 3514 935 3680 991; x_wconf 90' lang='lat' dir='ltr'><strong>inter-</strong></span> 
     </span>
    </p>
   </div>
   <div class='ocr_carea' id='block_1_25' title="bbox 2105 1020 3679 1090">
    <p class='ocr_par' dir='ltr' id='par_1_25' title="bbox 2105 1020 3679 1090">
     <span class='ocr_line' id='line_1_25' title="bbox 2105 1020 3679 1090; baseline 0.006 -18"><span class='ocrx_word' id='word_1_166' title='bbox 2105 1020 2291 1073; x_wconf 80' lang='lat' dir='ltr'><strong>fectus.</strong></span> <span class='ocrx_word' id='word_1_167' title='bbox 2327 1021 2451 1074; x_wconf 83' lang='lat' dir='ltr'><strong>Post</strong></span> <span class='ocrx_word' id='word_1_168' title='bbox 2482 1022 2579 1075; x_wconf 90' lang='lat' dir='ltr'><strong>ista</strong></span> <span class='ocrx_word' id='word_1_169' title='bbox 2612 1036 2759 1086; x_wconf 88' lang='lat' dir='ltr'><strong>vero,</strong></span> <span class='ocrx_word' id='word_1_170' title='bbox 2789 1022 2897 1089; x_wconf 91' lang='lat' dir='ltr'><strong>jam</strong></span> <span class='ocrx_word' id='word_1_171' title='bbox 2932 1022 3198 1090; x_wconf 85' lang='lat' dir='ltr'><strong>aliquibus</strong></span> <span class='ocrx_word' id='word_1_172' title='bbox 3227 1039 3291 1079; x_wconf 81' lang='lat' dir='ltr'><strong>ex</strong></span> <span class='ocrx_word' id='word_1_173' title='bbox 3331 1024 3485 1080; x_wconf 88' lang='lat' dir='ltr'><strong>Iaicis</strong></span> <span class='ocrx_word' id='word_1_174' title='bbox 3511 1028 3679 1081; x_wconf 88' lang='lat' dir='ltr'><strong>inter-</strong></span> 
     </span>
    </p>
   </div>
   <div class='ocr_carea' id='block_1_26' title="bbox 2104 1110 3680 1190">
    <p class='ocr_par' dir='ltr' id='par_1_26' title="bbox 2104 1110 3680 1190">
     <span class='ocr_line' id='line_1_26' title="bbox 2104 1110 3680 1190; baseline 0.005 -26"><span class='ocrx_word' id='word_1_175' title='bbox 2104 1110 2260 1165; x_wconf 88' lang='lat' dir='ltr'><strong>fectis</strong></span> <span class='ocrx_word' id='word_1_176' title='bbox 2280 1152 2293 1175; x_wconf 93' lang='lat'><strong>,</strong></span> <span class='ocrx_word' id='word_1_177' title='bbox 2327 1112 2534 1166; x_wconf 84' lang='lat' dir='ltr'><strong>addidit</strong></span> <span class='ocrx_word' id='word_1_178' title='bbox 2565 1121 2625 1166; x_wconf 91' lang='lat' dir='ltr'><strong>ut</strong></span> <span class='ocrx_word' id='word_1_179' title='bbox 2674 1113 3066 1182; x_wconf 88' lang='lat' dir='ltr'><strong>apprehensum</strong></span> <span class='ocrx_word' id='word_1_180' title='bbox 3096 1116 3459 1187; x_wconf 84' lang='lat' dir='ltr'><strong>presbyterum</strong></span> <span class='ocrx_word' id='word_1_181' title='bbox 3493 1118 3680 1190; x_wconf 84' lang='lat' dir='ltr'><strong>alliga-</strong></span> 
     </span>
    </p>
   </div>
   <div class='ocr_carea' id='block_1_27' title="bbox 2104 1204 3680 1275">
    <p class='ocr_par' dir='ltr' id='par_1_27' title="bbox 2104 1204 3680 1275">
     <span class='ocr_line' id='line_1_27' title="bbox 2104 1204 3680 1275; baseline 0.007 -20"><span class='ocrx_word' id='word_1_182' title='bbox 2104 1215 2205 1265; x_wconf 78' lang='lat' dir='ltr'><strong>ret,</strong></span> <span class='ocrx_word' id='word_1_183' title='bbox 2234 1218 2295 1257; x_wconf 90' lang='lat' dir='ltr'><strong>ac</strong></span> <span class='ocrx_word' id='word_1_184' title='bbox 2324 1214 2483 1257; x_wconf 83' lang='lat' dir='ltr'><strong>eonto</strong></span> <span class='ocrx_word' id='word_1_185' title='bbox 2514 1204 2841 1274; x_wconf 84' lang='lat' dir='ltr'><strong>perfoderet.</strong></span> <span class='ocrx_word' id='word_1_186' title='bbox 2884 1205 2977 1260; x_wconf 85' lang='lat' dir='ltr'><strong>Cui</strong></span> <span class='ocrx_word' id='word_1_187' title='bbox 3008 1208 3183 1262; x_wconf 87' lang='lat' dir='ltr'><strong>adhuc</strong></span> <span class='ocrx_word' id='word_1_188' title='bbox 3213 1209 3431 1275; x_wconf 89' lang='lat' dir='ltr'><strong>viventi,</strong></span> <span class='ocrx_word' id='word_1_189' title='bbox 3462 1213 3680 1266; x_wconf 87' lang='lat' dir='ltr'><strong>retortis</strong></span> 
     </span>
    </p>
   </div>
   <div class='ocr_carea' id='block_1_28' title="bbox 2105 1296 3678 1367">
    <p class='ocr_par' dir='ltr' id='par_1_28' title="bbox 2105 1296 3678 1367">
     <span class='ocr_line' id='line_1_28' title="bbox 2105 1296 3678 1367; baseline 0.008 -22"><span class='ocrx_word' id='word_1_190' title='bbox 2105 1307 2222 1361; x_wconf 85' lang='lat' dir='ltr'><strong>post</strong></span> <span class='ocrx_word' id='word_1_191' title='bbox 2262 1304 2467 1363; x_wconf 80' lang='lat' dir='ltr'><strong>tergum</strong></span> <span class='ocrx_word' id='word_1_192' title='bbox 2508 1296 2773 1359; x_wconf 89' lang='lat' dir='ltr'><strong>manibus,</strong></span> <span class='ocrx_word' id='word_1_193' title='bbox 2815 1311 3053 1365; x_wconf 78' lang='lat' dir='ltr'><strong>appenso</strong></span> <span class='ocrx_word' id='word_1_194' title='bbox 3081 1300 3145 1352; x_wconf 91' lang='lat' dir='ltr'><strong>ad</strong></span> <span class='ocrx_word' id='word_1_195' title='bbox 3175 1300 3439 1367; x_wconf 88' lang='lat' dir='ltr'><strong>stipitem,</strong></span> <span class='ocrx_word' id='word_1_196' title='bbox 3478 1302 3678 1357; x_wconf 86' lang='lat' dir='ltr'><strong>elicere</strong></span> 
     </span>
    </p>
   </div>
   <div class='ocr_carea' id='block_1_29' title="bbox 2103 1383 3674 1460">
    <p class='ocr_par' dir='ltr' id='par_1_29' title="bbox 2103 1383 3674 1460">
     <span class='ocr_line' id='line_1_29' title="bbox 2103 1383 3674 1460; baseline 0.009 -25"><span class='ocrx_word' id='word_1_197' title='bbox 2103 1383 2413 1450; x_wconf 63' lang='lat' dir='ltr'><strong>quatiebant</strong></span> <span class='ocrx_word' id='word_1_198' title='bbox 2440 1386 2482 1438; x_wconf 90' lang='lat' dir='ltr'><strong>si</strong></span> <span class='ocrx_word' id='word_1_199' title='bbox 2530 1386 2581 1438; x_wconf 93' lang='lat' dir='ltr'><strong>in</strong></span> <span class='ocrx_word' id='word_1_200' title='bbox 2631 1386 2728 1439; x_wconf 85' lang='lat' dir='ltr'><strong>hac</strong></span> <span class='ocrx_word' id='word_1_201' title='bbox 2756 1401 2913 1441; x_wconf 84' lang='lat' dir='ltr'><strong>causa</strong></span> <span class='ocrx_word' id='word_1_202' title='bbox 2962 1387 3149 1445; x_wconf 87' lang='lat' dir='ltr'><strong>fuisset</strong></span> <span class='ocrx_word' id='word_1_203' title='bbox 3193 1390 3472 1446; x_wconf 86' lang='lat' dir='ltr'><strong>admistus.</strong></span> <span class='ocrx_word' id='word_1_204' title='bbox 3520 1392 3674 1460; x_wconf 84' lang='lat' dir='ltr'><strong>Quod</strong></span> 
     </span>
    </p>
   </div>
   <div class='ocr_carea' id='block_1_30' title="bbox 2101 1472 3674 1547">
    <p class='ocr_par' dir='ltr' id='par_1_30' title="bbox 2101 1472 3674 1547">
     <span class='ocr_line' id='line_1_30' title="bbox 2101 1472 3674 1547; baseline 0.009 -22"><span class='ocrx_word' id='word_1_205' title='bbox 2101 1486 2221 1525; x_wconf 87' lang='lat' dir='ltr'><strong>cum</strong></span> <span class='ocrx_word' id='word_1_206' title='bbox 2252 1472 2344 1526; x_wconf 92' lang='lat' dir='ltr'><strong>ille</strong></span> <span class='ocrx_word' id='word_1_207' title='bbox 2374 1484 2609 1542; x_wconf 90' lang='lat' dir='ltr'><strong>negaret,</strong></span> <span class='ocrx_word' id='word_1_208' title='bbox 2643 1475 2941 1543; x_wconf 81' lang='lat' dir='ltr'><strong>profluente</strong></span> <span class='ocrx_word' id='word_1_209' title='bbox 2967 1492 3158 1533; x_wconf 88' lang='lat' dir='ltr'><strong>cruore</strong></span> <span class='ocrx_word' id='word_1_210' title='bbox 3182 1479 3249 1534; x_wconf 90' lang='lat' dir='ltr'><strong>de</strong></span> <span class='ocrx_word' id='word_1_211' title='bbox 3280 1482 3514 1547; x_wconf 90' lang='lat' dir='ltr'><strong>vulnere,</strong></span> <span class='ocrx_word' id='word_1_212' title='bbox 3547 1485 3674 1539; x_wconf 89' lang='lat' dir='ltr'><strong>red-</strong></span> 
     </span>
    </p>
   </div>
   <div class='ocr_carea' id='block_1_31' title="bbox 2101 1562 3674 1642">
    <p class='ocr_par' dir='ltr' id='par_1_31' title="bbox 2101 1562 3674 1642">
     <span class='ocr_line' id='line_1_31' title="bbox 2101 1562 3674 1642; baseline 0.008 -27"><span class='ocrx_word' id='word_1_213' title='bbox 2101 1562 2235 1616; x_wconf 89' lang='lat' dir='ltr'><strong>didit</strong></span> <span class='ocrx_word' id='word_1_214' title='bbox 2271 1562 2536 1629; x_wconf 86' lang='lat' dir='ltr'><strong>spiritum.</strong></span> <span class='ocrx_word' id='word_1_215' title='bbox 2568 1564 2679 1634; x_wconf 87' lang='lat' dir='ltr'><strong>Qna</strong></span> <span class='ocrx_word' id='word_1_216' title='bbox 2727 1567 2795 1620; x_wconf 92' lang='lat' dir='ltr'><strong>de</strong></span> <span class='ocrx_word' id='word_1_217' title='bbox 2838 1581 2997 1621; x_wconf 88' lang='lat' dir='ltr'><strong>causa</strong></span> <span class='ocrx_word' id='word_1_218' title='bbox 3040 1580 3340 1625; x_wconf 90' lang='lat' dir='ltr'><strong>commotus</strong></span> <span class='ocrx_word' id='word_1_219' title='bbox 3366 1572 3674 1642; x_wconf 86' lang='lat' dir='ltr'><strong>episcopus,</strong></span> 
     </span>
    </p>
   </div>
   <div class='ocr_carea' id='block_1_32' title="bbox 2096 1651 3676 1727">
    <p class='ocr_par' dir='ltr' id='par_1_32' title="bbox 2096 1651 3676 1727">
     <span class='ocr_line' id='line_1_32' title="bbox 2096 1651 3676 1727; baseline 0.009 -24"><span class='ocrx_word' id='word_1_220' title='bbox 2096 1651 2253 1719; x_wconf 81' lang='lat' dir='ltr'><strong>jussit</strong></span> <span class='ocrx_word' id='word_1_221' title='bbox 2287 1668 2406 1708; x_wconf 88' lang='lat' dir='ltr'><strong>eum</strong></span> <span class='ocrx_word' id='word_1_222' title='bbox 2432 1656 2499 1707; x_wconf 89' lang='lat' dir='ltr'><strong>ab</strong></span> <span class='ocrx_word' id='word_1_223' title='bbox 2519 1656 2767 1710; x_wconf 79' lang='lat' dir='ltr'><strong>ecclesia:</strong></span> <span class='ocrx_word' id='word_1_224' title='bbox 2789 1657 2993 1712; x_wconf 83' lang='lat' dir='ltr'><strong>foribus</strong></span> <span class='ocrx_word' id='word_1_225' title='bbox 3012 1660 3308 1727; x_wconf 84' lang='lat' dir='ltr'><strong>prohiberi.</strong></span> <span class='ocrx_word' id='word_1_226' title='bbox 3336 1661 3676 1718; x_wconf 84' lang='lat' dir='ltr'><strong>Convenien-</strong></span> 
     </span>
    </p>
   </div>
   <div class='ocr_carea' id='block_1_33' title="bbox 425 1743 3669 1821">
    <p class='ocr_par' dir='ltr' id='par_1_33' title="bbox 425 1743 3669 1821">
     <span class='ocr_line' id='line_1_33' title="bbox 425 1743 3669 1821; baseline 0.009 -30"><span class='ocrx_word' id='word_1_227' title='bbox 425 1748 594 1794; x_wconf 85' lang='lat' dir='ltr'><strong>tereat</strong></span> <span class='ocrx_word' id='word_1_228' title='bbox 615 1779 631 1805; x_wconf 92' lang='lat'><strong>,</strong></span> <span class='ocrx_word' id='word_1_229' title='bbox 678 1757 860 1811; x_wconf 69' lang='lat' dir='ltr'><strong>quaeso</strong></span> <span class='ocrx_word' id='word_1_230' title='bbox 882 1780 900 1809; x_wconf 95' lang='lat'><strong>,</strong></span> <span class='ocrx_word' id='word_1_231' title='bbox 942 1754 997 1797; x_wconf 88' lang='lat' dir='ltr'><strong>et</strong></span> <span class='ocrx_word' id='word_1_232' title='bbox 1039 1759 1159 1798; x_wconf 88' lang='lat' dir='ltr'><strong>cum</strong></span> <span class='ocrx_word' id='word_1_233' title='bbox 1209 1750 1529 1802; x_wconf 86' lang='lat' dir='ltr'><strong>sacramenti</strong></span> <span class='ocrx_word' id='word_1_234' title='bbox 1577 1749 1985 1821; x_wconf 86' lang='lat' dir='ltr'><strong>interpositione</strong></span> <span class='ocrx_word' id='word_1_235' title='bbox 2020 1746 2068 1808; x_wconf 87' lang='grc' dir='ltr'><strong>Β</strong></span> <span class='ocrx_word' id='word_1_236' title='bbox 2099 1743 2238 1795; x_wconf 62' lang='lat' dir='ltr'><strong>libus</strong></span> <span class='ocrx_word' id='word_1_237' title='bbox 2267 1755 2447 1796; x_wconf 62' lang='lat' dir='ltr'><strong>amem</strong></span> <span class='ocrx_word' id='word_1_238' title='bbox 2474 1744 2613 1812; x_wconf 70' lang='grc' dir='ltr'><strong>ερυά</strong></span> <span class='ocrx_word' id='word_1_239' title='bbox 2644 1747 2913 1801; x_wconf 48' lang='lat' dir='ltr'><strong>Chium“</strong></span> <span class='ocrx_word' id='word_1_240' title='bbox 2941 1747 3207 1804; x_wconf 65' lang='grc' dir='ltr'><strong>8³111οη³⁸</strong></span> <span class='ocrx_word' id='word_1_241' title='bbox 3230 1753 3669 1821; x_wconf 59' lang='lat' dir='ltr'><strong>sacerdotibus“.</strong></span> 
     </span>
    </p>
   </div>
   <div class='ocr_carea' id='block_1_34' title="bbox 421 1832 1988 1916">
    <p class='ocr_par' dir='ltr' id='par_1_34' title="bbox 421 1832 1988 1916">
     <span class='ocr_line' id='line_1_34' title="bbox 421 1832 1988 1916; baseline 0.012 -33"><span class='ocrx_word' id='word_1_242' title='bbox 421 1832 663 1901; x_wconf 83' lang='lat' dir='ltr'><strong>conjuro,</strong></span> <span class='ocrx_word' id='word_1_243' title='bbox 698 1843 772 1895; x_wconf 89' lang='lat' dir='ltr'><strong>ut,</strong></span> <span class='ocrx_word' id='word_1_244' title='bbox 798 1849 916 1888; x_wconf 88' lang='lat' dir='ltr'><strong>cum</strong></span> <span class='ocrx_word' id='word_1_245' title='bbox 946 1836 1013 1889; x_wconf 91' lang='lat' dir='ltr'><strong>ab</strong></span> <span class='ocrx_word' id='word_1_246' title='bbox 1046 1838 1141 1889; x_wconf 79' lang='lat' dir='ltr'><strong>hac</strong></span> <span class='ocrx_word' id='word_1_247' title='bbox 1170 1837 1289 1891; x_wconf 86' lang='lat' dir='ltr'><strong>luce</strong></span> <span class='ocrx_word' id='word_1_248' title='bbox 1310 1838 1611 1894; x_wconf 90' lang='lat' dir='ltr'><strong>discessero</strong></span> <span class='ocrx_word' id='word_1_249' title='bbox 1634 1881 1650 1907; x_wconf 92' lang='lat'><strong>,</strong></span> <span class='ocrx_word' id='word_1_250' title='bbox 1676 1844 1858 1897; x_wconf 87' lang='lat' dir='ltr'><strong>statim</strong></span> <span class='ocrx_word' id='word_1_251' title='bbox 1887 1844 1988 1916; x_wconf 89' lang='lat' dir='ltr'><strong>ipsi</strong></span> 
     </span>
    </p>
   </div>
   <div class='ocr_carea' id='block_1_35' title="bbox 420 1924 1987 1999">
    <p class='ocr_par' dir='ltr' id='par_1_35' title="bbox 420 1924 1987 1999">
     <span class='ocr_line' id='line_1_35' title="bbox 420 1924 1987 1999; baseline 0.01 -25"><span class='ocrx_word' id='word_1_252' title='bbox 420 1924 598 1989; x_wconf 86' lang='lat' dir='ltr'><strong>gladio</strong></span> <span class='ocrx_word' id='word_1_253' title='bbox 626 1925 976 1991; x_wconf 89' lang='lat' dir='ltr'><strong>trucidentur,</strong></span> <span class='ocrx_word' id='word_1_254' title='bbox 1010 1935 1070 1980; x_wconf 90' lang='lat' dir='ltr'><strong>ut</strong></span> <span class='ocrx_word' id='word_1_255' title='bbox 1104 1930 1243 1982; x_wconf 81' lang='lat' dir='ltr'><strong>sicut</strong></span> <span class='ocrx_word' id='word_1_256' title='bbox 1279 1944 1378 1999; x_wconf 84' lang='lat' dir='ltr'><strong>ego</strong></span> <span class='ocrx_word' id='word_1_257' title='bbox 1405 1931 1632 1998; x_wconf 87' lang='lat' dir='ltr'><strong>amplius</strong></span> <span class='ocrx_word' id='word_1_258' title='bbox 1658 1932 1841 1989; x_wconf 85' lang='lat' dir='ltr'><strong>vivere</strong></span> <span class='ocrx_word' id='word_1_259' title='bbox 1882 1950 1987 1990; x_wconf 92' lang='lat' dir='ltr'><strong>non</strong></span> 
     </span>
    </p>
   </div>
   <div class='ocr_carea' id='block_1_36' title="bbox 420 2015 1987 2094">
    <p class='ocr_par' dir='ltr' id='par_1_36' title="bbox 420 2015 1987 2094">
     <span class='ocr_line' id='line_1_36' title="bbox 420 2015 1987 2094; baseline 0.01 -29"><span class='ocrx_word' id='word_1_260' title='bbox 420 2029 580 2081; x_wconf 88' lang='lat' dir='ltr'><strong>queo,</strong></span> <span class='ocrx_word' id='word_1_261' title='bbox 610 2015 679 2069; x_wconf 78' lang='lat' dir='ltr'><strong>ita</strong></span> <span class='ocrx_word' id='word_1_262' title='bbox 708 2030 805 2070; x_wconf 90' lang='lat' dir='ltr'><strong>nec</strong></span> <span class='ocrx_word' id='word_1_263' title='bbox 845 2016 916 2071; x_wconf 81' lang='lat' dir='ltr'><strong>illi</strong></span> <span class='ocrx_word' id='word_1_264' title='bbox 956 2027 1078 2086; x_wconf 87' lang='lat' dir='ltr'><strong>post</strong></span> <span class='ocrx_word' id='word_1_265' title='bbox 1106 2035 1282 2073; x_wconf 84' lang='lat' dir='ltr'><strong>meum</strong></span> <span class='ocrx_word' id='word_1_266' title='bbox 1312 2020 1516 2075; x_wconf 87' lang='lat' dir='ltr'><strong>obitum</strong></span> <span class='ocrx_word' id='word_1_267' title='bbox 1544 2022 1860 2094; x_wconf 79' lang='lat' dir='ltr'><strong>glorientur,</strong></span> <span class='ocrx_word' id='word_1_268' title='bbox 1891 2026 1987 2081; x_wconf 82' lang='lat' dir='ltr'><strong>sed</strong></span> 
     </span>
    </p>
   </div>
   <div class='ocr_carea' id='block_1_37' title="bbox 417 2108 1988 2182">
    <p class='ocr_par' dir='ltr' id='par_1_37' title="bbox 417 2108 1988 2182">
     <span class='ocr_line' id='line_1_37' title="bbox 417 2108 1988 2182; baseline 0.009 -21"><span class='ocrx_word' id='word_1_269' title='bbox 417 2108 484 2161; x_wconf 76' lang='lat' dir='ltr'><strong>sit</strong></span> <span class='ocrx_word' id='word_1_270' title='bbox 512 2122 649 2163; x_wconf 87' lang='lat' dir='ltr'><strong>unus</strong></span> <span class='ocrx_word' id='word_1_271' title='bbox 676 2109 831 2164; x_wconf 89' lang='lat' dir='ltr'><strong>dolor</strong></span> <span class='ocrx_word' id='word_1_272' title='bbox 863 2113 1061 2167; x_wconf 84' lang='lat' dir='ltr'><strong>nostris</strong></span> <span class='ocrx_word' id='word_1_273' title='bbox 1089 2114 1291 2182; x_wconf 87' lang='lat' dir='ltr'><strong>pariter</strong></span> <span class='ocrx_word' id='word_1_274' title='bbox 1313 2128 1378 2168; x_wconf 85' lang='lat' dir='ltr'><strong>ac</strong></span> <span class='ocrx_word' id='word_1_275' title='bbox 1398 2129 1583 2170; x_wconf 88' lang='lat' dir='ltr'><strong>eorum</strong></span> <span class='ocrx_word' id='word_1_276' title='bbox 1622 2118 1830 2173; x_wconf 80' lang='lat' dir='ltr'><strong>amicis.</strong></span> <span class='ocrx_word' id='word_1_277' title='bbox 1861 2117 1988 2175; x_wconf 72' lang='lat' dir='ltr'><strong>Haec</strong></span> 
     </span>
    </p>
   </div>
   <div class='ocr_carea' id='block_1_38' title="bbox 415 2201 1987 2278">
    <p class='ocr_par' dir='ltr' id='par_1_38' title="bbox 415 2201 1987 2278">
     <span class='ocr_line' id='line_1_38' title="bbox 415 2201 1987 2278; baseline 0.008 -23"><span class='ocrx_word' id='word_1_278' title='bbox 415 2202 567 2257; x_wconf 84' lang='lat' dir='ltr'><strong>effata</strong></span> <span class='ocrx_word' id='word_1_279' title='bbox 599 2201 870 2259; x_wconf 81' lang='lat' dir='ltr'><strong>infelicem</strong></span> <span class='ocrx_word' id='word_1_280' title='bbox 914 2207 1149 2261; x_wconf 86' lang='lat' dir='ltr'><strong>animam</strong></span> <span class='ocrx_word' id='word_1_281' title='bbox 1189 2206 1427 2262; x_wconf 79' lang='lat' dir='ltr'><strong>tradidit.</strong></span> <span class='ocrx_word' id='word_1_282' title='bbox 1461 2208 1574 2263; x_wconf 71' lang='lat' dir='ltr'><strong>Ite:</strong></span> <span class='ocrx_word' id='word_1_283' title='bbox 1617 2224 1742 2264; x_wconf 90' lang='lat' dir='ltr'><strong>vero</strong></span> <span class='ocrx_word' id='word_1_284' title='bbox 1769 2220 1987 2278; x_wconf 84' lang='lat' dir='ltr'><strong>peracto</strong></span> 
     </span>
    </p>
   </div>
   <div class='ocr_carea' id='block_1_39' title="bbox 418 2294 1984 2371">
    <p class='ocr_par' dir='ltr' id='par_1_39' title="bbox 418 2294 1984 2371">
     <span class='ocr_line' id='line_1_39' title="bbox 418 2294 1984 2371; baseline 0.009 -28"><span class='ocrx_word' id='word_1_285' title='bbox 418 2306 479 2344; x_wconf 81' lang='lat' dir='ltr'><strong>cx</strong></span> <span class='ocrx_word' id='word_1_286' title='bbox 515 2308 666 2347; x_wconf 90' lang='lat' dir='ltr'><strong>more</strong></span> <span class='ocrx_word' id='word_1_287' title='bbox 692 2294 956 2363; x_wconf 79' lang='lat' dir='ltr'><strong>exsequio</strong></span> <span class='ocrx_word' id='word_1_288' title='bbox 977 2294 1027 2361; x_wconf 69' lang='grc' dir='ltr'><strong>δ,</strong></span> <span class='ocrx_word' id='word_1_289' title='bbox 1053 2310 1345 2364; x_wconf 82' lang='lat' dir='ltr'><strong>oppressus</strong></span> <span class='ocrx_word' id='word_1_290' title='bbox 1387 2299 1579 2367; x_wconf 68' lang='lat' dir='ltr'><strong>iniquum</strong></span> <span class='ocrx_word' id='word_1_291' title='bbox 1620 2300 1863 2371; x_wconf 89' lang='lat' dir='ltr'><strong>conjugis</strong></span> <span class='ocrx_word' id='word_1_292' title='bbox 1900 2302 1984 2370; x_wconf 87' lang='lat' dir='ltr'><strong>ju-</strong></span> 
     </span>
    </p>
   </div>
   <div class='ocr_carea' id='block_1_40' title="bbox 419 2388 1987 2459">
    <p class='ocr_par' dir='ltr' id='par_1_40' title="bbox 419 2388 1987 2459">
     <span class='ocr_line' id='line_1_40' title="bbox 419 2388 1987 2459; baseline 0.008 -22"><span class='ocrx_word' id='word_1_293' title='bbox 419 2395 682 2453; x_wconf 82' lang='lat' dir='ltr'><strong>rsmento,</strong></span> <span class='ocrx_word' id='word_1_294' title='bbox 710 2388 947 2454; x_wconf 85' lang='lat' dir='ltr'><strong>implevit</strong></span> <span class='ocrx_word' id='word_1_295' title='bbox 976 2401 1295 2458; x_wconf 64' lang='lat' dir='ltr'><strong>praeceptum</strong></span> <span class='ocrx_word' id='word_1_296' title='bbox 1325 2391 1615 2459; x_wconf 86' lang='lat' dir='ltr'><strong>iniquitatis</strong></span> <span class='ocrx_word' id='word_1_297' title='bbox 1640 2407 1656 2457; x_wconf 89' lang='lat'><strong>;</strong></span> <span class='ocrx_word' id='word_1_298' title='bbox 1691 2408 1811 2448; x_wconf 91' lang='lat' dir='ltr'><strong>nam</strong></span> <span class='ocrx_word' id='word_1_299' title='bbox 1850 2394 1987 2451; x_wconf 85' lang='lat' dir='ltr'><strong>duos</strong></span> 
     </span>
    </p>
   </div>
   <div class='ocr_carea' id='block_1_41' title="bbox 418 2480 1983 2553">
    <p class='ocr_par' dir='ltr' id='par_1_41' title="bbox 418 2480 1983 2553">
     <span class='ocr_line' id='line_1_41' title="bbox 418 2480 1983 2553; baseline 0.006 -22"><span class='ocrx_word' id='word_1_300' title='bbox 418 2480 654 2532; x_wconf 86' lang='lat' dir='ltr'><strong>medicos</strong></span> <span class='ocrx_word' id='word_1_301' title='bbox 685 2489 731 2545; x_wconf 80' lang='grc' dir='ltr'><strong>ο,</strong></span> <span class='ocrx_word' id='word_1_302' title='bbox 761 2481 848 2543; x_wconf 84' lang='lat' dir='ltr'><strong>qui</strong></span> <span class='ocrx_word' id='word_1_303' title='bbox 876 2480 923 2534; x_wconf 90' lang='lat' dir='ltr'><strong>ei</strong></span> <span class='ocrx_word' id='word_1_304' title='bbox 950 2482 1180 2535; x_wconf 90' lang='lat' dir='ltr'><strong>studium</strong></span> <span class='ocrx_word' id='word_1_305' title='bbox 1211 2482 1582 2550; x_wconf 78' lang='lat' dir='ltr'><strong>adhibuerant,</strong></span> <span class='ocrx_word' id='word_1_306' title='bbox 1627 2485 1802 2553; x_wconf 84' lang='lat' dir='ltr'><strong>gladio</strong></span> <span class='ocrx_word' id='word_1_307' title='bbox 1837 2485 1983 2541; x_wconf 89' lang='lat' dir='ltr'><strong>feriri</strong></span> 
     </span>
    </p>
   </div>
   <div class='ocr_carea' id='block_1_42' title="bbox 422 2571 1984 2643">
    <p class='ocr_par' dir='ltr' id='par_1_42' title="bbox 422 2571 1984 2643">
     <span class='ocr_line' id='line_1_42' title="bbox 422 2571 1984 2643; baseline 0.006 -20"><span class='ocrx_word' id='word_1_308' title='bbox 422 2571 673 2639; x_wconf 58' lang='lat' dir='ltr'><strong>precepit</strong></span> <span class='ocrx_word' id='word_1_309' title='bbox 699 2587 712 2624; x_wconf 92' lang='lat'>:</span> <span class='ocrx_word' id='word_1_310' title='bbox 738 2572 876 2641; x_wconf 90' lang='lat' dir='ltr'><strong>quod</strong></span> <span class='ocrx_word' id='word_1_311' title='bbox 903 2587 1005 2625; x_wconf 90' lang='lat' dir='ltr'><strong>non</strong></span> <span class='ocrx_word' id='word_1_312' title='bbox 1032 2574 1150 2627; x_wconf 90' lang='lat' dir='ltr'><strong>sine</strong></span> <span class='ocrx_word' id='word_1_313' title='bbox 1174 2585 1392 2643; x_wconf 84' lang='lat' dir='ltr'><strong>peccato</strong></span> <span class='ocrx_word' id='word_1_314' title='bbox 1434 2575 1624 2629; x_wconf 85' lang='lat' dir='ltr'><strong>factum</strong></span> <span class='ocrx_word' id='word_1_315' title='bbox 1654 2574 1818 2632; x_wconf 79' lang='lat' dir='ltr'><strong>fuisse</strong></span> <span class='ocrx_word' id='word_1_316' title='bbox 1843 2578 1984 2632; x_wconf 84' lang='lat' dir='ltr'><strong>mul-</strong></span> 
     </span>
    </p>
   </div>
   <div class='ocr_carea' id='block_1_43' title="bbox 426 2665 1186 2733">
    <p class='ocr_par' dir='ltr' id='par_1_43' title="bbox 426 2665 1186 2733">
     <span class='ocr_line' id='line_1_43' title="bbox 426 2665 1186 2733; baseline 0.003 -15"><span class='ocrx_word' id='word_1_317' title='bbox 426 2675 596 2719; x_wconf 88' lang='lat' dir='ltr'><strong>torum</strong></span> <span class='ocrx_word' id='word_1_318' title='bbox 624 2679 807 2720; x_wconf 88' lang='lat' dir='ltr'><strong>censet</strong></span> <span class='ocrx_word' id='word_1_319' title='bbox 828 2665 853 2703; x_wconf 73' lang='grc' dir='ltr'>ά</span> <span class='ocrx_word' id='word_1_320' title='bbox 886 2668 1186 2733; x_wconf 88' lang='lat' dir='ltr'><strong>prudentia.</strong></span> 
     </span>
    </p>
   </div>
   <div class='ocr_carea' id='block_1_44' title="bbox 492 2758 1984 2829">
    <p class='ocr_par' dir='ltr' id='par_1_44' title="bbox 492 2758 1984 2829">
     <span class='ocr_line' id='line_1_44' title="bbox 492 2758 1984 2829; baseline 0.005 -19"><span class='ocrx_word' id='word_1_321' title='bbox 492 2758 749 2813; x_wconf 75' lang='lat' dir='ltr'><strong>XXXVII.</strong></span> <span class='ocrx_word' id='word_1_322' title='bbox 810 2760 920 2813; x_wconf 86' lang='lat' dir='ltr'><strong>Hac</strong></span> <span class='ocrx_word' id='word_1_323' title='bbox 966 2769 991 2797; x_wconf 83' lang='lat'><strong><em>°</em></strong></span> <span class='ocrx_word' id='word_1_324' title='bbox 1038 2761 1214 2828; x_wconf 88' lang='lat' dir='ltr'><strong>itaque</strong></span> <span class='ocrx_word' id='word_1_325' title='bbox 1255 2760 1571 2829; x_wconf 61' lang='lat' dir='ltr'><strong>aegritudine</strong></span> <span class='ocrx_word' id='word_1_326' title='bbox 1620 2771 1675 2817; x_wconf 89' lang='lat' dir='ltr'><strong>et</strong></span> <span class='ocrx_word' id='word_1_327' title='bbox 1725 2763 1984 2818; x_wconf 79' lang='lat' dir='ltr'><strong>Nantinus</strong></span> 
     </span>
    </p>
   </div>
   <div class='ocr_carea' id='block_1_45' title="bbox 417 2848 1986 2922">
    <p class='ocr_par' dir='ltr' id='par_1_45' title="bbox 417 2848 1986 2922">
     <span class='ocr_line' id='line_1_45' title="bbox 417 2848 1986 2922; baseline 0.005 -22"><span class='ocrx_word' id='word_1_328' title='bbox 417 2848 792 2903; x_wconf 76' lang='lat' dir='ltr'><strong>Ecolismensis</strong></span> <span class='ocrx_word' id='word_1_329' title='bbox 815 2863 995 2903; x_wconf 88' lang='lat' dir='ltr'><strong>comes</strong></span> <span class='ocrx_word' id='word_1_330' title='bbox 1019 2850 1318 2904; x_wconf 79' lang='lat' dir='ltr'><strong>exinanitus</strong></span> <span class='ocrx_word' id='word_1_331' title='bbox 1344 2851 1573 2915; x_wconf 87' lang='lat' dir='ltr'><strong>interiit;</strong></span> <span class='ocrx_word' id='word_1_332' title='bbox 1598 2854 1690 2907; x_wconf 91' lang='lat' dir='ltr'><strong>sed</strong></span> <span class='ocrx_word' id='word_1_333' title='bbox 1717 2868 1835 2922; x_wconf 83' lang='lat' dir='ltr'><strong>quae</strong></span> <span class='ocrx_word' id='word_1_334' title='bbox 1857 2869 1986 2908; x_wconf 82' lang='lat' dir='ltr'><strong>con—</strong></span> 
     </span>
    </p>
   </div>
   <div class='ocr_carea' id='block_1_46' title="bbox 412 2939 1981 3011">
    <p class='ocr_par' dir='ltr' id='par_1_46' title="bbox 412 2939 1981 3011">
     <span class='ocr_line' id='line_1_46' title="bbox 412 2939 1981 3011; baseline 0.004 -20"><span class='ocrx_word' id='word_1_335' title='bbox 412 2948 486 2991; x_wconf 80' lang='lat' dir='ltr'><strong>tra</strong></span> <span class='ocrx_word' id='word_1_336' title='bbox 536 2939 842 2993; x_wconf 86' lang='lat' dir='ltr'><strong>sacerdotes</strong></span> <span class='ocrx_word' id='word_1_337' title='bbox 873 2939 949 2993; x_wconf 80' lang='lat' dir='ltr'><strong>vel</strong></span> <span class='ocrx_word' id='word_1_338' title='bbox 997 2940 1249 2994; x_wconf 83' lang='lat' dir='ltr'><strong>ecclesias</strong></span> <span class='ocrx_word' id='word_1_339' title='bbox 1282 2942 1371 2995; x_wconf 90' lang='lat' dir='ltr'><strong>Dei</strong></span> <span class='ocrx_word' id='word_1_340' title='bbox 1418 2941 1602 3011; x_wconf 81' lang='lat' dir='ltr'><strong>egerit,</strong></span> <span class='ocrx_word' id='word_1_341' title='bbox 1638 2944 1793 2997; x_wconf 86' lang='lat' dir='ltr'><strong>altius</strong></span> <span class='ocrx_word' id='word_1_342' title='bbox 1828 2958 1981 3010; x_wconf 83' lang='lat' dir='ltr'><strong>repe-</strong></span> 
     </span>
    </p>
   </div>
   <div class='ocr_carea' id='block_1_47' title="bbox 412 3030 1979 3105">
    <p class='ocr_par' dir='ltr' id='par_1_47' title="bbox 412 3030 1979 3105">
     <span class='ocr_line' id='line_1_47' title="bbox 412 3030 1979 3105; baseline 0.006 -25"><span class='ocrx_word' id='word_1_343' title='bbox 412 3030 565 3081; x_wconf 85' lang='lat' dir='ltr'><strong>tenda</strong></span> <span class='ocrx_word' id='word_1_344' title='bbox 615 3038 755 3083; x_wconf 89' lang='lat' dir='ltr'><strong>sunt.</strong></span> <span class='ocrx_word' id='word_1_345' title='bbox 813 3030 1051 3098; x_wconf 67' lang='lat' dir='ltr'><strong>Denique</strong></span> <span class='ocrx_word' id='word_1_346' title='bbox 1100 3030 1459 3085; x_wconf 76' lang='lat' dir='ltr'><strong>Maracharius</strong></span> <span class='ocrx_word' id='word_1_347' title='bbox 1499 3034 1791 3088; x_wconf 84' lang='lat' dir='ltr'><strong>avunculus</strong></span> <span class='ocrx_word' id='word_1_348' title='bbox 1833 3033 1979 3105; x_wconf 82' lang='lat' dir='ltr'><strong>ejus,</strong></span> 
     </span>
    </p>
   </div>
   <div class='ocr_carea' id='block_1_48' title="bbox 2095 1833 3668 1913">
    <p class='ocr_par' dir='ltr' id='par_1_48' title="bbox 2095 1833 3668 1913">
     <span class='ocr_line' id='line_1_48' title="bbox 2095 1833 3668 1913; baseline 0.008 -27"><span class='ocrx_word' id='word_1_349' title='bbox 2095 1833 2483 1902; x_wconf 86' lang='lat' dir='ltr'><strong>deprecabatur</strong></span> <span class='ocrx_word' id='word_1_350' title='bbox 2511 1835 2771 1891; x_wconf 86' lang='lat' dir='ltr'><strong>Nantinus</strong></span> <span class='ocrx_word' id='word_1_351' title='bbox 2798 1847 2855 1891; x_wconf 93' lang='lat' dir='ltr'><strong>ut</strong></span> <span class='ocrx_word' id='word_1_352' title='bbox 2883 1852 3071 1907; x_wconf 87' lang='lat' dir='ltr'><strong>pacem</strong></span> <span class='ocrx_word' id='word_1_353' title='bbox 3093 1840 3326 1913; x_wconf 82' lang='lat' dir='ltr'><strong>episcopi</strong></span> <span class='ocrx_word' id='word_1_354' title='bbox 3348 1853 3668 1911; x_wconf 88' lang='lat' dir='ltr'><strong>mereretur,</strong></span> 
     </span>
    </p>
   </div>
   <div class='ocr_carea' id='block_1_49' title="bbox 2094 1923 3671 2001">
    <p class='ocr_par' dir='ltr' id='par_1_49' title="bbox 2094 1923 3671 2001">
     <span class='ocr_line' id='line_1_49' title="bbox 2094 1923 3671 2001; baseline 0.01 -26"><span class='ocrx_word' id='word_1_355' title='bbox 2094 1923 2413 1991; x_wconf 88' lang='lat' dir='ltr'><strong>promittens</strong></span> <span class='ocrx_word' id='word_1_356' title='bbox 2440 1940 2499 1980; x_wconf 89' lang='lat' dir='ltr'><strong>se</strong></span> <span class='ocrx_word' id='word_1_357' title='bbox 2525 1941 2714 1982; x_wconf 89' lang='lat' dir='ltr'><strong>omnes</strong></span> <span class='ocrx_word' id='word_1_358' title='bbox 2738 1927 2995 1984; x_wconf 63' lang='lat' dir='ltr'><strong>Ecclesiae</strong></span> <span class='ocrx_word' id='word_1_359' title='bbox 3026 1944 3133 1996; x_wconf 88' lang='lat' dir='ltr'><strong>res,</strong></span> <span class='ocrx_word' id='word_1_360' title='bbox 3171 1946 3301 2001; x_wconf 88' lang='lat' dir='ltr'><strong>quas</strong></span> <span class='ocrx_word' id='word_1_361' title='bbox 3324 1933 3441 1988; x_wconf 88' lang='lat' dir='ltr'><strong>sine</strong></span> <span class='ocrx_word' id='word_1_362' title='bbox 3464 1934 3671 1991; x_wconf 86' lang='lat' dir='ltr'><strong>ratione</strong></span> 
     </span>
    </p>
   </div>
   <div class='ocr_carea' id='block_1_50' title="bbox 2090 2017 3671 2091">
    <p class='ocr_par' dir='ltr' id='par_1_50' title="bbox 2090 2017 3671 2091">
     <span class='ocr_line' id='line_1_50' title="bbox 2090 2017 3671 2091; baseline 0.01 -22"><span class='ocrx_word' id='word_1_363' title='bbox 2090 2017 2401 2085; x_wconf 83' lang='lat' dir='ltr'><strong>abstulerat,</strong></span> <span class='ocrx_word' id='word_1_364' title='bbox 2431 2018 2784 2085; x_wconf 85' lang='lat' dir='ltr'><strong>redditurum,</strong></span> <span class='ocrx_word' id='word_1_365' title='bbox 2827 2031 2986 2091; x_wconf 84' lang='lat' dir='ltr'><strong>atque</strong></span> <span class='ocrx_word' id='word_1_366' title='bbox 3015 2022 3274 2079; x_wconf 85' lang='lat' dir='ltr'><strong>humilem</strong></span> <span class='ocrx_word' id='word_1_367' title='bbox 3313 2025 3568 2083; x_wconf 78' lang='lat' dir='ltr'><strong>exhibere</strong></span> <span class='ocrx_word' id='word_1_368' title='bbox 3605 2042 3671 2084; x_wconf 81' lang='lat' dir='ltr'><strong>se</strong></span> 
     </span>
    </p>
   </div>
   <div class='ocr_carea' id='block_1_51' title="bbox 2089 2108 3669 2189">
    <p class='ocr_par' dir='ltr' id='par_1_51' title="bbox 2089 2108 3669 2189">
     <span class='ocr_line' id='line_1_51' title="bbox 2089 2108 3669 2189; baseline 0.008 -27"><span class='ocrx_word' id='word_1_369' title='bbox 2089 2108 2379 2164; x_wconf 83' lang='lat' dir='ltr'><strong>sacerdoti.</strong></span> <span class='ocrx_word' id='word_1_370' title='bbox 2429 2111 2501 2166; x_wconf 82' lang='lat' dir='ltr'><strong>At</strong></span> <span class='ocrx_word' id='word_1_371' title='bbox 2544 2111 2639 2167; x_wconf 89' lang='lat' dir='ltr'><strong>ille</strong></span> <span class='ocrx_word' id='word_1_372' title='bbox 2680 2110 2903 2167; x_wconf 86' lang='lat' dir='ltr'><strong>fratrum</strong></span> <span class='ocrx_word' id='word_1_373' title='bbox 2933 2113 3159 2184; x_wconf 86' lang='lat' dir='ltr'><strong>jussioui</strong></span> <span class='ocrx_word' id='word_1_374' title='bbox 3188 2115 3444 2173; x_wconf 79' lang='lat' dir='ltr'><strong>obsudire</strong></span> <span class='ocrx_word' id='word_1_375' title='bbox 3471 2132 3669 2189; x_wconf 86' lang='lat' dir='ltr'><strong>procu-</strong></span> 
     </span>
    </p>
   </div>
   <div class='ocr_carea' id='block_1_52' title="bbox 2086 2201 3664 2271">
    <p class='ocr_par' dir='ltr' id='par_1_52' title="bbox 2086 2201 3664 2271">
     <span class='ocr_line' id='line_1_52' title="bbox 2086 2201 3664 2271; baseline 0.007 -18"><span class='ocrx_word' id='word_1_376' title='bbox 2086 2212 2235 2263; x_wconf 87' lang='lat' dir='ltr'><strong>rans,</strong></span> <span class='ocrx_word' id='word_1_377' title='bbox 2261 2208 2449 2256; x_wconf 84' lang='lat' dir='ltr'><strong>cuncta</strong></span> <span class='ocrx_word' id='word_1_378' title='bbox 2478 2214 2598 2270; x_wconf 65' lang='lat' dir='ltr'><strong>quae</strong></span> <span class='ocrx_word' id='word_1_379' title='bbox 2635 2201 2952 2271; x_wconf 84' lang='lat' dir='ltr'><strong>petebantur</strong></span> <span class='ocrx_word' id='word_1_380' title='bbox 2972 2203 3221 2270; x_wconf 83' lang='lat' dir='ltr'><strong>indulsit;</strong></span> <span class='ocrx_word' id='word_1_381' title='bbox 3249 2220 3464 2262; x_wconf 84' lang='lat' dir='ltr'><strong>causam</strong></span> <span class='ocrx_word' id='word_1_382' title='bbox 3484 2216 3664 2264; x_wconf 84' lang='lat' dir='ltr'><strong>tamen</strong></span> 
     </span>
    </p>
   </div>
   <div class='ocr_carea' id='block_1_53' title="bbox 2089 2288 3665 2361">
    <p class='ocr_par' dir='ltr' id='par_1_53' title="bbox 2089 2288 3665 2361">
     <span class='ocr_line' id='line_1_53' title="bbox 2089 2288 3665 2361; baseline 0.008 -19"><span class='ocrx_word' id='word_1_383' title='bbox 2089 2288 2383 2359; x_wconf 84' lang='lat' dir='ltr'><strong>presbyteri</strong></span> <span class='ocrx_word' id='word_1_384' title='bbox 2405 2290 2753 2359; x_wconf 89' lang='lat' dir='ltr'><strong>omnipotenti</strong></span> <span class='ocrx_word' id='word_1_385' title='bbox 2783 2292 2895 2348; x_wconf 83' lang='lat' dir='ltr'><strong>Deo</strong></span> <span class='ocrx_word' id='word_1_386' title='bbox 2909 2294 3311 2361; x_wconf 88' lang='lat' dir='ltr'><strong>commendans,</strong></span> <span class='ocrx_word' id='word_1_387' title='bbox 3336 2298 3587 2354; x_wconf 86' lang='lat' dir='ltr'><strong>comitem</strong></span> <span class='ocrx_word' id='word_1_388' title='bbox 3610 2300 3665 2356; x_wconf 91' lang='lat' dir='ltr'><strong>in</strong></span> 
     </span>
    </p>
   </div>
   <div class='ocr_carea' id='block_1_54' title="bbox 2086 2378 3660 2456">
    <p class='ocr_par' dir='ltr' id='par_1_54' title="bbox 2086 2378 3660 2456">
     <span class='ocr_line' id='line_1_54' title="bbox 2086 2378 3660 2456; baseline 0.008 -24"><span class='ocrx_word' id='word_1_389' title='bbox 2086 2378 2344 2435; x_wconf 82' lang='lat' dir='ltr'><strong>cliaritate</strong></span> <span class='ocrx_word' id='word_1_390' title='bbox 2395 2382 2616 2451; x_wconf 88' lang='lat' dir='ltr'><strong>recepit.</strong></span> <span class='ocrx_word' id='word_1_391' title='bbox 2667 2383 2765 2450; x_wconf 88' lang='lat' dir='ltr'><strong>Qui</strong></span> <span class='ocrx_word' id='word_1_392' title='bbox 2815 2393 2935 2453; x_wconf 87' lang='lat' dir='ltr'><strong>post</strong></span> <span class='ocrx_word' id='word_1_393' title='bbox 2977 2384 3077 2439; x_wconf 81' lang='lat' dir='ltr'><strong>ista</strong></span> <span class='ocrx_word' id='word_1_394' title='bbox 3126 2400 3400 2456; x_wconf 85' lang='lat' dir='ltr'><strong>regressus</strong></span> <span class='ocrx_word' id='word_1_395' title='bbox 3430 2389 3616 2444; x_wconf 89' lang='lat' dir='ltr'><strong>urbem</strong></span> <span class='ocrx_word' id='word_1_396' title='bbox 3644 2431 3660 2453; x_wconf 93' lang='lat'><strong>,</strong></span> 
     </span>
    </p>
   </div>
   <div class='ocr_carea' id='block_1_55' title="bbox 2088 2470 3664 2545">
    <p class='ocr_par' dir='ltr' id='par_1_55' title="bbox 2088 2470 3664 2545">
     <span class='ocr_line' id='line_1_55' title="bbox 2088 2470 3664 2545; baseline 0.009 -23"><span class='ocrx_word' id='word_1_397' title='bbox 2088 2471 2277 2524; x_wconf 86' lang='lat' dir='ltr'><strong>domos</strong></span> <span class='ocrx_word' id='word_1_398' title='bbox 2304 2470 2421 2524; x_wconf 90' lang='lat' dir='ltr'><strong>illas</strong></span> <span class='ocrx_word' id='word_1_399' title='bbox 2450 2485 2583 2540; x_wconf 87' lang='lat' dir='ltr'><strong>quas</strong></span> <span class='ocrx_word' id='word_1_400' title='bbox 2620 2475 2759 2528; x_wconf 86' lang='lat' dir='ltr'><strong>male</strong></span> <span class='ocrx_word' id='word_1_401' title='bbox 2785 2485 3113 2542; x_wconf 86' lang='lat' dir='ltr'><strong>pervaserat,</strong></span> <span class='ocrx_word' id='word_1_402' title='bbox 3143 2478 3358 2545; x_wconf 86' lang='lat' dir='ltr'><strong>spoliat,</strong></span> <span class='ocrx_word' id='word_1_403' title='bbox 3388 2478 3557 2545; x_wconf 87' lang='lat' dir='ltr'><strong>elidit,</strong></span> <span class='ocrx_word' id='word_1_404' title='bbox 3598 2496 3664 2537; x_wconf 85' lang='lat' dir='ltr'><strong>ac</strong></span> 
     </span>
    </p>
   </div>
   <div class='ocr_carea' id='block_1_56' title="bbox 2085 2559 3661 2638">
    <p class='ocr_par' dir='ltr' id='par_1_56' title="bbox 2085 2559 3661 2638">
     <span class='ocr_line' id='line_1_56' title="bbox 2085 2559 3661 2638; baseline 0.005 -22"><span class='ocrx_word' id='word_1_405' title='bbox 2085 2559 2303 2629; x_wconf 86' lang='lat' dir='ltr'><strong>disjicit,</strong></span> <span class='ocrx_word' id='word_1_406' title='bbox 2336 2560 2558 2617; x_wconf 89' lang='lat' dir='ltr'><strong>dicens:</strong></span> <span class='ocrx_word' id='word_1_407' title='bbox 2593 2562 2659 2617; x_wconf 83' lang='lat' dir='ltr'><strong>Et</strong></span> <span class='ocrx_word' id='word_1_408' title='bbox 2686 2565 2729 2618; x_wconf 87' lang='lat' dir='ltr'><strong>si</strong></span> <span class='ocrx_word' id='word_1_409' title='bbox 2760 2563 2861 2619; x_wconf 84' lang='lat' dir='ltr'><strong>hoc</strong></span> <span class='ocrx_word' id='word_1_410' title='bbox 2898 2565 2966 2620; x_wconf 92' lang='lat' dir='ltr'><strong>ab</strong></span> <span class='ocrx_word' id='word_1_411' title='bbox 2992 2567 3217 2623; x_wconf 87' lang='lat' dir='ltr'><strong>ecclesia</strong></span> <span class='ocrx_word' id='word_1_412' title='bbox 3259 2571 3545 2638; x_wconf 90' lang='lat' dir='ltr'><strong>recipitur,</strong></span> <span class='ocrx_word' id='word_1_413' title='bbox 3579 2574 3661 2628; x_wconf 88' lang='lat' dir='ltr'><strong>vel</strong></span> 
     </span>
    </p>
   </div>
   <div class='ocr_carea' id='block_1_57' title="bbox 2084 2651 3665 2726">
    <p class='ocr_par' dir='ltr' id='par_1_57' title="bbox 2084 2651 3665 2726">
     <span class='ocr_line' id='line_1_57' title="bbox 2084 2651 3665 2726; baseline 0.008 -19"><span class='ocrx_word' id='word_1_414' title='bbox 2084 2651 2354 2709; x_wconf 88' lang='lat' dir='ltr'><strong>desertum</strong></span> <span class='ocrx_word' id='word_1_415' title='bbox 2411 2655 2728 2722; x_wconf 84' lang='lat' dir='ltr'><strong>inveniatur,</strong></span> <span class='ocrx_word' id='word_1_416' title='bbox 2774 2672 2875 2726; x_wconf 88' lang='lat' dir='ltr'><strong>qua</strong></span> <span class='ocrx_word' id='word_1_417' title='bbox 2929 2658 2997 2713; x_wconf 90' lang='lat' dir='ltr'><strong>de</strong></span> <span class='ocrx_word' id='word_1_418' title='bbox 3030 2673 3188 2713; x_wconf 86' lang='lat' dir='ltr'><strong>causa</strong></span> <span class='ocrx_word' id='word_1_419' title='bbox 3242 2660 3436 2716; x_wconf 88' lang='lat' dir='ltr'><strong>iterum</strong></span> <span class='ocrx_word' id='word_1_420' title='bbox 3485 2671 3665 2721; x_wconf 80' lang='lat' dir='ltr'><strong>motus</strong></span> 
     </span>
    </p>
   </div>
   <div class='ocr_carea' id='block_1_58' title="bbox 2085 2742 3662 2820">
    <p class='ocr_par' dir='ltr' id='par_1_58' title="bbox 2085 2742 3662 2820">
     <span class='ocr_line' id='line_1_58' title="bbox 2085 2742 3662 2820; baseline 0.008 -24"><span class='ocrx_word' id='word_1_421' title='bbox 2085 2742 2385 2813; x_wconf 87' lang='lat' dir='ltr'><strong>episcopus,</strong></span> <span class='ocrx_word' id='word_1_422' title='bbox 2418 2758 2539 2799; x_wconf 90' lang='lat' dir='ltr'><strong>eum</strong></span> <span class='ocrx_word' id='word_1_423' title='bbox 2568 2759 2597 2798; x_wconf 90' lang='lat' dir='ltr'><strong>a</strong></span> <span class='ocrx_word' id='word_1_424' title='bbox 2624 2748 2999 2802; x_wconf 89' lang='lat' dir='ltr'><strong>communione</strong></span> <span class='ocrx_word' id='word_1_425' title='bbox 3029 2750 3323 2819; x_wconf 87' lang='lat' dir='ltr'><strong>suspendit.</strong></span> <span class='ocrx_word' id='word_1_426' title='bbox 3366 2752 3496 2820; x_wconf 83' lang='lat' dir='ltr'><strong>Quae</strong></span> <span class='ocrx_word' id='word_1_427' title='bbox 3532 2753 3662 2808; x_wconf 90' lang='lat' dir='ltr'><strong>dum</strong></span> 
     </span>
    </p>
   </div>
   <div class='ocr_carea' id='block_1_59' title="bbox 2085 2834 3662 2913">
    <p class='ocr_par' dir='ltr' id='par_1_59' title="bbox 2085 2834 3662 2913">
     <span class='ocr_line' id='line_1_59' title="bbox 2085 2834 3662 2913; baseline 0.009 -27"><span class='ocrx_word' id='word_1_428' title='bbox 2085 2842 2337 2904; x_wconf 86' lang='lat' dir='ltr'><strong>aguntur,</strong></span> <span class='ocrx_word' id='word_1_429' title='bbox 2353 2834 2571 2905; x_wconf 86' lang='lat' dir='ltr'><strong>impleto</strong></span> <span class='ocrx_word' id='word_1_430' title='bbox 2591 2836 2779 2891; x_wconf 90' lang='lat' dir='ltr'><strong>beatus</strong></span> <span class='ocrx_word' id='word_1_431' title='bbox 2805 2838 3042 2906; x_wconf 80' lang='lat' dir='ltr'><strong>pontifex</strong></span> <span class='ocrx_word' id='word_1_432' title='bbox 3071 2841 3392 2909; x_wconf 71' lang='lat' dir='ltr'><strong>VlliDClll‘Sll,</strong></span> <span class='ocrx_word' id='word_1_433' title='bbox 3416 2844 3662 2913; x_wconf 83' lang='lat' dir='ltr'><strong>migravit</strong></span> 
     </span>
    </p>
   </div>
   <div class='ocr_carea' id='block_1_60' title="bbox 2085 2926 3659 3007">
    <p class='ocr_par' dir='ltr' id='par_1_60' title="bbox 2085 2926 3659 3007">
     <span class='ocr_line' id='line_1_60' title="bbox 2085 2926 3659 3007; baseline 0.01 -28"><span class='ocrx_word' id='word_1_434' title='bbox 2085 2926 2151 2980; x_wconf 86' lang='lat' dir='ltr'><strong>ad</strong></span> <span class='ocrx_word' id='word_1_435' title='bbox 2181 2927 2483 2983; x_wconf 89' lang='lat' dir='ltr'><strong>Dominum.</strong></span> <span class='ocrx_word' id='word_1_436' title='bbox 2517 2928 2775 2984; x_wconf 79' lang='lat' dir='ltr'><strong>Nantinus</strong></span> <span class='ocrx_word' id='word_1_437' title='bbox 2806 2946 3017 3001; x_wconf 90' lang='lat' dir='ltr'><strong>quoque</strong></span> <span class='ocrx_word' id='word_1_438' title='bbox 3052 2933 3118 2989; x_wconf 89' lang='lat' dir='ltr'><strong>ab</strong></span> <span class='ocrx_word' id='word_1_439' title='bbox 3149 2935 3413 3005; x_wconf 82' lang='lat' dir='ltr'><strong>aliquibus</strong></span> <span class='ocrx_word' id='word_1_440' title='bbox 3452 2939 3659 3007; x_wconf 84' lang='lat' dir='ltr'><strong>episco-</strong></span> 
     </span>
    </p>
   </div>
   <div class='ocr_carea' id='block_1_61' title="bbox 2085 3020 3655 3096">
    <p class='ocr_par' dir='ltr' id='par_1_61' title="bbox 2085 3020 3655 3096">
     <span class='ocr_line' id='line_1_61' title="bbox 2085 3020 3655 3096; baseline 0.008 -24"><span class='ocrx_word' id='word_1_441' title='bbox 2085 3020 2188 3088; x_wconf 89' lang='lat' dir='ltr'><strong>pis,</strong></span> <span class='ocrx_word' id='word_1_442' title='bbox 2246 3020 2696 3075; x_wconf 87' lang='lat' dir='ltr'><strong>intercedentibus</strong></span> <span class='ocrx_word' id='word_1_443' title='bbox 2750 3024 2982 3090; x_wconf 64' lang='lat' dir='ltr'><strong>praemiis</strong></span> <span class='ocrx_word' id='word_1_444' title='bbox 3032 3033 3191 3092; x_wconf 90' lang='lat' dir='ltr'><strong>atque</strong></span> <span class='ocrx_word' id='word_1_445' title='bbox 3244 3027 3655 3096; x_wconf 87' lang='lat' dir='ltr'><strong>adulationibus,</strong></span> 
     </span>
    </p>
   </div>
   <div class='ocr_carea' id='block_1_62' title="bbox 410 3114 1981 3193">
    <p class='ocr_par' dir='ltr' id='par_1_62' title="bbox 410 3124 1981 3193">
     <span class='ocr_line' id='line_1_62' title="bbox 410 3124 1981 3193; baseline 0.005 -20"><span class='ocrx_word' id='word_1_446' title='bbox 410 3125 496 3175; x_wconf 87' lang='lat' dir='ltr'><strong>diu</strong></span> <span class='ocrx_word' id='word_1_447' title='bbox 528 3127 578 3177; x_wconf 90' lang='lat' dir='ltr'><strong>in</strong></span> <span class='ocrx_word' id='word_1_448' title='bbox 611 3126 722 3193; x_wconf 89' lang='lat' dir='ltr'><strong>ipsa</strong></span> <span class='ocrx_word' id='word_1_449' title='bbox 756 3125 887 3178; x_wconf 89' lang='lat' dir='ltr'><strong>urbe</strong></span> <span class='ocrx_word' id='word_1_450' title='bbox 918 3140 1043 3179; x_wconf 87' lang='lat' dir='ltr'><strong>usus</strong></span> <span class='ocrx_word' id='word_1_451' title='bbox 1086 3134 1171 3178; x_wconf 90' lang='lat' dir='ltr'><strong>est</strong></span> <span class='ocrx_word' id='word_1_452' title='bbox 1201 3128 1476 3180; x_wconf 78' lang='lat' dir='ltr'><strong>comitatu.</strong></span> <span class='ocrx_word' id='word_1_453' title='bbox 1510 3125 1626 3192; x_wconf 87' lang='lat' dir='ltr'><strong>Quo</strong></span> <span class='ocrx_word' id='word_1_454' title='bbox 1667 3124 1845 3180; x_wconf 85' lang='lat' dir='ltr'><strong>ofﬁcio</strong></span> <span class='ocrx_word' id='word_1_455' title='bbox 1887 3141 1981 3181; x_wconf 76' lang='lat' dir='ltr'><strong>ex-</strong></span> 
     </span>
    </p>
   </div>
   <div class='ocr_carea' id='block_1_63' title="bbox 2086 3114 3656 3193">
    <p class='ocr_par' dir='ltr' id='par_1_63' title="bbox 2086 3114 3656 3191">
     <span class='ocr_line' id='line_1_63' title="bbox 2086 3114 3656 3191; baseline 0.006 -24"><span class='ocrx_word' id='word_1_456' title='bbox 2086 3114 2528 3169; x_wconf 90' lang='lat' dir='ltr'><strong>communicatur.</strong></span> <span class='ocrx_word' id='word_1_457' title='bbox 2548 3114 2674 3169; x_wconf 85' lang='lat' dir='ltr'><strong>Post</strong></span> <span class='ocrx_word' id='word_1_458' title='bbox 2697 3130 2891 3184; x_wconf 91' lang='lat' dir='ltr'><strong>paucos</strong></span> <span class='ocrx_word' id='word_1_459' title='bbox 2912 3132 3037 3171; x_wconf 90' lang='lat' dir='ltr'><strong>vero</strong></span> <span class='ocrx_word' id='word_1_460' title='bbox 3057 3133 3269 3173; x_wconf 88' lang='lat' dir='ltr'><strong>menses</strong></span> <span class='ocrx_word' id='word_1_461' title='bbox 3286 3136 3312 3173; x_wconf 88' lang='lat' dir='ltr'><strong>a</strong></span> <span class='ocrx_word' id='word_1_462' title='bbox 3348 3124 3656 3191; x_wconf 87' lang='lat' dir='ltr'><strong>supradicto</strong></span> 
     </span>
    </p>
   </div>
   <div class='ocr_carea' id='block_1_64' title="bbox 412 3216 1984 3287">
    <p class='ocr_par' dir='ltr' id='par_1_64' title="bbox 412 3216 1984 3287">
     <span class='ocr_line' id='line_1_64' title="bbox 412 3216 1984 3287; baseline 0.003 -20"><span class='ocrx_word' id='word_1_463' title='bbox 412 3221 573 3285; x_wconf 85' lang='lat' dir='ltr'><strong>pleto,</strong></span> <span class='ocrx_word' id='word_1_464' title='bbox 608 3218 864 3271; x_wconf 66' lang='lat' dir='ltr'><strong>Ecclesiae</strong></span> <span class='ocrx_word' id='word_1_465' title='bbox 893 3217 1144 3281; x_wconf 85' lang='lat' dir='ltr'><strong>sociatur,</strong></span> <span class='ocrx_word' id='word_1_466' title='bbox 1176 3216 1507 3287; x_wconf 88' lang='lat' dir='ltr'><strong>clericusque</strong></span> <span class='ocrx_word' id='word_1_467' title='bbox 1539 3217 1726 3282; x_wconf 86' lang='lat' dir='ltr'><strong>factus,</strong></span> <span class='ocrx_word' id='word_1_468' title='bbox 1770 3217 1984 3272; x_wconf 80' lang='lat' dir='ltr'><strong>ordina-</strong></span> 
     </span>
    </p>
   </div>
   <div class='ocr_carea' id='block_1_65' title="bbox 413 3307 1979 3379">
    <p class='ocr_par' dir='ltr' id='par_1_65' title="bbox 413 3307 1979 3379">
     <span class='ocr_line' id='line_1_65' title="bbox 413 3307 1979 3379; baseline -0.001 -19"><span class='ocrx_word' id='word_1_469' title='bbox 413 3319 497 3361; x_wconf 87' lang='lat' dir='ltr'><strong>tur</strong></span> <span class='ocrx_word' id='word_1_470' title='bbox 527 3309 828 3377; x_wconf 89' lang='lat' dir='ltr'><strong>episcopus.</strong></span> <span class='ocrx_word' id='word_1_471' title='bbox 862 3309 959 3374; x_wconf 85' lang='lat' dir='ltr'><strong>Qui</strong></span> <span class='ocrx_word' id='word_1_472' title='bbox 1014 3307 1231 3360; x_wconf 86' lang='lat' dir='ltr'><strong>multum</strong></span> <span class='ocrx_word' id='word_1_473' title='bbox 1261 3307 1543 3379; x_wconf 83' lang='lat' dir='ltr'><strong>vigilanter</strong></span> <span class='ocrx_word' id='word_1_474' title='bbox 1579 3308 1661 3362; x_wconf 90' lang='lat' dir='ltr'><strong>vel</strong></span> <span class='ocrx_word' id='word_1_475' title='bbox 1692 3310 1979 3375; x_wconf 85' lang='lat' dir='ltr'><strong>ecclesias,</strong></span> 
     </span>
    </p>
   </div>
   <div class='ocr_carea' id='block_1_66' title="bbox 409 3401 1981 3469">
    <p class='ocr_par' dir='ltr' id='par_1_66' title="bbox 409 3401 1981 3469">
     <span class='ocr_line' id='line_1_66' title="bbox 409 3401 1981 3469; baseline 0.001 -16"><span class='ocrx_word' id='word_1_476' title='bbox 409 3401 488 3453; x_wconf 77' lang='lat' dir='ltr'><strong>vel</strong></span> <span class='ocrx_word' id='word_1_477' title='bbox 515 3402 757 3455; x_wconf 59' lang='lat' dir='ltr'><strong>ecclesia:</strong></span> <span class='ocrx_word' id='word_1_478' title='bbox 781 3401 970 3453; x_wconf 88' lang='lat' dir='ltr'><strong>domos</strong></span> <span class='ocrx_word' id='word_1_479' title='bbox 998 3410 1050 3453; x_wconf 91' lang='lat' dir='ltr'><strong>et</strong></span> <span class='ocrx_word' id='word_1_480' title='bbox 1081 3401 1311 3469; x_wconf 75' lang='lat' dir='ltr'><strong>erigens,</strong></span> <span class='ocrx_word' id='word_1_481' title='bbox 1356 3411 1409 3454; x_wconf 90' lang='lat' dir='ltr'><strong>et</strong></span> <span class='ocrx_word' id='word_1_482' title='bbox 1439 3414 1786 3468; x_wconf 90' lang='lat' dir='ltr'><strong>componens,</strong></span> <span class='ocrx_word' id='word_1_483' title='bbox 1816 3404 1981 3467; x_wconf 82' lang='lat' dir='ltr'><strong>septi-</strong></span> 
     </span>
    </p>
   </div>
   <div class='ocr_carea' id='block_1_67' title="bbox 406 3488 1981 3559">
    <p class='ocr_par' dir='ltr' id='par_1_67' title="bbox 406 3488 1981 3559">
     <span class='ocr_line' id='line_1_67' title="bbox 406 3488 1981 3559; baseline 0.001 -16"><span class='ocrx_word' id='word_1_484' title='bbox 406 3504 493 3543; x_wconf 88' lang='lat' dir='ltr'><strong>IIIO</strong></span> <span class='ocrx_word' id='word_1_485' title='bbox 519 3491 801 3545; x_wconf 89' lang='lat' dir='ltr'><strong>sacerdotii</strong></span> <span class='ocrx_word' id='word_1_486' title='bbox 829 3503 990 3553; x_wconf 87' lang='lat' dir='ltr'><strong>anno,</strong></span> <span class='ocrx_word' id='word_1_487' title='bbox 1024 3488 1218 3556; x_wconf 87' lang='lat' dir='ltr'><strong>injecto</strong></span> <span class='ocrx_word' id='word_1_488' title='bbox 1248 3491 1313 3543; x_wconf 87' lang='lat' dir='ltr'><strong>ab</strong></span> <span class='ocrx_word' id='word_1_489' title='bbox 1349 3491 1577 3543; x_wconf 89' lang='lat' dir='ltr'><strong>inimicis</strong></span> <span class='ocrx_word' id='word_1_490' title='bbox 1605 3492 1656 3544; x_wconf 93' lang='lat' dir='ltr'><strong>in</strong></span> <span class='ocrx_word' id='word_1_491' title='bbox 1688 3500 1848 3559; x_wconf 90' lang='lat' dir='ltr'><strong>caput</strong></span> <span class='ocrx_word' id='word_1_492' title='bbox 1876 3493 1981 3559; x_wconf 88' lang='lat' dir='ltr'><strong>pis-</strong></span> 
     </span>
    </p>
   </div>
   <div class='ocr_carea' id='block_1_68' title="bbox 405 3579 1975 3647">
    <p class='ocr_par' dir='ltr' id='par_1_68' title="bbox 405 3579 1975 3647">
     <span class='ocr_line' id='line_1_68' title="bbox 405 3579 1975 3647; baseline 0.001 -15"><span class='ocrx_word' id='word_1_493' title='bbox 405 3582 481 3634; x_wconf 87' lang='lat' dir='ltr'><strong>cis</strong></span> <span class='ocrx_word' id='word_1_494' title='bbox 511 3595 737 3646; x_wconf 79' lang='lat' dir='ltr'><strong>veneno,</strong></span> <span class='ocrx_word' id='word_1_495' title='bbox 767 3579 1084 3647; x_wconf 88' lang='lat' dir='ltr'><strong>simpliciter</strong></span> <span class='ocrx_word' id='word_1_496' title='bbox 1101 3579 1370 3645; x_wconf 87' lang='lat' dir='ltr'><strong>accipiens</strong></span> <span class='ocrx_word' id='word_1_497' title='bbox 1387 3580 1678 3634; x_wconf 79' lang='lat' dir='ltr'><strong>crudeliter</strong></span> <span class='ocrx_word' id='word_1_498' title='bbox 1704 3591 1975 3634; x_wconf 88' lang='lat' dir='ltr'><strong>enecatur.</strong></span> 
     </span>
    </p>
   </div>
   <div class='ocr_carea' id='block_1_69' title="bbox 406 3668 1977 3739">
    <p class='ocr_par' dir='ltr' id='par_1_69' title="bbox 406 3668 1977 3739">
     <span class='ocr_line' id='line_1_69' title="bbox 406 3668 1977 3739; baseline 0 -13"><span class='ocrx_word' id='word_1_499' title='bbox 406 3672 513 3726; x_wconf 83' lang='lat' dir='ltr'><strong>Sed</strong></span> <span class='ocrx_word' id='word_1_500' title='bbox 556 3687 661 3725; x_wconf 90' lang='lat' dir='ltr'><strong>non</strong></span> <span class='ocrx_word' id='word_1_501' title='bbox 692 3671 781 3724; x_wconf 92' lang='lat' dir='ltr'><strong>diu</strong></span> <span class='ocrx_word' id='word_1_502' title='bbox 833 3672 1051 3724; x_wconf 90' lang='lat' dir='ltr'><strong>inultam</strong></span> <span class='ocrx_word' id='word_1_503' title='bbox 1103 3668 1227 3739; x_wconf 85' lang='lat' dir='ltr'><strong>ejus</strong></span> <span class='ocrx_word' id='word_1_504' title='bbox 1269 3679 1493 3723; x_wconf 88' lang='lat' dir='ltr'><strong>mortem</strong></span> <span class='ocrx_word' id='word_1_505' title='bbox 1545 3670 1761 3737; x_wconf 88' lang='lat' dir='ltr'><strong>pertulit</strong></span> <span class='ocrx_word' id='word_1_506' title='bbox 1800 3670 1977 3727; x_wconf 89' lang='lat' dir='ltr'><strong>divina</strong></span> 
     </span>
    </p>
   </div>
   <div class='ocr_carea' id='block_1_70' title="bbox 407 3756 1979 3830">
    <p class='ocr_par' dir='ltr' id='par_1_70' title="bbox 407 3756 1979 3830">
     <span class='ocr_line' id='line_1_70' title="bbox 407 3756 1979 3830; baseline 0.003 -17"><span class='ocrx_word' id='word_1_507' title='bbox 407 3763 719 3827; x_wconf 74' lang='lat' dir='ltr'><strong>clementia;</strong></span> <span class='ocrx_word' id='word_1_508' title='bbox 767 3776 888 3815; x_wconf 88' lang='lat' dir='ltr'><strong>nam</strong></span> <span class='ocrx_word' id='word_1_509' title='bbox 943 3761 1261 3815; x_wconf 83' lang='lat' dir='ltr'><strong>Frontonius</strong></span> <span class='ocrx_word' id='word_1_510' title='bbox 1292 3756 1347 3826; x_wconf 66' lang='grc' dir='ltr'><strong>ί,</strong></span> <span class='ocrx_word' id='word_1_511' title='bbox 1399 3761 1549 3830; x_wconf 89' lang='lat' dir='ltr'><strong>cujus</strong></span> <span class='ocrx_word' id='word_1_512' title='bbox 1602 3763 1827 3816; x_wconf 89' lang='lat' dir='ltr'><strong>consilio</strong></span> <span class='ocrx_word' id='word_1_513' title='bbox 1878 3766 1979 3818; x_wconf 90' lang='lat' dir='ltr'><strong>hoc</strong></span> 
     </span>
    </p>
   </div>
   <div class='ocr_carea' id='block_1_71' title="bbox 403 3851 1979 3923">
    <p class='ocr_par' dir='ltr' id='par_1_71' title="bbox 403 3851 1979 3923">
     <span class='ocr_line' id='line_1_71' title="bbox 403 3851 1979 3923; baseline 0 -17"><span class='ocrx_word' id='word_1_514' title='bbox 403 3854 575 3919; x_wconf 64' lang='lat' dir='ltr'><strong>scelus</strong></span> <span class='ocrx_word' id='word_1_515' title='bbox 621 3862 704 3907; x_wconf 90' lang='lat' dir='ltr'><strong>est</strong></span> <span class='ocrx_word' id='word_1_516' title='bbox 752 3860 1133 3923; x_wconf 81' lang='lat' dir='ltr'><strong>perpetratum,</strong></span> <span class='ocrx_word' id='word_1_517' title='bbox 1203 3860 1475 3919; x_wconf 86' lang='lat' dir='ltr'><strong>assumpto</strong></span> <span class='ocrx_word' id='word_1_518' title='bbox 1524 3851 1805 3906; x_wconf 79' lang='lat' dir='ltr'><strong>confestim</strong></span> <span class='ocrx_word' id='word_1_519' title='bbox 1864 3855 1979 3921; x_wconf 85' lang='lat' dir='ltr'><strong>epi-</strong></span> 
     </span>
    </p>
   </div>
   <div class='ocr_carea' id='block_1_72' title="bbox 402 3942 1973 4013">
    <p class='ocr_par' dir='ltr' id='par_1_72' title="bbox 402 3942 1973 4013">
     <span class='ocr_line' id='line_1_72' title="bbox 402 3942 1973 4013; baseline 0.001 -18"><span class='ocrx_word' id='word_1_520' title='bbox 402 3954 641 4013; x_wconf 68' lang='lat' dir='ltr'><strong>scopam,</strong></span> <span class='ocrx_word' id='word_1_521' title='bbox 675 3959 781 3997; x_wconf 90' lang='lat' dir='ltr'><strong>uno</strong></span> <span class='ocrx_word' id='word_1_522' title='bbox 809 3945 861 3997; x_wconf 92' lang='lat' dir='ltr'><strong>in</strong></span> <span class='ocrx_word' id='word_1_523' title='bbox 887 3957 952 3996; x_wconf 90' lang='lat' dir='ltr'><strong>eo</strong></span> <span class='ocrx_word' id='word_1_524' title='bbox 980 3943 1179 4011; x_wconf 84' lang='lat' dir='ltr'><strong>degens</strong></span> <span class='ocrx_word' id='word_1_525' title='bbox 1201 3957 1361 4008; x_wconf 91' lang='lat' dir='ltr'><strong>anno,</strong></span> <span class='ocrx_word' id='word_1_526' title='bbox 1393 3952 1753 4011; x_wconf 70' lang='lat' dir='ltr'><strong>prrecurrente</strong></span> <span class='ocrx_word' id='word_1_527' title='bbox 1772 3942 1973 4012; x_wconf 92' lang='lat' dir='ltr'><strong>judicio</strong></span> 
     </span>
    </p>
   </div>
   <div class='ocr_carea' id='block_1_73' title="bbox 405 4031 1976 4103">
    <p class='ocr_par' dir='ltr' id='par_1_73' title="bbox 405 4031 1976 4103">
     <span class='ocr_line' id='line_1_73' title="bbox 405 4031 1976 4103; baseline -0.001 -14"><span class='ocrx_word' id='word_1_528' title='bbox 405 4036 520 4100; x_wconf 83' lang='lat' dir='ltr'><strong>Dei,</strong></span> <span class='ocrx_word' id='word_1_529' title='bbox 555 4035 774 4090; x_wconf 90' lang='lat' dir='ltr'><strong>interiit.</strong></span> <span class='ocrx_word' id='word_1_530' title='bbox 806 4034 966 4103; x_wconf 81' lang='lat' dir='ltr'><strong>Cujus</strong></span> <span class='ocrx_word' id='word_1_531' title='bbox 998 4042 1116 4102; x_wconf 90' lang='lat' dir='ltr'><strong>post</strong></span> <span class='ocrx_word' id='word_1_532' title='bbox 1144 4032 1344 4085; x_wconf 91' lang='lat' dir='ltr'><strong>obitum</strong></span> <span class='ocrx_word' id='word_1_533' title='bbox 1393 4031 1665 4085; x_wconf 87' lang='lat' dir='ltr'><strong>llcraclius</strong></span> <span class='ocrx_word' id='word_1_534' title='bbox 1693 4040 1720 4079; x_wconf 71' lang='grc' dir='ltr'><strong>ι</strong></span> <span class='ocrx_word' id='word_1_535' title='bbox 1775 4031 1976 4087; x_wconf 83' lang='lat' dir='ltr'><strong>Borde-</strong></span> 
     </span>
    </p>
   </div>
   <div class='ocr_carea' id='block_1_74' title="bbox 400 4108 1974 4197">
    <p class='ocr_par' dir='ltr' id='par_1_74' title="bbox 400 4108 1974 4197">
     <span class='ocr_line' id='line_1_74' title="bbox 400 4108 1974 4197; baseline 0.001 -19"><span class='ocrx_word' id='word_1_536' title='bbox 400 4108 632 4195; x_wconf 67' lang='lat' dir='ltr'><strong>galensis</strong></span> <span class='ocrx_word' id='word_1_537' title='bbox 661 4127 957 4197; x_wconf 76' lang='lat' dir='ltr'><strong>presbyter,</strong></span> <span class='ocrx_word' id='word_1_538' title='bbox 987 4125 1076 4195; x_wconf 90' lang='lat' dir='ltr'><strong>qui</strong></span> <span class='ocrx_word' id='word_1_539' title='bbox 1105 4125 1374 4194; x_wconf 86' lang='lat' dir='ltr'><strong>quondam</strong></span> <span class='ocrx_word' id='word_1_540' title='bbox 1405 4125 1608 4194; x_wconf 86' lang='lat' dir='ltr'><strong>legatus</strong></span> <span class='ocrx_word' id='word_1_541' title='bbox 1643 4121 1974 4180; x_wconf 86' lang='lat' dir='ltr'><strong>Cliildeberti</strong></span> 
     </span>
    </p>
   </div>
   <div class='ocr_carea' id='block_1_75' title="bbox 399 4215 1972 4288">
    <p class='ocr_par' dir='ltr' id='par_1_75' title="bbox 399 4215 1972 4288">
     <span class='ocr_line' id='line_1_75' title="bbox 399 4215 1972 4288; baseline -0.002 -15"><span class='ocrx_word' id='word_1_542' title='bbox 399 4216 625 4273; x_wconf 87' lang='lat' dir='ltr'><strong>senioris</strong></span> <span class='ocrx_word' id='word_1_543' title='bbox 656 4218 848 4286; x_wconf 84' lang='lat' dir='ltr'><strong>fuerat,</strong></span> <span class='ocrx_word' id='word_1_544' title='bbox 881 4218 1170 4288; x_wconf 77' lang='lat' dir='ltr'><strong>episcopus</strong></span> <span class='ocrx_word' id='word_1_545' title='bbox 1196 4216 1494 4271; x_wconf 78' lang='lat' dir='ltr'><strong>ordinatur.</strong></span> <span class='ocrx_word' id='word_1_546' title='bbox 1541 4215 1804 4271; x_wconf 81' lang='lat' dir='ltr'><strong>Nantinns</strong></span> <span class='ocrx_word' id='word_1_547' title='bbox 1843 4231 1972 4270; x_wconf 89' lang='lat' dir='ltr'><strong>vero</strong></span> 
     </span>
    </p>
   </div>
   <div class='ocr_carea' id='block_1_76' title="bbox 398 4308 1972 4378">
    <p class='ocr_par' dir='ltr' id='par_1_76' title="bbox 398 4308 1972 4378">
     <span class='ocr_line' id='line_1_76' title="bbox 398 4308 1972 4378; baseline -0.002 -14"><span class='ocrx_word' id='word_1_548' title='bbox 398 4310 467 4364; x_wconf 79' lang='lat' dir='ltr'><strong>ob</strong></span> <span class='ocrx_word' id='word_1_549' title='bbox 497 4311 867 4378; x_wconf 85' lang='lat' dir='ltr'><strong>requirendam</strong></span> <span class='ocrx_word' id='word_1_550' title='bbox 894 4309 1141 4363; x_wconf 83' lang='lat' dir='ltr'><strong>avunculi</strong></span> <span class='ocrx_word' id='word_1_551' title='bbox 1180 4308 1264 4364; x_wconf 86' lang='lat' dir='ltr'><strong>sui</strong></span> <span class='ocrx_word' id='word_1_552' title='bbox 1294 4317 1545 4372; x_wconf 86' lang='lat' dir='ltr'><strong>mortem,</strong></span> <span class='ocrx_word' id='word_1_553' title='bbox 1578 4308 1889 4363; x_wconf 89' lang='lat' dir='ltr'><strong>comitatum</strong></span> <span class='ocrx_word' id='word_1_554' title='bbox 1919 4308 1972 4361; x_wconf 88' lang='lat' dir='ltr'><strong>in</strong></span> 
     </span>
    </p>
   </div>
   <div class='ocr_carea' id='block_1_77' title="bbox 401 4399 1971 4471">
    <p class='ocr_par' dir='ltr' id='par_1_77' title="bbox 401 4399 1971 4471">
     <span class='ocr_line' id='line_1_77' title="bbox 401 4399 1971 4471; baseline -0.003 -16"><span class='ocrx_word' id='word_1_555' title='bbox 401 4404 513 4468; x_wconf 86' lang='lat' dir='ltr'><strong>ipsa</strong></span> <span class='ocrx_word' id='word_1_556' title='bbox 547 4405 673 4457; x_wconf 86' lang='lat' dir='ltr'><strong>urbe</strong></span> <span class='ocrx_word' id='word_1_557' title='bbox 698 4402 939 4471; x_wconf 79' lang='lat' dir='ltr'><strong>expetiit.</strong></span> <span class='ocrx_word' id='word_1_558' title='bbox 970 4403 1085 4466; x_wconf 83' lang='lat' dir='ltr'><strong>Quo</strong></span> <span class='ocrx_word' id='word_1_559' title='bbox 1114 4411 1354 4469; x_wconf 81' lang='lat' dir='ltr'><strong>accepto,</strong></span> <span class='ocrx_word' id='word_1_560' title='bbox 1386 4400 1580 4454; x_wconf 87' lang='lat' dir='ltr'><strong>multas</strong></span> <span class='ocrx_word' id='word_1_561' title='bbox 1607 4400 1860 4468; x_wconf 84' lang='lat' dir='ltr'><strong>episeopo</strong></span> <span class='ocrx_word' id='word_1_562' title='bbox 1888 4399 1971 4452; x_wconf 91' lang='lat' dir='ltr'><strong>in-</strong></span> 
     </span>
    </p>
   </div>
   <div class='ocr_carea' id='block_1_78' title="bbox 2036 3203 3656 3279">
    <p class='ocr_par' dir='ltr' id='par_1_78' title="bbox 2036 3203 3656 3279">
     <span class='ocr_line' id='line_1_78' title="bbox 2036 3203 3656 3279; baseline 0.007 -21"><span class='ocrx_word' id='word_1_563' title='bbox 2036 3203 2043 3209; x_wconf 86' lang='grc'><em>’</em></span> <span class='ocrx_word' id='word_1_564' title='bbox 2088 3206 2274 3260; x_wconf 91' lang='lat' dir='ltr'><strong>morbo</strong></span> <span class='ocrx_word' id='word_1_565' title='bbox 2299 3206 2603 3274; x_wconf 90' lang='lat' dir='ltr'><strong>corripitur,</strong></span> <span class='ocrx_word' id='word_1_566' title='bbox 2637 3208 2725 3275; x_wconf 92' lang='lat' dir='ltr'><strong>qui</strong></span> <span class='ocrx_word' id='word_1_567' title='bbox 2757 3207 2918 3261; x_wconf 89' lang='lat' dir='ltr'><strong>nimia</strong></span> <span class='ocrx_word' id='word_1_568' title='bbox 2948 3219 3164 3263; x_wconf 80' lang='lat' dir='ltr'><strong>exustus</strong></span> <span class='ocrx_word' id='word_1_569' title='bbox 3187 3209 3355 3276; x_wconf 89' lang='lat' dir='ltr'><strong>febre,</strong></span> <span class='ocrx_word' id='word_1_570' title='bbox 3380 3214 3656 3279; x_wconf 83' lang='lat' dir='ltr'><strong>clamavit,</strong></span> 
     </span>
    </p>
   </div>
   <div class='ocr_carea' id='block_1_79' title="bbox 2083 3297 3656 3373">
    <p class='ocr_par' dir='ltr' id='par_1_79' title="bbox 2083 3297 3656 3373">
     <span class='ocr_line' id='line_1_79' title="bbox 2083 3297 3656 3373; baseline 0.007 -21"><span class='ocrx_word' id='word_1_571' title='bbox 2083 3298 2304 3353; x_wconf 88' lang='lat' dir='ltr'><strong>dicens:</strong></span> <span class='ocrx_word' id='word_1_572' title='bbox 2337 3298 2469 3365; x_wconf 83' lang='lat' dir='ltr'><strong>Heu,</strong></span> <span class='ocrx_word' id='word_1_573' title='bbox 2506 3298 2646 3352; x_wconf 86' lang='lat' dir='ltr'><strong>heu!</strong></span> <span class='ocrx_word' id='word_1_574' title='bbox 2679 3297 2745 3353; x_wconf 88' lang='lat' dir='ltr'><strong>ab</strong></span> <span class='ocrx_word' id='word_1_575' title='bbox 2775 3298 3019 3354; x_wconf 87' lang='lat' dir='ltr'><strong>Heraclio</strong></span> <span class='ocrx_word' id='word_1_576' title='bbox 3051 3301 3291 3356; x_wconf 85' lang='lat' dir='ltr'><strong>antistite</strong></span> <span class='ocrx_word' id='word_1_577' title='bbox 3318 3318 3547 3373; x_wconf 79' lang='lat' dir='ltr'><strong>exuror,</strong></span> <span class='ocrx_word' id='word_1_578' title='bbox 3587 3308 3656 3363; x_wconf 87' lang='lat' dir='ltr'><strong>ab</strong></span> 
     </span>
    </p>
   </div>
   <div class='ocr_carea' id='block_1_80' title="bbox 2083 3388 3656 3465">
    <p class='ocr_par' dir='ltr' id='par_1_80' title="bbox 2083 3388 3656 3465">
     <span class='ocr_line' id='line_1_80' title="bbox 2083 3388 3656 3465; baseline 0.007 -23"><span class='ocrx_word' id='word_1_579' title='bbox 2083 3388 2175 3442; x_wconf 92' lang='lat' dir='ltr'><strong>illo</strong></span> <span class='ocrx_word' id='word_1_580' title='bbox 2205 3388 2437 3451; x_wconf 87' lang='lat' dir='ltr'><strong>crucior,</strong></span> <span class='ocrx_word' id='word_1_581' title='bbox 2484 3389 2552 3441; x_wconf 89' lang='lat' dir='ltr'><strong>ab</strong></span> <span class='ocrx_word' id='word_1_582' title='bbox 2604 3389 2697 3443; x_wconf 79' lang='lat' dir='ltr'><strong>illo</strong></span> <span class='ocrx_word' id='word_1_583' title='bbox 2738 3390 2803 3442; x_wconf 88' lang='lat' dir='ltr'><strong>ad</strong></span> <span class='ocrx_word' id='word_1_584' title='bbox 2846 3389 3105 3460; x_wconf 88' lang='lat' dir='ltr'><strong>judicium</strong></span> <span class='ocrx_word' id='word_1_585' title='bbox 3154 3407 3332 3448; x_wconf 88' lang='lat' dir='ltr'><strong>vocor.</strong></span> <span class='ocrx_word' id='word_1_586' title='bbox 3382 3394 3656 3465; x_wconf 79' lang='lat' dir='ltr'><strong>Cognosce</strong></span> 
     </span>
    </p>
   </div>
   <div class='ocr_carea' id='block_1_81' title="bbox 2082 3478 3654 3556">
    <p class='ocr_par' dir='ltr' id='par_1_81' title="bbox 2082 3478 3654 3556">
     <span class='ocr_line' id='line_1_81' title="bbox 2082 3478 3654 3556; baseline 0.007 -25"><span class='ocrx_word' id='word_1_587' title='bbox 2082 3478 2303 3548; x_wconf 87' lang='lat' dir='ltr'><strong>facinus,</strong></span> <span class='ocrx_word' id='word_1_588' title='bbox 2335 3480 2648 3534; x_wconf 89' lang='lat' dir='ltr'><strong>reminiscor</strong></span> <span class='ocrx_word' id='word_1_589' title='bbox 2672 3495 2755 3534; x_wconf 90' lang='lat' dir='ltr'><strong>me</strong></span> <span class='ocrx_word' id='word_1_590' title='bbox 2780 3481 2979 3551; x_wconf 87' lang='lat' dir='ltr'><strong>injuste</strong></span> <span class='ocrx_word' id='word_1_591' title='bbox 3009 3482 3231 3551; x_wconf 88' lang='lat' dir='ltr'><strong>injurias</strong></span> <span class='ocrx_word' id='word_1_592' title='bbox 3252 3486 3498 3544; x_wconf 88' lang='lat' dir='ltr'><strong>intulisse</strong></span> <span class='ocrx_word' id='word_1_593' title='bbox 3522 3503 3654 3556; x_wconf 78' lang='lat' dir='ltr'><strong>pon-</strong></span> 
     </span>
    </p>
   </div>
   <div class='ocr_carea' id='block_1_82' title="bbox 2084 3570 3653 3640">
    <p class='ocr_par' dir='ltr' id='par_1_82' title="bbox 2084 3570 3653 3640">
     <span class='ocr_line' id='line_1_82' title="bbox 2084 3570 3653 3640; baseline 0.008 -17"><span class='ocrx_word' id='word_1_594' title='bbox 2084 3570 2207 3624; x_wconf 86' lang='lat' dir='ltr'><strong>tifici</strong></span> <span class='ocrx_word' id='word_1_595' title='bbox 2233 3587 2246 3635; x_wconf 89' lang='lat'><strong>;</strong></span> <span class='ocrx_word' id='word_1_596' title='bbox 2280 3580 2500 3625; x_wconf 88' lang='lat' dir='ltr'><strong>mortem</strong></span> <span class='ocrx_word' id='word_1_597' title='bbox 2527 3571 2809 3640; x_wconf 88' lang='lat' dir='ltr'><strong>deprecor,</strong></span> <span class='ocrx_word' id='word_1_598' title='bbox 2842 3588 2909 3629; x_wconf 89' lang='lat' dir='ltr'><strong>ne</strong></span> <span class='ocrx_word' id='word_1_599' title='bbox 2936 3574 3135 3630; x_wconf 90' lang='lat' dir='ltr'><strong>diutius</strong></span> <span class='ocrx_word' id='word_1_600' title='bbox 3157 3576 3364 3631; x_wconf 90' lang='lat' dir='ltr'><strong>crucier</strong></span> <span class='ocrx_word' id='word_1_601' title='bbox 3396 3579 3495 3633; x_wconf 86' lang='lat' dir='ltr'><strong>hoc</strong></span> <span class='ocrx_word' id='word_1_602' title='bbox 3539 3590 3653 3635; x_wconf 87' lang='lat' dir='ltr'><strong>tor-</strong></span> 
     </span>
    </p>
   </div>
   <div class='ocr_carea' id='block_1_83' title="bbox 2080 3661 3649 3736">
    <p class='ocr_par' dir='ltr' id='par_1_83' title="bbox 2080 3661 3649 3736">
     <span class='ocr_line' id='line_1_83' title="bbox 2080 3661 3649 3736; baseline 0.007 -23"><span class='ocrx_word' id='word_1_603' title='bbox 2080 3669 2280 3715; x_wconf 85' lang='lat' dir='ltr'><strong>mento.</strong></span> <span class='ocrx_word' id='word_1_604' title='bbox 2316 3661 2441 3717; x_wconf 78' lang='lat' dir='ltr'><strong>Haec</strong></span> <span class='ocrx_word' id='word_1_605' title='bbox 2479 3677 2601 3716; x_wconf 91' lang='lat' dir='ltr'><strong>cum</strong></span> <span class='ocrx_word' id='word_1_606' title='bbox 2651 3664 2878 3717; x_wconf 81' lang='lat' dir='ltr'><strong>maxima</strong></span> <span class='ocrx_word' id='word_1_607' title='bbox 2906 3663 2959 3718; x_wconf 88' lang='lat' dir='ltr'><strong>in</strong></span> <span class='ocrx_word' id='word_1_608' title='bbox 2992 3664 3143 3720; x_wconf 86' lang='lat' dir='ltr'><strong>febre</strong></span> <span class='ocrx_word' id='word_1_609' title='bbox 3183 3666 3345 3736; x_wconf 67' lang='grc'><strong>247</strong></span> <span class='ocrx_word' id='word_1_610' title='bbox 3373 3668 3649 3734; x_wconf 90' lang='lat' dir='ltr'><strong>clamaret,</strong></span> 
     </span>
    </p>
   </div>
   <div class='ocr_carea' id='block_1_84' title="bbox 2078 3754 3649 3830">
    <p class='ocr_par' dir='ltr' id='par_1_84' title="bbox 2078 3754 3649 3830">
     <span class='ocr_line' id='line_1_84' title="bbox 2078 3754 3649 3830; baseline 0.003 -21"><span class='ocrx_word' id='word_1_611' title='bbox 2078 3754 2361 3809; x_wconf 87' lang='lat' dir='ltr'><strong>deficiente</strong></span> <span class='ocrx_word' id='word_1_612' title='bbox 2391 3755 2584 3810; x_wconf 90' lang='lat' dir='ltr'><strong>robore</strong></span> <span class='ocrx_word' id='word_1_613' title='bbox 2620 3755 2885 3824; x_wconf 88' lang='lat' dir='ltr'><strong>corporis,</strong></span> <span class='ocrx_word' id='word_1_614' title='bbox 2918 3755 3182 3813; x_wconf 89' lang='lat' dir='ltr'><strong>infelicem</strong></span> <span class='ocrx_word' id='word_1_615' title='bbox 3225 3760 3457 3814; x_wconf 86' lang='lat' dir='ltr'><strong>animam</strong></span> <span class='ocrx_word' id='word_1_616' title='bbox 3498 3761 3649 3830; x_wconf 77' lang='lat' dir='ltr'><strong>fudit,</strong></span> 
     </span>
    </p>
   </div>
   <div class='ocr_carea' id='block_1_85' title="bbox 2080 3845 3651 3917">
    <p class='ocr_par' dir='ltr' id='par_1_85' title="bbox 2080 3845 3651 3917">
     <span class='ocr_line' id='line_1_85' title="bbox 2080 3845 3651 3917; baseline 0.003 -17"><span class='ocrx_word' id='word_1_617' title='bbox 2080 3845 2292 3901; x_wconf 88' lang='lat' dir='ltr'><strong>indubia</strong></span> <span class='ocrx_word' id='word_1_618' title='bbox 2324 3847 2631 3916; x_wconf 89' lang='lat' dir='ltr'><strong>relinquens</strong></span> <span class='ocrx_word' id='word_1_619' title='bbox 2653 3846 2898 3917; x_wconf 84' lang='lat' dir='ltr'><strong>vestigia,</strong></span> <span class='ocrx_word' id='word_1_620' title='bbox 2923 3848 3024 3903; x_wconf 92' lang='lat' dir='ltr'><strong>boc</strong></span> <span class='ocrx_word' id='word_1_621' title='bbox 3048 3849 3097 3904; x_wconf 90' lang='lat' dir='ltr'><strong>ei</strong></span> <span class='ocrx_word' id='word_1_622' title='bbox 3130 3847 3196 3904; x_wconf 91' lang='lat' dir='ltr'><strong>ad</strong></span> <span class='ocrx_word' id='word_1_623' title='bbox 3221 3850 3477 3905; x_wconf 85' lang='lat' dir='ltr'><strong>ultionem</strong></span> <span class='ocrx_word' id='word_1_624' title='bbox 3510 3852 3651 3906; x_wconf 88' lang='lat' dir='ltr'><strong>beati</strong></span> 
     </span>
    </p>
   </div>
   <div class='ocr_carea' id='block_1_86' title="bbox 2077 3936 3650 4014">
    <p class='ocr_par' dir='ltr' id='par_1_86' title="bbox 2077 3936 3650 4014">
     <span class='ocr_line' id='line_1_86' title="bbox 2077 3936 3650 4014; baseline 0.006 -24"><span class='ocrx_word' id='word_1_625' title='bbox 2077 3936 2327 3992; x_wconf 85' lang='lat' dir='ltr'><strong>antistitis</strong></span> <span class='ocrx_word' id='word_1_626' title='bbox 2357 3938 2619 3993; x_wconf 86' lang='lat' dir='ltr'><strong>evenisse.</strong></span> <span class='ocrx_word' id='word_1_627' title='bbox 2650 3937 2780 3992; x_wconf 87' lang='lat' dir='ltr'><strong>Nam</strong></span> <span class='ocrx_word' id='word_1_628' title='bbox 2810 3940 3115 3994; x_wconf 82' lang='lat' dir='ltr'><strong>exanimum</strong></span> <span class='ocrx_word' id='word_1_629' title='bbox 3146 3956 3339 4010; x_wconf 87' lang='lat' dir='ltr'><strong>corpus</strong></span> <span class='ocrx_word' id='word_1_630' title='bbox 3370 3944 3438 3997; x_wconf 85' lang='lat' dir='ltr'><strong>ita</strong></span> <span class='ocrx_word' id='word_1_631' title='bbox 3477 3943 3650 4014; x_wconf 84' lang='lat' dir='ltr'><strong>nigre-</strong></span> 
     </span>
    </p>
   </div>
   <div class='ocr_carea' id='block_1_87' title="bbox 2076 4029 3651 4103">
    <p class='ocr_par' dir='ltr' id='par_1_87' title="bbox 2076 4029 3651 4103">
     <span class='ocr_line' id='line_1_87' title="bbox 2076 4029 3651 4103; baseline 0.003 -18"><span class='ocrx_word' id='word_1_632' title='bbox 2076 4029 2254 4086; x_wconf 91' lang='lat' dir='ltr'><strong>dinem</strong></span> <span class='ocrx_word' id='word_1_633' title='bbox 2302 4030 2479 4096; x_wconf 79' lang='lat' dir='ltr'><strong>duxit,</strong></span> <span class='ocrx_word' id='word_1_634' title='bbox 2510 4038 2569 4085; x_wconf 94' lang='lat' dir='ltr'><strong>ut</strong></span> <span class='ocrx_word' id='word_1_635' title='bbox 2616 4039 2829 4100; x_wconf 88' lang='lat' dir='ltr'><strong>putares</strong></span> <span class='ocrx_word' id='word_1_636' title='bbox 2858 4045 2982 4085; x_wconf 91' lang='lat' dir='ltr'><strong>eum</strong></span> <span class='ocrx_word' id='word_1_637' title='bbox 3028 4033 3210 4101; x_wconf 91' lang='lat' dir='ltr'><strong>prunis</strong></span> <span class='ocrx_word' id='word_1_638' title='bbox 3259 4038 3651 4103; x_wconf 86' lang='lat' dir='ltr'><strong>superpositum</strong></span> 
     </span>
    </p>
   </div>
   <div class='ocr_carea' id='block_1_88' title="bbox 2076 4122 3648 4197">
    <p class='ocr_par' dir='ltr' id='par_1_88' title="bbox 2076 4122 3648 4197">
     <span class='ocr_line' id='line_1_88' title="bbox 2076 4122 3648 4197; baseline 0.004 -20"><span class='ocrx_word' id='word_1_639' title='bbox 2076 4122 2239 4177; x_wconf 86' lang='lat' dir='ltr'><strong>fuisse</strong></span> <span class='ocrx_word' id='word_1_640' title='bbox 2266 4124 2622 4179; x_wconf 82' lang='lat' dir='ltr'><strong>combustum.</strong></span> <span class='ocrx_word' id='word_1_641' title='bbox 2648 4124 2787 4192; x_wconf 83' lang='lat' dir='ltr'><strong>Ergo</strong></span> <span class='ocrx_word' id='word_1_642' title='bbox 2817 4131 2835 4159; x_wconf 86' lang='grc' dir='ltr'><strong>ι</strong></span> <span class='ocrx_word' id='word_1_643' title='bbox 2866 4139 3051 4179; x_wconf 88' lang='lat' dir='ltr'><strong>omnes</strong></span> <span class='ocrx_word' id='word_1_644' title='bbox 3092 4125 3205 4180; x_wconf 60' lang='lat' dir='ltr'><strong>haec</strong></span> <span class='ocrx_word' id='word_1_645' title='bbox 3236 4127 3648 4197; x_wconf 87' lang='lat' dir='ltr'><strong>obstupescant,</strong></span> 
     </span>
    </p>
   </div>
   <div class='ocr_carea' id='block_1_89' title="bbox 2074 4212 3649 4284">
    <p class='ocr_par' dir='ltr' id='par_1_89' title="bbox 2074 4212 3649 4284">
     <span class='ocr_line' id='line_1_89' title="bbox 2074 4212 3649 4284; baseline 0.004 -17"><span class='ocrx_word' id='word_1_646' title='bbox 2074 4216 2428 4282; x_wconf 87' lang='lat' dir='ltr'><strong>admirentur,</strong></span> <span class='ocrx_word' id='word_1_647' title='bbox 2458 4223 2511 4268; x_wconf 91' lang='lat' dir='ltr'><strong>et</strong></span> <span class='ocrx_word' id='word_1_648' title='bbox 2539 4222 2778 4268; x_wconf 89' lang='lat' dir='ltr'><strong>metuant</strong></span> <span class='ocrx_word' id='word_1_649' title='bbox 2805 4228 2871 4269; x_wconf 89' lang='lat' dir='ltr'><strong>ne</strong></span> <span class='ocrx_word' id='word_1_650' title='bbox 2899 4212 3133 4269; x_wconf 88' lang='lat' dir='ltr'><strong>inferant</strong></span> <span class='ocrx_word' id='word_1_651' title='bbox 3158 4214 3381 4284; x_wconf 83' lang='lat' dir='ltr'><strong>injurias</strong></span> <span class='ocrx_word' id='word_1_652' title='bbox 3404 4217 3649 4273; x_wconf 57' lang='lat' dir='ltr'><strong>sacerdoc</strong></span> 
     </span>
    </p>
   </div>
   <div class='ocr_carea' id='block_1_90' title="bbox 2076 4305 3647 4376">
    <p class='ocr_par' dir='ltr' id='par_1_90' title="bbox 2076 4305 3647 4376">
     <span class='ocr_line' id='line_1_90' title="bbox 2076 4305 3647 4376; baseline 0.002 -14"><span class='ocrx_word' id='word_1_653' title='bbox 2076 4308 2216 4363; x_wconf 90' lang='lat' dir='ltr'><strong>tibus</strong></span> <span class='ocrx_word' id='word_1_654' title='bbox 2256 4324 2271 4361; x_wconf 88' lang='lat'><strong>:</strong></span> <span class='ocrx_word' id='word_1_655' title='bbox 2320 4308 2442 4376; x_wconf 87' lang='lat' dir='ltr'><strong>quia</strong></span> <span class='ocrx_word' id='word_1_656' title='bbox 2492 4306 2630 4360; x_wconf 91' lang='lat' dir='ltr'><strong>ultor</strong></span> <span class='ocrx_word' id='word_1_657' title='bbox 2673 4316 2760 4372; x_wconf 66' lang='lat' dir='ltr'><strong>est</strong></span> <span class='ocrx_word' id='word_1_658' title='bbox 2811 4305 3067 4362; x_wconf 86' lang='lat' dir='ltr'><strong>Dominus</strong></span> <span class='ocrx_word' id='word_1_659' title='bbox 3111 4320 3389 4363; x_wconf 87' lang='lat' dir='ltr'><strong>servorum</strong></span> <span class='ocrx_word' id='word_1_660' title='bbox 3431 4324 3647 4367; x_wconf 89' lang='lat' dir='ltr'><strong>suorum</strong></span> 
     </span>
    </p>
   </div>
   <div class='ocr_carea' id='block_1_91' title="bbox 2074 4397 2589 4469">
    <p class='ocr_par' dir='ltr' id='par_1_91' title="bbox 2074 4397 2589 4469">
     <span class='ocr_line' id='line_1_91' title="bbox 2074 4397 2589 4469; baseline -0.002 -16"><span class='ocrx_word' id='word_1_661' title='bbox 2074 4399 2402 4469; x_wconf 88' lang='lat' dir='ltr'><strong>sperantium</strong></span> <span class='ocrx_word' id='word_1_662' title='bbox 2434 4397 2486 4451; x_wconf 90' lang='lat' dir='ltr'><strong>in</strong></span> <span class='ocrx_word' id='word_1_663' title='bbox 2510 4412 2589 4452; x_wconf 90' lang='lat' dir='ltr'><strong>se.</strong></span> 
     </span>
    </p>
   </div>
   <div class='ocr_carea' id='block_1_92' title="bbox 398 4478 3647 4563">
    <p class='ocr_par' dir='ltr' id='par_1_92' title="bbox 398 4478 3647 4563">
     <span class='ocr_line' id='line_1_92' title="bbox 398 4478 3647 4563; baseline 0 -16"><span class='ocrx_word' id='word_1_664' title='bbox 398 4495 563 4563; x_wconf 79' lang='lat' dir='ltr'><strong>jurias</strong></span> <span class='ocrx_word' id='word_1_665' title='bbox 596 4496 866 4562; x_wconf 79' lang='lat' dir='ltr'><strong>irrogavit.</strong></span> <span class='ocrx_word' id='word_1_666' title='bbox 915 4493 1101 4548; x_wconf 77' lang='lat' dir='ltr'><strong>Aiebat</strong></span> <span class='ocrx_word' id='word_1_667' title='bbox 1131 4495 1272 4547; x_wconf 86' lang='lat' dir='ltr'><strong>enim</strong></span> <span class='ocrx_word' id='word_1_668' title='bbox 1318 4494 1614 4562; x_wconf 90' lang='lat' dir='ltr'><strong>episc0po:</strong></span> <span class='ocrx_word' id='word_1_669' title='bbox 1660 4492 1967 4547; x_wconf 84' lang='lat' dir='ltr'><strong>llomicidas</strong></span> <span class='ocrx_word' id='word_1_670' title='bbox 1999 4486 2052 4546; x_wconf 89' lang='lat' dir='ltr'><strong>D</strong></span> <span class='ocrx_word' id='word_1_671' title='bbox 2148 4488 2432 4543; x_wconf 73' lang='lat' dir='ltr'><strong>XXXVIII.</strong></span> <span class='ocrx_word' id='word_1_672' title='bbox 2465 4489 2576 4543; x_wconf 79' lang='lat' dir='ltr'><strong>Hoc</strong></span> <span class='ocrx_word' id='word_1_673' title='bbox 2610 4487 2624 4539; x_wconf 85' lang='lat' dir='ltr'><strong>i</strong></span> <span class='ocrx_word' id='word_1_674' title='bbox 2669 4478 2914 4558; x_wconf 83' lang='lat' dir='ltr'><strong>tempore</strong></span> <span class='ocrx_word' id='word_1_675' title='bbox 2939 4498 2993 4544; x_wconf 87' lang='lat' dir='ltr'><strong>et</strong></span> <span class='ocrx_word' id='word_1_676' title='bbox 3027 4489 3212 4545; x_wconf 86' lang='lat' dir='ltr'><strong>beatus</strong></span> <span class='ocrx_word' id='word_1_677' title='bbox 3253 4490 3510 4547; x_wconf 78' lang='lat' dir='ltr'><strong>Martinus</strong></span> <span class='ocrx_word' id='word_1_678' title='bbox 3530 4492 3647 4548; x_wconf 82' lang='lat' dir='ltr'><strong>Gal-</strong></span> 
     </span>
    </p>
   </div>
   <div class='ocr_carea' id='block_1_93' title="bbox 474 4621 1963 4688">
    <p class='ocr_par' dir='ltr' id='par_1_93' title="bbox 474 4621 1963 4688">
     <span class='ocr_line' id='line_1_93' title="bbox 474 4621 1963 4688; baseline -0.002 -9"><span class='ocrx_word' id='word_1_679' title='bbox 474 4636 498 4662; x_wconf 73' lang='grc' dir='ltr'><strong>ι</strong></span> <span class='ocrx_word' id='word_1_680' title='bbox 543 4627 778 4682; x_wconf 87' lang='lat' dir='ltr'><strong>llerodcs</strong></span> <span class='ocrx_word' id='word_1_681' title='bbox 824 4622 1127 4680; x_wconf 86' lang='lat' dir='ltr'><strong>Ascalonita</strong></span> <span class='ocrx_word' id='word_1_682' title='bbox 1150 4662 1163 4685; x_wconf 95' lang='lat'><strong>,</strong></span> <span class='ocrx_word' id='word_1_683' title='bbox 1196 4624 1352 4675; x_wconf 88' lang='lat' dir='ltr'><strong>morti</strong></span> <span class='ocrx_word' id='word_1_684' title='bbox 1396 4623 1667 4684; x_wconf 79' lang='lat' dir='ltr'><strong>proximus</strong></span> <span class='ocrx_word' id='word_1_685' title='bbox 1690 4661 1704 4684; x_wconf 90' lang='lat'><strong>,</strong></span> <span class='ocrx_word' id='word_1_686' title='bbox 1738 4621 1963 4688; x_wconf 88' lang='lat' dir='ltr'><strong>petierat</strong></span> 
     </span>
    </p>
   </div>
   <div class='ocr_carea' id='block_1_94' title="bbox 400 4691 1960 4762">
    <p class='ocr_par' dir='ltr' id='par_1_94' title="bbox 400 4691 1960 4762">
     <span class='ocr_line' id='line_1_94' title="bbox 400 4691 1960 4762; baseline -0.003 -12"><span class='ocrx_word' id='word_1_687' title='bbox 400 4706 457 4750; x_wconf 89' lang='lat' dir='ltr'><strong>ut</strong></span> <span class='ocrx_word' id='word_1_688' title='bbox 488 4699 661 4747; x_wconf 87' lang='lat' dir='ltr'><strong>statim</strong></span> <span class='ocrx_word' id='word_1_689' title='bbox 696 4705 818 4762; x_wconf 87' lang='lat' dir='ltr'><strong>post</strong></span> <span class='ocrx_word' id='word_1_690' title='bbox 850 4695 1014 4760; x_wconf 80' lang='lat' dir='ltr'><strong>ipsius</strong></span> <span class='ocrx_word' id='word_1_691' title='bbox 1059 4701 1281 4745; x_wconf 90' lang='lat' dir='ltr'><strong>mortem</strong></span> <span class='ocrx_word' id='word_1_692' title='bbox 1313 4692 1626 4745; x_wconf 86' lang='lat' dir='ltr'><strong>nobilissimi</strong></span> <span class='ocrx_word' id='word_1_693' title='bbox 1656 4691 1960 4762; x_wconf 65' lang='lat' dir='ltr'><strong>Julia-orum</strong></span> 
     </span>
    </p>
   </div>
   <div class='ocr_carea' id='block_1_95' title="bbox 398 4761 1958 4831">
    <p class='ocr_par' dir='ltr' id='par_1_95' title="bbox 398 4761 1958 4831">
     <span class='ocr_line' id='line_1_95' title="bbox 398 4761 1958 4831; baseline 0 -15"><span class='ocrx_word' id='word_1_694' title='bbox 398 4761 790 4821; x_wconf 68' lang='lat' dir='ltr'><strong>occiderentur.</strong></span> <span class='ocrx_word' id='word_1_695' title='bbox 829 4765 956 4821; x_wconf 84' lang='lat' dir='ltr'><strong>Vide</strong></span> <span class='ocrx_word' id='word_1_696' title='bbox 994 4762 1213 4831; x_wconf 79' lang='lat' dir='ltr'><strong>Josepbi</strong></span> <span class='ocrx_word' id='word_1_697' title='bbox 1253 4763 1350 4817; x_wconf 87' lang='lat' dir='ltr'><strong>lib.</strong></span> <span class='ocrx_word' id='word_1_698' title='bbox 1383 4778 1399 4815; x_wconf 82' lang='grc' dir='ltr'><strong>ι</strong></span> <span class='ocrx_word' id='word_1_699' title='bbox 1430 4763 1498 4816; x_wconf 85' lang='lat' dir='ltr'><strong>de</strong></span> <span class='ocrx_word' id='word_1_700' title='bbox 1537 4761 1668 4816; x_wconf 82' lang='lat' dir='ltr'><strong>Bell.</strong></span> <span class='ocrx_word' id='word_1_701' title='bbox 1710 4761 1958 4830; x_wconf 83' lang='lat' dir='ltr'><strong>Jttdaico,</strong></span> 
     </span>
    </p>
   </div>
   <div class='ocr_carea' id='block_1_96' title="bbox 398 4836 635 4891">
    <p class='ocr_par' dir='ltr' id='par_1_96' title="bbox 398 4836 635 4891">
     <span class='ocr_line' id='line_1_96' title="bbox 398 4836 635 4891; baseline 0.004 -2"><span class='ocrx_word' id='word_1_702' title='bbox 398 4854 515 4891; x_wconf 78' lang='lat' dir='ltr'><strong>can.</strong></span> <span class='ocrx_word' id='word_1_703' title='bbox 545 4836 635 4891; x_wconf 68' lang='lat' dir='ltr'><strong>“ll.</strong></span> 
     </span>
    </p>
   </div>
   <div class='ocr_carea' id='block_1_97' title="bbox 465 4854 1958 4973">
    <p class='ocr_par' dir='ltr' id='par_1_97' title="bbox 465 4854 1958 4973">
     <span class='ocr_line' id='line_1_97' title="bbox 465 4854 1958 4973; baseline -0.005 -11"><span class='ocrx_word' id='word_1_704' title='bbox 465 4854 823 4971; x_wconf 40' lang='lat' dir='ltr'><strong>£.S‘i‘t:hCorb.;</strong></span> <span class='ocrx_word' id='word_1_705' title='bbox 856 4905 942 4959; x_wconf 90' lang='lat' dir='ltr'><strong>alii</strong></span> <span class='ocrx_word' id='word_1_706' title='bbox 962 4906 1185 4973; x_wconf 72' lang='lat' dir='ltr'><strong>justitio,</strong></span> <span class='ocrx_word' id='word_1_707' title='bbox 1218 4913 1410 4973; x_wconf 76' lang='lat' dir='ltr'><strong>prmter</strong></span> <span class='ocrx_word' id='word_1_708' title='bbox 1438 4899 1617 4955; x_wconf 78' lang='lat' dir='ltr'><strong>Casin.</strong></span> <span class='ocrx_word' id='word_1_709' title='bbox 1649 4902 1736 4970; x_wconf 90' lang='lat' dir='ltr'><strong>qui</strong></span> <span class='ocrx_word' id='word_1_710' title='bbox 1770 4900 1923 4973; x_wconf 75' lang='lat' dir='ltr'><strong>habet</strong></span> <span class='ocrx_word' id='word_1_711' title='bbox 1945 4944 1958 4967; x_wconf 94' lang='lat'><strong>,</strong></span> 
     </span>
    </p>
   </div>
   <div class='ocr_carea' id='block_1_98' title="bbox 395 4970 1962 5048">
    <p class='ocr_par' dir='ltr' id='par_1_98' title="bbox 395 4970 1962 5048">
     <span class='ocr_line' id='line_1_98' title="bbox 395 4970 1962 5048; baseline -0.011 -19"><span class='ocrx_word' id='word_1_712' title='bbox 395 4980 588 5048; x_wconf 78' lang='lat' dir='ltr'><strong>funeris</strong></span> <span class='ocrx_word' id='word_1_713' title='bbox 614 4979 805 5048; x_wconf 74' lang='lat' dir='ltr'><strong>ofﬁcio.</strong></span> <span class='ocrx_word' id='word_1_714' title='bbox 838 4970 1192 5048; x_wconf 69' lang='lat' dir='ltr'><strong>Austrigildis</strong></span> <span class='ocrx_word' id='word_1_715' title='bbox 1208 4970 1539 5048; x_wconf 59' lang='lat' dir='ltr'><strong>éjlllilpllllllll</strong></span> <span class='ocrx_word' id='word_1_716' title='bbox 1568 4975 1768 5042; x_wconf 81' lang='lat' dir='ltr'><strong>profert</strong></span> <span class='ocrx_word' id='word_1_717' title='bbox 1796 4970 1962 5048; x_wconf 71' lang='lat' dir='ltr'><strong>C_I_ie_s-</strong></span> 
     </span>
    </p>
   </div>
   <div class='ocr_carea' id='block_1_99' title="bbox 399 5042 1965 5117">
    <p class='ocr_par' dir='ltr' id='par_1_99' title="bbox 399 5042 1965 5117">
     <span class='ocr_line' id='line_1_99' title="bbox 399 5042 1965 5117; baseline -0.004 -17"><span class='ocrx_word' id='word_1_718' title='bbox 399 5042 517 5102; x_wconf 76' lang='lat' dir='ltr'><strong>nius</strong></span> <span class='ocrx_word' id='word_1_719' title='bbox 558 5042 701 5101; x_wconf 64' lang='lat' dir='ltr'><strong>tonio</strong></span> <span class='ocrx_word' id='word_1_720' title='bbox 750 5065 764 5103; x_wconf 85' lang='grc' dir='ltr'><strong>ι</strong></span> <span class='ocrx_word' id='word_1_721' title='bbox 797 5049 1112 5117; x_wconf 84' lang='lat' dir='ltr'><strong>scriptorum</strong></span> <span class='ocrx_word' id='word_1_722' title='bbox 1158 5042 1370 5100; x_wconf 49' lang='lat' dir='ltr'><strong>llistur.</strong></span> <span class='ocrx_word' id='word_1_723' title='bbox 1409 5043 1623 5110; x_wconf 83' lang='lat' dir='ltr'><strong>Franc.,</strong></span> <span class='ocrx_word' id='word_1_724' title='bbox 1674 5058 1792 5112; x_wconf 80' lang='lat' dir='ltr'><strong>pag.</strong></span> <span class='ocrx_word' id='word_1_725' title='bbox 1831 5042 1965 5107; x_wconf 75' lang='lat' dir='ltr'><strong>5H;</strong></span> 
     </span>
    </p>
   </div>
   <div class='ocr_carea' id='block_1_100' title="bbox 395 5119 1928 5193">
    <p class='ocr_par' dir='ltr' id='par_1_100' title="bbox 395 5119 1928 5193">
     <span class='ocr_line' id='line_1_100' title="bbox 395 5119 1928 5193; baseline 0.016 -23"><span class='ocrx_word' id='word_1_726' title='bbox 395 5122 721 5193; x_wconf 74' lang='lat' dir='ltr'><strong>vixit__attrios</strong></span> <span class='ocrx_word' id='word_1_727' title='bbox 1089 5187 1119 5193; x_wconf 80' lang='lat'><strong><em>_</em></strong></span> <span class='ocrx_word' id='word_1_728' title='bbox 1679 5181 1722 5193; x_wconf 85' lang='grc'><strong>..</strong></span> <span class='ocrx_word' id='word_1_729' title='bbox 1792 5180 1803 5192; x_wconf 91' lang='grc'><strong>.</strong></span> <span class='ocrx_word' id='word_1_730' title='bbox 1915 5181 1928 5193; x_wconf 93' lang='grc'><strong>.</strong></span> 
     </span>
    </p>
   </div>
   <div class='ocr_carea' id='block_1_101' title="bbox 472 5181 1967 5263">
    <p class='ocr_par' dir='ltr' id='par_1_101' title="bbox 472 5181 1967 5263">
     <span class='ocr_line' id='line_1_101' title="bbox 472 5181 1967 5263; baseline -0.005 -22"><span class='ocrx_word' id='word_1_731' title='bbox 472 5201 492 5226; x_wconf 75' lang='grc' dir='ltr'><strong>ε</strong></span> <span class='ocrx_word' id='word_1_732' title='bbox 522 5189 627 5263; x_wconf 71' lang='lat' dir='ltr'><strong>llos</strong></span> <span class='ocrx_word' id='word_1_733' title='bbox 674 5188 941 5263; x_wconf 77' lang='lat' dir='ltr'><strong>Nicolaum</strong></span> <span class='ocrx_word' id='word_1_734' title='bbox 989 5196 1041 5240; x_wconf 92' lang='lat' dir='ltr'><strong>ct</strong></span> <span class='ocrx_word' id='word_1_735' title='bbox 1087 5187 1357 5263; x_wconf 82' lang='lat' dir='ltr'><strong>Donatum</strong></span> <span class='ocrx_word' id='word_1_736' title='bbox 1384 5182 1631 5263; x_wconf 67' lang='lat' dir='ltr'><strong>appellat</strong></span> <span class='ocrx_word' id='word_1_737' title='bbox 1678 5181 1967 5263; x_wconf 35' lang='lat' dir='ltr'><strong>Mariusni‘n</strong></span> 
     </span>
    </p>
   </div>
   <div class='ocr_carea' id='block_1_102' title="bbox 398 5253 1964 5326">
    <p class='ocr_par' dir='ltr' id='par_1_102' title="bbox 398 5253 1964 5326">
     <span class='ocr_line' id='line_1_102' title="bbox 398 5253 1964 5326; baseline -0.003 -17"><span class='ocrx_word' id='word_1_738' title='bbox 398 5259 687 5326; x_wconf 75' lang='lat' dir='ltr'><strong>Chronico,</strong></span> <span class='ocrx_word' id='word_1_739' title='bbox 740 5259 825 5311; x_wconf 93' lang='lat' dir='ltr'><strong>ubi</strong></span> <span class='ocrx_word' id='word_1_740' title='bbox 875 5259 1263 5326; x_wconf 80' lang='lat' dir='ltr'><strong>Anstregildem</strong></span> <span class='ocrx_word' id='word_1_741' title='bbox 1310 5256 1507 5309; x_wconf 79' lang='lat' dir='ltr'><strong>oliiisse</strong></span> <span class='ocrx_word' id='word_1_742' title='bbox 1550 5253 1624 5307; x_wconf 88' lang='lat' dir='ltr'><strong>ait</strong></span> <span class='ocrx_word' id='word_1_743' title='bbox 1651 5268 1792 5305; x_wconf 83' lang='lat' dir='ltr'><strong>anno</strong></span> <span class='ocrx_word' id='word_1_744' title='bbox 1838 5253 1964 5320; x_wconf 74' lang='lat'><strong>581,</strong></span> 
     </span>
    </p>
   </div>
   <div class='ocr_carea' id='block_1_103' title="bbox 396 5329 929 5397">
    <p class='ocr_par' dir='ltr' id='par_1_103' title="bbox 396 5329 929 5397">
     <span class='ocr_line' id='line_1_103' title="bbox 396 5329 929 5397; baseline -0.009 -14"><span class='ocrx_word' id='word_1_745' title='bbox 396 5346 579 5383; x_wconf 83' lang='lat' dir='ltr'><strong>tiicnse</strong></span> <span class='ocrx_word' id='word_1_746' title='bbox 611 5329 929 5397; x_wconf 79' lang='lat' dir='ltr'><strong>Septembri.</strong></span> 
     </span>
    </p>
   </div>
   <div class='ocr_carea' id='block_1_104' title="bbox 462 5392 1971 5468">
    <p class='ocr_par' dir='ltr' id='par_1_104' title="bbox 462 5392 1971 5468">
     <span class='ocr_line' id='line_1_104' title="bbox 462 5392 1971 5468; baseline -0.005 -16"><span class='ocrx_word' id='word_1_747' title='bbox 462 5397 489 5436; x_wconf 74' lang='grc' dir='ltr'>ἀ</span> <span class='ocrx_word' id='word_1_748' title='bbox 526 5392 737 5468; x_wconf 33' lang='lat' dir='ltr'><strong>“eguit,</strong></span> <span class='ocrx_word' id='word_1_749' title='bbox 768 5397 902 5467; x_wconf 78' lang='lat' dir='ltr'><strong>quod</strong></span> <span class='ocrx_word' id='word_1_750' title='bbox 955 5413 1054 5449; x_wconf 81' lang='lat' dir='ltr'><strong>non</strong></span> <span class='ocrx_word' id='word_1_751' title='bbox 1098 5397 1206 5449; x_wconf 82' lang='lat' dir='ltr'><strong>sine</strong></span> <span class='ocrx_word' id='word_1_752' title='bbox 1234 5403 1552 5464; x_wconf 75' lang='lat' dir='ltr'><strong>prwcepto...</strong></span> <span class='ocrx_word' id='word_1_753' title='bbox 1583 5394 1721 5446; x_wconf 84' lang='lat' dir='ltr'><strong>novit</strong></span> <span class='ocrx_word' id='word_1_754' title='bbox 1744 5392 1971 5463; x_wconf 80' lang='lat' dir='ltr'><strong>pruden-</strong></span> 
     </span>
    </p>
   </div>
   <div class='ocr_carea' id='block_1_105' title="bbox 393 5480 1971 5598">
    <p class='ocr_par' dir='ltr' id='par_1_105' title="bbox 393 5480 1971 5598">
     <span class='ocr_line' id='line_1_105' title="bbox 393 5480 1971 5598; baseline -0.004 -8"><span class='ocrx_word' id='word_1_755' title='bbox 393 5480 490 5575; x_wconf 53' lang='lat' dir='ltr'><strong>ms</strong></span> <span class='ocrx_word' id='word_1_756' title='bbox 521 5539 631 5593; x_wconf 91' lang='lat' dir='ltr'><strong>Iloc</strong></span> <span class='ocrx_word' id='word_1_757' title='bbox 675 5548 832 5593; x_wconf 78' lang='lat' dir='ltr'><strong>caput</strong></span> <span class='ocrx_word' id='word_1_758' title='bbox 861 5537 1012 5591; x_wconf 90' lang='lat' dir='ltr'><strong>deest</strong></span> <span class='ocrx_word' id='word_1_759' title='bbox 1061 5535 1111 5588; x_wconf 89' lang='lat' dir='ltr'><strong>in</strong></span> <span class='ocrx_word' id='word_1_760' title='bbox 1152 5535 1311 5588; x_wconf 81' lang='lat' dir='ltr'><strong>Corb.</strong></span> <span class='ocrx_word' id='word_1_761' title='bbox 1356 5544 1408 5587; x_wconf 86' lang='lat' dir='ltr'><strong>et</strong></span> <span class='ocrx_word' id='word_1_762' title='bbox 1453 5533 1638 5598; x_wconf 45' lang='lat' dir='ltr'><strong>Coll»;</strong></span> <span class='ocrx_word' id='word_1_763' title='bbox 1684 5534 1764 5587; x_wconf 89' lang='lat' dir='ltr'><strong>sic</strong></span> <span class='ocrx_word' id='word_1_764' title='bbox 1809 5531 1971 5584; x_wconf 86' lang='lat' dir='ltr'><strong>habet</strong></span> 
     </span>
    </p>
   </div>
   <div class='ocr_carea' id='block_1_106' title="bbox 395 5602 1969 5682">
    <p class='ocr_par' dir='ltr' id='par_1_106' title="bbox 395 5602 1969 5682">
     <span class='ocr_line' id='line_1_106' title="bbox 395 5602 1969 5682; baseline -0.004 -21"><span class='ocrx_word' id='word_1_765' title='bbox 395 5608 608 5678; x_wconf 63' lang='lat' dir='ltr'><strong>“rgum,</strong></span> <span class='ocrx_word' id='word_1_766' title='bbox 644 5615 755 5660; x_wconf 83' lang='lat' dir='ltr'><strong>Itac</strong></span> <span class='ocrx_word' id='word_1_767' title='bbox 800 5607 1463 5682; x_wconf 33' lang='lat' dir='ltr'><strong>itaque“pestii&#39;critiaxetc.</strong></span> <span class='ocrx_word' id='word_1_768' title='bbox 1501 5605 1752 5682; x_wconf 78' lang='lat' dir='ltr'><strong>lu_Bec.,</strong></span> <span class='ocrx_word' id='word_1_769' title='bbox 1783 5602 1969 5682; x_wconf 54' lang='lat' dir='ltr'><strong>Nauti-</strong></span> 
     </span>
    </p>
   </div>
   <div class='ocr_carea' id='block_1_107' title="bbox 398 5673 1965 5744">
    <p class='ocr_par' dir='ltr' id='par_1_107' title="bbox 398 5673 1965 5744">
     <span class='ocr_line' id='line_1_107' title="bbox 398 5673 1965 5744; baseline -0.004 -13"><span class='ocrx_word' id='word_1_770' title='bbox 398 5673 503 5732; x_wconf 73' lang='grc' dir='ltr'>ιιυέ</span> <span class='ocrx_word' id='word_1_771' title='bbox 526 5679 717 5734; x_wconf 82' lang='lat' dir='ltr'><strong>dicitur</strong></span> <span class='ocrx_word' id='word_1_772' title='bbox 742 5673 921 5732; x_wconf 79' lang='lat' dir='ltr'><strong>eomes</strong></span> <span class='ocrx_word' id='word_1_773' title='bbox 957 5675 1289 5729; x_wconf 77' lang='lat' dir='ltr'><strong>Ecelinensis.</strong></span> <span class='ocrx_word' id='word_1_774' title='bbox 1318 5673 1471 5727; x_wconf 71' lang='lat' dir='ltr'><strong>Varie</strong></span> <span class='ocrx_word' id='word_1_775' title='bbox 1497 5676 1693 5744; x_wconf 86' lang='lat' dir='ltr'><strong>quippe</strong></span> <span class='ocrx_word' id='word_1_776' title='bbox 1716 5673 1965 5743; x_wconf 78' lang='lat' dir='ltr'><strong>scribitur</strong></span> 
     </span>
    </p>
   </div>
   <div class='ocr_carea' id='block_1_108' title="bbox 2073 4621 3647 4696">
    <p class='ocr_par' dir='ltr' id='par_1_108' title="bbox 2073 4621 3647 4696">
     <span class='ocr_line' id='line_1_108' title="bbox 2073 4621 3647 4696; baseline 0.004 -22"><span class='ocrx_word' id='word_1_777' title='bbox 2073 4621 2230 4696; x_wconf 78' lang='lat' dir='ltr'><strong>hujus</strong></span> <span class='ocrx_word' id='word_1_778' title='bbox 2255 4622 2621 4696; x_wconf 29' lang='lat' dir='ltr'><strong>urbis‘nomen</strong></span> <span class='ocrx_word' id='word_1_779' title='bbox 2653 4623 2948 4696; x_wconf 71' lang='lat' dir='ltr'><strong>Ecclesiae,</strong></span> <span class='ocrx_word' id='word_1_780' title='bbox 2982 4623 3266 4696; x_wconf 83' lang='lat' dir='ltr'><strong>Egolt&#39;sma,</strong></span> <span class='ocrx_word' id='word_1_781' title='bbox 3298 4625 3458 4682; x_wconf 87' lang='lat' dir='ltr'><strong>hodie</strong></span> <span class='ocrx_word' id='word_1_782' title='bbox 3485 4629 3647 4683; x_wconf 67' lang='lat' dir='ltr'><strong>lucu.</strong></span> 
     </span>
    </p>
   </div>
   <div class='ocr_carea' id='block_1_109' title="bbox 2072 4692 3649 4763">
    <p class='ocr_par' dir='ltr' id='par_1_109' title="bbox 2072 4692 3649 4763">
     <span class='ocr_line' id='line_1_109' title="bbox 2072 4692 3649 4763; baseline 0.005 -18"><span class='ocrx_word' id='word_1_783' title='bbox 2072 4692 2259 4746; x_wconf 75' lang='lat' dir='ltr'><strong>lisiiia:</strong></span> <span class='ocrx_word' id='word_1_784' title='bbox 2289 4692 2426 4763; x_wconf 91' lang='lat' dir='ltr'><strong>quod</strong></span> <span class='ocrx_word' id='word_1_785' title='bbox 2455 4695 2616 4746; x_wconf 87' lang='lat' dir='ltr'><strong>semel</strong></span> <span class='ocrx_word' id='word_1_786' title='bbox 2648 4705 2701 4747; x_wconf 92' lang='lat' dir='ltr'><strong>et</strong></span> <span class='ocrx_word' id='word_1_787' title='bbox 2729 4694 2917 4748; x_wconf 86' lang='lat' dir='ltr'><strong>iterum</strong></span> <span class='ocrx_word' id='word_1_788' title='bbox 2942 4692 3157 4749; x_wconf 71' lang='lat' dir='ltr'><strong>notasse</strong></span> <span class='ocrx_word' id='word_1_789' title='bbox 3183 4697 3311 4750; x_wconf 87' lang='lat' dir='ltr'><strong>satis</strong></span> <span class='ocrx_word' id='word_1_790' title='bbox 3340 4699 3429 4751; x_wconf 90' lang='lat' dir='ltr'><strong>sit.</strong></span> <span class='ocrx_word' id='word_1_791' title='bbox 3473 4700 3649 4753; x_wconf 77' lang='lat' dir='ltr'><strong>Mara-</strong></span> 
     </span>
    </p>
   </div>
   <div class='ocr_carea' id='block_1_110' title="bbox 2071 4762 3643 4839">
    <p class='ocr_par' dir='ltr' id='par_1_110' title="bbox 2071 4762 3643 4839">
     <span class='ocr_line' id='line_1_110' title="bbox 2071 4762 3643 4839; baseline 0.004 -23"><span class='ocrx_word' id='word_1_792' title='bbox 2071 4765 2284 4839; x_wconf 63' lang='lat' dir='ltr'><strong>charins</strong></span> <span class='ocrx_word' id='word_1_793' title='bbox 2310 4762 2555 4839; x_wconf 82' lang='lat' dir='ltr'><strong>interfuit</strong></span> <span class='ocrx_word' id='word_1_794' title='bbox 2583 4762 3171 4839; x_wconf 60' lang='lat' dir='ltr'><strong>di-dication&#39;_eccle§im</strong></span> <span class='ocrx_word' id='word_1_795' title='bbox 3203 4767 3528 4822; x_wconf 80' lang='lat' dir='ltr'><strong>Namnetica:</strong></span> <span class='ocrx_word' id='word_1_796' title='bbox 3548 4783 3643 4839; x_wconf 84' lang='lat' dir='ltr'><strong>per</strong></span> 
     </span>
    </p>
   </div>
   <div class='ocr_carea' id='block_1_111' title="bbox 2073 4833 3642 4909">
    <p class='ocr_par' dir='ltr' id='par_1_111' title="bbox 2073 4833 3642 4909">
     <span class='ocr_line' id='line_1_111' title="bbox 2073 4833 3642 4909; baseline 0.003 -23"><span class='ocrx_word' id='word_1_797' title='bbox 2073 4833 2303 4909; x_wconf 80' lang='lat' dir='ltr'><strong>Felicem</strong></span> <span class='ocrx_word' id='word_1_798' title='bbox 2357 4834 2688 4902; x_wconf 74' lang='lat' dir='ltr'><strong>episcopum,</strong></span> <span class='ocrx_word' id='word_1_799' title='bbox 2739 4843 2798 4889; x_wconf 93' lang='lat' dir='ltr'><strong>ut</strong></span> <span class='ocrx_word' id='word_1_800' title='bbox 2847 4836 3007 4889; x_wconf 90' lang='lat' dir='ltr'><strong>refert</strong></span> <span class='ocrx_word' id='word_1_801' title='bbox 3057 4834 3388 4897; x_wconf 68' lang='lat' dir='ltr'><strong>Fortunatus</strong></span> <span class='ocrx_word' id='word_1_802' title='bbox 3421 4838 3515 4899; x_wconf 74' lang='lat' dir='ltr'><strong>lib,</strong></span> <span class='ocrx_word' id='word_1_803' title='bbox 3548 4833 3642 4909; x_wconf 65' lang='lat' dir='ltr'><strong>&#39;in,</strong></span> 
     </span>
    </p>
   </div>
   <div class='ocr_carea' id='block_1_112' title="bbox 2068 4903 2325 4956">
    <p class='ocr_par' dir='ltr' id='par_1_112' title="bbox 2068 4903 2325 4956">
     <span class='ocr_line' id='line_1_112' title="bbox 2068 4903 2325 4956; baseline 0.004 -2"><span class='ocrx_word' id='word_1_804' title='bbox 2068 4919 2237 4956; x_wconf 88' lang='lat' dir='ltr'><strong>carm.</strong></span> <span class='ocrx_word' id='word_1_805' title='bbox 2272 4903 2325 4955; x_wconf 77' lang='grc'><strong>4.</strong></span> 
     </span>
    </p>
   </div>
   <div class='ocr_carea' id='block_1_113' title="bbox 2147 4971 2713 5039">
    <p class='ocr_par' dir='ltr' id='par_1_113' title="bbox 2147 4971 2713 5039">
     <span class='ocr_line' id='line_1_113' title="bbox 2147 4971 2713 5039; baseline 0.005 -13"><span class='ocrx_word' id='word_1_806' title='bbox 2147 4972 2165 5012; x_wconf 73' lang='grc' dir='ltr'>ί</span> <span class='ocrx_word' id='word_1_807' title='bbox 2197 4975 2341 5039; x_wconf 83' lang='lat' dir='ltr'><strong>Dec.,</strong></span> <span class='ocrx_word' id='word_1_808' title='bbox 2372 4971 2713 5029; x_wconf 78' lang='lat' dir='ltr'><strong>Frontimius.</strong></span> 
     </span>
    </p>
   </div>
   <div class='ocr_carea' id='block_1_114' title="bbox 2146 5042 3645 5113">
    <p class='ocr_par' dir='ltr' id='par_1_114' title="bbox 2146 5042 3645 5113">
     <span class='ocr_line' id='line_1_114' title="bbox 2146 5042 3645 5113; baseline 0.006 -21"><span class='ocrx_word' id='word_1_809' title='bbox 2146 5053 2172 5092; x_wconf 74' lang='grc' dir='ltr'><strong>ι</strong></span> <span class='ocrx_word' id='word_1_810' title='bbox 2202 5045 2256 5099; x_wconf 89' lang='lat' dir='ltr'><strong>In</strong></span> <span class='ocrx_word' id='word_1_811' title='bbox 2290 5044 2498 5113; x_wconf 70' lang='lat' dir='ltr'><strong>Regum,</strong></span> <span class='ocrx_word' id='word_1_812' title='bbox 2533 5045 2619 5098; x_wconf 90' lang='lat' dir='ltr'><strong>hic</strong></span> <span class='ocrx_word' id='word_1_813' title='bbox 2663 5045 2855 5099; x_wconf 88' lang='lat' dir='ltr'><strong>dicitur</strong></span> <span class='ocrx_word' id='word_1_814' title='bbox 2905 5042 3149 5105; x_wconf 83' lang='lat' dir='ltr'><strong>Eradius,</strong></span> <span class='ocrx_word' id='word_1_815' title='bbox 3199 5044 3333 5099; x_wconf 91' lang='lat' dir='ltr'><strong>infra</strong></span> <span class='ocrx_word' id='word_1_816' title='bbox 3385 5043 3645 5105; x_wconf 78' lang='lat' dir='ltr'><strong>Eraclms.</strong></span> 
     </span>
    </p>
   </div>
   <div class='ocr_carea' id='block_1_115' title="bbox 2014 5109 3647 5185">
    <p class='ocr_par' dir='ltr' id='par_1_115' title="bbox 2014 5109 3647 5185">
     <span class='ocr_line' id='line_1_115' title="bbox 2014 5109 3647 5185; baseline 0.003 -22"><span class='ocrx_word' id='word_1_817' title='bbox 2014 5109 2036 5145; x_wconf 75' lang='grc' dir='ltr'><strong>ἰ</strong></span> <span class='ocrx_word' id='word_1_818' title='bbox 2073 5109 2467 5185; x_wconf 43' lang='grc' dir='ltr'><strong>δέρει-ροιὶιῶ</strong></span> <span class='ocrx_word' id='word_1_819' title='bbox 2515 5114 2710 5170; x_wconf 87' lang='lat' dir='ltr'><strong>dicitur</strong></span> <span class='ocrx_word' id='word_1_820' title='bbox 2757 5115 3042 5185; x_wconf 89' lang='lat' dir='ltr'><strong>aliquando</strong></span> <span class='ocrx_word' id='word_1_821' title='bbox 3080 5113 3359 5180; x_wconf 79' lang='lat' dir='ltr'><strong>Nautinus,</strong></span> <span class='ocrx_word' id='word_1_822' title='bbox 3411 5117 3542 5170; x_wconf 87' lang='lat' dir='ltr'><strong>alias</strong></span> <span class='ocrx_word' id='word_1_823' title='bbox 3590 5127 3647 5171; x_wconf 89' lang='lat' dir='ltr'><strong>ut</strong></span> 
     </span>
    </p>
   </div>
   <div class='ocr_carea' id='block_1_116' title="bbox 2069 5182 2531 5247">
    <p class='ocr_par' dir='ltr' id='par_1_116' title="bbox 2069 5182 2531 5247">
     <span class='ocr_line' id='line_1_116' title="bbox 2069 5182 2531 5247; baseline 0 -10"><span class='ocrx_word' id='word_1_824' title='bbox 2069 5183 2219 5247; x_wconf 85' lang='lat' dir='ltr'><strong>editi,</strong></span> <span class='ocrx_word' id='word_1_825' title='bbox 2252 5182 2531 5238; x_wconf 81' lang='lat' dir='ltr'><strong>Nantt&#39;nus.</strong></span> 
     </span>
    </p>
   </div>
   <div class='ocr_carea' id='block_1_117' title="bbox 2140 5250 3643 5326">
    <p class='ocr_par' dir='ltr' id='par_1_117' title="bbox 2140 5250 3643 5326">
     <span class='ocr_line' id='line_1_117' title="bbox 2140 5250 3643 5326; baseline 0.003 -20"><span class='ocrx_word' id='word_1_826' title='bbox 2140 5250 2339 5326; x_wconf 67' lang='lat' dir='ltr'><strong>Minue</strong></span> <span class='ocrx_word' id='word_1_827' title='bbox 2386 5253 2660 5326; x_wconf 76' lang='lat' dir='ltr'><strong>Synodum</strong></span> <span class='ocrx_word' id='word_1_828' title='bbox 2711 5269 2799 5309; x_wconf 89' lang='lat' dir='ltr'><strong>an.</strong></span> <span class='ocrx_word' id='word_1_829' title='bbox 2848 5253 2951 5310; x_wconf 83' lang='lat'><strong>579</strong></span> <span class='ocrx_word' id='word_1_830' title='bbox 2998 5256 3273 5326; x_wconf 86' lang='lat' dir='ltr'><strong>consignat</strong></span> <span class='ocrx_word' id='word_1_831' title='bbox 3323 5254 3643 5310; x_wconf 75' lang='lat' dir='ltr'><strong>Sirmondus</strong></span> 
     </span>
    </p>
   </div>
   <div class='ocr_carea' id='block_1_118' title="bbox 2080 5322 2720 5379">
    <p class='ocr_par' dir='ltr' id='par_1_118' title="bbox 2080 5322 2720 5379">
     <span class='ocr_line' id='line_1_118' title="bbox 2080 5322 2720 5379; baseline 0.006 -4"><span class='ocrx_word' id='word_1_832' title='bbox 2080 5332 2207 5375; x_wconf 91' lang='lat' dir='ltr'><strong>tom.</strong></span> <span class='ocrx_word' id='word_1_833' title='bbox 2238 5323 2254 5375; x_wconf 95' lang='grc' dir='ltr'><strong>Ι</strong></span> <span class='ocrx_word' id='word_1_834' title='bbox 2280 5322 2485 5377; x_wconf 85' lang='lat' dir='ltr'><strong>Concil.</strong></span> <span class='ocrx_word' id='word_1_835' title='bbox 2517 5324 2720 5379; x_wconf 64' lang='lat' dir='ltr'><strong>Gallitta.</strong></span> 
     </span>
    </p>
   </div>
   <div class='ocr_carea' id='block_1_119' title="bbox 2154 5392 3474 5463">
    <p class='ocr_par' dir='ltr' id='par_1_119' title="bbox 2154 5392 3474 5463">
     <span class='ocr_line' id='line_1_119' title="bbox 2154 5392 3474 5463; baseline 0.004 -18"><span class='ocrx_word' id='word_1_836' title='bbox 2154 5400 2169 5430; x_wconf 79' lang='grc' dir='ltr'><strong>ι</strong></span> <span class='ocrx_word' id='word_1_837' title='bbox 2198 5393 2319 5445; x_wconf 69' lang='lat' dir='ltr'><strong>llaec</strong></span> <span class='ocrx_word' id='word_1_838' title='bbox 2347 5392 2412 5446; x_wconf 87' lang='lat' dir='ltr'><strong>ad</strong></span> <span class='ocrx_word' id='word_1_839' title='bbox 2444 5394 2601 5449; x_wconf 78' lang='lat' dir='ltr'><strong>linem</strong></span> <span class='ocrx_word' id='word_1_840' title='bbox 2630 5394 2818 5463; x_wconf 69' lang='lat' dir='ltr'><strong>cupitis</strong></span> <span class='ocrx_word' id='word_1_841' title='bbox 2845 5397 3037 5449; x_wconf 87' lang='lat' dir='ltr'><strong>desunt</strong></span> <span class='ocrx_word' id='word_1_842' title='bbox 3065 5397 3115 5448; x_wconf 92' lang='lat' dir='ltr'><strong>in</strong></span> <span class='ocrx_word' id='word_1_843' title='bbox 3143 5396 3260 5450; x_wconf 89' lang='lat' dir='ltr'><strong>cod.</strong></span> <span class='ocrx_word' id='word_1_844' title='bbox 3290 5396 3474 5461; x_wconf 78' lang='lat' dir='ltr'><strong>Regio.</strong></span> 
     </span>
    </p>
   </div>
   <div class='ocr_carea' id='block_1_120' title="bbox 2150 5464 3642 5531">
    <p class='ocr_par' dir='ltr' id='par_1_120' title="bbox 2150 5464 3642 5531">
     <span class='ocr_line' id='line_1_120' title="bbox 2150 5464 3642 5531; baseline 0.005 -19"><span class='ocrx_word' id='word_1_845' title='bbox 2150 5465 2163 5512; x_wconf 83' lang='lat' dir='ltr'><strong>l</strong></span> <span class='ocrx_word' id='word_1_846' title='bbox 2198 5464 2308 5517; x_wconf 93' lang='lat' dir='ltr'><strong>IIoc</strong></span> <span class='ocrx_word' id='word_1_847' title='bbox 2335 5472 2491 5529; x_wconf 90' lang='lat' dir='ltr'><strong>caput</strong></span> <span class='ocrx_word' id='word_1_848' title='bbox 2521 5465 2672 5518; x_wconf 83' lang='lat' dir='ltr'><strong>deest</strong></span> <span class='ocrx_word' id='word_1_849' title='bbox 2700 5465 2750 5518; x_wconf 91' lang='lat' dir='ltr'><strong>in</strong></span> <span class='ocrx_word' id='word_1_850' title='bbox 2786 5465 2942 5519; x_wconf 86' lang='lat' dir='ltr'><strong>Corb.</strong></span> <span class='ocrx_word' id='word_1_851' title='bbox 2976 5475 3030 5519; x_wconf 92' lang='lat' dir='ltr'><strong>et</strong></span> <span class='ocrx_word' id='word_1_852' title='bbox 3058 5466 3189 5520; x_wconf 82' lang='lat' dir='ltr'><strong>Colb</strong></span> <span class='ocrx_word' id='word_1_853' title='bbox 3243 5468 3410 5519; x_wconf 81' lang='lat' dir='ltr'><strong>l’orro</strong></span> <span class='ocrx_word' id='word_1_854' title='bbox 3456 5467 3642 5531; x_wconf 80' lang='lat' dir='ltr'><strong>Ilegm.</strong></span> 
     </span>
    </p>
   </div>
   <div class='ocr_carea' id='block_1_121' title="bbox 2073 5531 3643 5607">
    <p class='ocr_par' dir='ltr' id='par_1_121' title="bbox 2073 5531 3643 5607">
     <span class='ocr_line' id='line_1_121' title="bbox 2073 5531 3643 5607; baseline 0.004 -23"><span class='ocrx_word' id='word_1_855' title='bbox 2073 5531 2231 5607; x_wconf 84' lang='lat' dir='ltr'><strong>liabet</strong></span> <span class='ocrx_word' id='word_1_856' title='bbox 2259 5531 2607 5607; x_wconf 62' lang='lat' dir='ltr'><strong>Callgciensis.</strong></span> <span class='ocrx_word' id='word_1_857' title='bbox 2634 5533 2701 5590; x_wconf 83' lang='lat' dir='ltr'><strong>Et</strong></span> <span class='ocrx_word' id='word_1_858' title='bbox 2730 5537 2943 5606; x_wconf 87' lang='lat' dir='ltr'><strong>quidem</strong></span> <span class='ocrx_word' id='word_1_859' title='bbox 2966 5545 3097 5591; x_wconf 62' lang='lat' dir='ltr'><strong>vetet</strong></span> <span class='ocrx_word' id='word_1_860' title='bbox 3113 5552 3171 5591; x_wconf 89' lang='lat' dir='ltr'><strong>cs</strong></span> <span class='ocrx_word' id='word_1_861' title='bbox 3194 5539 3502 5599; x_wconf 72' lang='lat' dir='ltr'><strong>scribebant</strong></span> <span class='ocrx_word' id='word_1_862' title='bbox 3523 5534 3643 5607; x_wconf 62' lang='grc' dir='ltr'>σαι,-</span> 
     </span>
    </p>
   </div>
   <div class='ocr_carea' id='block_1_122' title="bbox 2071 5602 2610 5672">
    <p class='ocr_par' dir='ltr' id='par_1_122' title="bbox 2071 5602 2610 5672">
     <span class='ocr_line' id='line_1_122' title="bbox 2071 5602 2610 5672; baseline 0.006 -15"><span class='ocrx_word' id='word_1_863' title='bbox 2071 5604 2215 5657; x_wconf 75' lang='lat' dir='ltr'><strong>lwcia</strong></span> <span class='ocrx_word' id='word_1_864' title='bbox 2246 5618 2341 5672; x_wconf 87' lang='lat' dir='ltr'><strong>pro</strong></span> <span class='ocrx_word' id='word_1_865' title='bbox 2371 5602 2610 5660; x_wconf 76' lang='lat' dir='ltr'><strong>Gallicia.</strong></span> 
     </span>
    </p>
   </div>
  </div>
