4016 6338
261 438 363 492 $713

1183 431 1499 490 HISTORIA
1543 431 1982 489 FRANCORUM.
2028 432 2227 486 LIBER
2270 428 2586 499 QUINTUS.

3418 407 3517 483 επὶ

262 552 495 605 Iiciensus
518 547 805 614 episcopus
836 542 989 608 obiit,
1019 518 1494 613 magnum‘populo
1516 546 1589 598 illi
1619 545 1846 599 faciente
1877 548 1923 605 Α
1953 542 2117 608 mergi
2150 562 2163 597 :
2199 540 2218 580 ί
2249 542 2341 595 sed
2373 553 2429 595 ut
2470 550 2716 595 asserunt
2760 541 2931 604 multi,
2986 556 3250 610 nunquam
3281 542 3516 594 animum

258 644 531 709 planctum
558 647 609 692 ⁸.
640 637 770 690 Nam
803 635 889 689 hic
922 636 1207 687 Pannonize
1236 647 1383 689 ortus
1427 636 1544 699 fttit,
1573 646 1626 690 et
1653 637 1845 691 exinde

260 735 323 785 ad
355 730 620 784 visitauda
654 729 770 782 loca
798 738 981 781 sancta
1009 729 1059 780 in
1103 727 1375 781 Orientem
1428 743 1744 797 properans,
1791 729 1843 782 in

261 833 466 875 tantum
493 836 555 875 se
587 819 775 873 litteris
803 817 1010 879 itnbuit,
1044 832 1096 870 ut
1127 819 1256 871 nulli
1290 818 1555 872 secundus
1577 822 1688 871 suis
1712 830 1845 873 tetu-

259 916 482 986 poriitus
512 914 821 967 haberetur.
857 911 1058 965 Exinde
1081 910 1357 963 Galliciam
1384 911 1550 977 venit,
1585 911 1696 973 ubi,
1720 926 1841 967 cum

263 1006 400 1061 beati
432 1005 641 1059 Martini
673 1003 910 1072 reliquiae
932 1000 1292 1071 portarentur,
1321 1004 1606 1071 episcopus
1626 1004 1844 1059 ordina-

266 1111 347 1153 tur
380 1118 391 1151 :
426 1100 482 1151 in
510 1114 616 1166 quo
647 1095 949 1150 sacerdotio
976 1094 1211 1162 impletis
1250 1094 1369 1160 plus
1416 1094 1593 1149 minus
1633 1094 1841 1162 triginta

262 1189 439 1252 annis,
495 1189 683 1254 plenus
714 1186 1000 1239 virtutibus
1052 1186 1301 1255 migravit
1352 1185 1417 1237 ad
1471 1186 1750 1239 Dominum
1788 1186 1839 1239 ι).

266 1279 571 1334 Versiculos
597 1276 685 1346 qui
730 1289 893 1343 super
918 1276 1112 1328 ostium
1142 1283 1267 1328 sunt
1296 1290 1322 1327 a
1353 1284 1503 1343 parte
1546 1277 1837 1330 meridiana

261 1372 313 1426 in
344 1370 561 1422 basilica
592 1366 762 1421 sancti
793 1366 1020 1430 Martini,
1054 1368 1166 1435 ipse
1188 1368 1506 1434 composuit.

329 1459 577 1515 XXXIX.
624 1460 807 1527 Magna
837 1471 904 1511 eo
933 1470 1075 1510 anno
1125 1456 1177 1509 in
1227 1455 1497 1524 Hispaniis
1523 1457 1841 1512 Christianis

262 1552 569 1621 persecutio
591 1550 708 1613 fuit,
729 1548 987 1617 multique
1008 1547 1217 1602 exsiliis
1236 1546 1370 1611 dati,
1390 1546 1727 1601 facultatibus
1743 1548 1843 1616 pri-

259 1643 394 1708 vati,
405 1643 547 1695 fame
576 1640 807 1703 decocti,
824 1652 1041 1692 carcere
1059 1635 1366 1706 mancipati,
1383 1637 1692 1691 verberibus
1714 1637 1841 1691 alie-

260 1737 356 1800 cti,
373 1749 436 1788 ac
452 1732 682 1787 diversis
703 1730 977 1800 suppliciis
1000 1729 1246 1783 trucidati
1270 1738 1414 1782 sunt.
1430 1729 1597 1796 Caput
1624 1744 1839 1798 quoque

267 1826 428 1893 hujus
463 1824 684 1879 sceleris
712 1820 1026 1877 Goisvintha
1055 1830 1077 1859 α
1123 1821 1242 1884 fuit,
1275 1836 1430 1890 quam
1456 1832 1574 1889 post
1605 1822 1837 1875 Athana-

1948 648 2102 687 suum
2130 649 2156 685 τι
2186 633 2288 686 fide
2314 642 2491 687 nostra
2517 632 2750 687 reflexit.
2778 632 3348 687 Leuvichildusantetn
3375 635 3523 687 dedit

1946 726 2025 779 eis
2066 739 2221 777 unam
2248 734 2272 771 s
2319 724 2385 778 de
2431 724 2758 785 civitatibus,
2790 725 2841 778 in
2872 740 2973 793 qua
2997 727 3291 780 residentes
3321 742 3516 795 regna-

1946 822 2085 867 rent.
2115 815 2190 867 Ad
2216 828 2370 882 quam
2395 828 2513 866 cum
2548 813 2824 878 abiissent,
2851 816 3011 883 coepit
3035 815 3284 883 Ingundis
3329 817 3521 882 pt‘mtli-

1943 918 2067 959 care
2095 904 2207 957 viro
2241 919 2359 964 suo,
2389 915 2443 957 ut
2475 904 2657 958 relicta
2709 905 2931 959 haeresis
2970 906 3195 967 fallacia,
3240 907 3518 960 catholicae

1947 993 2076 1062 legis
2100 995 2375 1047 veritatem
2425 1005 2758 1061 agnosceret.
2794 996 2944 1061 Quod
2995 998 3084 1051 ille
3122 997 3216 1051 ditt
3259 999 3517 1059 refutans,

1943 1084 2158 1137 tandem
2189 1094 2488 1138 commotus
2518 1086 2581 1136 ad
2609 1085 2726 1153 ejus
2759 1086 3208 1154 pra-dit-ationem,
3232 1103 3521 1142 conversus

1943 1184 2027 1230 est
2072 1177 2138 1229 ad
2193 1178 2361 1246 legum
2407 1176 2727 1230 catholicam
2774 1192 2885 1231 :ac
2929 1178 3053 1231 dum
3094 1177 3516 1242 chrismaretur,

1943 1267 2177 1322 Joannes
2205 1277 2287 1321 est
2315 1267 2595 1321 vocitatus.
2638 1268 2791 1333 Quod
2840 1283 2959 1322 cum
3006 1269 3381 1323 Leuvichildus
3430 1287 3519 1324 an-

1947 1355 2124 1421 lisset,
2169 1357 2332 1425 coepit
2377 1372 2564 1411 causas
2597 1372 2838 1425 qurerere
2894 1361 3121 1427 qualiter
3147 1376 3271 1415 eum
3327 1358 3491 1430 perde

1942 1456 2043 1501 ret.
2075 1447 2164 1502 ille
2190 1462 2319 1501 vero
2347 1451 2461 1501 haec
2500 1449 2822 1516 intelligens,
2856 1448 2921 1502 ad
2956 1459 3157 1516 partem
3193 1465 3251 1503 se
3296 1451 3497 1517 impera

1943 1540 2075 1593 toris
2104 1539 2297 1607 jungit,
2334 1540 2505 1607 ligans
2533 1554 2654 1592 cum
2686 1540 2936 1604 przefccto
2978 1539 3137 1609 249
3178 1541 3295 1606 ejus
3340 1542 3525 1593 amici-

1946 1630 2068 1695 tias,
2102 1630 2192 1698 qui
2238 1638 2363 1684 tunc
2395 1629 2701 1697 Hispaniam
2750 1631 3113 1698 impugnabat.
3150 1631 3523 1685 Leuvichildus‘

1942 1726 2121 1773 autem
2157 1718 2351 1772 direxit
2372 1720 2437 1771 ad
2469 1735 2588 1773 eum
2620 1721 2853 1784 nuntios,
2888 1721 3110 1774 dicens:
3140 1720 3274 1775 Veni
3317 1723 3381 1775 ad
3414 1736 3522 1787 me,

1941 1808 2061 1875 quia
2086 1816 2297 1860 exstant
2322 1821 2499 1860 causa!
2522 1821 2654 1875 quas
2679 1807 3017 1862 cottferatnus
3045 1810 3225 1863 simul.
3261 1810 3326 1863 Et
3361 1811 3451 1867 ille
3499 1828 3514 1867 :

258 1913 478 1971 (εδίιὰἰά
524 1915 667 1983 regis
711 1911 1035 1968 coenobium
1076 1924 1168 1966 rex
1212 1912 1583 1965 Leuvichildus
1623 1927 1843 1979 accepe-

1951 1898 2058 1951 Non
2089 1896 2196 1961 ibo,
2222 1896 2346 1966 quia
2394 1898 2633 1951 infensus
2662 1913 2720 1952 es
2754 1897 2954 1969 [Casim
2990 1899 3093 1970 est]
3133 1899 3284 1965 mihi,
3316 1918 3415 1969 pro
3454 1918 3523 1956 eo

265 2021 384 2076 rat;
414 2009 510 2064 sed
539 2022 662 2075 qua
693 2004 782 2060 Dei
824 2007 995 2061 servis
1023 2012 1201 2058 notam
1226 2012 1250 2040 ο
1279 2002 1591 2057 humilitatis
1635 2003 1840 2059 inﬂixe-

257 2111 367 2166 rat,
416 2108 775 2170 prosequente
823 2097 1025 2151 ultione
1068 2096 1287 2155 divina,
1340 2095 1451 2161 ipsa
1501 2109 1710 2163 quoque
1761 2101 1843 2147 est

261 2194 520 2249 omnibus
549 2190 761 2258 populis
792 2188 928 2243 facta
970 2187 1239 2243 notabilis.
1278 2185 1407 2239 Nam
1436 2200 1599 2238 unum
1627 2184 1838 2238 oculum

257 2284 431 2338 nubes
460 2280 623 2352 258
646 2279 765 2333 alba
808 2288 1126 2341 contegens,
1160 2276 1335 2329 lumen
1365 2273 1503 2343 quod
1543 2287 1693 2327 mens
1735 2288 1841 2327 non

260 2376 514 2437 habebat,
563 2372 763 2441 pepulit
816 2385 845 2423 a
894 2368 1178 2438 palpebris.
1231 2366 1393 2419 Erant
1426 2375 1602 2418 autem
1648 2362 1843 2419 Leuvi-

257 2468 444 2523 childo
468 2467 578 2534 regi
626 2479 691 2519 ex
738 2464 842 2516 alia
888 2476 1053 2515 uxore
1091 2461 1198 2514 (luo
1245 2460 1359 2521 lilii,
1392 2472 1619 2526 quorum
1660 2458 1842 2511 senior

258 2560 540 2630 Sigiberti,
570 2558 752 2626 junior
773 2553 1059 2621 Chilperici
1100 2552 1240 2621 regis
1273 2551 1433 2604 filiam
1476 2550 1838 2618 desponsave-

260 2659 364 2705 rat.
416 2648 523 2703 Sed
576 2644 828 2715 Ingundis
858 2641 1109 2711 Sigiberti
1159 2640 1296 2710 regis
1329 2638 1434 2692 ﬁlia
1479 2652 1598 2691 cum
1652 2651 1841 2704 magno

258 2751 520 2810 apparatu
567 2740 619 2792 in
670 2736 953 2804 Hispanias
983 2732 1208 2794 directa,
1254 2732 1322 2784 ab
1366 2731 1481 2783 avia
1530 2728 1841 2787 Guisvintha

256 2846 383 2886 cum
417 2829 610 2899 gaudio
645 2841 839 2905 magnp
880 2824 1199 2892 suscipitun;
1232 2837 1388 2890 quam
1433 2836 1530 2875 nec
1572 2834 1725 2888 passa
1758 2829 1842 2874 est

257 2923 314 2979 in
362 2922 623 2993 religione
661 2918 918 2973 catholica
947 2916 1036 2971 diu
1083 2913 1427 2978 commorari,
1470 2913 1563 2966 sed
1589 2921 1645 2966 ut
1683 2912 1841 2967 reba-

258 3015 556 3085 ptizaretur
601 3012 654 3065 in
698 3009 891 3064 Aritna
946 3006 1136 3061 haeresi
1176 3005 1389 3060 blandis
1429 3004 1592 3074 etrapit
1633 3019 1842 3059 sermo-

259 3108 423 3162 nibus
450 3105 678 3160 illirere.
705 3101 815 3158 Sed
842 3102 932 3155 illa
964 3100 1192 3154 viriliter
1240 3097 1529 3162 reluctans,
1571 3099 1734 3166 carpit
1762 3095 1843 3149 di-

260 3214 390 3256 cere
414 3216 427 3251 :
458 3196 669 3252 Sufficit
696 3194 827 3250 satis
851 3207 935 3246 me
963 3192 1031 3246 ab
1051 3190 1296 3262 originali
1330 3196 1550 3257 peccato
1578 3188 1842 3256 baptismo

1947 1992 2087 2059 quod
2116 1993 2217 2044 sim
2246 1991 2562 2044 catholicus.
2593 1991 2773 2045 Atille
2795 1992 2932 2044 datis
2962 1994 3211 2060 praelecto
3234 1994 3522 2062 imperato-

1948 2084 2023 2137 ris
2056 2082 2270 2153 triginta
2304 2081 2544 2135 millibus
2572 2084 2887 2147 solidorum,
2915 2092 2973 2136 ut
3010 2098 3069 2137 se
3092 2085 3159 2138 ab
3186 2086 3302 2153 ejus
3331 2085 3524 2140 solatio

1950 2172 2048 2245 [Ιι.
2073 2172 2293 2243 auxilio]
2321 2182 2598 2226 revocaret
2622 2183 2891 2227 commoto
2904 2174 3163 2238 exercitu,
3188 2186 3372 2229 contra
3397 2192 3521 2232 eum

1944 2265 2115 2319 venit.
2143 2263 2581 2333 Hermenegildus
2606 2260 2634 2300 ιι
2681 2279 2808 2317 vero
2835 2267 3034 2317 vocatis
3062 2265 3288 2331 Grmcis,
3327 2279 3515 2321 contra

1942 2368 2144 2426 patrem
2176 2358 2476 2427 egreditur,
2511 2358 2696 2411 relicta
2724 2358 2774 2411 in
2806 2358 2939 2413 urbe
2967 2360 3190 2429 conjuge
3211 2375 3326 2415 sua.
3358 2363 3525 2416 Cum-

1942 2463 2046 2517 que
2077 2448 2450 2502 Leuviebildus
2479 2465 2544 2503 ex
2576 2449 2802 2503 adverso
2826 2453 3039 2505 ven'ret
3059 2492 3074 2514 ,
3120 2452 3339 2507 relictus
3368 2468 3396 2506 a
3428 2468 3524 2508 so-

1944 2540 2090 2605 latio,
2124 2554 2243 2609 cum
2270 2541 2468 2595 videret
2494 2541 2622 2593 nihil
2640 2558 2696 2594 se
2724 2541 3013 2610 praevalere
3038 2557 3215 2611 posse,
3238 2546 3524 2600 ecclesiam

1942 2646 2059 2700 qua:
2084 2640 2199 2686 erat
2245 2634 2559 2701 propinqua,
2608 2633 2866 2701 expetiit,
2910 2634 3093 2687 dit-ens
3135 2651 3149 2688 :
3193 2636 3307 2690 Non
3348 2640 3521 2692 veniat

1942 2738 2103 2789 super
2130 2738 2212 2776 me
2243 2733 2389 2787 pater
2427 2737 2617 2787 meus;
2649 2723 2797 2777 nefas
2824 2736 2904 2777 est
2939 2725 3081 2778 enim
3124 2736 3212 2777 ιιιιι
3251 2736 3451 2795 patrem
3493 2746 3521 2780 :t

1945 2816 2071 2882 lilio,
2106 2825 2198 2869 aut
2226 2814 2389 2868 filium
2420 2829 2449 2867 a
2480 2827 2628 2883 patre
2656 2815 2903 2869 interfici.
2937 2816 3060 2870 ΙΙωο
3084 2818 3303 2871 audiens
3335 2819 3520 2872 Leuvi-

1942 2907 2170 2971 chiidus,
2200 2906 2342 2959 misit
2364 2907 2427 2957 ad
2457 2920 2578 2958 eum
2610 2908 2822 2959 fratrem
2854 2904 2866 2941 ί
2901 2906 3039 2975 ejus,
3068 2908 3155 2972 qui
3193 2908 3317 2961 dato
3338 2923 3522 2964 sacra-

1942 3009 2125 3053 mento
2157 3012 2227 3052 ne
2257 2984 2647 3060 humiliaretur,
2677 2998 2755 3052 ait
2785 3015 2796 3049 :
2823 2998 2901 3051 Tu
2935 3000 3046 3067 ipse
3075 3001 3291 3062 accede,
3325 3011 3378 3055 et
3402 3017 3521 3068 pro-

1944 3100 2187 3145 sternere
2208 3089 2434 3160 pedibus
2465 3091 2627 3159 patris
2650 3091 2838 3154 nostri,
2866 3100 2918 3143 et
2940 3089 3117 3143 omnia
3148 3091 3379 3161 indulget
3403 3093 3523 3149 tibi.

1947 3182 2123 3238 Atille
2143 3182 2391 3249 poposcit
2412 3181 2591 3234 vocari
2619 3190 2820 3248 patrem
2838 3194 3024 3243 suum;
3048 3196 3153 3247 quo
3172 3182 3522 3250 ingrediente.

260 3290 488 3346 salutari
515 3286 681 3343 semel
706 3285 941 3339 ablutam
971 3282 1156 3348 fuisse,
1180 3289 1234 3335 et
1261 3289 1500 3335 sanctam
1527 3279 1845 3334 Trinitatem
1874 3266 1923 3330 C
1954 3272 2238 3341 prostravit
2264 3285 2324 3324 se
2352 3270 2417 3323 ad
2458 3269 2624 3337 pedes
2652 3268 2813 3323 illius.
2846 3267 2940 3322 Ille
2975 3283 3103 3322 vero
3130 3272 3523 3339 apprehensum

262 3384 317 3437 in
352 3396 457 3435 una
488 3379 792 3448 :equalitate
819 3390 945 3431 esse
972 3371 1298 3429 confessam.
1334 3371 1458 3427 Haec
1496 3385 1583 3425 me
1624 3369 1846 3425 credere

262 3492 329 3531 ex
364 3484 479 3529 toto
507 3472 671 3528 corde
697 3470 980 3531 confiteor,
1013 3480 1114 3521 nec
1152 3476 1384 3533 unquam
1414 3462 1483 3517 ab
1506 3462 1605 3516 hac
1627 3461 1732 3517 fide
1756 3462 1848 3517 ibo

260 3579 583 3625 retrorsum.
616 3563 742 3617 Haec
771 3561 859 3615 illa
889 3557 1132 3621 audiens,
1165 3552 1457 3609 iracundia:
1507 3552 1686 3607 furore
1725 3564 1848 3606 suc-

262 3673 427 3715 censa
474 3654 865 3725 apprehensam
895 3663 994 3718 per
1040 3660 1248 3701 comam
1288 3643 1477 3710 capitis
1518 3640 1745 3711 puellam
1793 3640 1846 3694 in

266 3762 471 3806 terram
498 3747 724 3810 collidit,
767 3756 821 3799 et
847 3743 937 3797 diu
978 3739 1213 3796 calcibus
1241 3736 1577 3794 verberatam
1620 3748 1685 3788 ac
1727 3746 1850 3787 san-

262 3843 429 3915 guine
458 3846 818 3903 cruencttam,
859 3834 1022 3905 jussit
1064 3830 1356 3901 exspoliari
1393 3836 1449 3884 et
1491 3826 1711 3898 piscina:
1749 3826 1850 3881 im-

342 4007 370 4035 ι
393 3995 606 4066 aegon,
636 4006 878 4062 magnum
918 3986 1050 4056 plebi
1086 4000 1192 4039 sua:
1210 3983 1503 4053 relinquens
1532 3980 1596 4034 de
1623 3997 1676 4035 se
1698 3980 1851 4051 plan-

264 4076 427 4123 ctum.

340 4139 371 4176 ι’
400 4136 519 4191 Fuit
548 4133 830 4199 episcopus
853 4128 1023 4193 primo
1055 4125 1351 4199 Dumiensjs
1375 4122 1705 4199 monasterii,
1739 4130 1850 4199 tum

268 4191 651 4268 Bracarensis;
682 4191 784 4270 qtia
825 4191 1080 4270 dignitate
1122 4210 1232 4270 non
1255 4194 1346 4260 50,
1390 4192 1594 4270 sed_20
1637 4191 1853 4270 circiter

266 4260 426 4333 annis
473 4260 674 4345 potitus
699 4260 1139 4345 est._Festivitas
1172 4264 1304 4345 ejus
1336 4263 1601 4345 recolitttr
1630 4262 1739 4345 Idie
1783 4260 1853 4345 at)

268 4332 633 4404 uantafvtue
660 4343 777 4411 ejus
808 4340 1056 4411 Elogium
1076 4338 1127 4390 in
1159 4332 1313 4411 Actis
1335 4334 1432 4389 ss.
1464 4332 1855 4411 OrdLBenedi:

268 4401 405 4474 eiini
433 4427 579 4470 tomo
610 4432 649 4477 ι.
681 4401 799 4481 pag.
827 4401 953 4466 257.
976 4407 1060 4481 Ad
1082 4407 1334 4481 eumdem
1363 4414 1533 4481 exstat
1574 4401 1853 4481 ortunati

267 4472 499 4555 epiSlola
530 4472 649 4540 eum
681 4472 954 4555 caFotitte__t
975 4478 1095 4531 libri
1120 4492 1168 4529 v.
1199 4474 1506 4555 Confer-lib.
1541 4472 1849 4555 t‘deMirac.

268 4543 330 4615 δ’.
368 4558 599 4615 Martini,
631 4570 752 4620 cap.
790 4555 872 4605 li.
910 4549 1110 4602 Versus
1142 4554 1317 4620 autem
1350 4545 1436 4620 hic
1465 4543 1706 4597 laudatos
1734 4543 1851 4620 edi-

267 4613 346 4684 dit
377 4613 723 4685 Sirmonidus',
767 4624 854 4689 qui
901 4620 1165 4672 habentur
1194 4616 1355 4669 etiam
1397 4615 1453 4667 in
1483 4624 1628 4666 tonio
1662 4628 1729 4665 xv
1763 4613 1849 4665 Bi-

269 4699 463 4755 bIlOIh-
500 4696 734 4757 Patrum,
767 4692 897 4745 edit.
929 4689 1145 4753 Colum,
1176 4696 1281 4757 etc.

346 4780 370 4805 ε
396 4752 864 4821 (Ξυίδνίιιιιιείεινιιι
895 4752 1260 4811 Bruneclnldis
1300 4754 1514 4822 reginae,
1556 4753 1736 4807 uxoris
1764 4752 1849 4808 Si-

270 4840 411 4909 gibet
427 4841 485 4901 ti,
538 4846 731 4897 mater,
772 4846 934 4909 quam
963 4840 1174 4909 .netnpe
1218 4841 1283 4878 ex
1326 4823 1685 4909 .At_ltanagil_do
1722 4839 1849 4909 rege

274 4893 602 4977 priore'suo
654 4893 1170 4977 mariitt_lt:tbuerut,
1225 4893 1553 4977 proindeque
1602 4893 1848 4977 iugandis

272 4964 412 5034 avia.
468 4977 614 5031 Hanc
664 4988 821 5042 porro
852 4966 1194 5042 Leuaigildus
1240 4965 1463 5042 duxerat
1491 4974 1607 5042 post
1647 4964 1849 5042 obitum

275 5033 470 5118 prioiis
495 5062 604 5118 sua:
632 5033 894 5118 conjugis,
925 5033 1244 5118 'I'heodosiac
1275 5034 1485 5118 scilicet
1512 5033 1649 5118 “lilia:
1685 5034 1852 5087 Seve-

273 5104 413 5173 iiani
442 5117 593 5171 ducis
618 5104 1071 5177 Caribaginetisis,
1103 5122 1167 5162 ex
1200 5121 1303 5174 qua
1333 5106 1468 5177 duos
1510 5104 1852 5177 ﬁliosgusce.

274 5199 450 5257 perat,
486 5173 945 5257 Ilermenegildutn
979 5173 1229 5257 [ιιειιιιιιίέ
1261 5175 1529 5257 maritum,
1577 5173 1855 5257 etniie‘c-ca-

271 5241 489 5322 iedutn,
517 5255 605 5309 cui
637 5241 956 5321 desponsata
987 5241 1081 5322 iuit
1111 5246 1390 5322 Higunthis
1410 5243 1690 5311 Cbilperiei
1724 5241 1851 5322 lilia.

274 5313 616 5384 lieccaredus
642 5313 872 5389 denique
898 5328 1015 5386 post
1040 5313 1218 5371 fratris
1245 5330 1431 5389 necent
1461 5324 1517 5367 et
1542 5324 1705 5389 patris
1733 5313 1853 5366 obi-

274 5383 410 5462 tum,
440 5398 635 5465 adepto
662 5383 845 5462 regno,
890 5383 957 5444 ex
1007 5389 1202 5440 Arimo
1228 5383 1521 5465 catholicus
1573 5385 1740 5435 factus
1768 5393 1852 5465 to-

273 5452 409 5525 tam.
446 5452 886 5533 Wisigotttfotum
930 5466 1142 5527 gentem
1186 5456 1252 5509 ad
1303 5456 1459 5507 fidem
1511 5467 1704 5533 rectam
1761 5452 1857 5533 ξω-

273 5521 618 5604 διιίὶιζριιᾶε
646 5533 824 5589 omnia
847 5521 1333 5604 observarevtsum
1366 5536 1447 5604 est
1477 5524 1542 5575 ad
1576 5524 1738 5604 totius
1762 5521 1860 5574 bn-

272 5591 586 5680 ἱιὶευάμῇιε
613 5617 897 5680 eteorum,
928 5613 1047 5678 quae
1076 5597 1379 5680 infertuslea
1403 5593 1469 5645 de
1493 5608 1551 5645 re
1576 5591 1858 5680 habentur,

276 5662 576 5733 itotion'cm.
611 5676 685 5729 De
734 5662 1391 5741 petsecutiouenvero_hic
1434 5662 1865 5741 llielltol'alillnﬂ-

275 5728 989 5815 deitdiis—quoque'lstdorus
1017 5739 1073 5815 in.
1096 5736 1365 5815 Chronico
1392 5734 1464 5815 ad
1487 5728 1809 5815 .aaratnn6.06.

348 5799 381 5856 δ
398 5799 507 5873 λιιι
528 5799 741 5878 τευιῙιΙἾ
798 5808 1196 5878 Athanagifdus,
1247 5800 1618 5878 Atanacltt'ldis.
1638 5870 1647 5878 .
1669 5799 1758 5854 Sic
1773 5868 1788 5878 _
1810 5809 1864 5853 et

280 5868 637 5955 Leuriqildus,
672 5868 1028 5939 Leuci/timus:
1058 5868 1417 5938 Leuuichtldis,
1448 5870 1730 5934 Levieldtts,
1764 5868 1862 5921 Le-

1949 3363 2221 3418 osculatus
2253 3372 2334 3417 est
2363 3375 2509 3424 eum,
2553 3370 2606 3416 et
2632 3360 2845 3415 blandis
2884 3361 3221 3415 sermonibus
3247 3363 3525 3420 delinitum

1949 3455 2105 3510 duxit
2127 3455 2193 3509 ad
2215 3464 2387 3509 castra
2411 3471 2425 3521 ;
2451 3453 2752 3522 oblitusque
2773 3455 3094 3508 sacramenti
3116 3454 3289 3510 innuit
3314 3458 3446 3525 suis,
3471 3467 3525 3515 et

1949 3544 2341 3614 apprehensum
2372 3545 2624 3614 spoliavit
2648 3559 2771 3599 eum
2798 3543 3127 3600 indumentis
3151 3547 3282 3606 suis.
3325 3548 3527 3604 induit-

1950 3651 2055 3706 que
2071 3636 2217 3690 illum
2241 3646 2388 3691 veste
2410 3636 2521 3702 vili,
2548 3650 2931 3706 regressusque
2952 3635 3018 3690 ad
3044 3636 3225 3691 urbem
3250 3638 3525 3709 Toletum,

1947 3729 2140 3785 ablatis
2171 3729 2349 3799 pueris
2372 3729 2511 3799 ejus,
2538 3727 2683 3784 misit
2703 3714 2827 3785 eum
2851 3727 2905 3783 in
2926 3728 3174 3785 exsilium
3200 3733 3216 3782 ι
3247 3745 3373 3787 cum
3411 3748 3522 3789 uno

1949 3828 2157 3876 tantum
2181 3821 2428 3891 puerulo.

1949 3972 2203 4027 vilteldis:
2232 3986 2352 4040 quas
2381 3970 2637 4026 lectiones
2665 3970 2825 4025 variae
2870 3970 2924 4024 in
2957 3971 3118 4026 variis
3143 3971 3303 4028 codd.
3340 3988 3527 4031 oecura

1952 4052 2099 4103 runt,
2129 4043 2337 4108 quoties
2369 4042 2477 4094 fere
2509 4043 2621 4093 haec
2647 4054 2857 4093 nomma
2890 4050 3219 4108 repetuntur.

2025 4125 2048 4151 υ
2070 4112 2274 4175 Casin.,
2306 4112 2394 4163 sed
2423 4127 2535 4176 qua:
2560 4112 2768 4163 diuersis
2798 4121 2987 4163 notam.

2029 4181 2047 4221 ί
2075 4182 2201 4243 Hac,
2230 4184 2305 4233 uti
2331 4181 2554 4243 videtur,
2587 4180 2870 4233 occasione
2899 4179 3237 4250 Leuvigil-dus
3259 4182 3525 4250 synodum

1951 4254 2321 4321 episcOporum
2375 4251 2690 4321 Arianorum
2718 4249 2890 4321 Toleti
2920 4249 3111 4321 col-git,
3144 4251 3231 4302 ubi
3266 4249 3522 4307 statutum

1952 4319 2059 4386 est,
2091 4334 2149 4375 ut
2175 4321 2262 4391 qtti
2291 4320 2369 4391 dep
2390 4319 2625 4371 Romana
2651 4320 2909 4391 religione
2934 4319 2999 4369 ad
3029 4333 3216 4391 eorum
3243 4331 3416 4387 partes
3439 4338 3528 4375 ac-

1954 4387 2315 4457 cederet,'non
2343 4389 2561 4444 deberet
2588 4387 2925 4454 rebaptizari.
2958 4387 3051 4440 sed
3093 4392 3265 4442 solum
3305 4391 3522 4457 imposi-

1953 4465 2099 4519 tione
2144 4476 2355 4523 tuanus,
2385 4461 2777 4529 communionis
2808 4457 3166 4526 perceptione,
3198 4469 3254 4513 et
3297 4461 3523 4529 gloriam

1955 4534 2100 4587 Patri
2133 4548 2224 4599 per
2254 4532 2443 4586 Filium
2467 4532 2518 4583 in
2542 4527 2740 4596 Spiritu
2771 4538 2969 4600 sancto»
2985 4529 3183 4600 dando,
3213 4527 3529 4600 aggregare.

1879 4631 1932 4693 ιι
1956 4612 2059 4693 ll".-
2083 4596 3077 4693 Efﬁcias;PE?“.£:.?:13";3§1-

2028 4684 2053 4721 s
2083 4673 2337 4741 liispalim
2394 4670 2620 4733 scilicet,
2648 4670 2861 4741 Baeticae
2902 4678 3082 4741 caput,
3110 4667 3183 4741 in
3224 4684 3325 4741 qua
3349 4678 3531 4741 postea

1954 4759 1984 4797 a
2017 4753 2164 4812 patre
2180 4737 2440 4796 elisessus
2470 4749 2574 4812 est.
2622 4740 2816 4808 Captus
2855 4749 2938 4794 est
2981 4737 3274 4812 Cordubae,
3306 4738 3533 4807 indeque

1960 4808 2255 4868 valentiam
2285 4812 2337 4865 in
2368 4810 2612 4864 exsilium
2646 4824 2857 4871 nussus,
2882 4818 2935 4861 et
2963 4808 3195 4875 denique
3222 4809 3529 4861 Tarracone

1954 4886 2184 4946 occisus,
2218 4893 2271 4936 ut
2299 4882 2464 4937 refert
2497 4879 2652 4935 Joan.
2680 4880 2869 4934 Biclar.
2902 4887 2992 4930 aut
3033 4887 3181 4931 certe
3217 4878 3440 4946 Hispali,
3471 4889 3534 4932 ut

1952 4945 2224 5023 plerisque
2270 4952 2579 5005 auctoribus
2630 4951 2819 5019 placet.
2856 4948 2930 5001 De
2972 4947 3053 4999 his
3078 4947 3210 5000 infra
3241 4945 3532 5016 Gregorius

1955 5026 2154 5093 passim
2188 5024 2440 5090 loquitur.

2024 5094 2052 5128 ιι
2079 5095 2168 5147 Sic
2197 5084 2354 5147 Corb.
2388 5101 2440 5146 et
2480 5090 2635 5143 Joan.
2666 5088 2856 5141 Bitslar.
2907 5086 3034 5151 Alii,
3074 5084 3535 5152 Hemenicltildis,

1960 5162 2395 5223 Hermenchildis,
2445 5158 2849 5227 Ermengt'ldus,
2883 5171 2990 5211 etc.
3044 5158 3103 5211 S.
3130 5156 3429 5212 Leandrum
3471 5172 3534 5211 ea

1961 5236 2240 5287 occasione
2300 5229 2819 5296 C0nstantinop0lim
2880 5228 3174 5293 profectum
3227 5228 3427 5291 luisse,
3481 5235 3536 5280 ut

1960 5302 2221 5356 auxilium
2267 5317 2297 5355 a
2345 5301 2560 5353 Tiberio
2613 5298 2740 5367 imp.
2788 5298 3135 5362 sollicitaret,
3163 5296 3421 5367 discimus
3470 5312 3535 5350 ex

1962 5373 2022 5428 S.
2054 5371 2296 5441 Gregorii
2328 5385 2477 5438 papa:
2504 5371 2652 5437 prmi.
2683 5370 2734 5421 iu
2765 5368 2945 5441 libros
2974 5368 3160 5421 Morel.
3190 5369 3238 5420 iu
3269 5366 3390 5421 Job.

2041 5442 2057 5480 ί
2094 5438 2477 5503 Iteccaredum,
2507 5448 2563 5491 ιιι
2585 5454 2742 5505 supra
2773 5438 3095 5492 notavimus.

2038 5514 2054 5563 i
2093 5516 2133 5566 A
2168 5524 2317 5582 patre
2341 5513 2520 5578 jussus
2546 5519 2627 5582 est
2650 5503 2895 5582 interfici,
2921 5512 3060 5577 quod
3086 5506 3180 5582 die
3201 5514 3386 5582 sancto
3415 5503 3537 5556 Pas-

1962 5581 2081 5636 cha:
2097 5578 2526 5637 coittmunionem
2550 5581 2615 5633 ab
2633 5581 2886 5647 episcopo
2904 5586 3099 5631 Artano
3121 5578 3216 5647 sibi
3244 5584 3538 5647 porrectaut

1967 5667 2183 5707 sumere
2216 5659 2540 5714 recusassrt,
2568 5661 2623 5702 ut
2661 5643 2833 5703 fusius
2862 5661 3037 5701 narrat
3070 5646 3124 5699 S.
3156 5643 3441 5714 Gregorius
3473 5645 3539 5697 Μ.

1964 5726 2059 5779 lib.
2091 5738 2147 5776 ιιι
2180 5723 2408 5790 Dialog.,
2440 5736 2557 5787 cap.
2592 5719 2680 5783 5i,
2712 5731 2765 5771 et
2796 5714 3155 5790 l'aulus‘diac.
3190 5713 3281 5767 litt.
3313 5728 3372 5767 ιιι
3403 5713 3540 5790 litat.

1968 5794 2229 5873 Langob.,
2252 5785 2383 5873 cap.
2414 5785 2521 5869 2i,
2553 5790 2690 5873 quod
2721 5788 2949 5873 contigit
2966 5786 3382 5873 'ilart'aeoneran.
3417 5785 3540 5846 580,

1968 5881 2030 5919 ex
2064 5854 2220 5916 Juno.
2252 5854 2444 5915 Bielar.
2475 5860 2525 5912 in
2552 5854 2838 5919 Chronico,
2866 5854 2953 5909 ubi
2981 5856 3095 5921 ejus
3117 5854 3537 5921 interfectorem,
