4016 6338
439 366 546 427 855

1436 358 1490 415 S.
1534 350 1863 411 CREGORll
1903 340 2214 406 EPISCOPI
2254 336 2682 401 TURONENSIS

3608 336 3717 394 556

510 479 625 535 XL
672 477 836 550 [δίων
864 485 891 515 ι
922 486 1041 547 Ρθςι
1065 485 1294 531 manem
1326 472 1552 529 ﬁliorum
1581 471 1891 550 Chilperici,
1925 486 2020 525 rex
2049 470 2094 527 Α
2124 463 2408 518 secretius.
2430 462 2547 529 Quo
2569 448 2913 523 adveniente,
2928 470 2992 511 ex
3015 453 3165 550 jussu
3189 451 3329 523 regis
3349 453 3721 550 apprehensus

412 587 624 630 smense
639 548 853 626 octobri
878 572 928 623 in
954 571 1102 624 Cutis
1129 569 1259 624 silva
1285 567 1471 636 plenus
1495 548 1635 620 luctu
1657 580 1776 619 cum
1801 563 2027 633 conjuge

437 661 727 718 residebat.
754 660 903 714 Tunc
932 658 1368 714 Cblodovechum
1401 656 1564 709 filium
1608 670 1761 709 suum
1794 655 2029 707 Brenua-

439 767 583 818 eum,
615 751 844 807 faciente
892 751 1101 819 regina,
1131 748 1455 812 transmisit,
1487 756 1544 801 ut
1590 747 1794 801 scilicet
1821 755 1875 800 et
1915 747 2028 814 ipse

435 844 508 895 ab
551 844 652 896 ltoc
698 844 912 896 interitu
957 841 1243 907 deperiret.
1300 839 1545 895 Graviter
1586 839 1654 891 ibi
1703 836 1787 891 his
1834 838 2027 892 diebus

440 935 658 987 morbus
690 932 800 999 ille,
834 933 923 1000 qui
977 930 1173 983 fratres
1226 930 1587 992 interfecerat,
1616 930 1904 993 szeviebat;
1934 928 2028 983 sed

440 1025 571 1078 nihil
605 1024 797 1078 ibidem
831 1023 1153 1076 incommodi
1179 1024 1340 1093 250
1363 1024 1598 1090 pertulit.
1630 1021 1747 1090 Ipse
1768 1022 1908 1075 enim
1934 1036 2027 1075 rex

438 1116 617 1168 Calam
646 1112 675 1152 δ
706 1113 988 1167 Parisiacae
1017 1112 1246 1167 civitatis
1274 1114 1451 1165 villam
1480 1113 1719 1167 advenit.
1753 1111 1879 1165 Post
1904 1127 2031 1180 pau-

439 1220 531 1260 eo-s
563 1219 691 1259 vero
718 1204 833 1258 dies
864 1202 1297 1258 Cblodovecbum
1343 1202 1409 1255 ad
1440 1216 1499 1257 se
1530 1203 1713 1256 venire
1744 1202 2028 1269 prazcepit:

440 1296 526 1350 eui
552 1296 726 1365 qualis
771 1295 1020 1349 interitus
1071 1294 1246 1358 fuerit,
1271 1294 1452 1348 dicere
1482 1310 1584 1347 non
1618 1294 1833 1361 pigebit.
1869 1294 2033 1365 Igitur

441 1401 565 1441 cum
596 1386 649 1439 in
678 1386 979 1453 supradicta
1009 1385 1128 1438 villa
1158 1384 1297 1453 apud
1329 1394 1532 1453 patrem
1561 1384 1843 1449 habitaret,
1869 1385 2031 1454 coepit

446 1477 736 1531 immature
760 1477 983 1545 jactare,
1004 1476 1087 1530 vel
1114 1477 1293 1531 dicere
1319 1494 1331 1530 :
1359 1477 1495 1531 Ecce
1520 1478 1744 1532 mortuis
1780 1476 2032 1532 fratribus

449 1572 585 1626 meis
625 1571 691 1623 ad
741 1584 828 1625 me
860 1573 1053 1624 restitit
1094 1585 1254 1625 omne
1296 1585 1556 1640 regnum:
1590 1570 1719 1624 mihi
1770 1566 2032 1624 universae

447 1663 636 1718 Galliae
692 1663 1082 1731 subjicieutur,
1116 1663 1503 1732 imperiumque
1555 1664 1857 1718 universum
1903 1664 2031 1717 mibi

445 1757 549 1811 fata
579 1759 762 1827 largita
789 1765 931 1812 sunt.
989 1757 1127 1811 Ecce
1158 1758 1384 1812 inimicis
1414 1758 1463 1809 in
1497 1773 1656 1811 manu
1688 1758 1871 1827 positis
1900 1756 2035 1812 infe-

2129 554 2182 608 in
2216 552 2439 607 manicis
2464 567 2491 603 a
2523 550 2797 606 Desiderio
2830 556 2854 584 ο
2882 557 3042 615 atque
3073 546 3291 599 Bobone
3335 546 3583 609 ducibus,
3617 560 3719 598 nu-

2129 641 2285 696 datur
2327 641 2492 695 armis
2518 649 2575 695 et
2598 640 2858 704 vestibus,
2883 651 2947 692 ac
2974 637 3066 690 vili
3096 635 3413 690 indumento
3438 645 3722 689 contectus

2133 730 2527 804 251'reginm
2557 731 2765 785 vinctus
2797 728 2815 766 ί
2846 727 3148 783 adducitur.
3177 726 3247 779 At
3276 726 3364 779 illa
3397 726 3448 780 in
3477 726 3720 779 custodia

2130 837 2252 877 eum
2285 822 2498 876 retineri
2530 819 2811 888 praecepit,
2839 820 3034 874 elicere
3063 820 3131 870 ab
3160 832 3226 872 eo
3253 817 3499 886 cupiens,
3529 816 3573 871 si
3610 818 3725 872 lure

2133 913 2203 966 ita
2233 922 2291 967 ut
2320 912 2567 968 audierat
2613 926 2673 966 se
2725 911 3009 975 baberent,
3042 912 3124 963 vel
3151 912 3306 975 cujus
3337 911 3723 965 consilio‘usus

2140 1000 2321 1069 fuerit,
2350 1014 2443 1058 aut
2473 1003 2624 1073 cujus
2654 1003 2768 1058 haec
2796 1002 3048 1057 instinctu
3076 1003 3313 1067 fecisset,
3346 1004 3425 1058 vel
3456 1019 3573 1057 cum
3607 1003 3727 1073 qui—

2132 1094 2232 1148 bus
2261 1095 2494 1158 maxime
2519 1095 2784 1150 amicitias
2809 1094 3143 1164 colligasset.
3174 1100 3243 1149 At
3270 1095 3360 1149 ille
3391 1096 3598 1165 reliqua
3627 1097 3724 1151 de-

2133 1202 2335 1257 negans
2361 1230 2375 1255 ,
2404 1187 2666 1242 amicitias
2717 1188 3001 1241 multorum
3050 1189 3270 1241 detexit.
3324 1187 3562 1253 Denique
3603 1200 3726 1256 post

2135 1279 2368 1335 triduum
2387 1322 2401 1346 ,
2432 1280 2617 1350 regina
2642 1279 2882 1333 vinctum
2912 1280 3069 1348 jussit
3098 1296 3220 1334 eum
3256 1282 3486 1335 transire
3528 1282 3727 1336 Matro-

2134 1382 2258 1424 nam
2300 1370 2551 1435 ﬂuvium,
2582 1379 2637 1424 et
2685 1370 2737 1423 in
2780 1371 2906 1423 villa
2928 1411 2942 1436 ,
2971 1370 3057 1424 cui
3089 1369 3293 1425 Nuceto
3322 1380 3349 1418 ε
3380 1387 3571 1428 nomen
3612 1382 3721 1439 est,

2135 1462 2414 1515 custodiri.
2448 1460 2503 1513 In
2532 1476 2633 1530 qua
2662 1460 2903 1515 custodia
2931 1462 3106 1515 cultro
3151 1478 3459 1531 percussus,
3495 1465 3721 1532 interiit,

2134 1550 2355 1620 ipsoque
2402 1552 2456 1603 in
2506 1552 2624 1604 loco
2669 1549 2910 1619 sepultus
2956 1560 3039 1604 est
3064 1548 3113 1604 ⁸³.
3150 1553 3357 1607 Interea
3386 1554 3727 1610 advenerunt

2136 1642 2306 1695 nuntii
2358 1641 2422 1694 ad
2479 1656 2680 1709 regem,
2714 1644 2803 1711 qui
2846 1643 3124 1707 dicereut,
3155 1644 3292 1711 quod
3340 1645 3454 1711 ipse
3500 1660 3559 1699 se
3615 1648 3725 1703 ictu

2139 1734 2352 1802 pr0prio
2387 1733 2741 1801 perfodisset;
2771 1743 2828 1789 et
2853 1734 3027 1789 adhuc
3056 1735 3228 1804 ipsum
3257 1736 3486 1791 cultrum
3517 1738 3585 1794 de
3609 1755 3722 1806 quo

447 1863 561 1901 mm
609 1824 942 1917 (Idaeumque
982 1848 1259 1917 pmcueri,‘
1312 1847 1418 1901 Sed
1460 1856 1515 1900 ει
1561 1849 1629 1901 de
1672 1824 1899 1902 “verm
1943 1863 2034 1903 sua
2069 1846 2114 1904 Β
2141 1836 2200 1878 se
2229 1824 2555 1917 perculitpin
2588 1825 2862 1880 locostare
2878 1826 3115 1881 vulneris
3139 1826 3498 1885 affirmabant.
3521 1828 3725 1897 Quibus

448 1938 798 2009 Fredegunde
851 1939 1033 2008 regina
1108 1953 1213 1991 non
1275 1936 1625 1991 condecibilia
1682 1938 2034 1992 detrectabat.

445 2032 575 2099 Quae
601 2031 691 2086 illa
717 2031 961 2095 audiens,
994 2045 1187 2098 pavore
1218 2031 1383 2084 nimio
1414 2032 1729 2085 terrebatur.
1764 2030 1890 2085 Post
1921 2030 2039 2085 dies

448 2138 581 2179 vero
607 2124 829 2191 aliquot,
853 2122 1144 2177 adveniens
1166 2122 1379 2189 quidam
1404 2122 1476 2175 ait
1504 2122 1700 2189 reginae
1726 2140 1738 2174 :
1766 2121 1830 2177 Ut
1851 2121 2039 2175 Ofbttla

448 2214 572 2268 filiis
596 2213 807 2277 sedeas,
828 2214 983 2267 dolus
1013 2213 1064 2267 id
1096 2213 1465 2268 Chlodovecbi
1492 2223 1574 2267 est
1600 2223 1869 2281 cperatus.
1908 2212 2037 2267 Nam

449 2306 566 2375 ipse
594 2307 978 2375 concupiscens
1026 2306 1184 2359 unius
1234 2305 1552 2359 ancillarum
1596 2315 1802 2358 tuarum
1854 2303 2037 2372 filram,

451 2397 727 2453 maleficiis
774 2407 892 2452 tuos
943 2413 1036 2466 per
1088 2405 1314 2451 matrem
1370 2396 1486 2466 ejus
1544 2398 1679 2451 filios
1733 2396 2037 2452 interfecit:

450 2488 679 2557 ideoque
710 2502 902 2542 moneo
925 2502 992 2542 ne
1015 2501 1204 2553 speres
1232 2488 1300 2542 de
1329 2496 1381 2542 te
1411 2488 1621 2551 melius,
1645 2505 1764 2542 cum
1792 2489 1883 2543 tibi
1916 2503 2040 2556 spes

453 2594 550 2649 per
578 2593 735 2648 quam
768 2594 994 2641 regnare
1022 2579 1286 2632 debueras
1316 2579 1386 2632 sit
1428 2579 1628 2633 ablata.
1680 2579 1831 2631 Tune
1859 2579 2039 2646 regina

453 2669 645 2723 timore
676 2669 976 2737 perterrita,
1010 2676 1065 2721 et
1097 2667 1276 2722 furore
1320 2682 1597 2731 succensa,
1630 2684 1761 2722 nova
1814 2670 2042 2723 orbitate

452 2771 798 2829 coutpuncta,
841 2760 1180 2829 apprehensa
1212 2759 1382 2829 puella
1423 2761 1474 2813 in
1506 2776 1663 2828 quam
1695 2760 1880 2813 oculos
1909 2758 2044 2828 inje-

452 2860 601 2905 cerat
639 2850 1047 2907 Cblodovecbus
1074 2891 1090 2918 ,
1135 2857 1192 2906 et
1232 2851 1465 2918 graviter
1514 2850 1789 2903 verberata
1814 2889 1829 2914 ,
1878 2849 2042 2904 incidi

453 2956 662 2995 comam
690 2941 881 3012 capitis
906 2952 927 2979 ο
954 2942 1073 3010 ejus
1095 2941 1274 3010 jussit,
1306 2956 1368 2993 ac
1397 2941 1578 2995 scissae
1597 2940 1712 2995 sudi
1739 2940 2039 3009 impositam

453 3032 613 3101 deligi
660 3042 784 3087 ante
838 3039 1095 3087 metatum
1138 3030 1502 3085 Cblodovecbi
1554 3032 1824 3101 praecepit.
1875 3031 2044 3086 Matre

452 3138 668 3193 quoque
712 3123 905 3192 puellm
934 3126 1192 3194 religata,
1222 3133 1277 3178 et
1321 3124 1602 3178 tormentis
1647 3124 1736 3177 diu
1781 3125 2036 3191 cruciata,

2142 1916 2326 1969 verbis
2354 1930 2446 1970 rex
2470 1916 2805 1986 Cbilpericus
2837 1917 3046 1987 illusus,
3075 1934 3174 1973 nec
3203 1919 3367 1988 flevit,
3397 1936 3556 1990 quem
3585 1923 3724 1992 ipse,

2143 2014 2200 2058 ut
2244 2004 2315 2058 ita
2364 2004 2559 2074 dicam,
2610 2008 2769 2061 morti
2817 2007 3127 2073 tradiderat,
3182 2010 3463 2077 instigante
3514 2013 3724 2082 regina.

2142 2095 2452 2151 Servientes
2480 2112 2693 2167 quoque
2741 2098 2882 2153 illius
2930 2114 3024 2167 per
3067 2100 3281 2154 diversa
3311 2100 3536 2171 dispersi
3576 2116 3723 2160 sunt.

2143 2188 2311 2243 Mater
2334 2197 2511 2243 autem
2535 2188 2653 2259 ejus
2673 2190 2875 2244 crudeli
2906 2200 3079 2246 morte
3104 2203 3291 2246 necata
3329 2190 3344 2231 ί
3370 2210 3385 2259 ;
3412 2208 3565 2249 soror
3587 2196 3729 2251 illius

2142 2278 2196 2334 in
2229 2282 2637 2345 monasterium,
2670 2282 2855 2334 delusa
2890 2280 2905 2332 i
2942 2298 2968 2335 a
2994 2285 3174 2352 pueris
3202 2286 3420 2355 regium,
3450 2289 3729 2342 transmin-

2143 2370 2293 2438 titur,
2332 2373 2383 2427 in
2424 2386 2533 2442 quo
2562 2388 2703 2427 nunc
2733 2383 2882 2429 veste
2937 2384 3137 2429 mutata
3183 2378 3463 2443 consistit;
3491 2393 3733 2450 Opesque

2144 2479 2328 2518 eorum
2358 2480 2545 2521 omnes
2573 2465 2773 2536 regina:
2798 2465 2990 2521 delata:
3019 2478 3164 2520 sunt.
3195 2468 3381 2523 Mulier
3408 2485 3527 2539 qua:
3567 2486 3733 2540 super

2150 2556 2588 2612 Cltlodovecbum
2636 2558 2811 2612 locuta
2870 2559 3072 2625 fuerat,
3120 2558 3440 2628 dijudicatur
3482 2563 3732 2619 incendio

2144 2647 2499 2717 concremari.
2543 2647 2673 2712 Quae
2721 2661 2843 2701 cum
2892 2647 3205 2715 duceretur,
3236 2651 3529 2705 reclamare
3566 2657 3734 2721 coepit

2144 2743 2360 2807 misera,
2392 2754 2452 2795 se
2479 2739 2755 2795 mendacia
2806 2740 3097 2810 protulisse
3123 2758 3135 2793 :
3160 2741 3255 2796 sed
3287 2741 3417 2795 nihil
3449 2743 3735 2811 proficien-

2146 2834 2286 2888 tibus
2335 2832 2538 2899 verbis,
2591 2832 2751 2903 ligata
2805 2833 2871 2886 ad
2924 2833 3204 2899 Slipilelll,
3251 2834 3434 2889 vivens
3487 2836 3736 2890 exuritur

2144 2922 2397 2976 flammis.
2420 2922 2812 3000 Tltesaurarius
2834 2923 3195 2979 Cblodovechi
3225 2938 3253 2976 a
3278 2925 3534 2992 Cuppaue
3562 2923 3586 2962 ¹ι
3617 2935 3734 2980 διεδ

2146 3015 2252 3069 buli
2308 3014 2507 3070 comite
2556 3013 2624 3070 de
2675 3014 2909 3070 Biturico
2955 3026 3247 3084 retractus,
3280 3016 3487 3071 vinetus
3533 3018 3734 3088 regium

2148 3108 2492 3163 transmissus
2510 3118 2618 3175 est,
2635 3108 2864 3163 diversis
2888 3106 3211 3163 cruciatibus
3237 3110 3583 3178 exponendas
3602 3127 3619 3176 ;
3637 3110 3734 3165 sed

454 3216 637 3269 elicuit
666 3216 736 3269 ab
761 3230 824 3269 ea
858 3216 1269 3282 professionem,
1296 3228 1415 3281 quae
1447 3214 1545 3269 bos
1583 3227 1861 3267 sermones
1890 3228 2040 3268 veros

2151 3217 2270 3257 eum
2299 3203 2482 3272 regina
2510 3211 2565 3255 et
2590 3218 2618 3254 a
2650 3202 2950 3270 suppliciis,
2982 3211 3036 3257 et
3061 3202 3286 3255 vinculis
3308 3202 3468 3270 jussit
3492 3203 3732 3270 absolvi;

456 3319 578 3363 esse
608 3305 865 3361 firmaret.
898 3306 1025 3376 Regi
1053 3306 1078 3342 ά
1102 3305 1295 3361 exinde
1322 3306 1434 3360 haec
1461 3317 1511 3360 et
1538 3306 1638 3359 alia
1673 3304 2038 3374 hujuscemodi

458 3398 759 3465 insinuans,
792 3397 1078 3453 vindictam
1109 3399 1176 3452 de
1202 3397 1580 3452 Cblodoveclto
1605 3398 1864 3466 poposcit.
1893 3396 2043 3451 Tune

459 3505 555 3547 rex
586 3493 639 3544 in
668 3491 1006 3544 venationem
1036 3486 1299 3554 directus,
1330 3502 1455 3541 eum
1502 3485 1755 3555 prmeepit
1794 3485 2041 3540 arcessiri

461 3641 766 3705 Sisbertum,
793 3640 1006 3696 biennio
1030 3649 1211 3708 postea
1242 3647 1414 3693 morte
1446 3636 1584 3707 turpi
1617 3638 1856 3705 punitum
1884 3636 2046 3694 fuisse

461 3711 667 3765 scribit.
720 3711 1109 3778 llermettegildi
1140 3710 1239 3763 sub
1270 3709 1522 3779 martyris
1555 3709 1713 3779 titulo
1738 3708 2045 3779 l'estumrdie

462 3782 532 3836 15
581 3781 776 3848 Aprilis
817 3782 1143 3837 celebratur.
1197 3778 1448 3848 lugundis
1498 3793 1630 3832 uxor
1669 3778 1808 3845 ejus,
1843 3778 2047 3846 fugiens

462 3852 781 3921 intercepta,
804 3854 859 3921 in
906 3850 1440 3921 Siciliatniperducta
1470 3859 1573 3921 est,
1606 3849 1693 3901 ubi
1741 3850 2047 3921 exspirasse

462 3918 683 4001 dicitur.
730 3920 869 4001 Infra
920 3934 1095 4001 tamen
1139 3920 1430 4001 Gregorius
1477 3919 1568 4001 libr:
1621 3933 1734 4001 vttt,
1787 3933 1906 4001 cap.

466 3991 635 4059 ipsam
666 3993 715 4043 in
740 3993 918 4046 Africa
947 3990 1145 4046 abiisse
1166 3989 1372 4055 scribit,
1392 4005 1512 4043 cum
1529 3989 2044 4056 Constantinopolim

463 4076 493 4113 a
534 4060 735 4115 Οιωιιίε
789 4063 1189 4130 perduceretur.
1248 4063 1440 4115 Eorum
1495 4059 1632 4114 filius
1664 4060 2047 4130 Atbanagildus

463 4131 570 4186 ΕΡ.
603 4132 735 4185 vixit
762 4137 815 4186 itt
843 4132 961 4185 aula
992 4130 1228 4185 Mauricii
1259 4132 1387 4198 imp.
1439 4130 1657 4199 Altquot
1699 4132 1953 4198 epistolas
1978 4130 2045 4183 ad

465 4202 661 4271 ipsum,
690 4215 781 4255 aut
807 4203 924 4269 ejus
945 4204 1226 4256 occasione
1248 4204 1311 4254 ad
1332 4202 1466 4255 alios
1483 4217 1511 4253 a
1528 4201 1872 4256 Cliildeberto
1895 4216 2045 4271 rege,

462 4270 520 4325 et
544 4287 573 4325 a
606 4272 945 4328 Brunicbilde
976 4274 1429 4342 regina‘scriptas,
1460 4272 1513 4327 iu
1562 4272 1866 4342 Appendice
1894 4270 2049 4325 dabi-

466 4356 606 4397 ntus.

537 4420 569 4448 ι
599 4412 711 4466 floc
737 4422 897 4482 caput
917 4413 969 4465 in
994 4413 1179 4479 lirgm.
1208 4412 1327 4482 luco
1348 4426 1446 4465 suo
1467 4422 1696 4482 motum,
1708 4419 1883 4465 exstat
1901 4426 2047 4465 num.

364 4514 367 4515 ν
465 4479 560 4534 42.
596 4482 669 4534 De
689 4479 839 4535 Coti'a
867 4482 1022 4544 silva,
1055 4496 1213 4547 supra
1243 4480 1336 4535 lib.
1369 4497 1454 4544 tv,
1488 4497 1606 4549 rap.
1635 4479 1727 4533 22.
2078 4485 2087 4493 ³

538 4549 566 4588 δ
596 4551 667 4604 lbi
696 4553 753 4605 S.
789 4550 1044 4603 Batbildis
1090 4550 1381 4605 Cbloduvei
1409 4551 1451 4604 ll
1485 4566 1624 4604 uxor
1664 4552 2045 4617 partitenonem

2147 3296 2484 3366 liberumque
2505 3295 2661 3349 nobis
2682 3294 3045 3349 obtinentibus
3076 3295 3225 3350 abire
3254 3295 3516 3365 permisit.

2220 3387 2352 3441 XLI.
2386 3387 2513 3442 Post
2552 3387 2669 3441 hate
2698 3384 2714 3423 ³
2756 3388 2954 3442 Elafius
2983 3388 3387 3442 Catalauneusis
3427 3388 3733 3458 episcopus,

2148 3490 2365 3549 prepter
2393 3496 2582 3536 causas
2611 3482 2772 3553 252
2802 3482 3158 3537 Brunicbildis
3203 3496 3422 3551 reginae,
3451 3484 3506 3538 in
3535 3484 3730 3556 flispao

2150 3634 2550 3708 Noceta,_vulgo
2584 3636 2759 3701 Noisi,
2797 3636 2937 3693 haud
2986 3636 3171 3708 procul
3198 3652 3230 3693 a
3256 3637 3407 3705 Gala,
3437 3639 3532 3695 sed
3559 3639 3629 3695 ad
3657 3642 3737 3697 al-

2149 3718 2315 3761 teram
2347 3706 2600 3762 Matronze
2632 3708 2823 3774 ripam.

2223 3774 2269 3849 by
2288 3778 2414 3832 lmle
2435 3793 2630 3847 cerpus
2659 3778 2776 3847 ejus
2803 3794 2922 3834 cum
2951 3778 3175 3833 solemni
3201 3793 3389 3849 pompa
3418 3781 3736 3836 translatum

2149 3857 2231 3902 est
2260 3848 2507 3971 Parisios)
2533 3850 2584 3903 in
2634 3850 2906 3905 basilicam
2936 3852 3106 3905 sancti
3145 3848 3422 3918 Vincentii,
3453 3852 3595 3905 infra
3637 3854 3734 3907 lib.

2149 3933 2263 3971 vni.
2294 3933 2413 3971 can.
2514 3958 2528 3971 .

2149 3933 2263 3988 vttt.
2294 3933 2413 3988 cap.
2442 3933 2528 3971 ιυ.

2227 3986 2243 4025 ί
2281 3986 2562 4044 Audovera
2608 3990 2827 4057 scilicet,
2860 4006 3018 4060 quam
3062 3990 3393 4060 Cbilpericus
3433 3991 3733 4059 dimiserat,

2149 4060 2288 4127 quod
2319 4071 2467 4112 suam
2499 4060 2664 4127 ipsius
2693 4062 2852 4115 filiam
2883 4070 2914 4115 e
2943 4061 3087 4115 fonte
3124 4075 3278 4115 sacro
3319 4064 3666 4130 suscepisset,
3691 4068 3737 4119 si

2149 4132 2439 4201 eri-daturis,
2458 4130 2738 4199 Anunymo
2764 4134 2853 4199 qui
2877 4130 3034 4186 Gesta
3060 4132 3388 4186 Francorum
3411 4137 3653 4201 scnpsit.
3679 4136 3732 4188 Id

2151 4200 2346 4321 quippe
2373 4198 2675 4255 fabulosum
2698 4198 2817 4256 esse
2839 4202 3117 4281 existimat
3141 4203 3378 4256 Coiutius
3403 4202 3467 4255 ad
3491 4198 3579 4256 ait.
3604 4204 3731 4272 565,

2153 4286 2208 4321 ιι.
2277 4308 2292 4321 .
2341 4269 2509 4321 Soror
2553 4284 2680 4321 vero
2722 4273 2861 4321 eius.
2891 4272 3095 4321 scilicet
3143 4271 3466 4321 Cliloduvei-
3502 4275 3731 4321 liaaina-

2277 4308 2292 4324 .
2341 4269 2509 4325 Soror
2553 4284 2680 4325 vero
2722 4273 2861 4340 ejus,
2891 4272 3095 4326 scilicet
3143 4271 3466 4336 Cblodovei,
3502 4269 3735 4340 liasina,

2152 4356 2271 4407 qua:
2300 4342 2350 4394 in
2380 4342 2706 4396 monasterio
2733 4350 2930 4398 sanctae
2958 4341 3145 4397 Crucis
3188 4342 3511 4398 Pictaviensi
3550 4348 3739 4401 turbas

2155 4418 2339 4479 postea
2362 4410 2634 4464 excitavit.

2227 4479 2243 4530 i
2280 4481 2365 4534 Sic
2411 4481 2573 4535 Corb.
2606 4492 2660 4536 et
2688 4482 2839 4537 Colb.
2885 4482 3025 4537 Editi
3057 4496 3219 4546 varo,
3246 4484 3446 4536 reclusa
3475 4484 3526 4537 in
3556 4501 3739 4538 manus

2155 4552 2332 4605 sterio.
2369 4551 2499 4606 Mss.
2529 4552 2808 4606 lectionem
2839 4553 2998 4606 habet
3025 4552 3301 4607 Aimoiuus
3335 4554 3426 4606 lib.
3452 4568 3531 4619 ut,
3562 4571 3612 4607 c.
3639 4557 3734 4609 45.

465 4620 878 4675 celeberrimum
909 4623 1210 4685 exstruxit,
1237 4620 1325 4675 ubi
1355 4635 1475 4691 cum
1516 4597 1823 4689 aliquandiu
1852 4626 2051 4675 saueti-
2078 4597 2133 4657 Β
2228 4620 2254 4691 l}
2292 4620 2458 4691 llujus
2486 4621 2718 4675 facinora
2745 4632 2925 4676 narrat
2958 4624 3246 4690 Gregorius
3274 4622 3368 4677 lib.
3402 4640 3455 4679 ι.
3488 4597 3537 4677 (ιῖ
3571 4623 3625 4679 5.

469 4692 716 4747 mouialis
763 4691 1019 4761 vixisset,
1051 4691 1136 4759 pie
1182 4692 1331 4745 obiit.
1366 4690 1538 4745 Locus
1588 4696 1823 4761 priscum
1856 4697 2047 4746 nomen

468 4761 683 4822 retinet.
704 4763 869 4832 vulgo
897 4760 1117 4832 Chettes,
1141 4770 1370 4830 quatuor
1393 4764 1556 4814 leucis
1579 4760 1645 4816 ab
1668 4762 1799 4816 urbe
1825 4762 2047 4830 distans,

464 4831 532 4885 ad
575 4832 867 4888 Matronatn
915 4831 1157 4885 fluvium.
1211 4832 1284 4887 De
1334 4832 1437 4886 hoc
1481 4831 1620 4886 Beda
1651 4833 1744 4888 lib.
1772 4846 1839 4886 ιιι
1887 4832 2046 4898 lltst.,

734 4972 888 5038 Bad.;
937 4979 993 5025 at
1035 4971 1198 5027 Corb.
1229 4980 1283 5026 et
1327 4970 1549 5037 Chesn.,
1598 4972 1873 5028 abscissam
1912 4971 2051 5027 sudi.

465 5038 644 5106 Colb.,
668 5043 890 5096 abscisso
914 5043 1060 5097 sude.
1097 5044 1244 5109 Bec.,
1272 5043 1430 5096 scissa
1459 5045 1599 5096 sudi.

505 5110 562 5190 ,ά
596 5112 805 5181 Regm.,
850 5112 1078 5180 ﬁrmaret
1108 5114 1254 5184 Regi.
1290 5112 1435 5166 Tunc
1479 5113 1607 5182 Rex,
1634 5114 1848 5169 steteris
1885 5111 2054 5167 omis-

473 5192 569 5233 818.

542 5259 566 5287 ⁸
598 5252 647 5306 Is
689 5252 912 5321 estqui,
942 5252 1213 5308 referente
1258 5251 1517 5323 Gregorio
1554 5254 1647 5308 lib.
1694 5270 1771 5319 rx,
1812 5267 1930 5321 cap.
1958 5250 2049 5319 '55,

465 5319 770 5376 Tetradiam
796 5319 829 5383 ,⁷
854 5324 1047 5375 marito
1085 5325 1203 5390 ejus
1251 5319 1460 5377 Eulalia
1503 5325 1676 5378 adhuc
1725 5319 2046 5391 superstite,

467 5406 686 5463 uxorem
717 5391 889 5446 duxit.
918 5392 1005 5463 De
1044 5408 1150 5456 quo
1178 5408 1281 5446 non
1310 5395 1479 5463 semel
1524 5395 1675 5456 alibi,
1709 5395 2046 5463 potissimum

465 5460 559 5531 litt.
596 5480 646 5526 x,
679 5477 800 5531 cap.
827 5464 879 5516 8.
913 5461 1062 5516 Bobo
1087 5472 1262 5531 autem
1292 5462 1429 5517 ﬁlius
1454 5472 1571 5518 erat
1596 5460 1923 5517 Mutumoliui
1946 5462 2046 5517 du-

464 5529 563 5603 cis,
597 5534 665 5586 de
690 5529 797 5603 quo
831 5534 922 5588 lib.
946 5546 1017 5593 γι,
1049 5546 1167 5600 cap.
1202 5530 1292 5587 45.

543 5600 559 5637 ¹
592 5604 647 5657 In
668 5600 829 5656 (ἰὼ-ι).
860 5604 1012 5656 deest
1040 5604 1253 5656 vinctus.

534 5677 564 5720 8
590 5674 677 5726 Sic
704 5673 1044 5727 scribendum
1070 5680 1257 5726 censet
1281 5671 1521 5727 Valesius
1548 5672 1598 5724 iu
1627 5671 1823 5727 Notitia
1849 5672 2045 5728 Gallia-

467 5756 614 5801 rum:
640 5743 899 5797 consentit
920 5745 1082 5798 (ἐστιν,
1108 5744 1179 5798 At
1198 5742 1348 5799 Colb.
1381 5742 1537 5799 habet
1560 5742 1610 5797 Ν
1616 5744 1779 5809 ocito;
1805 5744 1892 5799 alii
1919 5757 2047 5799 vero

2235 4688 2253 4728 Ι
2292 4688 2400 4745 lloc
2425 4702 2584 4759 cajtm
2603 4692 2756 4746 deest
2778 4696 2827 4746 in
2851 4693 3012 4747 Corb.
3030 4688 3085 4747 et
3101 4693 3255 4747 Colb.
3278 4692 3526 4762 Legimus
3548 4697 3739 4748 instru-

2158 4772 2398 4832 mentum
2428 4764 2568 4814 beati
2603 4763 2748 4816 Elaﬁi
2789 4763 3013 4830 episcopi
3058 4764 3125 4817 de
3164 4764 3328 4827 νιιιιε,
3355 4779 3487 4832 quas
3516 4765 3574 4819 S.
3609 4765 3741 4819 διες

2159 4833 2337 4900 phano
2356 4831 2633 4885 deditcum
2659 4835 2819 4887 fratre
2842 4848 2938 4887 suo
2960 4833 3280 4887 Leudomiro
3300 4831 3549 4901 diacono,
3566 4844 3739 4888 actum

2154 4900 2504 4977 inACatafauni
2531 4904 2826 4977 civitatetiu
2869 4904 3084 4977 ecclesia
3120 4903 3609 4977 prwfuti_marlyris,
3642 4922 3743 4977 pu-

2153 4972 2281 5045 blica
2307 4974 2400 5025 sub
2430 4974 2515 5026 die
2550 4989 2580 5025 v
2606 4972 2698 5045 ,ld.
2728 4972 2904 5033 Junii.
2932 4990 3065 5027 anno
3109 4972 3291 5043 «)uarto
3323 4972 3743 5045 Sigebértorr'ege

2154 5039 2505 5114 francorum,
2532 5044 2618 5097 cui
2651 5045 3003 5099 instrumento
3051 5039 3170 5111 post
3200 5039 3486 5098 donatores
3519 5039 3740 5114 Egitlius

2156 5111 2477 5185 Rbemensis
2529 5117 2967 5185 metropolitanus
2989 5158 3002 5179 ,
3031 5125 3085 5169 et
3104 5114 3343 5185 beatus,
3376 5117 3532 5182 cujus
3570 5111 3742 5170 sedes

2156 5198 2260 5235 nou
2310 5183 2646 5252 exprimitur,
2678 5183 3064 5250 subscripsere.
3100 5184 3318 5246 Beatus,
3351 5196 3407 5235 ut
3456 5187 3736 5251 existit-io,

2156 5258 2199 5307 Is
2226 5252 2341 5324 ipse
2367 5262 2451 5306 est
2476 5252 2670 5309 Beatus
2698 5255 2981 5324 episcopus
3028 5254 3425 5319 Atnbiauensis,
3455 5256 3544 5323 qui
3590 5254 3741 5309 Con-

2152 5323 2279 5376 cilio
2308 5324 2581 5377 Aurelan.
2616 5341 2644 5376 v
2678 5323 2920 5379 interluit
2946 5339 3035 5378 an.
3066 5324 3192 5379 549.
3224 5324 3340 5390 Quo
3369 5336 3523 5391 pacto
3544 5326 3602 5378 S.
3628 5326 3746 5378 Ho-

2155 5402 2392 5454 noratus,
2424 5409 2579 5461 quem
2610 5394 2853 5448 Coiutius
2899 5395 3058 5449 Beato
3085 5395 3226 5447 circa
3258 5410 3348 5447 an.
3391 5393 3494 5447 55ι
3523 5410 3748 5449 succes-

2152 5464 2287 5516 sisse
2317 5464 2519 5527 .‘Cl'lbil,
2540 5475 2661 5518 ante
2682 5482 2807 5519 anu.
2827 5465 2929 5519 565
2950 5464 3201 5531 Sigiberti
3233 5471 3369 5532 regis
3387 5463 3455 5516 IV
3483 5465 3745 5520 Ecclesia:

2154 5533 2498 5588 Ambiaueusi
2543 5537 2819 5601 pra'fectus
2851 5536 3016 5588 fuisse
3043 5534 3297 5588 dicendus
3328 5550 3430 5587 non
3472 5546 3574 5587 est.
3610 5537 3747 5589 Ela-

2154 5603 2293 5675 fius,
2330 5604 2493 5658 Badio
2542 5604 2823 5675 Elaphius,
2854 5606 3092 5675 plerique
3138 5604 3226 5656 ed.
3275 5604 3510 5668 Elusius,
3541 5607 3749 5660 colitur

2156 5674 2424 5726 Catalauui
2454 5675 2543 5729 die
2574 5674 2665 5729 xtv
2698 5677 2815 5728 Kal.
2848 5680 2992 5737 Sept.
3023 5684 3244 5729 Sacrum
3278 5691 3401 5728 vero
3434 5677 3574 5728 illius
3614 5690 3744 5729 cor-

2154 5756 2252 5811 pus
2272 5758 2574 5800 asservatur
2604 5747 2654 5801 in
2682 5745 3007 5802 utonasteri»
3032 5746 3087 5802 S.
3119 5743 3262 5800 l’etri
3290 5746 3340 5801 in
3362 5745 3546 5800 eadem
3577 5747 3741 5814 urbe.
