4016 6338
262 372 374 430 SS7

1202 366 1524 426 HISTORIA
1564 364 2006 423 FRANCORUM.
2056 364 2255 420 LIBER
2296 365 2618 432 QUINTUS.

3432 367 3539 431 358

262 499 392 540 nias
416 485 468 537 in
497 482 818 553 legationem
848 480 1107 544 directus,
1133 491 1462 550 correptusa
1488 479 1639 535 febre
1669 481 1855 544 nimia,
1891 487 1932 543 Α
1967 475 2102 527 turis
2141 475 2527 530 coclesiaslicis
2568 475 2723 532 valde
2760 475 3088 547 instructus,
3130 481 3202 536 ita
3247 490 3305 537 ut
3343 485 3539 539 seriem

263 578 524 645 spiritum
571 576 862 643 exhalavit,
892 585 947 629 et
994 572 1189 627 exinde
1234 572 1443 627 delatus
1473 581 1716 625 mortuus
1742 611 1759 636 ,
1790 573 1855 626 ad

265 670 547 723 civitatem
574 681 727 721 suam
757 665 1001 734 sepultus
1037 676 1141 719 est.
1190 649 1388 718 Eonius
1414 678 1622 733 quoque
1646 664 1856 732 episco-

266 776 398 830 pus,
416 776 574 829 quem
598 761 831 830 legatum
864 759 1236 813 Britannorum
1260 772 1420 824 supra
1446 758 1786 811 meminimus
1808 767 1854 822 ι,

266 850 343 902 ad
373 851 643 903 civitatem
672 864 822 902 suam
866 847 1078 918 regredi
1112 863 1215 901 non
1245 847 1563 918 permissus,
1594 856 1654 901 ut
1681 849 1862 903 Ande-

266 943 428 1011 gavjs
475 951 784 1010 posceretur
827 940 897 995 de
945 939 1157 1007 publico
1181 953 1210 991 a
1245 953 1368 1008 rege
1402 950 1724 1007 praeceptum
1754 950 1856 994 est.

267 1006 402 1100 υυῗ
423 1033 657 1087 Parisios
705 1032 1017 1098 adveniens,
1062 1032 1190 1085 dum
1236 1032 1323 1084 die
1364 1030 1634 1085 Dominica
1682 1045 1862 1085 sat-rn-

268 1135 463 1179 sancta
492 1126 749 1179 solemnia
780 1125 1095 1187 celebraret,
1120 1122 1314 1177 emissa
1341 1137 1462 1176 cum
1489 1122 1695 1175 hinnitu
1728 1137 1861 1178 voce

270 1225 438 1268 terrae
466 1216 688 1268 corruit.
721 1214 1044 1281 Erumpente
1068 1225 1196 1265 vero
1223 1210 1293 1263 ab
1313 1226 1409 1266 ore
1433 1211 1549 1279 ejus
1571 1223 1626 1265 et
1646 1213 1862 1267 naribus

270 1306 560 1373 sanguine,
586 1306 728 1359 inter
757 1321 945 1359 manus
975 1303 1289 1371 deportatus
1311 1312 1412 1369 est,
1443 1303 1539 1357 sed
1568 1303 1857 1358 convaluit.

272 1394 511 1448 Nimium
559 1395 702 1448 enim
753 1396 876 1447 vino
923 1392 1134 1447 deditus
1183 1401 1322 1453 erat,
1366 1402 1423 1445 et
1450 1393 1761 1461 plerumque
1792 1394 1861 1446 ita

271 1485 595 1541 deformiter
643 1486 1036 1551 inebriabatur,
1071 1494 1129 1539 ut
1153 1498 1395 1554 gressum
1427 1484 1603 1539 facere
1629 1499 1733 1537 non
1764 1499 1861 1539 va-

271 1576 437 1631 Ieret.

356 1666 514 1720 XLII.
546 1665 712 1720 Mirus
733 1680 827 1719 rex
847 1664 1181 1720 Galliciensis
1204 1664 1407 1735 legatos
1424 1666 1489 1719 ad
1516 1664 1863 1721 Gunlchram-

271 1773 410 1813 num
441 1773 617 1827 regem
647 1757 860 1812 direxit.
883 1758 1123 1826 Cumque
1153 1774 1246 1825 per
1276 1756 1550 1812 Pictavum
1576 1760 1859 1814 terminum

1960 566 2295 621 diversarum
2326 570 2728 638 generationmn
2750 615 2765 639 ,
2793 589 2912 641 qum
2944 578 2994 628 in
3024 576 3170 631 libris
3192 580 3389 632 veteris
3409 580 3541 635 Tes-

1963 664 2181 715 tamenti
2211 663 2552 727 describitur,
2581 666 2719 731 quod
2751 680 2780 717 a
2813 669 2992 721 multis
3018 668 3233 723 difﬁcile
3258 673 3536 744 retinetur,

1963 751 2048 805 hic
2074 753 2388 821 plerumque
2416 755 2674 808 memoria
2702 767 3027 812 recenseret.
3064 761 3184 815 Fuit
3212 766 3370 816 etiam
3399 775 3456 819 et
3485 766 3537 820 in

1957 842 2179 912 judiciis
2203 845 2379 911 justus
2398 886 2414 911 ,
2446 859 2510 899 ac
2537 844 2835 901 defendens
2867 863 3128 917 pauperes
3156 853 3401 908 ecclesia:
3430 872 3538 911 sua:

1962 935 2031 987 de
2063 949 2223 987 manu
2264 939 2522 988 malorum
2562 935 2801 1005 judicqu
2824 979 2838 1003 ,
2878 940 3030 1007 juxta
3072 943 3201 997 illud
3232 944 3373 998 Job:
3408 945 3536 1003 Con-

1962 1028 2152 1076 δεῖνανὲ
2190 1042 2403 1094 egenum
2441 1027 2502 1078 de
2541 1044 2696 1079 manu
2735 1031 2989 1097 potentis;
3029 1042 3075 1084 et
3122 1033 3263 1104 inapi
3307 1036 3389 1089 cui
3436 1054 3540 1090 non

1961 1125 2073 1166 erat
2102 1115 2169 1166 ad
2165 1119 2334 1184 jutor,
2368 1117 2659 1170 auxiliatur
2685 1134 2819 1171 sum.
2856 1120 2925 1172 Us
2956 1122 3123 1176 videte
3149 1126 3400 1181 benedixit
3430 1145 3542 1194 me,

1962 1218 2077 1255 cum
2117 1219 2276 1256 essem
2320 1206 2498 1257 oculus
2528 1221 2811 1273 eiecerunt,
2832 1226 2930 1283 .pes
2959 1210 3296 1281 claudorum,
3326 1226 3373 1270 et
3397 1218 3543 1272 inua-

1964 1293 2185 1347 lidorum
2207 1303 2351 1363 pater
2378 1293 2535 1366 (Job.
2560 1311 2684 1349 χιιι
2706 1340 2719 1364 ,
2752 1298 2975 1367 12-16).

2040 1387 2218 1441 λων.
2263 1389 2642 1443 Leuvichildus
2684 1405 2810 1443 vero
2850 1407 2945 1445 rex
2988 1394 3267 1461 Agilonem
3309 1397 3541 1468 legatum

1963 1481 2029 1531 ad
2062 1479 2422 1546 ts'nilpericum
2449 1480 2642 1543 mittit,
2674 1481 2846 1535 virum
2875 1484 3071 1538 nullius
3100 1487 3295 1556 ingenii
3319 1499 3409 1542 aut
3435 1491 3545 1544 dis—

1966 1570 2246 1637 positionis
2288 1572 2495 1624 ratione
2524 1572 2791 1639 peritum,
2825 1576 2918 1627 sed
2952 1586 3153 1630 tantum
3186 1580 3460 1636 voluntate
3489 1584 3544 1639 in

1965 1661 2228 1715 catholica
2271 1663 2386 1730 lege
2427 1676 2744 1731 perversum
2779 1681 2792 1716 :
2831 1681 2989 1733 quem
3029 1683 3150 1722 cum
3193 1686 3275 1723 via
3314 1671 3544 1729 Turonis

1966 1750 2279 1816 detulisset,
2322 1754 2578 1807 lacessire
2616 1769 2713 1807 nos
2742 1755 2808 1807 de
2849 1758 2985 1823 fide,
3012 1769 3066 1812 et
3106 1762 3420 1832 impugnare
3448 1782 3542 1821 ec-

274 1851 659 1918 praeterirent,
713 1865 873 1919 quem
925 1858 1051 1905 tunc
1097 1848 1434 1917 Chilpericus
1478 1868 1572 1906 rex
1623 1856 1858 1918 tenebat,
1896 1840 1937 1899 Β
1967 1843 2270 1901 clesiastica
2299 1844 2545 1913 dOgmata
2576 1848 2760 1914 erepit.
2793 1847 2979 1917 Iniqua
3010 1850 3186 1919 enim,
3217 1854 3410 1922 inquit,
3445 1857 3543 1911 fuit

274 1942 527 1995 nuntiata
564 1950 693 1995 sunt
718 1942 791 1997 ei.
840 1943 908 1996 At
938 1942 1029 1997 ille
1054 1942 1155 1996 sub
1179 1944 1421 1998 custodia
1450 1944 1553 2000 sibi
1586 1962 1681 2005 eos
1705 1950 1865 2004 exhi-

275 2035 398 2091 beri
425 2037 698 2105 praecepit,
726 2046 779 2089 et
798 2034 1029 2090 Parisios
1049 2036 1327 2090 custodiri.
1356 2038 1430 2091 Eo
1454 2048 1694 2108 tempore
1722 2042 1861 2110 apud

276 2130 652 2186 Pictavensem
697 2129 965 2184 civitatem
1014 2130 1171 2197 lupus
1200 2145 1266 2185 ex
1298 2130 1443 2185 silvis
1487 2135 1728 2198 veniens,
1769 2151 1864 2203 per

277 2230 492 2292 portam
543 2224 809 2292 ingressus
836 2231 951 2287 est,
985 2221 1288 2292 clausisque
1316 2224 1483 2292 portis
1512 2226 1649 2280 infra
1681 2244 1863 2283 muros

278 2315 454 2383 ipsius
482 2314 626 2368 urbis
650 2329 957 2383 Oppressus,
984 2315 1194 2369 occisus
1232 2324 1335 2371 est.
1369 2318 1694 2372 Asserebant
1719 2319 1860 2374 enim

276 2407 501 2476 quidam
546 2415 601 2460 et
652 2408 845 2461 cretum
893 2407 1089 2460 ardens
1117 2421 1177 2461 se
1212 2406 1431 2462 vidisse.
1484 2407 1642 2477 Liger
1671 2408 1862 2465 ﬂuvius

276 2499 459 2569 major
495 2498 566 2553 ab
610 2513 753 2553 anno
796 2499 1075 2567 superiore
1121 2497 1240 2567 fuit,
1290 2510 1568 2569 postquam
1617 2502 1667 2555 ei
1710 2502 1863 2558 Caris

278 2590 309 2631 δ
348 2600 558 2648 torrens
579 2608 639 2647 se
664 2592 927 2662 adjunxit.
961 2591 1165 2647 Ventus
1193 2600 1373 2647 auster
1405 2593 1624 2649 nimium
1656 2595 1864 2650 violen-

279 2694 368 2740 ter
392 2686 647 2747 cucurrit,
682 2685 754 2739 ita
796 2693 854 2739 ut
890 2684 1054 2738 silvas
1080 2693 1464 2753 prosterneret,
1494 2684 1682 2741 domos
1707 2702 1863 2743 erue-

278 2787 387 2841 ret,
418 2791 577 2847 sepes
624 2776 868 2843 eﬂ'erret,
898 2778 1147 2847 ipsosque
1175 2778 1418 2833 homines
1444 2780 1510 2833 ad
1542 2779 1866 2835 internecio-

277 2886 406 2927 nem
457 2887 625 2941 usque
670 2872 950 2926 volntaret.
997 2870 1126 2925 Erat
1169 2870 1313 2926 enim
1363 2871 1590 2940 spatium
1638 2871 1757 2942 ejus
1808 2872 1863 2926 in

278 2962 616 3019 latitudinem
657 2964 809 3033 quasi
851 2962 1039 3032 jugera
1089 2972 1333 3032 septem;
1362 2963 1638 3033 longitudo
1685 2973 1861 3020 autem

278 3067 390 3109 non
435 3053 607 3120 potuit
654 3054 931 3107 aestimari.
975 3051 1108 3106 Nam
1138 3061 1193 3107 et
1220 3052 1344 3122 galli
1395 3052 1637 3123 plausum
1676 3066 1864 3109 cantus

278 3144 336 3199 in
369 3144 521 3199 initio
548 3142 720 3198 noctis
758 3158 901 3211 sarpe
928 3143 1208 3197 dederunt.
1250 3130 1403 3198 Luna
1431 3144 1860 3202 contenebricata

279 3247 391 3304 est,
418 3247 472 3292 et
501 3244 738 3291 cometes
764 3234 922 3306 253
952 3235 1100 3289 stella
1137 3240 1401 3303 apparuit.
1449 3236 1638 3293 Gravis
1683 3247 1862 3294 autem

279 3330 401 3385 lues
424 3330 477 3383 in
509 3329 707 3397 popqu
751 3328 1036 3382 subsecuta
1068 3339 1168 3383 est.
1202 3328 1383 3399 Legati
1426 3340 1603 3385 autem
1652 3333 1862 3389 Suevo-

279 3436 403 3477 rum
437 3431 461 3460 α
492 3430 611 3490 post
635 3435 830 3474 annum
858 3418 1083 3487 dimissi,
1106 3421 1171 3474 ad
1216 3422 1426 3491 propria
1457 3422 1751 3479 redierunt.

358 3510 533 3567 XLIII.
564 3512 807 3567 Maurilio
831 3508 858 3549 ἀ
886 3509 1239 3567 Cadurcensis
1262 3514 1409 3567 urbis
1434 3516 1717 3585 episcopus
1742 3531 1862 3587 gra-

277 3603 427 3658 viter
446 3604 742 3671 aegrotabat
769 3603 836 3657 ab
864 3603 1089 3658 humore
1118 3603 1423 3673 podagrico,
1453 3605 1546 3659 sed
1574 3621 1737 3676 super
1765 3608 1861 3663 hos

280 3696 539 3761 dolores,
588 3711 723 3765 quos
765 3696 879 3764 ipse
921 3695 1113 3750 humor
1153 3700 1479 3763 commovit,
1516 3714 1733 3768 magnos
1760 3702 1861 3754 sibi

278 3784 556 3840 cruciatus
598 3784 863 3850 addebat;
907 3800 1028 3838 nam
1058 3799 1204 3854 saepe
1228 3786 1462 3842 candens
1491 3785 1688 3842 ferrum
1722 3790 1863 3844 tibiis

279 3890 348 3931 ac
373 3876 596 3945 pedibus
621 3876 916 3944 deligebat,
943 3892 1049 3943 quo
1079 3877 1285 3931 facilius
1308 3879 1599 3933 cruciatum
1626 3882 1726 3933 sibi
1751 3897 1862 3934 am-

280 3967 429 4037 plius
467 3967 706 4022 adderet.
750 3967 855 4022 Sed
891 3983 1010 4023 cum
1053 3968 1414 4038 episcOpatum
1444 3970 1559 4038 ejus
1590 3972 1738 4024 multi
1769 3986 1864 4025 ex-

279 4066 559 4128 peterent,
593 4060 704 4128 ipse
723 4058 1022 4114 Ursicinum
1058 4069 1105 4123 ο,
1136 4060 1223 4128 qui
1255 4060 1524 4129 quondam
1557 4059 1865 4116 referenda-

280 4155 399 4208 rius
429 4151 782 4220 Ultrogotthae
814 4151 1009 4219 reginae
1052 4151 1262 4216 fuerat,
1305 4151 1484 4221 elegit.
1529 4154 1696 4219 Quem
1736 4154 1861 4208 dum

281 4246 463 4300 adhuc
503 4245 733 4307 viveret,
783 4243 1027 4297 benedici
1056 4244 1353 4312 deprecans
1373 4286 1388 4309 ,
1420 4245 1672 4313 migravit
1699 4262 1727 4298 a
1759 4261 1859 4301 sa:-

282 4335 431 4392 culo.
465 4332 595 4388 Fuit
631 4342 809 4387 autem
859 4333 1014 4388 valde
1059 4336 1514 4405 eleemosyuarius
1536 4375 1553 4402 ,
1590 4338 1643 4389 in
1686 4338 1864 4407 Scrip~

281 4488 502 4543 Ordinis
538 4486 594 4541 S.
624 4486 822 4540 Bened.
853 4486 971 4539 sub.
998 4482 1165 4555 Cong.
1198 4486 1253 4540 S.
1288 4486 1485 4540 Vitoni.
1535 4486 1863 4543 Instrumen-

282 4570 401 4612 turn
431 4574 536 4624 quo
562 4558 764 4648 βω.Ιὶυῇ
791 4556 925 4648 bona
955 4557 1195 4648 qumldam
1225 4558 1465 4611 ecclesia:
1486 4558 1553 4639 .S.
1578 4558 1856 4648 JStepl‘iani,
1893 4588 1940 4648 Ι)

283 4632 336 4683 id
367 4640 447 4683 est
474 4627 787 4688 cathedrali,
818 4628 1034 4694 lwgmit.
1069 4629 1309 4680 lirmatnr
1348 4643 1412 4680 ex
1450 4628 1686 4697 ejusdem
1723 4630 1857 4694 Vita,

285 4716 410 4763 qua:
453 4700 505 4752 in
542 4715 641 4751 ms.
688 4698 948 4749 breviat-io
994 4697 1217 4749 abbatiee
1268 4713 1505 4750 omnium
1555 4708 1860 4753 sanctorum

284 4768 587 4828 Catalanni,
619 4767 698 4820 sic
730 4768 886 4820 habet
911 4784 921 4817 :
949 4766 1074 4818 Cum
1104 4767 1275 4827 itaque
1296 4766 1683 4822 Catalaunensis
1707 4775 1863 4824 eccle-

286 4843 371 4893 sia
418 4850 617 4902 pastore
659 4839 835 4888 Otbttla
877 4841 1004 4901 [oret
1031 4879 1045 4902 ,
1081 4836 1365 4905 Sigibertus
1412 4839 1661 4891 Chloturii
1703 4841 1861 4905 ﬁlius,

288 4911 463 4977 ungui
491 4906 767 4959 Chlodovei
798 4921 968 4973 nepos,
988 4905 1210 4974 Elafium
1241 4906 1586 4962 Lemovicibus
1607 4921 1863 4964 evocatum

285 4981 344 5033 in
373 4995 483 5032 eam
509 4983 676 5031 sedem
706 4977 1013 5029 et'eltendam
1035 4979 1245 5029 curavit.
1274 4977 1439 5046 zEgre
1460 4981 1666 5032 tandem
1695 4997 1863 5034 susce-

286 5060 378 5120 pto
410 5048 682 5120 episcOpali
722 5062 946 5120 uinxere,
981 5056 1142 5099 totum
1188 5063 1241 5101 se
1278 5051 1515 5103 convertit
1562 5048 1764 5116 Elaﬁus
1795 5052 1862 5104 ad

286 5115 605 5186 Dominum,
657 5115 828 5186 largas
878 5118 1219 5186 eleemosyuas
1277 5120 1510 5187 faciens,
1553 5123 1862 5175 orationibus

284 5191 506 5251 instans,
534 5188 664 5239 nihil
692 5188 1072 5259 pra’_termittens
1100 5188 1237 5252 quod
1278 5190 1346 5240 ad
1372 5190 1489 5242 boni
1517 5192 1733 5257 pastoris
1762 5192 1865 5259 ofﬁ-

284 5264 426 5313 cium
459 5261 747 5325 pertineret.
779 5255 924 5308 Tanti
949 5259 1124 5325 fratris
1149 5274 1321 5311 amore
1343 5268 1387 5310 et
1411 5255 1661 5313 desiderio
1684 5255 1864 5314 ductus

284 5330 642 5393 Leodemirua,
674 5328 849 5378 relicta
880 5329 1047 5395 patria
1078 5328 1417 5381 Catalaumtm
1454 5335 1694 5397 perrexit.
1730 5330 1865 5383 Mul-

284 5412 400 5454 tum
453 5411 621 5452 autem
677 5413 853 5449 eorum
901 5401 1126 5466 fraterna
1176 5402 1448 5451 conrordt'a
1505 5398 1868 5454 Catalaunensi

281 5471 516 5524 ecclesia:
543 5468 753 5535 profuit,
778 5466 860 5518 cui
882 5470 1032 5518 etiam
1063 5468 1393 5522 hwreditaria
1416 5471 1611 5537 prtedio
1635 5488 1728 5522 sua
1756 5474 1867 5525 urbi

279 5542 569 5595 Lemovij
616 5538 775 5606 vicina
805 5540 1082 5599 donarunt,
1113 5546 1214 5590 etc.
1267 5538 1339 5591 De
1366 5555 1431 5593 eo
1474 5540 1526 5592 in
1558 5541 1866 5606 Necrologio

279 5629 369 5665 xiv
406 5609 453 5662 li'
458 5611 529 5660 al.
556 5607 703 5669 Sept.
726 5604 998 5672 Catelauni
1039 5610 1223 5659 natalis
1255 5608 1605 5675 gloriorissimi
1633 5604 1868 5675 prwsulis

278 5682 498 5750 ΕιαρΙεὶὶ
526 5679 701 5750 fratris
724 5676 787 5730 Β.
805 5675 1121 5750 Leudomiri.
1148 5678 1312 5750 Porro
1338 5680 1527 5731 Beatus
1550 5694 1634 5745 qui
1667 5680 1865 5734 instru~

277 5748 527 5807 mentum
558 5750 616 5802 S.
648 5749 796 5800 Elatii
822 5748 1161 5814 conscripsit,
1192 5748 1475 5817 episcopus
1508 5764 1610 5801 non
1639 5764 1771 5812 erat,
1814 5762 1868 5804 ut

274 5838 342 5878 ex
377 5822 500 5885 eius
526 5820 702 5875 verbis
728 5828 947 5887 apparet
976 5834 989 5869 :
1019 5818 1131 5888 Ego
1153 5820 1383 5888 quamvis
1411 5820 1668 5890 indiguus,
1699 5830 1867 5874 tamen

1962 1936 2303 2005 antiquorum
2344 1938 2716 2006 episcoporum
2757 1941 2859 1994 lata
2889 1944 3149 1998 sententia
3174 1986 3187 2010 ,
3219 1963 3336 2014 qua:
3366 1963 3545 2017 aequa-

1966 2027 2071 2083 lem
2105 2034 2334 2086 asseruit
2362 2031 2553 2086 Filium
2586 2034 2752 2088 Patri.
2785 2035 2916 2089 Nam
2948 2038 3197 2105 qualiter,
3228 2044 3417 2111 inquit,
3451 2060 3544 2111 μοι

1967 2122 2090 2176 terit
2126 2137 2249 2177 esse
2281 2125 2424 2177 I’atri
2454 2126 2675 2193 aqualis
2705 2127 2757 2179 iu
2791 2138 3088 2194 potestate,
3116 2133 3207 2199 qui
3237 2134 3349 2185 ait:
3386 2135 3544 2190 Pater

1964 2216 2136 2283 major
2174 2231 2252 2268 me
2282 2224 2355 2267 est
2389 2214 2581 2285 (Joan.
2617 2232 2729 2282 xiv,
2756 2217 2858 2287 28)
2885 2219 2903 2272 2
2928 2221 3045 2273 Non
3071 2231 3154 2275 est
3183 2238 3308 2292 ergo
3333 2240 3543 2295 aequum

1969 2314 2030 2359 ut
2068 2305 2118 2359 ei
2157 2307 2345 2360 similis
2384 2308 2682 2363 mstimetur
2718 2325 2825 2380 quo
2862 2328 2921 2366 se
2954 2314 3215 2369 minorem
3261 2318 3429 2385 dicit,
3455 2322 3543 2377 cui

1972 2394 2241 2448 tristitiam
2268 2397 2457 2451 mortis
2482 2400 2730 2468 ingemit,
2757 2401 2840 2454 cui
2873 2413 3143 2471 postremo
3170 2407 3405 2463 moriens
3433 2412 3543 2480 spi-

1965 2486 2128 2541 ritum
2150 2527 2166 2553 ,
2199 2490 2350 2557 quasi
2396 2491 2537 2546 nulla
2570 2494 2825 2561 praeditus
2845 2507 3150 2564 .poxestate,
3181 2504 3544 2563 commendat.

1967 2578 2120 2636 Unde
2147 2591 2292 2651 patet
2319 2599 2442 2638 eum
2468 2594 2523 2639 et
2550 2596 2706 2641 aetate
2733 2597 2787 2643 et
2815 2598 3081 2658 potestate
3116 2607 3337 2663 paterna
3368 2600 3544 2654 mino-

1965 2690 2101 2730 rem.
2128 2676 2209 2729 Ad
2235 2677 2346 2733 haec
2372 2694 2472 2749 ego
2497 2679 2787 2750 interrogo,
2814 2685 2858 2736 si
2898 2686 3143 2741 crederet
3180 2689 3362 2743 Jesutn
3386 2691 3541 2748 (λιιι-ἰ-

1965 2776 2108 2820 stum
2133 2767 2325 2821 Filium
2353 2768 2444 2823 Dei
2457 2785 2595 2831 esse,
2614 2770 2657 2824 si
2685 2772 3039 2844 eumdetnque
3062 2790 3184 2832 esse
3209 2778 3303 2833 Dei
3330 2780 3543 2849 sapien-

1968 2855 2127 2919 tiam,
2168 2857 2215 2909 si
2257 2857 2465 2922 lumen,
2508 2859 2669 2931 254
2707 2862 2752 2915 si
2795 2862 3071 2919 veritatem
3101 2907 3117 2934 ,
3158 2868 3205 2921 si
3249 2870 3448 2936 vitam,
3490 2870 3537 2927 si

1961 2946 2226 3016 justitiam
2270 2952 2549 3005 fateretur.
2591 2953 2691 3020 Qui
2732 2955 2842 3008 ait:
2873 2955 3048 3011 Credo
3077 2959 3193 3014 hac
3218 2961 3394 3015 omnia
3426 2978 3547 3020 esse

1967 3036 2160 3092 Filium
2204 3039 2319 3093 Dei.
2364 3041 2428 3094 Et
2456 3057 2595 3112 ego:
2640 3042 2734 3098 Dic.
2773 3061 2903 3115 ergo
2942 3047 3104 3117 mihi,
3145 3052 3359 3119 quando
3389 3052 3547 3109 Pater

1968 3131 2087 3184 sine
2125 3131 2439 3199 sapientia?
2478 3134 2690 3202 quando
2726 3136 2846 3191 sine
2885 3137 3140 3194 lumine?
3177 3142 3391 3209 quando
3428 3145 3546 3201 sine

1890 3217 1937 3279 C
1970 3222 2113 3276 vita?
2143 3224 2357 3290 quando
2386 3226 2505 3281 sine
2536 3228 2804 3282 veritate?
2832 3231 3043 3298 quando
3066 3233 3183 3287 sine
3207 3234 3409 3303 justitia
3438 3238 3549 3292 fuev

1970 3313 2039 3368 rit
2065 3314 2086 3365 i
2115 3314 2265 3371 Sicut
2295 3317 2440 3370 enim
2476 3316 2633 3371 Pater
2661 3318 2779 3373 sine
2809 3320 2923 3373 istis
2949 3337 3070 3375 esse
3094 3338 3199 3376 non
3230 3328 3438 3393 potuit,
3472 3331 3547 3383 ita

1964 3414 2021 3460 et
2047 3407 2164 3460 sine
2191 3405 2331 3461 Filio
2360 3422 2481 3461 esse
2511 3424 2616 3462 non
2651 3411 2821 3475 potuit
2851 3427 2866 3464 :
2898 3428 3017 3481 qua:
3058 3414 3291 3471 maxime
3327 3420 3393 3471 ad
3441 3420 3545 3474 Do-

1966 3496 2149 3552 minici
2192 3498 2423 3553 nominis
2478 3498 2497 3537 ί
2552 3504 2864 3571 mysterium
2905 3514 3243 3571 coaptantur.
3295 3508 3401 3563 Sed
3448 3525 3550 3565 nec

1967 3589 2127 3645 Pater
2156 3601 2303 3645 esset
2330 3594 2517 3660 utique
2536 3631 2552 3656 ,
2583 3594 2629 3647 si
2656 3590 2845 3647 Filium
2877 3610 2982 3648 non
3008 3595 3248 3652 haberet.
3275 3598 3426 3666 Quod
3453 3617 3551 3655 au-

1968 3690 2074 3737 tem
2105 3697 2226 3736 eum
2252 3682 2456 3738 dixisse
2485 3683 2565 3743 ais
2588 3721 2606 3749 ,
2640 3683 2802 3738 Pater
2839 3688 3008 3754 major
3033 3704 3111 3740 me
3135 3700 3208 3743 est
3235 3690 3414 3759 (Joan.
3437 3710 3548 3757 xiv,

1965 3770 2036 3825 28
2058 3774 2075 3841 )
2098 3813 2113 3838 ,
2141 3775 2282 3828 scias
2308 3790 2429 3829 eum
2478 3780 2580 3831 hoc
2616 3792 2678 3832 ex
2721 3788 3007 3848 assumpta:
3028 3783 3206 3835 carnis
3246 3784 3547 3845 humilitate

1964 3864 2196 3931 dixi-se,
2230 3876 2287 3920 ut
2315 3882 2612 3936 cognoscas
2640 3883 2745 3923 non
2777 3880 3074 3938 potestate,
3108 3874 3201 3927 sed
3244 3874 3548 3936 humilitate

1966 3965 2018 4009 te
2050 3957 2214 4013 fuisse
2242 3960 2601 4027 redemptum.
2632 3959 2763 4014 Nam
2794 3972 2846 4015 tu
2872 3964 2959 4031 qui
2991 3964 3154 4028 dicis,
3196 3963 3351 4021 Pater
3380 3973 3548 4041 major

1965 4063 2043 4099 me
2065 4056 2170 4129 est,
2203 4057 2416 4114 Oportet
2454 4060 2505 4103 te
2552 4052 2862 4105 meminisse
2888 4056 3028 4121 quod
3055 4056 3181 4110 alibi
3212 4058 3323 4112 ait:
3358 4060 3470 4130 Ego
3500 4070 3549 4116 et

1965 4135 2123 4190 Pater
2150 4154 2307 4191 unum
2335 4155 2512 4192 sumus
2546 4138 2740 4209 (Joan.
2767 4157 2796 4194 x
2816 4182 2832 4207 ,
2865 4142 2933 4197 '50
2959 4144 3001 4211 ).
3028 4144 3160 4197 Nam
3189 4157 3245 4201 et
3269 4151 3455 4204 mortis
3486 4152 3549 4204 ti-

1964 4247 2103 4298 mor,
2134 4242 2187 4285 et
2215 4231 2615 4286 commendatio
2644 4232 2864 4300 spiritus
2903 4234 2973 4288 ad
3015 4234 3379 4292 infirmitatem
3421 4255 3546 4295 cor-

1968 4326 2113 4393 poris
2152 4334 2235 4379 est
2268 4324 2583 4392 referenda,
2615 4334 2674 4379 ut
2700 4326 2838 4378 sicut
2869 4340 3029 4382 verus
3054 4327 3231 4396 Deus,
3264 4330 3338 4385 ita
3366 4342 3421 4387 et
3446 4347 3546 4388 ve-

1966 4485 2151 4558 Beatus
2183 4500 2349 4553 vocor,
2369 4484 2502 4537 hanc
2522 4486 2878 4539 auctoritatem
2896 4486 3107 4558 jubente
3134 4486 3308 4558 Eia/io
3336 4506 3546 4548 venera-

1967 4550 2054 4609 bili
2104 4550 2343 4626 ep'scopo
2385 4572 2490 4608 una
2532 4574 2644 4609 cum
2692 4550 2939 4609 consensu
2986 4550 3291 4614 Leudome'ri
3336 4564 3543 4619 diaconi

1967 4629 2363 4704 t:orrscrtpsi_,_a_d
2384 4627 2547 4704 picem
2590 4627 2807 4680 Eruoldi
2836 4632 3044 4704 notarii.
3082 4630 3229 4685 Unde
3269 4633 3375 4687 ruit
3401 4638 3544 4704 quod

1967 4699 2019 4750 in
2052 4700 2190 4769 uotis
2228 4698 2335 4750 dixi
2366 4697 2436 4751 de
2465 4697 2834 4769 Beato,quem
2880 4699 3188 4769 episcopum
3218 4697 3547 4761 Auibiai'ien-

1966 4781 2077 4821 sem
2112 4768 2273 4821 fuisse
2299 4768 2627 4836 suspicabar.
2662 4766 2668 4770 ’

2037 4846 2063 4917 ξι
2096 4841 2267 4902 Supra
2316 4854 2431 4907 cap.
2464 4838 2532 4892 50
2556 4879 2572 4905 ,
2606 4838 2693 4892 ubi
2743 4840 2937 4895 dicitur
2974 4841 3177 4896 Ennius
3224 4840 3543 4902 Venetensis

1967 4921 2269 4976 episcopus.

2044 4978 2067 5013 δ
2096 4979 2283 5043 (Σοί-ιω
2307 4985 2549 5031 ntoreus.
2573 4978 2755 5044 Colb.,
2778 4980 2824 5033 ei
2847 4978 3128 5034 Duricarus
3152 4990 3369 5037 torrem.
3401 4985 3541 5040 Editi

1967 5063 2088 5102 cum
2126 5050 2272 5112 Bec.,
2311 5046 2474 5124 Caris,
2520 5059 2611 5103 aut
2654 5051 3000 5124 CausaCod.
3047 5052 3255 5121 Regm.,
3289 5056 3454 5124 major
3479 5063 3543 5110 ab

1968 5134 2186 5197 autne...
2216 5133 2380 5197 cares.
2413 5119 2785 5197 Hic,_ut_p_uto,_
2816 5119 3344 5197 designatur—fluvius
3364 5119 3539 5197 VCaris,

1969 5192 2131 5254 vulgo
2160 5190 2205 5239 le
2236 5189 2384 5248 Uber,
2417 5205 2503 5253 qui
2538 5194 2587 5241 in
2618 5191 2841 5255 Ligerim
2873 5189 3159 5247 delabitur.

2042 5268 2066 5296 ι
2107 5259 2218 5332 Qui
2239 5271 2411 5332 supra
2432 5257 2635 5332 scilicet
2661 5276 2689 5310 a
2719 5260 2920 5315 Mirone
2943 5262 3133 5319 directi
3158 5266 3429 5332 dicuntur,
3456 5268 3542 5321 hie

1968 5343 2157 5403 nempe
2188 5328 2379 5403 Suevis
2404 5330 2453 5379 in
2482 5330 3043 5403 Galliciadegt-ntilms
3071 5336 3379 5403 imperabat.
3413 5328 3541 5390 Ilinc

1968 5401 2019 5480 in
2057 5400 2227 5452 indice
2265 5400 2496 5467 capitum
2540 5402 2658 5453 cod.
2708 5399 2893 5471 Regni.
2924 5399 3175 5460 dicuntur
3203 5400 3353 5477 legati
3385 5406 3536 5459 Calli-

1968 5484 2176 5521 61811888.

2040 5540 2067 5575 α
2111 5539 2219 5617 Hoc
2259 5548 2423 5617 caput
2451 5540 2611 5617 deest
2643 5541 2693 5593 in
2734 5540 2884 5595 Celb.
2925 5553 2985 5617 et
3018 5543 3173 5617 Corh.
3217 5547 3342 5617 liud.
3378 5560 3537 5617 vero,

1971 5608 2278 5687 blatirtlius,
2319 5620 2375 5665 et
2412 5612 2464 5664 in
2507 5613 2680 5665 indice
2719 5618 2914 5681 capit.,
2960 5615 3036 5667 De
3063 5614 3328 5673 Maurilio.
3375 5608 3537 5687 Dee:

1972 5679 2231 5733 Marilius.

2045 5758 2068 5785 ε
2114 5750 2187 5801 De
2216 5752 2314 5803 hoc
2343 5748 2497 5804 inira.
2529 5751 3073 5813 SubscritvsitCnnt‘tI.
3103 5751 3308 5811 blatisc.
3334 5770 3395 5814 ll.

2046 5815 2065 5857 ί
2111 5820 2321 5889 Ilcgm.,
2359 5820 2637 5875 Donaiuicis
2665 5824 2846 5875 verbis.
