4016 6338
472 354 578 420 3‘59

1489 356 1547 415 s.
1590 342 1921 415 citscontt
1964 348 2269 429 El’tSCOPl
2313 354 2743 423 TURONENSIS

3633 373 3736 431 360

471 493 565 534 rus
579 479 738 539 homo
759 477 1026 533 credatur.
1048 465 1209 530 Ftille
1233 494 1245 531 :
1270 475 1435 547 Cujus
1461 476 1579 544 quis
1601 476 1782 544 implet
1809 475 2051 529 voluntrt-
2080 477 2131 537 Δ
2161 486 2242 531 est
2271 480 2359 548 qui
2384 478 2682 544 mittit,non
2715 490 2799 535 est
2821 480 2960 535 Deus
2990 481 3079 552 qui
3102 483 3360 539 mittitur.
3386 483 3464 539 Ad
3494 484 3610 542 haec
3638 502 3739 558 θείη

470 579 602 637 tem,
629 584 697 623 eo
715 582 762 623 et
793 571 968 623 minor
982 583 1063 624 est
1082 578 1105 606 ⁸
1130 584 1373 638 ;semper
1387 568 1552 622 Filius
1570 570 1742 623 minor
1756 579 1833 624 est
1858 570 2013 622 Patre
2032 608 2047 632 ,

472 658 597 726 quia
639 659 732 713 ille
770 658 899 713 facit
935 660 1261 714 voluntatem
1304 658 1509 725 Patris,
1564 673 1662 713 nec
1707 659 1866 713 Pater
1911 659 2052 713 illius

478 750 814 804 voluntatem
855 750 1031 805 facere
1069 751 1469 820 comprobatur.
1514 749 1593 804 Ad
1634 750 1746 804 haec
1783 765 1924 820 egu:
1969 750 2052 803 In-

475 840 657 909 tellige
688 843 810 908 quia
842 841 1080 917 Peterin
1111 843 1269 908 Filio,
1300 853 1354 896 et
1384 843 1422 896 Ρ
1427 842 1547 897 ilius
1579 844 1628 897 in
1658 843 1836 907 Patre,
1864 844 1916 896 in
1949 857 2051 897 una

455 947 687 1000 semper
724 930 922 988 deitate
960 934 1223 988 SUbSisliL
1247 934 1394 993 ,Nam
1429 944 1486 988 ut
1519 949 1814 1004 cognoscas
1842 935 2051 990 Patrem

475 1023 599 1078 Filii
632 1024 809 1079 facere
839 1025 1196 1089 vitluntatem,
1222 1025 1264 1077 si
1291 1026 1342 1078 in
1369 1034 1421 1078 te
1447 1024 1579 1080 lides
1599 1022 1903 1094 evattgelica
1924 1040 2051 1080 ma-

473 1123 600 1179 net,
629 1115 756 1169 audi
786 1116 910 1185 quid
945 1116 1060 1186 ipse
1090 1117 1245 1170 Jesns
1278 1115 1417 1169 Deus
1454 1125 1657 1179 noster,
1704 1115 1825 1169 cuin
1866 1115 1931 1167 ad
1970 1114 2054 1169 re-

474 1206 837 1264 suscitand't’tm
875 1202 1020 1263 venit
1050 1208 1343 1273 Lazarum,
1374 1207 1483 1260 ait:
1521 1205 1695 1273 Pa'ter,
1728 1207 1921 1277 gratias
1959 1204 2056 1277 ago

477 1301 569 1353 tibi
591 1341 606 1367 ,
636 1299 878 1369 quoniam
904 1300 1093 1352 audisti
1122 1316 1199 1352 me
1222 1314 1241 1352 :
1267 1308 1312 1351 et
1342 1314 1435 1368 ego
1463 1298 1681 1351 sciebam
1707 1299 1829 1368 quia
1855 1300 2057 1364 semper

476 1408 558 1445 me
594 1394 746 1446 audis
811 1390 918 1447 Sed
944 1401 1153 1459 prapter
1173 1390 1370 1443 turbam
1410 1405 1525 1459 qua:
1548 1391 1874 1453 circumstat,
1904 1391 2014 1443 dixi
2037 1430 2051 1454 ,

474 1496 530 1540 ut
555 1487 763 1541 credant
793 1486 913 1555 quia
943 1495 997 1538 tu
1026 1500 1104 1537 me
1128 1484 1309 1538 misisti
1339 1482 1532 1553 (Joan.
1560 1499 1615 1536 ιι
1638 1519 1654 1536 .
1677 1483 1768 1547 41,
1794 1482 1916 1551 42).
1948 1481 2053 1537 Sed

474 1586 530 1631 et
557 1592 677 1630 cum
710 1577 774 1630 ad
809 1576 1113 1645 passionem
1146 1576 1321 1639 venit,
1350 1575 1431 1631 ait
1460 1592 1472 1628 :
1508 1573 1685 1640 Pater,
1718 1576 1949 1642 clari/ica
1975 1588 2056 1629 me

473 1668 706 1723 claritate
742 1685 898 1738 quam
941 1668 1097 1721 habui
1142 1668 1282 1737 apud
1337 1668 1656 1739 temetipsum
1689 1711 1705 1736 ,
1763 1668 2057 1737 priusquam

473 1761 695 1813 mundus
724 1760 866 1829 ﬁeret
893 1757 1076 1829 (Joan.
1101 1775 1208 1813 xvn
1225 1800 1240 1825 ,
1265 1759 1343 1827 5).
1374 1756 1470 1813 Cui
1501 1761 1660 1815 Pater
1683 1761 1749 1814 de
1774 1761 1913 1816 cmlo
1942 1772 2055 1815 res-

2159 570 2452 637 interrogo,
2475 572 2521 625 si
2557 571 2801 628 crederet
2833 574 3129 629 doctrinam
3155 575 3298 630 Petri
3341 577 3598 648 Paulique
3616 593 3739 647 apo-

2155 661 2436 715 stolorum.
2454 661 2832 731 Respondente
2859 673 3035 719 autem
3063 681 3128 721 eo
3144 684 3157 721 :
3172 668 3371 735 Credo,
3387 670 3557 740 adjeci
3576 672 3737 727 :Cutn

2154 761 2401 821 argueret
2445 753 2636 806 Petrus
2673 755 2951 822 apostolus
2981 754 3244 811 Ananiam
3276 773 3373 827 pro
3402 758 3591 815 lraude
3618 761 3737 815 t‘tnt-

2154 842 2242 906 di,
2276 842 2398 896 vide
2426 844 2552 912 qttid
2581 844 2724 899 dicat
2748 862 2762 899 :
2799 846 2937 910 Quid
2968 848 3059 900 tibi
3086 849 3252 901 visum
3280 858 3355 903 est
3384 852 3587 904 mentiri
3616 851 3736 922 Spi-

2154 938 2504 993 rituisancta?
2531 938 2651 993 Non
2681 957 2733 994 es
2746 943 2877 994 enim
2900 944 3136 996 mentitus
3162 943 3451 997 hominibus
3469 988 3484 1011 ,
3514 948 3603 999 sed
3628 946 3739 1001 Deo

2157 1028 2293 1101 (Act.
2314 1045 2369 1096 v,
2390 1028 2446 1094 5,
2470 1031 2549 1101 4).
2580 1032 2641 1085 Et
2671 1031 2886 1099 Paulus,
2916 1049 3036 1088 cum
3064 1038 3354 1104 gratiarum
3385 1012 3737 1104 spiritualium

2155 1121 2510 1191 distingueret
2547 1124 2783 1190 gradus:
2832 1124 2967 1178 Ηωσ
3006 1127 3207 1190 omnia,
3259 1128 3459 1195 inquit,
3499 1140 3742 1197 operatur

2156 1222 2288 1265 unus
2325 1222 2477 1282 atque
2513 1213 2648 1265 idem
2688 1212 2919 1284 Spiritus
2942 1256 2957 1278 ,
2999 1216 3232 1270 dividens
3271 1219 3552 1287 unicuique
3587 1230 3739 1287 prout

2156 1304 2265 1355 uult
2291 1302 2311 1375 (
2340 1300 2366 1354 1
2392 1301 2523 1358 Cor.
2547 1319 2622 1359 xu
2644 1345 2660 1371 ,
2686 1303 2745 1357 tt
2776 1304 2817 1373 ).
2847 1304 2950 1372 Qui
2980 1306 3122 1360 enim
3155 1308 3295 1376 quod
3324 1308 3554 1363 voluerit
3580 1309 3734 1375 facit,

2157 1395 2211 1449 in
2255 1395 2449 1452 nullius
2488 1395 2749 1465 redigitur
2789 1404 3131 1464 potestatem.
3176 1398 3305 1452 Nam
3336 1414 3464 1465 vos,
3496 1410 3553 1453 ut
3583 1414 3741 1469 supe-

2160 1488 2271 1542 rius
2294 1487 2441 1553 dixi,
2474 1487 2602 1541 nihil
2628 1496 2781 1542 recte
2809 1488 2878 1542 de
2907 1488 3169 1544 Trinitate
3200 1499 3384 1543 sancta
3416 1490 3648 1553 sentitis,
3685 1499 3740 1543 et

2155 1576 2314 1647 quam
2344 1577 2521 1647 iniqua
2545 1578 2705 1649 253
2726 1579 2793 1632 sit
2820 1579 2978 1645 hujus
3004 1589 3166 1633 secta:
3192 1582 3532 1649 perversitas,
3565 1582 3738 1650 ipsius

2157 1664 2392 1721 anetoris
2419 1668 2613 1730 vestri,
2648 1668 2698 1722 id
2734 1678 2817 1724 est
2857 1669 3001 1734 Arii,
3046 1671 3313 1737 expressit
3356 1670 3623 1725 interitus.
3660 1671 3740 1726 Ad

2159 1753 2278 1812 ha‘c
2316 1756 2411 1810 ille
2450 1758 2769 1826 respondit:
2817 1758 3011 1829 Legem
3048 1774 3210 1829 quam
3252 1775 3358 1814 non
3397 1761 3560 1826 culis,
3592 1762 3742 1817 blas—

473 1852 699 1920 pondit:
734 1849 798 1903 Et
826 1849 1104 1917 clari/icavi
1123 1893 1137 1917 ,
1163 1859 1211 1903 et
1232 1851 1415 1904 iterum
1438 1850 1730 1919 ctariﬁcabo
1752 1849 1931 1919 (Joan.
1958 1867 2053 1920 ιη,
2163 1846 2413 1913 phemare
2452 1849 2564 1902 noli
2590 1865 2604 1913 ;
2638 1864 2734 1905 nos
2765 1865 2892 1904 vero
2920 1865 3039 1920 quae
3067 1852 3288 1907 creditis
3307 1894 3322 1916 ,
3350 1855 3452 1909 etsi
3482 1866 3588 1908 non
3618 1867 3741 1908 cre-

471 1944 587 2011 28).
622 1941 874 2011 Equalis
904 1950 990 1995 est
1023 1956 1154 2012 ergo
1184 1940 1350 1996 Filius
1383 1942 1436 1995 in
1466 1940 1687 2008 deitate,
1719 1957 1823 1997 non
1857 1943 2052 2010 minor,

476 2033 572 2088 sed
605 2047 780 2102 neque
807 2032 1007 2101 aliquid
1038 2033 1213 2086 minus
1246 2032 1468 2087 habens.
1501 2033 1631 2087 Nam
1657 2035 1701 2087 si
1732 2034 1895 2089 Deum
1923 2050 2055 2090 cou-

475 2122 677 2187 titeris,
710 2137 934 2176 necesse
964 2132 1049 2176 est
1074 2124 1337 2193 integrum
1367 2124 1582 2179 fatearis
1601 2166 1615 2189 ,
1641 2134 1697 2180 et
1724 2127 1856 2181 nihil
1890 2142 2056 2198 egen-

476 2224 621 2278 tem;
662 2215 705 2267 si
746 2227 874 2267 vero
912 2214 1177 2282 integrum
1216 2229 1339 2270 esse
1371 2230 1565 2285 negas,
1599 2217 1764 2271 Deum
1795 2232 1919 2272 esse
1949 2234 2054 2274 non

475 2305 675 2361 credis.
700 2304 768 2359 Et
790 2305 880 2359 ille
905 2321 919 2357 :
952 2306 1026 2358 Ex
1049 2318 1323 2375 assumpto
1346 2306 1566 2364 homine
1587 2309 1752 2377 cmpit
1777 2309 1869 2364 Dei
1893 2309 2057 2366 Filius

475 2397 736 2460 vocitari;
781 2407 902 2449 nam
945 2404 1055 2449 erat
1082 2398 1293 2465 quando
1325 2414 1428 2452 non
1460 2410 1593 2454 erat.
1640 2400 1707 2453 Et
1737 2416 1875 2471 ego:
1918 2404 2056 2460 Audi

477 2487 647 2542 David
689 2487 959 2542 dicentem
1000 2504 1065 2542 ex
1104 2500 1331 2556 persona
1376 2490 1547 2546 Patris
1579 2509 1592 2545 :
1637 2489 1719 2545 Ea:
1756 2506 1902 2549 utero
1939 2506 2057 2552 ante

478 2581 751 2650 luciferum
780 2580 933 2649 genui
960 2591 1006 2633 te
1036 2578 1209 2651 (Psat.
1239 2596 1346 2647 cut,
1369 2580 1448 2651 5).
1482 2583 1547 2638 lit
1576 2584 1809 2639 Joannes
1834 2602 2057 2657 eVange-

473 2673 593 2727 lista
618 2672 690 2726 ait
716 2692 729 2727 :
760 2672 826 2727 In
856 2674 1109 2742 principio
1138 2684 1245 2728 erat
1279 2674 1526 2740 Verbum,
1558 2689 1610 2731 et
1644 2677 1863 2733 Verbum
1895 2681 2055 2754 255

471 2774 581 2821 etut
605 2765 745 2837 apud
774 2764 970 2831 Deum,
1002 2777 1049 2818 et
1083 2765 1220 2819 Deus
1244 2777 1356 2821 erat
1393 2767 1610 2822 Verbum
1642 2773 1660 2836 (
1686 2768 1842 2825 Joau.
1876 2787 1924 2838 t,
1958 2772 1983 2825 i
2012 2773 2054 2842 ).

472 2857 583 2912 Hoc
609 2872 735 2927 ergo
767 2856 986 2911 Verbum
1008 2874 1130 2911 raro
1154 2860 1343 2929 factum
1363 2871 1459 2928 est,
1484 2870 1530 2914 et
1552 2861 1791 2915 habitarit
1810 2863 1864 2915 in
1889 2863 2053 2930 nobis,

471 2964 559 3002 uer
585 2965 734 3017 quem
765 2949 1046 3017 [acta-sunt
1073 2952 1247 3003 omnia
1274 2949 1454 3021 (Joan.
1476 2966 1500 3003 ιι
1519 2991 1534 3017 ,
1563 2953 1648 3016 Η,
1688 2950 1765 3021 5).
1798 2953 1929 3007 Nam
1959 2969 2056 3010 vos

473 3042 659 3095 ca-ca'i
701 3055 910 3096 veneno
952 3044 1355 3111 persuasionis,
1401 3044 1533 3097 nihil
1572 3044 1793 3114 dignum
1834 3044 1901 3099 de
1943 3045 2055 3099 Dee

475 3138 709 3218 sentitis.
739 3139 799 3193 Et
826 3139 920 3193 ille
944 3155 958 3191 :
990 3138 1237 3209 Nunquid
1265 3149 1319 3194 et
1340 3139 1594 3209 Spiritum
1618 3151 1860 3195 sanctum
1887 3141 2051 3196 Deum

2159 1938 2366 2007 dimus,
2416 1954 2522 1995 non
2550 1948 2729 1995 tamen
2773 1941 3234 2010 blasphemamus,
3280 1943 3403 2013 quia
3436 1960 3538 1999 nun
3568 1946 3741 2015 deput-

2161 2022 2303 2081 tattt't'
2328 2026 2562 2094 crimini,
2589 2032 2633 2084 si
2663 2041 2717 2085 et
2744 2031 2831 2085 illa
2856 2041 2912 2086 El.
2940 2033 3028 2087 illa
3052 2034 3318 2088 culantur.
3348 2035 3436 2091 Sic
3459 2039 3601 2091 enim
3628 2039 3742 2090 vul-

2157 2127 2282 2186 gato
2321 2132 2571 2173 sermone
2612 2118 2886 2175 dicimus:
2929 2120 3042 2176 Non
3086 2138 3209 2177 esse
3252 2126 3467 2178 noxium
3508 2126 3554 2180 si
3602 2128 3740 2181 inter

2158 2209 2439 2278 gentilium
2470 2226 2593 2267 aras
2619 2226 2672 2267 et
2698 2212 2790 2268 Dei
2819 2215 3105 2269 ecclesiam
3133 2218 3252 2284 quis
3283 2220 3568 2284 transiens,
3596 2230 3741 2275 utra-

2159 2311 2263 2368 que
2293 2304 2575 2357 veneretnr
2609 2312 2655 2356 °.
2687 2304 2849 2373 Cujus
2876 2321 2976 2375 ego
3004 2308 3282 2362 stultitiam
3312 2322 3541 2366 cernens
3562 2352 3578 2377 ,
3609 2310 3697 2367 aio
3722 2331 3737 2366 :

2162 2388 2233 2445 Ut
2262 2391 2447 2458 video,
2488 2403 2541 2448 et
2569 2395 2846 2463 gentilium
2878 2397 3246 2467 defensorem,
3281 2410 3336 2454 et
3364 2402 3739 2459 haereticorum

2158 2491 2482 2539 assertorem
2517 2495 2568 2540 te
2595 2500 2717 2542 esse
2759 2488 3107 2556 manifestas,
3139 2506 3259 2545 cunt
3290 2502 3346 2548 et
3372 2496 3741 2555 ecclesiastica

2161 2577 2413 2646 dogmata
2444 2582 2705 2644 maculas,
2728 2590 2786 2634 et
2816 2597 3137 2651 paganorum
3166 2585 3453 2653 spurcitias
3480 2590 3742 2655 praedicas

2158 2670 2391 2725 adorari.
2424 2670 2599 2726 Satius
2626 2711 2641 2737 ,
2691 2673 2873 2742 inquio
2894 2716 2913 2740 ,
2945 2676 3149 2730 iaceres
3173 2700 3191 2742 δ
3214 2678 3267 2730 si
3310 2692 3373 2731 ea
3421 2688 3474 2734 te
3506 2684 3742 2735 armaret

2156 2767 2325 2834 titles,
2377 2782 2536 2836 quam
2580 2767 2849 2822 Abraham
2893 2771 2959 2823 ad
3003 2770 3210 2836 ilicem,
3265 2771 3410 2826 Isaac
3448 2772 3503 2826 in
3531 2773 3740 2838 ariete,

2157 2860 2326 2916 Jacob
2351 2862 2402 2915 in
2434 2861 2644 2931 lapide,
2678 2862 2884 2933 Moyses
2914 2863 3047 2917 vidit
3074 2863 3127 2917 in
3155 2873 3343 2929 settle;
3374 2879 3530 2932 quam
3563 2866 3741 2918 Aaron

2159 2953 2390 3022 portavit
2410 2956 2469 3007 in
2505 2954 2646 3023 logia
2679 2951 2722 3016 τ..
2750 2953 2914 3007 David
2945 2954 3228 3008 exsultavit
3251 2955 3302 3007 in
3334 2964 3607 3025 tympano,
3632 2954 3741 3009 Sa-

2158 3044 2340 3098 lomon
2370 3043 2684 3112 pratdicavit
2712 3044 2765 3097 in
2795 3044 3097 3108 intellectu;
3122 3060 3280 3115 quam
3303 3060 3491 3099 ontnes
3516 3046 3742 3112 patriar-

2155 3135 2305 3199 chae,
2339 3135 2615 3204 prophetae
2635 3177 2649 3201 ,
2687 3133 2802 3190 sive
2834 3134 2944 3189 Lex
2975 3134 3090 3204 ipsa
3121 3136 3205 3189 vel
3237 3136 3472 3190 oraculis
3497 3137 3737 3204 cecinit,

469 3231 680 3295 dicitis,
724 3239 817 3284 aut
852 3231 1116 3299 aqualem
1152 3230 1291 3286 Patri
1328 3230 1568 3301 Filioque
1594 3231 1885 3287 decernitis
1906 3232 1928 3285 t
1952 3233 2048 3286 Cui
2078 3229 2127 3294 'C
2157 3228 2239 3280 vel
2269 3227 2549 3280 sacriﬁciis
2577 3226 2822 3295 ﬁguravit
2848 3243 2863 3293 ;
2892 3242 3050 3295 quant
3078 3238 3132 3281 et
3160 3240 3302 3280 nunc
3346 3240 3581 3297 praesens
3621 3229 3741 3282 snt-

470 3336 605 3391 ego:
642 3320 754 3376 Una
786 3322 837 3373 in
872 3320 1040 3375 trilms
1068 3331 1153 3375 est
1183 3321 1457 3387 voluntas,
1492 3331 1753 3391 patestas,
1779 3323 2051 3394 operatio:

473 3422 609 3467 unus
638 3412 796 3468 Deus
836 3413 889 3467 itt
930 3412 1207 3479 trinitate,
1246 3424 1302 3468 et
1342 3414 1516 3468 trinus
1556 3414 1608 3469 in
1652 3415 1878 3470 unitate.
1921 3415 2055 3471 Tres

474 3516 757 3572 ρει-δυκερ,
789 3503 885 3557 sed
917 3516 1081 3556 unum
1113 3516 1336 3572 regnum
1356 3543 1371 3567 ,
1403 3517 1506 3556 una
1529 3502 1802 3570 maiestas,
1832 3519 1933 3558 una
1960 3519 2057 3574 po-

472 3596 640 3650 tentia
676 3595 1197 3664 ontnipmeutiaque.
1240 3594 1306 3649 Et
1345 3594 1477 3650 ille:
1516 3588 1754 3664 Spiritus
1792 3600 2051 3666 sanctus,

473 3684 679 3755 inquit,
707 3700 867 3755 quem
897 3685 1162 3755 aqualem
1186 3679 1329 3740 Patri
1352 3687 1601 3756 protert'ts
1622 3702 1686 3742 ac
1709 3682 1866 3754 Filio,
1890 3690 2051 3744 att-isi-

473 3791 578 3845 que
605 3777 781 3832 minor
809 3778 1089 3846 accipitur,
1119 3778 1243 3845 quis
1272 3788 1327 3833 et
1355 3792 1384 3831 a
1419 3778 1557 3833 Filio
1589 3781 1913 3848 pnmtissus,
1941 3790 1995 3837 et
2022 3796 2053 3837 a

475 3869 633 3925 Patre
659 3869 854 3939 legitur
875 3870 1092 3924 missus.
1117 3869 1286 3925 Nemo
1309 3871 1451 3926 enim
1479 3872 1757 3941 promittit,
1786 3873 1887 3927 nisi
1913 3873 2054 3942 quod

474 3978 586 4017 sua:
610 3962 961 4017 dominationi
990 3963 1258 4029 subsistit;
1292 3974 1344 4018 et
1374 3970 1535 4019 nemo
1563 3966 1760 4032 mittit,
1794 3966 1895 4019 nisi
1923 3966 2056 4022 infe-

474 4055 672 4110 riorem
707 4070 768 4110 se
789 4095 802 4118 ,
830 4056 971 4109 sicut
1001 4056 1114 4125 ipse
1138 4057 1212 4110 ait
1240 4058 1290 4110 in
1320 4055 1606 4127 Evangelia
1629 4074 1643 4110 :
1674 4057 1794 4112 Nisi
1815 4074 1904 4128 ego
1925 4060 2056 4112 abie-

472 4167 551 4215 ro,
588 4149 889 4204 Puracletus
920 4148 1011 4202 ille
1036 4166 1137 4203 non
1164 4149 1188 4188 δ
1221 4152 1382 4204 veniet
1406 4165 1424 4204 :
1452 4152 1494 4204 si
1521 4161 1691 4205 autem
1715 4152 1905 4218 abiero,
1938 4151 2054 4205 mit.

471 4254 576 4297 tam
607 4242 755 4296 illum
785 4243 854 4294 ad
885 4257 970 4295 eos
998 4241 1179 4312 (Joan.
1209 4257 1297 4296 xvi
1320 4285 1331 4307 ,
1358 4240 1435 4312 7).
1462 4242 1542 4296 Ad
1572 4242 1687 4296 haec
1713 4257 1811 4309 ego
1840 4255 2058 4310 respon-

469 4336 525 4389 di
548 4326 741 4390 :Dene
771 4334 936 4387 Filius
962 4344 1088 4387 ante
1119 4336 1421 4401 passionem
1451 4332 1556 4400 ait,
1588 4334 1709 4402 quia
1741 4333 1841 4386 nisi
1872 4332 1960 4386 ille
1987 4331 2054 4386 ad

475 4425 690 4479 Patrem
731 4426 904 4480 vietor
944 4427 1299 4492 remeaverit,
1331 4441 1393 4479 ac
1425 4427 1645 4496 proprio
1675 4425 1933 4495 sanguine
1964 4439 2052 4479 rc-

478 4516 699 4581 dempto
729 4515 960 4577 mundo,
993 4515 1209 4583 dignum
1245 4515 1355 4569 Deo
1383 4531 1446 4570 ex
1479 4515 1697 4569 homine
1728 4525 2054 4585 praepararet

2159 3316 2395 3388 fragatur
2424 3315 2690 3371 Martinus
2735 3328 2939 3382 noster,
2984 3317 3066 3372 vel
3110 3318 3349 3387 possedit
3386 3317 3437 3372 in
3482 3329 3737 3388 pectore,

2159 3413 2242 3462 vel
2272 3408 2509 3462 ostendit
2537 3408 2593 3463 in
2623 3422 2816 3475 opere,
2848 3416 2923 3461 «ut
2957 3412 3013 3462 et
3054 3417 3109 3461 tu
3151 3418 3443 3463 conversus
3486 3409 3740 3464 crederes

2163 3499 2580 3569 inseparabilem
2610 3498 2927 3554 Trinitatem
2946 3540 2964 3565 ,
2994 3509 3048 3554 et
3074 3509 3291 3568 accepta
3319 3515 3351 3555 a
3382 3499 3539 3555 nobis
3567 3500 3740 3556 licue-

2156 3589 2416 3660 dietione,
2443 3600 2769 3660 purgatoque
2788 3605 2818 3646 a
2840 3590 2994 3646 malae
3014 3589 3353 3646 credulitatis
3383 3590 3587 3647 v'eneno
3610 3606 3742 3662 pec-

2156 3692 2307 3751 tore,
2327 3684 2633 3741 delerentur
2660 3683 2967 3754 iniquitates
3006 3694 3130 3737 tu'e.
3156 3684 3225 3737 At
3255 3683 3348 3739 ille
3376 3682 3557 3740 furore
3584 3688 3740 3739 cont;

2156 3782 2372 3844 'I‘notus,
2402 3787 2457 3834 et
2482 3776 2663 3832 nescio
2690 3776 2818 3845 quid
2847 3776 3000 3845 quasi
3043 3776 3269 3831 insanus
3298 3774 3550 3832 frendens
3569 3818 3586 3843 ,
3617 3781 3697 3831 ait
3722 3795 3741 3832 :

2156 3872 2299 3927 Ante
2343 3871 2520 3925 anima
2568 3870 2639 3925 ab
2682 3869 2841 3939 hujus
2890 3868 3136 3938 corporis
3183 3871 3407 3926 vinculis
3453 3872 3654 3927 emicet
3683 3870 3740 3939 α,

2155 3976 2314 4031 quam
2373 3962 2443 4015 ab
2482 3961 2592 4015 ullo
2635 3960 2906 4029 religionis
2953 3974 3145 4014 vesme
3194 3962 3476 4016 sacerdote
3514 3962 3739 4017 benedik

2156 4053 2386 4108 ctionem
2427 4052 2708 4121 accipiam.
2752 4053 2818 4106 Et
2853 4067 2999 4122 ego:
3042 4052 3153 4107 Nec
3191 4064 3428 4109 nostram
3470 4053 3740 4110 Dominus

2156 4146 2470 4215 religionem
2504 4147 2616 4199 sive
2642 4145 2800 4200 tidem
2842 4147 2910 4199 ita
2941 4160 3217 4216 tepescere
3247 4144 3277 4183 ιι
3301 4147 3459 4202 iaciat
3483 4186 3498 4213 ,
3532 4160 3585 4202 ut
3615 4149 3736 4202 dis-

2158 4239 2460 4292 tribuamus
2510 4238 2765 4292 Sanctum
2811 4238 2929 4307 ejus
2977 4239 3228 4304 canibus,
3275 4252 3339 4293 ac
3374 4241 3740 4307 pretiosarum

2158 4332 2567 4398 margaritarum
2600 4344 2748 4382 sacra
2775 4329 2951 4398 porcis
2980 4327 3348 4396 squalentibus
3379 4340 3765 4397 exponamus._

2156 4420 2237 4475 Ad
2282 4422 2398 4473 haec
2439 4420 2527 4472 ille
2573 4419 2757 4472 relicta
2798 4418 3151 4472 altercatiune
3189 4420 3458 4485 surrexit,
3487 4426 3542 4473 et
3580 4420 3737 4474 altiit.

2156 4512 2260 4566 Sed
2292 4512 2528 4581 postlnec
2557 4527 2675 4564 eum
2722 4511 2773 4564 in
2816 4510 3096 4580 Hispanias
3123 4526 3370 4565 reversus
3400 4510 3625 4577 fuisset,
3660 4515 3739 4565 in~

476 4604 863 4667 habitaculum,
890 4618 994 4657 non
1019 4614 1191 4673 potest
1216 4614 1431 4658 sanctus
1446 4603 1694 4671 Spiritus,
1719 4605 1857 4660 idem
1882 4605 2045 4673 Deus,
2075 4605 2124 4665 Ι)
2156 4606 2404 4658 lirmitate
2428 4603 2765 4669 debilitatus,
2789 4602 2857 4657 ad
2886 4613 3120 4656 nostram
3152 4603 3461 4672 religionem
3493 4607 3742 4657 necrssi-

472 4695 527 4750 in
555 4704 773 4765 pectore
795 4693 1029 4749 fanatico
1074 4703 1133 4749 et
1152 4695 1423 4765 originalis
1441 4695 1686 4751 criminis
1710 4696 1825 4750 labe
1853 4696 2051 4753 infecto

471 4785 818 4841 descendere.
859 4784 1089 4855 Spiritus
1117 4785 1259 4839 enim
1285 4796 1523 4851 sanctus,
1558 4785 1629 4838 ait
1659 4784 1945 4854 Salomon,
1977 4788 2052 4858 ef-

472 4878 632 4949 fugiet
659 4887 679 4914 ε
712 4877 886 4944 [ictum
913 4876 1069 4947 (Sap.
1096 4893 1144 4942 ι,
1169 4873 1352 4947 5).⁷ῐ“υ
1375 4888 1550 4931 autem
1578 4879 1620 4931 si
1645 4894 1793 4947 spem
1816 4879 2047 4949 aliquam

477 4969 890 5029 resurrectionis
930 4972 1131 5033 habes,
1175 4972 1282 5025 noli
1323 4971 1467 5040 loqui
1505 4973 1761 5025 adversus
1792 4971 2048 5040 Spiritum

477 5074 755 5126 sanctum,
795 5063 955 5132 quia,
990 5062 1152 5130 juxta
1194 5063 1513 5116 sententiam
1548 5062 1787 5128 Domini,
1821 5060 1886 5115 In
1928 5062 2048 5131 Spi-

473 5158 578 5207 ritu
609 5163 785 5207 sancto
805 5151 831 5190 ἀ
856 5153 1228 5221 blaspltemanti
1248 5170 1349 5206 non
1374 5155 1675 5218 remittetur,
1701 5169 1859 5224 neque
1878 5154 1928 5206 in
1954 5154 2050 5208 hoc

473 5249 686 5313 seculo,
709 5263 864 5316 neque
884 5249 937 5302 in
962 5251 1138 5318 futuro
1162 5248 1377 5321 (Matth,
1402 5265 1508 5316 ait,
1531 5247 1645 5320 52).
1674 5249 1741 5304 Et.
1761 5248 1880 5303 ille:
1906 5248 2049 5305 Deus

548 5393 575 5456 ξι
609 5381 769 5456 βοή).
791 5423 806 5447 ,
840 5383 963 5456 Dec.
994 5394 1048 5456 et
1077 5384 1229 5438 Colb.
1262 5400 1346 5449 c.,
1376 5387 1490 5456 ejus
1520 5395 1566 5438 et
1586 5385 1774 5456 junior
1798 5396 1895 5439 est.

550 5454 578 5495 ι·
610 5454 825 5520 Regm.,
853 5453 1138 5507 Paraclitus
1165 5470 1286 5507 non.

472 5595 500 5651 ί
552 5536 579 5605 c_
609 5525 700 5646 [Sic
722 5523 909 5591 Corb.,
939 5534 991 5579 et
1021 5523 1208 5594 Regni.
1243 5524 1377 5579 Lditi
1406 5541 1524 5580 cum
1557 5527 1679 5581 Bcc.
1710 5534 1767 5581 ct
1794 5523 1944 5579 Cnlh.
1971 5539 2047 5591 c..

497 5613 609 5651 uate
636 5634 651 5647 .

497 5606 627 5664 ugtet
636 5634 651 5647 .

544 5661 574 5704 ⁸
612 5665 700 5719 Sic
728 5663 916 5731 Corb.,
947 5664 1161 5734 Regm.,
1195 5664 1319 5719 Bec.
1351 5675 1405 5721 et
1432 5667 1586 5723 Cutb.
1613 5682 1687 5729 c.,
1720 5680 1815 5733 pro
1841 5666 1894 5717 in
1925 5664 2049 5732 Spi-

472 5736 623 5788 ritum
648 5745 900 5789 sanctum.
927 5735 1062 5790 liditi
1080 5777 1097 5801 ,
1123 5735 1378 5803 Spiritum
1399 5746 1632 5791 sanctum
1653 5735 2042 5803 blasphemanti.

547 5814 570 5842 ι
609 5804 1013 5862 Observandum
1039 5823 1104 5863 ex
1134 5805 1236 5863 hoc
1264 5806 1383 5864 loco
1411 5810 1609 5863 nullum
1638 5807 1823 5862 haberi
1854 5818 2037 5861 veram

2156 4705 2269 4750 tate
2298 4705 2524 4765 cogente
2553 4702 2843 4748 conversus
2871 4702 2973 4747 est.

2229 4786 2387 4841 XLV.
2432 4787 2533 4841 Per
2570 4786 2708 4840 idem
2751 4794 2959 4853 tempus
2997 4784 3329 4854 Cnilpcricus
3370 4800 3461 4841 rev
3503 4778 3740 4856 séripsit

2156 4878 2448 4933 indiculunt
2476 4916 2490 4939 ,
2536 4884 2592 4929 ut
2632 4883 2819 4928 sancta
2862 4873 3094 4928 Trinitas
3137 4891 3240 4929 non
3286 4876 3336 4929 in
3382 4892 3744 4943 personarum

2153 4968 2531 5034 distinctione,
2581 4968 2674 5022 sed
2715 4976 2918 5021 tantum
2961 4967 3099 5022 Deus
3139 4968 3546 5022 nominaretur:
3577 4980 3769 5046 asse-L

2158 5070 2283 5117 rens
2312 5061 2594 5131 ind‘gnum
2627 5074 2780 5125 esse,
2813 5071 2868 5114 ut
2914 5059 3052 5113 Deus
3095 5072 3353 5129 persona,
3394 5059 3531 5112 sicut
3567 5058 3747 5114 homo
3803 5120 3815 5129 ,

2154 5164 2414 5215 carneus,
2449 5148 2849 5210 nominaretur;
2873 5147 3033 5219 257
3056 5145 3330 5201 afﬁrmans
3356 5148 3517 5202 etiam
3551 5147 3745 5216 ipsum

2152 5255 2273 5296 esse
2328 5241 2539 5295 Patrem
2591 5238 2681 5309 qui
2726 5246 2811 5293 est
2854 5237 3057 5303 Ftlius;
3105 5236 3353 5308 idemque
3389 5238 3562 5307 ipsum
3608 5254 3749 5295 esse

2157 5381 2465 5449 religionem
2484 5419 2499 5441 ,
2531 5377 2750 5433 dimissa
2781 5376 3032 5432 Ecclesia:
3060 5377 3339 5431 catholica:
3380 5377 3517 5449 fide,
3550 5386 3609 5431 ut
3643 5377 3751 5437 hic

2153 5448 2384 5507 Arianus
2403 5491 2419 5514 ,
2443 5450 2531 5516 qui
2554 5462 2742 5503 omnes
2772 5449 2939 5502 bonas
2965 5460 3259 5517 agnoscens
3277 5486 3292 5513 ,
3317 5448 3515 5501 nullam
3540 5461 3603 5502 se
3630 5452 3749 5503 ha-

2155 5523 2337 5577 buisse
2367 5519 2757 5574 tnanil'estabat.

2231 5591 2245 5629 ί
2291 5590 2346 5644 ld
2371 5598 2456 5665 est
2485 5591 2536 5665 in
2569 5587 2813 5643 rationali
2838 5587 3166 5657 Pontiﬁcali,
3197 5588 3286 5644 ubi
3309 5588 3472 5665 λόγος,
3498 5600 3594 5643 seu
3628 5587 3749 5648 Dei

2152 5676 2345 5717 nomen
2370 5659 2657 5727 legebatur.

2228 5741 2254 5780 s
2296 5732 2480 5799 llegtn.
2492 5769 2508 5795 ,
2537 5739 2817 5799 separetur.

2217 5801 2244 5839 ιι
2285 5802 2427 5857 Idem
2456 5810 2509 5857 et
2533 5800 2712 5866 Colb.,
2742 5800 3003 5862 tabescere.
