4016 6338
538 297 646 352 365

1530 286 1586 341 S.
1629 277 1951 339 GREGORH
1993 274 2286 331 EPIStZUf‘I
2329 276 2755 333 TURUNENSIS

3695 280 3801 337 565

542 408 786 465 rtbilibus
807 403 1180 468 sacramentis,
1215 411 1271 455 ut
1297 401 1349 455 in
1380 396 1605 455 ecclesia
1638 399 1727 451 illa
1773 414 1875 451 non
1898 394 2112 451 ordina-
2136 395 2189 448 Α
2217 400 2534 443 auctoritate
2564 393 2785 450 valeret,
2817 388 2883 441 ad
2927 388 3276 442 Marcovefam
3332 392 3587 458 reginam,
3634 408 3799 461 quam

540 508 687 552 retur
710 505 1024 560 extraneos,
1056 507 1160 545 non
1186 491 1432 560 cupidus,
1461 504 1565 544 non
1597 486 1867 557 conjtrgali
1900 484 2112 538 vinculo

542 600 730 652 nexus,
761 584 857 639 sed
903 585 970 639 ab
1017 585 1102 638 his
1147 583 1396 637 omnibus
1444 580 1747 650 expeditus,
1780 578 1870 648 qui
1903 579 1953 630 in
1985 576 2114 628 solis

540 687 745 730 tantum
782 674 1063 730 dominicis
1110 674 1355 728 laudibus
1393 671 1654 741 degebat,
1678 669 2109 723 substitueretur.

538 768 921 821 'l‘ransobadus
960 776 1134 821 autem
1168 765 1446 833 presbyter
1477 762 1693 831 epulum
1738 761 1788 812 in
1836 760 1947 825 ipsa
1984 757 2114 809 urbe

539 860 749 915 clericis
804 868 1086 928 prmparat.
1143 855 1513 909 Residentibus
1561 861 1738 905 autem
1792 848 1919 913 illis,
1978 861 2113 900 unus

541 953 975 1021 presbyterorum
1007 949 1167 1015 cmpit
1188 947 1481 1000 antistitem
1515 951 1868 997 memoratum
1894 937 2115 1007 impudi-

542 1044 617 1095 cis
674 1042 1097 1107 blasprltemarea
1134 1036 1511 1097 sermonibus;
1566 1043 1620 1088 et
1676 1048 1844 1101 usque
1890 1032 1954 1084 ad
2014 1030 2114 1083 hoc

540 1131 736 1199 erupit,
764 1140 819 1184 ιιι
838 1145 959 1185 eum
988 1129 1213 1183 delirum
1245 1136 1300 1181 et
1322 1126 1520 1179 fatuum
1553 1125 1874 1178 nominaret.
1902 1122 2026 1175 lltcc
2048 1135 2113 1175 eo

541 1222 775 1284 dicente,
806 1221 1059 1288 pincerna
1085 1218 1333 1287 poculum
1357 1218 1635 1271 oblaturus
1662 1214 1897 1268 advenit.
1932 1214 2000 1266 At
2026 1212 2113 1265 ille

546 1323 819 1379 acceptum
860 1312 983 1365 dum
1013 1313 1093 1364 ori
1126 1309 1407 1378 proximat,
1440 1316 1671 1360 tremere
1699 1304 1883 1372 cmpit,
1912 1304 2115 1356 laxato-

538 1419 647 1473 que
676 1405 743 1457 de
768 1417 925 1457 manu
954 1400 1142 1467 calice,
1169 1412 1329 1467 super
1353 1399 1499 1452 illum
1527 1397 1636 1470 [ΑΙ.
1667 1393 1872 1466 alium],
1894 1394 1983 1463 qui
2012 1392 2114 1447 sibi

528 1503 659 1549 erat
707 1494 1001 1564 proximus,
1033 1501 1194 1561 caput
1240 1491 1528 1555 reclinans,
1560 1487 1798 1545 reddidit
1837 1486 2111 1556 spiritum,

542 1587 852 1655 ablatusque
880 1584 949 1639 ab
975 1580 1134 1653 epulo
1161 1584 1227 1637 ad
1268 1583 1571 1652 sepulcrum
1592 1622 1607 1647 ,
1637 1580 1798 1634 humo
1838 1586 2115 1633 contectus

541 1686 644 1730 est.
664 1674 921 1729 Posthac
949 1673 1148 1727 relecto
1172 1679 1491 1726 testamento
1516 1668 1773 1723 antistitis
1796 1666 1849 1720 in
1878 1678 2115 1734 praesen-

2215 476 2559 532 Charibertus
2587 493 2680 531 rex
2712 478 2930 531 nimium
2958 478 3180 547 diligens
3210 478 3261 531 in
3294 477 3413 531 loco
3444 481 3646 534 sororis
3673 490 3799 537 toro

2216 570 2497 633 asciverat,
2527 569 2673 637 fugit.
2703 570 2831 635 Quae
2872 569 3099 621 libenter
3129 583 3251 622 eum
3293 570 3573 639 colligens,
3599 587 3797 640 provo-

2214 669 2300 711 cat
2332 657 2374 723 ί,
2396 675 2761 729 equorumque
2786 661 3065 714 meliorum
3096 660 3316 729 deputat
3336 677 3457 717 esse
3487 664 3793 720 custodem.

2215 750 2351 803 Hinc
2374 750 2483 819 jam
2512 752 2765 805 obsessus
2789 751 3041 829 vanitate,
3069 766 3133 806 ac
3152 754 3417 820 superbia}
3440 754 3675 817 deditus,
3705 770 3797 811 co-

2215 840 2457 894 mitatum
2485 843 2651 895 ambit
2690 841 3021 894 stabulorum
3058 839 3103 893 i.
3132 841 3249 906 Quo
3278 850 3519 910 accepto,
3567 854 3796 899 cunctos

2216 929 2445 998 despicit
2474 948 2535 984 ac
2568 934 2868 1000 postponit;
2904 933 3114 986 inﬂatur
3156 934 3318 1003 261
3354 936 3606 1000 vanitate,
3642 936 3797 989 luxu-

2215 1019 2293 1073 ria
2334 1021 2665 1084 dissolvitur,
2691 1022 2981 1091 cupiditate
3019 1023 3381 1085 succenditur,
3415 1032 3467 1076 et
3515 1025 3566 1076 in
3616 1026 3800 1079 causis

2216 1118 2451 1177 patrona:
2487 1112 2732 1165 alumnus
2789 1113 3033 1180 proprius
3090 1111 3191 1167 huc
3245 1112 3479 1182 illucque
3528 1115 3793 1169 defertur.

2217 1201 2383 1269 Cujus
2413 1210 2534 1270 post
2562 1202 2763 1257 obitum
2787 1203 3017 1258 refertus
3040 1205 3254 1275 praedis,
3272 1205 3446 1259 locum
3470 1205 3643 1274 ipsum
3673 1224 3797 1263 cum

2215 1306 2341 1361 rege
2395 1292 2709 1348 Chariberto
2756 1295 2954 1348 oblatis
3002 1295 3313 1348 muneribus
3364 1306 3547 1352 tenere
3606 1304 3796 1369 cmpit.

2216 1381 2482 1447 l’osthaac,
2518 1383 2748 1450 peccatis
2779 1384 2959 1453 papuli
2989 1383 3379 1453 ingruentibus,
3409 1400 3594 1440 comes
3623 1388 3798 1441 Turo-

2220 1472 2305 1525 nis
2354 1472 2671 1537 destinatur,
2714 1473 2895 1543 ibique
2940 1488 2999 1529 se
3046 1474 3276 1543 amplius
3325 1477 3548 1531 honoris
3574 1479 3798 1547 gloriosi

2217 1563 2506 1633 supercilio
2551 1565 2748 1633 jactat;
2784 1564 2857 1619 ibi
2904 1579 2963 1619 se
3010 1564 3231 1619 exhibet
3282 1581 3528 1634 rapacem
3577 1569 3795 1636 prtedis,

2220 1653 2485 1725 turgidum
2516 1655 2670 1722 rixis,
2688 1655 2968 1711 adulteriis
2986 1657 3305 1712 lutulentum
3326 1675 3341 1709 :
3359 1658 3445 1712 ubi
3473 1659 3796 1716 seminando

534 1768 615 1820 ria
636 1764 964 1821 Childeberti
987 1763 1128 1834 regis
1148 1777 1213 1817 ac
1242 1776 1523 1833 procerum
1545 1761 1685 1830 ejus,
1702 1755 2039 1813 Theodosius
2061 1754 2109 1817 δ,

2217 1744 2536 1810 discordias,
2591 1754 2648 1800 et
2700 1745 2979 1800 inferendo
3031 1747 3353 1816 calumnias,
3400 1763 3506 1802 non
3555 1751 3797 1806 modicos

539 1854 629 1923 qui
656 1865 783 1909 tunc
826 1852 1259 1908 archidiaconatu
1289 1852 1438 1908 urbis
1479 1851 1621 1906 illius
1652 1848 1973 1920 potiebatur,
2000 1847 2113 1917 epi-

536 1958 735 2012 scopus
755 1944 1034 1999 ordinatus
1061 1952 1166 1998 est.

612 2036 841 2091 XLVIII.
867 2036 1107 2090 Audiens
1136 2044 1159 2073 ο
1190 2042 1365 2087 autem
1396 2031 1732 2101 Cltilpericus
1758 2030 1935 2085 omnia
1975 2028 2112 2083 mala

541 2144 660 2197 qua:
694 2128 923 2182 faciebat
952 2126 1242 2179 Lcudastes
1270 2124 1514 2179 ecclesiis
1548 2123 1851 2187 Turonicis,
1887 2128 1941 2176 et
1969 2119 2111 2174 omni

540 2216 705 2286 260
753 2216 968 2284 populo,
1012 2213 1375 2267 Ansoualdum
1408 2212 1434 2247 ά
1480 2212 1605 2265 illuc
1643 2211 1862 2280 dirigit:
1891 2211 1978 2278 qui
2020 2223 2113 2262 ve.

544 2307 694 2359 niens
733 2304 799 2358 ad
843 2301 1180 2357 festivitatem
1230 2302 1395 2355 sancti
1438 2300 1672 2366 Martini,
1701 2299 1825 2353 data
1878 2298 2032 2353 nobis
2060 2307 2115 2352 et

544 2396 738 2465 populo
782 2396 1021 2463 optione,
1068 2394 1359 2448 Eunomius
1410 2392 1462 2446 in
1509 2392 1817 2446 comitatum
1867 2390 2110 2459 erigitur.

545 2485 781 2555 Denique
812 2484 1102 2539 Leudastcs
1141 2497 1366 2538 cernens
1396 2496 1453 2537 se
1481 2490 1765 2547 remotum,
1798 2480 1863 2534 ad
1904 2479 2114 2548 Chilpe-

544 2574 710 2629 ricum
758 2573 962 2643 dirigit,
995 2573 1178 2628 dicens
1211 2590 1224 2625 :
1256 2571 1436 2642 Usque
1474 2588 1637 2638 nunc,
1661 2586 1694 2626 ο
1718 2571 1951 2639 piissime
1994 2585 2111 2634 rea,

541 2662 805 2717 custodivi
847 2661 1114 2716 civitatem
1154 2660 1508 2725 Turonicam;
1542 2675 1681 2713 nunc
1710 2670 1885 2713 autem
1933 2673 2018 2712 me
2047 2658 2114 2712 ab

543 2753 755 2809 actione
784 2763 1014 2815 remoto,
1054 2752 1173 2807 vide
1211 2752 1436 2818 qualiter
1464 2751 1816 2806 custodiatur.
1848 2750 1981 2804 Nam
2012 2764 2110 2803 no-

550 2844 694 2899 veris
720 2845 844 2913 quia
894 2842 1179 2912 Gregorius
1222 2843 1501 2910 episcopus
1542 2856 1658 2896 eam
1686 2840 1751 2894 ad
1784 2841 1945 2894 lilium
1978 2838 2112 2907 Sigi-

546 2935 680 2989 berti
721 2933 931 2987 tradere
973 2932 1224 2985 destinat.
1258 2932 1407 2997 Quod
1452 2931 1671 2985 audiens
1711 2945 1830 2994 rex,
1864 2928 1936 2983 ait
1967 2947 1978 2982 :
2010 2929 2114 2985 Ne-

546 3039 831 3092 quaquam,
862 3023 957 3077 sed
988 3022 1109 3091 quia
1154 3030 1393 3076 remotus
1441 3035 1520 3084 es,
1552 3021 1672 3078 ideo
1705 3022 1818 3075 hmc
1864 3014 2110 3090 apponis.

2214 1834 2497 1891 thesauros
2541 1836 2868 1906 aggregavit.
2902 1835 3029 1890 Post
3072 1836 3273 1891 obitum
3324 1851 3453 1892 vero
3492 1838 3798 1895 Chariberti

2213 1940 2337 1981 cum
2368 1926 2420 1979 in
2452 1925 2701 1995 Sigiberti
2732 1934 2931 1981 sortem
2963 1927 3151 1981 civitas
3196 1928 3282 1981 illa
3314 1930 3568 1993 venisset,
3614 1940 3796 1986 trans-

2219 2028 2381 2071 etmte
2406 2030 2471 2070 eo
2499 2016 2565 2070 ad
2596 2015 2975 2085 Cbilpericum,
3006 2018 3185 2070 omnia
3216 2032 3335 2087 qua:
3377 2019 3557 2088 inique
3605 2036 3796 2091 aggre-

2214 2118 2498 2180 gaverat,a
2518 2110 2762 2165 fidelibus
2783 2111 3040 2165 nominati
3075 2113 3213 2177 regis
3243 2112 3447 2183 direpta
3477 2126 3621 2171 sunt.
3658 2118 3791 2173 Per-

2215 2201 2445 2256 vadentc
2497 2202 2656 2270 igitur
2703 2200 3003 2270 Chilperico
3050 2204 3174 2270 rege
3224 2218 3318 2270 per
3362 2204 3792 2263 Theodobertum

2213 2291 2381 2346 ﬁlium
2411 2291 2598 2345 urbem
2640 2290 3137 2357 Turonicam,icum
3162 2294 3272 2361 jam
3302 2309 3401 2363 ego
3434 2296 3666 2351 Turonis
3697 2300 3792 2353 ad-

2216 2382 2508 2449 venissem,
2540 2381 2669 2437 mihi
2714 2398 2745 2436 a
2784 2383 3156 2439 Theodoberto
3183 2396 3400 2441 strenue
3446 2390 3792 2444 commenda-

2216 2486 2322 2543 ιιι,
2349 2484 2406 2530 ut
2428 2476 2638 2530 scilicet
2659 2476 2914 2530 comitatu
2948 2493 3103 2545 quem
3136 2478 3282 2545 prius
3306 2478 3561 2533 habuerat
3594 2483 3792 2548 potire-

2217 2577 2321 2622 tur.
2352 2568 2569 2621 Multum
2613 2582 2674 2621 se
2704 2567 2857 2621 nobis
2889 2570 3138 2621 humilem
3180 2569 3552 2638 subditutnque
3598 2574 3790 2628 tedde-

2215 2660 2321 2725 bat,
2348 2658 2536 2727 jnrans
2564 2658 2759 2726 saepius
2790 2674 2953 2725 super
2978 2659 3282 2727 sepulcrum
3317 2662 3484 2715 sancti
3506 2664 3787 2731 antiStitis,

2214 2764 2482 2820 nunquam
2507 2764 2565 2803 se
2590 2757 2774 2803 contra
2800 2748 3027 2803 rationis
3056 2749 3300 2804 ordinem
3326 2766 3445 2806 esse
3475 2764 3785 2821 venturum,

2212 2860 2378 2913 seque
2399 2844 2554 2904 mihi,
2586 2852 2689 2897 tam
2713 2844 2764 2897 in
2787 2843 2960 2897 causis
2988 2842 3237 2912 pr0priis,
3268 2858 3426 2913 quam
3451 2846 3503 2898 iu
3536 2846 3787 2901 Ecclesia

2221 2936 2654 2997 necessitatibus,
2710 2935 2760 2987 iu
2810 2934 3056 2988 omnibus
3104 2949 3224 2988 esse
3270 2935 3499 2990 fidelem.
3545 2935 3788 2995 Timebat

2225 3027 2549 3094 enim,quod
2580 3036 2761 3096 postca
2786 3025 2983 3090 evenit,
3008 3040 3076 3079 ne
3093 3025 3276 3079 urbem
3306 3026 3448 3080 illam
3476 3026 3663 3087 iterum
3694 3043 3790 3086 rex

546 3115 613 3168 Et
655 3113 791 3169 ille:
836 3100 1050 3180 Majora,
1086 3112 1275 3181 inquit.
1319 3112 1385 3167 de
1431 3122 1480 3165 te
1524 3112 1598 3165 ait
1642 3112 1940 3179 episcopus.
1982 3113 2109 3165 Dicit

2223 3120 2520 3189 Sigibertus
2569 3121 2620 3172 in
2663 3133 2817 3173 suum
2864 3117 3157 3172 dominium
3208 3125 3503 3171 revocaret.
3534 3116 3651 3184 Quo
3692 3117 3790 3173 de-

538 3204 683 3259 enim
719 3205 953 3273 reginam
985 3213 1127 3257 tuam
1160 3204 1211 3256 in
1240 3203 1502 3257 adulterio
1532 3218 1651 3257 cum
1676 3204 1927 3272 episc0po
1960 3206 2108 3258 Bert-

541 3302 798 3351 chramno
826 3296 1059 3350 misceri.
1093 3296 1243 3350 Tunc
1273 3298 1438 3349 iratus
1472 3311 1586 3359 rex,
1611 3310 1807 3350 cazsum
1842 3296 2028 3365 pugnis
2059 3309 2110 3351 et

539 3387 793 3453 calcibus,
834 3394 1111 3440 oneratum
1151 3384 1292 3439 ferro
1340 3385 1537 3439 recludi
1572 3387 1823 3455 prazcepit
1876 3389 1926 3441 in
1980 3402 2108 3439 car-

544 3493 689 3532 cere.

618 3570 802 3623 XLIX.
835 3570 1113 3637 Sedequia
1142 3568 1277 3623 liber
1308 3570 1464 3623 finem
1488 3570 1734 3638 postulat,
1769 3583 1984 3622 narrare
2014 3570 2109 3622 ali-

542 3678 645 3729 qua
674 3664 740 3716 de
766 3662 884 3730 ejus
913 3662 1208 3714 actionibus
1235 3662 1393 3727 libet;
1422 3663 1515 3715 sed
1545 3662 1693 3729 prius
1716 3660 1922 3714 videtur
1941 3674 2109 3729 genus

542 3766 603 3805 ac
648 3752 893 3819 patriam,
926 3764 1205 3819 moresque
1251 3752 1439 3805 ordiri.
1469 3750 1702 3804 Craciua
1739 3750 1755 3787 τ
1784 3751 2108 3805 Pictavcnsis

544 3841 715 3893 insula
748 3841 1025 3904 vocitatur,
1057 3840 1107 3892 in
1156 3854 1255 3909 qua
1294 3855 1323 3894 a
1366 3840 1562 3895 ﬁscalis
1603 3840 1844 3894 vinitoris
1878 3850 1901 3887 Β
1928 3857 2105 3909 servo,

547 3931 810 3987 Leucadio
850 3931 1084 3997 nomine,
1110 3932 1367 3987 nascitur.
1393 3932 1597 3986 Exinde
1624 3934 1690 3985 ad
1728 3934 2001 3987 servitium
2023 3948 2111 3986 ar-

545 4022 793 4088 cessitus,
824 4023 1014 4075 culina:
1063 4022 1220 4091 regite
1264 4024 1569 4089 deputatur.
1617 4023 1721 4078 Sed
1774 4025 1892 4091 quia
1952 4023 2110 4091 lippis

549 4122 663 4168 crat
700 4114 753 4167 in
799 4112 1155 4167 adolescentia
1207 4112 1396 4181 oculis,
1430 4115 1620 4181 quibus
1667 4113 1795 4167 fumi
1844 4117 2108 4169 acerbitas

549 4221 652 4259 non
682 4204 1027 4274 congruebat,
1051 4214 1259 4259 amotus
1281 4220 1308 4257 a
1340 4205 1533 4267 pistillo
1555 4217 1895 4272 promovetur
1921 4208 1985 4261 ad
2017 4223 2108 4262 co-

553 4294 770 4362 phinum
798 4292 848 4348 δ.
880 4293 981 4348 Sed
1015 4294 1138 4347 dum
1171 4294 1306 4347 inter
1338 4294 1679 4348 fermentatas
1710 4310 1912 4349 massas
1942 4312 1998 4350 se
2018 4298 2109 4351 de-

545 4387 725 4440 lectari
771 4384 1111 4448 consimulat,
1143 4385 1414 4438 servitium
1467 4386 1638 4453 fugam
1694 4385 1865 4439 iniens
1914 4386 2108 4441 dereli-

2214 3210 2415 3275 funt-to,
2449 3208 2770 3263 succedente
2795 3209 2981 3261 iterum
3015 3206 3320 3274 Chilperico
3342 3206 3393 3259 in
3416 3220 3657 3275 regnum,
3687 3205 3792 3262 iste

2212 3303 2269 3357 in
2316 3304 2623 3357 comitatum
2673 3300 2903 3355 accedit.
2938 3299 3269 3353 Adveniente
3323 3308 3498 3352 autem
3552 3298 3790 3354 Turonis

2216 3393 2560 3454 lllerovwho,
2590 3406 2778 3446 omnes
2824 3406 2909 3444 tes
2952 3390 3068 3459 ejus
3116 3405 3495 3458 usquequaque
3542 3388 3787 3455 diripuit.

2210 3484 2316 3538 Sed
2347 3484 2470 3535 dum
2493 3482 2787 3551 Sigibertus
2819 3480 2951 3533 duos
2968 3493 3137 3531 annos
3159 3477 3388 3532 Turonis
3414 3477 3601 3541 tenuit,
3630 3476 3790 3532 hicin

2215 3575 2500 3628 Britanniis
2528 3572 2700 3626 latuit.
2718 3571 2817 3636 Qui
2844 3578 3210 3639 assumpto,ut
3238 3559 3487 3623 diximus.
3506 3569 3788 3633 comitatu,

2212 3666 2263 3719 in
2292 3666 2382 3719 tali
2413 3664 2625 3718 levitate
2670 3664 2840 3716 elatus
2868 3671 2973 3727 est,
3004 3672 3057 3714 ut
3090 3664 3138 3714 in
3171 3660 3330 3714 domo
3375 3660 3619 3715 ecclesia:
3658 3675 3788 3714 cum

2214 3755 2522 3810 thoracibus
2551 3763 2709 3821 atque
2734 3754 2938 3816 loricis,
2968 3754 3285 3821 prmeinctus
3309 3752 3555 3819 pharetra
3579 3760 3633 3806 et
3656 3767 3791 3806 con-

2213 3854 2323 3899 tum
2369 3859 2525 3897 manu
2575 3857 2788 3912 gerens,
2822 3842 2997 3908 capite
3043 3844 3250 3908 galeato
3294 3841 3688 3910 ingrederetur,
3720 3842 3793 3895 de

2212 3939 2359 3992 nullo
2386 3951 2630 4002 securus,
2660 3937 2780 4002 quia
2809 3935 3057 3987 omnibus
3085 3940 3200 3987 erat
3229 3932 3485 3986 adversus
3512 3930 3561 3984 ι.
3594 3930 3712 3985 Jam
3740 3933 3790 3988 si

2212 4030 2264 4082 in
2297 4027 2498 4097 judicio
2529 4040 2649 4079 cum
2679 4024 2997 4087 senioribus,
3027 4022 3108 4077 vel
3144 4018 3314 4084 laicis,
3352 4021 3433 4074 vel
3462 4022 3675 4076 clericis
3703 4036 3791 4076 re-

2210 4119 2455 4184 sedisset,
2480 4126 2536 4172 et
2584 4116 2807 4170 vidisset
2847 4114 3114 4168 hominem
3160 4112 3422 4180 justitiam
3453 4124 3792 4179 prosequen-

2213 4221 2340 4275 tem,
2377 4210 2611 4280 protinus
2640 4209 2894 4277 agebatur
2927 4208 2979 4259 in
3013 4204 3199 4269 furias,
3249 4205 3497 4259 ructabat
3540 4205 3787 4259 convicia

2213 4302 2264 4354 in
2288 4299 2464 4362 cives;
2494 4297 2835 4367 presbyteros
2881 4296 3106 4349 manicis
3131 4295 3353 4363 jubebat
3382 4292 3608 4355 extrahi,
3643 4292 3789 4346 mili-

2214 4401 2293 4446 tes
2318 4391 2540 4444 fustibus
2570 4388 2835 4443 verberari
2856 4403 2871 4451 ;
2890 4394 3139 4453 tantaque
3166 4386 3407 4437 utebatur
3435 4383 3783 4449 crudelitate,

540 4477 675 4543 quit.
705 4480 952 4543 Cumque
984 4475 1064 4527 bis
1109 4484 1200 4527 aut
1244 4476 1403 4529 tertio
1449 4478 1697 4529 reductus
1724 4491 1751 4528 a
1786 4477 1918 4546 fugae
1959 4479 2106 4547 lapsu
2140 4460 2190 4520 Ῑ)
2217 4494 2272 4537 tit
2314 4483 2398 4536 vix
2426 4481 2613 4537 referri
2641 4478 2661 4549 ξ
2706 4478 2895 4547 possit.
2933 4477 3247 4531 Discedente
3277 4474 3435 4544 262
3464 4486 3638 4527 autem
3672 4474 3787 4528 Me-

549 4564 713 4617 teneri
766 4579 867 4615 non
919 4573 1126 4629 posset,
1154 4564 1294 4617 auris
1328 4566 1482 4619 unius
1514 4566 1767 4619 incisione
1799 4569 2104 4626 mulctatur.

549 4656 745 4709 Dehinc
788 4669 905 4707 cum
958 4664 1134 4707 notam
1170 4655 1421 4709 intlictam
1452 4658 1661 4725 corpori
1696 4657 1936 4712 occulere
1968 4663 2107 4714 nulla

614 4825 636 4849 τι
660 4814 790 4866 llinc
818 4821 934 4864 nata
968 4827 1065 4865 vox
1100 4824 1274 4865 nostra
1303 4812 1501 4867 Gallica
1534 4816 1741 4877 bldmer,
1766 4832 1883 4883 qua:
1917 4817 2000 4871 hic
2023 4831 2104 4873 est

543 4895 593 4935 ct
624 4899 767 4951 saepe
814 4883 966 4945 alias,
1000 4884 1134 4950 apud
1165 4884 1503 4951 Gregorium,
1546 4884 1699 4951 ltujus
1731 4888 1872 4939 vocis
1901 4889 2103 4955 signifi-

542 4956 701 5005 t'alin.

613 5024 636 5059 ι»
671 5024 879 5089 ιζοςςηι..
913 5020 1160 5074 Thcodus.
1194 5021 1269 5073 De
1311 5022 1408 5072 hoc
1438 5028 1490 5073 et
1520 5021 1636 5074 aliis
1669 5023 1752 5075 hic
1796 5030 2103 5084 memoratis

543 5093 631 5141 lib.
669 5107 733 5151 vt,
760 5107 858 5159 cap
885 5090 976 5143 38.

614 5171 636 5196 ε
674 5156 952 5213 ῡροείιιοε
979 5170 1133 5225 caput
1164 5159 1215 5209 in
1242 5156 1395 5209 Corb.

615 5227 638 5263 ι*
674 5231 881 5298 ιῒρςπιη
915 5230 1250 5298 Ausonidum.

617 5307 639 5334 ε
674 5294 784 5370 Hoc
804 5309 982 5365 caput,
1000 5300 1139 5370 quod
1175 5296 1226 5347 in
1248 5294 1519 5370 _ple_risque
1545 5299 1700 5370 codd.
1718 5316 1746 5354 a
1769 5304 2101 5370 praecedente

539 5382 644 5421 non
678 5364 1036 5436 distinguitur,
1071 5364 1297 5436 deestﬂin
1320 5364 1478 5418 Corb.
1514 5378 1566 5420 et
1593 5368 1744 5423 Colb.

614 5438 629 5475 t
669 5432 865 5505 τιθείης
903 5445 962 5511 ει
1009 5434 1161 5511 B_ad.,
1207 5432 1447 5511 Grncina.
1496 5439 1762 5511 Altcserra
1816 5443 2096 5511 legendum

536 5519 654 5561 esse
681 5504 864 5560 censet
894 5504 1261 5570 Eruciumqun
1280 5504 2096 5575 nominedesignareturvlladina

537 5577 727 5637 insula,
760 5576 861 5628 i‘ile
887 5576 950 5625 de
984 5575 1053 5626 Ré
1114 5583 1167 5625 ιιι
1213 5575 1424 5640 scripsit
1461 5575 1696 5643 Papirius
1730 5580 2001 5636 Massonus
2046 5586 2096 5639 in

532 5646 1197 5712 Mammiumﬂuviorum.
1226 5642 1353 5696 lltnc
1379 5642 1613 5701 Valesius
1643 5651 1817 5703 mallet
1850 5653 1947 5723 legi
1972 5656 2095 5708 Cm-

2216 4573 2465 4636 rovedto,
2496 4572 2581 4639 qui
2620 4583 2705 4623 res
2737 4568 2851 4637 ejus
2890 4567 3202 4633 diripuerat,
3235 4564 3388 4617 nobis
3429 4562 3788 4617 calumniator

2213 4665 2410 4727 existit,
2429 4676 2674 4717 asserens
2703 4659 2961 4713 fallaciter
2992 4657 3365 4711 lllerovechum
3392 4665 3571 4709 nostro
3617 4669 3778 4709 usam

2213 4822 2317 4873 tina
2354 4828 2443 4872 aut
2482 4819 2685 4872 limina.
2718 4815 2853 4869 Olim
2885 4814 3160 4868 dicebatur
3193 4812 3360 4867 Uerus
3385 4827 3478 4868 seu
3514 4811 3671 4864 [ferio
3702 4812 3783 4867 in-

2212 4892 2348 4951 sula,
2383 4904 2499 4956 qua:
2526 4902 2635 4938 orre
2667 4885 2959 4956 Pictavensi
2993 4884 3218 4956 adjacet.

2283 4969 2306 5002 ιτ
2338 4950 2493 5021 Β;ι’‹1.,
2524 4975 2554 5008 α
2583 4955 2779 5023 [iaculis-
2802 4950 3071 5006 nmltorisﬁ
3108 4952 3319 5020 Regm.,
3367 4952 3557 5020 ﬁscalt's
3611 4950 3782 5004 vincto

2208 5045 2367 5081 servo.

2284 5096 2307 5131 ¹¹
2342 5098 2392 5150 Id
2422 5108 2523 5160 est,
2549 5112 2578 5149 e
2602 5109 2772 5161 coquo
2806 5093 2858 5145 fit
2882 5092 3069 5159 pistor.

2289 5166 2299 5202 ί
2337 5166 2389 5219 Id
2422 5159 2522 5228 est,
2543 5159 2836 5231 promovet,
2856 5171 2912 5214 ut
2932 5176 2992 5215 ex
3022 5161 3138 5214 aliis
3160 5160 3403 5229 Gregorii
3436 5159 3567 5212 locis
3598 5167 3774 5231 patet.

2284 5237 2297 5285 i
2341 5230 2765 5290 Comesstabuli
2796 5246 3050 5299 t'qttut'ttm
3084 5231 3337 5299 principis
3382 5243 3567 5282 curant
3614 5230 3787 5280 habe-

2211 5306 2320 5370 bat,
2351 5320 2468 5372 qu:e
2498 5304 2727 5372 dignitas
2758 5297 2937 5372 postea
2972 5301 3213 5372 utilitatis
3242 5297 3401 5358 facta,
3428 5299 3648 5372 multum
3692 5312 3787 5347 ac-

2208 5367 2392 5428 crevit.
2404 5373 2527 5442 Ejus
2543 5367 2719 5425 munia
2743 5380 2797 5442 et
2820 5371 3145 5442 incrementa
3175 5368 3289 5442 fuse
3310 5368 3525 5436 exponit
3544 5367 3788 5433 Canng

2209 5446 2260 5498 in
2294 5439 2582 5505 Gloss'ario,
2616 5441 2753 5513 quod
2792 5441 3075 5494 consulere
3104 5439 3369 5494 neminem
3402 5452 3631 5506 unquam
3667 5451 3789 5504 ιιωο

2211 5515 2417 5568 nitebit.

2282 5583 2301 5617 ¹⁶
2348 5583 2564 5651 Regm.,
2608 5584 2911 5634 contrarius.
2945 5579 3101 5634 Num.

2283 5653 2299 5688 ¹
2346 5655 2484 5707 ldcm
2512 5654 2699 5717 codex,
2732 5655 2811 5705 vix
2840 5655 2970 5719 {erro
2997 5652 3172 5717 possit.
