4016 6338
418 433 520 492 365

1334 457 1649 517 HISTORIA
1695 464 2138 523 FRANCORUPJ.
2178 468 2380 527 LIBER
2422 478 2737 543 QUINTUS.

3564 516 3665 571 566

416 553 658 620 οοηεδῐίο.
689 564 746 611 ιιι
774 571 857 614 res
881 561 996 629 ejus
1025 564 1276 623 aulerrct.
1309 570 1413 626 Sed
1446 585 1566 643 post
1594 577 1734 633 illata
1765 584 1980 646 damna,
2017 583 2061 639 Α
2091 580 2304 640 Pascha:
2330 590 2380 644 in
2413 600 2612 651 tantum
2647 615 2731 655 me
2756 602 3016 663 conviciis
3040 621 3094 667 et
3122 619 3290 683 sputis
3319 623 3452 692 egit,
3496 636 3551 681 ut
3577 632 3668 684 vix

416 642 571 692 iterat
600 644 793 692 iterum
827 664 1159 692 cnnrnmnntn
1203 660 1503 692 nullum"..-
1534 676 1556 692 ο
1589 671 1814 692 --_--i-_:
1850 674 1861 692 ι
1895 691 1904 692 ,
1953 678 1987 692 ,ι
2093 677 2251 692 ._-,,-.
2368 690 2377 692 _

415 642 571 696 iterat
600 644 793 701 iterum
826 664 1183 721 sacramenta,
1203 660 1504 732 pallamque
1533 676 1557 703 ἰ
1588 671 1816 738 sepulcri
1850 674 1987 731 beati

421 733 634 787 Martini
681 736 1045 806 ﬁdejussnrem
1076 745 1258 813 donat,
1284 765 1342 806 se
1386 756 1539 810 nobis
1583 733 1849 831 nunquam
1892 768 1985 821 ad-

419 839 569 878 versa
579 836 778 882 turum.

483 913 543 968 L.
574 915 679 971 Sed
711 917 740 957 δ
767 925 1012 988 quoniam
1045 928 1253 999 longum
1293 947 1376 989 est
1405 952 1499 1005 per
1527 943 1767 999 ordinem
1797 964 1981 1015 prosc-

406 1006 492 1071 qui
526 1007 757 1077 pcrjuria
793 1014 871 1067 vel
901 1018 1099 1086 reliqua
1126 1025 1258 1077 mala
1280 1026 1418 1095 ejus,
1442 1033 1717 1087 veniamus
1736 1039 1800 1091 ad
1827 1040 1975 1103 illud,

407 1097 633 1161 qualiter
665 1117 747 1155 me
782 1106 943 1160 voluit
976 1110 1167 1177 iniquis
1198 1130 1259 1167 ac
1291 1120 1504 1174 nefariis
1545 1125 1823 1183 calumniis
1851 1145 1979 1198 sup-

408 1187 669 1255 plantare,
699 1193 783 1247 vel
815 1201 1042 1263 qualiter
1067 1205 1116 1255 in
1145 1220 1264 1259 eum
1295 1210 1422 1264 ultio
1462 1214 1637 1271 divina
1679 1218 1971 1288 descendit,

404 1286 457 1328 ut
486 1278 613 1332 illud
642 1282 1024 1352 adimpleretur
1050 1308 1065 1347 :
1099 1293 1276 1350 Omnis
1300 1303 1633 1368 supplantons
1674 1313 1973 1379 suppianta-

401 1368 532 1420 bitur
567 1370 781 1437 (lcrem.
828 1393 915 1443 Ix,
944 1379 1032 1449 4');
1075 1393 1127 1438 et
1157 1387 1379 1451 iterum.
1430 1394 1533 1460 Qui
1568 1397 1698 1464 fodit
1742 1402 1968 1470 foveam,

397 1459 585 1513 incidet
624 1463 677 1517 in
719 1482 829 1519 eam
875 1470 1052 1537 (Prov.
1099 1492 1254 1545 xxvr,
1296 1481 1409 1551 27).
1457 1459 1617 1556 Igitur
1662 1459 1777 1557 post
1808 1459 1967 1551 multa

397 1551 531 1604 mala
573 1567 692 1620 qua:
732 1557 786 1609 in
829 1574 915 1614 me
962 1579 1213 1635 meosque
1245 1571 1447 1638 intulit,
1483 1551 1613 1644 'post
1649 1582 1844 1637 multas
1883 1587 1967 1639 di-

394 1642 665 1708 reptiones
694 1661 871 1704 rerum
902 1655 1416 1729 ecclesiasticarum,
1448 1642 1700 1736 adjuncto
1728 1673 1829 1727 sibi
1876 1675 1965 1730 Ri-

392 1732 532 1787 culfo
583 1737 932 1811 presbytero,
983 1748 1143 1802 simili
1189 1752 1391 1808 malitia
1427 1772 1709 1825 perverso,
1752 1764 1820 1817 ad
1863 1766 1961 1823 hoc

390 1826 567 1893 erupit
607 1838 664 1881 ut
699 1832 901 1890 diceret
930 1852 1015 1891 me
1062 1842 1262 1897 crimen
1293 1845 1345 1898 in
1380 1846 1779 1921 Fredegundem
1825 1860 1961 1927 regi-

390 1928 509 1969 nam
550 1919 750 1978 dixis<e
776 1941 789 1976 :
812 1940 1056 1983 asserens
1081 1932 1125 1986 si
1155 1936 1560 1994 archidiaconus
1592 1958 1740 1999 meus

386 2016 475 2058 aut
519 2007 794 2068 Gallienus
823 2025 849 2054 ε
878 2021 1080 2076 amicos
1126 2035 1339 2091 noster,
1370 2032 1723 2090 subderentur
1746 2052 1919 2106 paena:
1938 2080 1954 2106 ,

384 2102 764 2160 convincerent
795 2125 879 2165 me
910 2114 1088 2183 utique
1120 2116 1231 2173 haec
1262 2121 1513 2179 locutum.
1548 2126 1694 2184 Tunc
1725 2145 1813 2185 rex
1848 2132 1955 2185 ira-

386 2201 491 2257 tus,
527 2208 580 2248 ut
612 2214 771 2267 supra
814 2203 1042 2261 diximus
1072 2208 1208 2280 (cap.
1236 2211 1360 2284 48),
1398 2217 1559 2285 jussit
1601 2238 1721 2277 eum
1765 2228 1952 2296 pugnis

382 2284 721 2357 calcibusque
745 2305 963 2361 eteSum,
991 2310 1266 2357 oneratum
1292 2309 1494 2362 catenis
1523 2314 1721 2368 recludi
1752 2315 1802 2369 in
1833 2333 1950 2372 car-

383 2387 579 2431 cerem.
613 2378 743 2434 Nam
773 2383 1032 2441 Riculium
1062 2390 1309 2449 clericum
1334 2393 1359 2432 ἀ
1390 2414 1449 2453 se
1493 2399 1690 2459 habere
1714 2406 1946 2477 dicebat,

381 2478 472 2529 per
511 2483 667 2535 quem
721 2473 834 2530 haec
880 2477 1087 2535 locutus
1132 2480 1339 2541 fuisset.
1385 2488 1484 2546 Hic
1534 2508 1661 2549 vero
1708 2473 1946 2557 Riculius

378 2558 768 2633 subdiaconus,
819 2568 978 2624 simili
1027 2572 1239 2631 levitate
1277 2581 1582 2651 perfacilis,
1630 2595 1755 2641 ante
1803 2590 1944 2648 hunc

377 2661 569 2703 annum
607 2661 632 2689 ε
671 2658 894 2712 consilio
930 2676 1048 2716 cum
1098 2665 1358 2726 Leudaste
1406 2673 1473 2728 de
1519 2676 1616 2732 hac
1645 2694 1804 2737 causa
1849 2686 1941 2739 ha-

376 2738 506 2807 bito,
537 2757 730 2800 causas
768 2749 1074 2812 offensionis
1104 2764 1359 2831 requirit,
1400 2770 1589 2831 quibus
1617 2773 1823 2830 scilicet
1853 2793 1939 2835 me

372 2830 571 2887 offenso
598 2838 666 2890 ad
712 2839 1024 2899 LeudaSIem
1058 2854 1338 2917 transiret;
1393 2870 1680 2931 nactusque
1721 2867 1933 2924 tandem

370 2921 539 2989 ipsum
567 2928 751 2992 adivit,
781 2947 843 2986 ac
886 2949 981 3002 per
1009 2954 1217 2997 menses
1246 2958 1473 3014 quatuor
1514 2952 1649 3006 dolis
1687 2958 1933 3015 omnibus

367 3027 427 3065 ac
459 3018 767 3084 museipulis
792 3032 1123 3098 przeparatis,
1157 3035 1221 3087 ad
1266 3052 1350 3092 me
1374 3054 1493 3095 cum
1526 3044 1639 3111 ipso
1672 3048 1931 3107 Leudaste

365 3108 673 3175 revertitur,
706 3111 997 3181 deprecans
1020 3130 1076 3174 ut
1104 3137 1223 3177 eum
1252 3126 1472 3185 debeam
1508 3136 1742 3204 recipere
1766 3155 1927 3196 exeu-

363 3203 553 3250 xatum.
592 3199 749 3265 Feci,
790 3202 975 3271 fateor,
1016 3220 1068 3264 et
1097 3216 1358 3273 occultum
1390 3219 1594 3278 hostem
1620 3199 1833 3296 publice
1873 3234 1924 3288 in

360 3286 573 3343 domum
617 3297 848 3363 suscepi.
894 3300 1204 3363 Discedente
1233 3325 1358 3365 vero
1388 3313 1680 3384 Leudaste,
1714 3323 1827 3390 ipse
1867 3341 1925 3382 se
1953 3301 1997 3360 δ

360 3379 585 3442 pedibus
609 3385 742 3439 meis
771 3392 991 3459 sternit,
1032 3396 1217 3453 dicens
1242 3418 1255 3454 :
1284 3402 1394 3457 Nisi
1425 3420 1704 3466 succurras
1731 3417 1923 3473 veloci-

360 3476 461 3530 ter,
492 3473 757 3538 periturus
786 3494 927 3535 sum.
960 3483 1118 3553 Ecce,
1153 3489 1433 3562 instigante
1463 3498 1742 3568 Lendaste,
1777 3507 1922 3563 locu-

356 3566 440 3611 tus
469 3576 585 3615 sum
626 3568 764 3632 quod
798 3570 937 3639 loqui
982 3591 1085 3631 non
1115 3580 1294 3637 dehui.
1332 3586 1481 3645 Nunc
1514 3607 1639 3648 vero
1677 3598 1795 3653 aliis
1835 3617 1921 3658 me

354 3652 532 3717 regnis
579 3656 792 3724 emitte;
825 3666 963 3730 quod
1013 3670 1113 3722 nisi
1147 3670 1367 3739 feceris,
1400 3694 1429 3733 a
1460 3686 1721 3751 regalibus
1766 3706 1913 3746 eom-

354 3745 681 3813 prehensus,
732 3756 979 3811 mortales
1010 3774 1192 3825 pinnas
1233 3780 1347 3820 sum
1394 3772 1639 3831 luiturus.
1685 3779 1780 3835 Cui
1818 3801 1916 3852 ego

347 3833 433 3885 aio
470 3834 563 3890 :Si
605 3840 729 3906 quid
779 3843 1123 3916 incongruum
1170 3856 1357 3911 rationi
1406 3864 1591 3919 ell'atus
1619 3884 1707 3935 cs,
1737 3886 1913 3932 sermo

349 3934 468 3980 tuus
501 3927 551 3980 in
580 3926 915 3999 caput'tuum
945 3941 1078 4005 erit;
1113 3958 1231 3998 nam
1262 3964 1359 4017 ego
1388 3954 1539 4008 alteri
1569 3960 1729 4030 263
1759 3973 1809 4018 te
1837 3981 1912 4021 re-

344 4032 449 4085 gno
490 4036 596 4074 non
626 4024 829 4080 mittam
851 4070 865 4091 ,
912 4044 977 4083 ne.
1004 4046 1280 4102 suspectus
1323 4042 1518 4098 habear
1552 4062 1730 4105 coram
1764 4070 1904 4123 rege.

344 4104 468 4159 l'ost
499 4110 597 4163 ista
634 4112 922 4171 Leiidastes
950 4124 1147 4178 exstitit
1176 4141 1453 4187 accusator
1480 4136 1614 4203 ejus,
1641 4141 1824 4199 dicens
1848 4161 1908 4202 se

340 4211 614 4254 sermones
651 4202 762 4271 jam
801 4208 975 4265 dictos
1014 4227 1041 4265 a
1069 4213 1277 4272 Rieulfo
1312 4223 1521 4279 audisse
1558 4230 1904 4290 subdiacouo.

337 4290 403 4339 At
435 4290 523 4345 ille
566 4294 752 4348 iterum
786 4299 1021 4366 vinctus,
1069 4307 1303 4362 relaxato
1333 4314 1618 4385 Lcudaste,
1649 4328 1905 4383 cusmdite

338 4378 657 4449 deputatur,
685 4385 867 4442 dicens
893 4392 1189 4450 Gallienum
1220 4402 1403 4456 eadem
1431 4406 1517 4462 die
1546 4422 1598 4463 et
1631 4413 1900 4473 Platonem

334 4472 763 4532 archidiaconem
792 4478 810 4517 ι
844 4482 1002 4539 fuisse
1035 4502 1318 4554 praesentes
1340 4535 1354 4557 ,
1386 4511 1503 4552 cum
1548 4503 1660 4558 haec
1686 4518 1765 4561 est
1791 4512 1900 4578 epi-

332 4576 525 4631 scopus
575 4568 834 4626 elocutus.
887 4574 989 4629 Sed
1033 4577 1266 4635 Ricnllus
1307 4588 1616 4659 presbyter,
1666 4598 1753 4663 qui
1788 4568 1897 4668 jam

333 4656 738 4718 promissionem
770 4661 835 4714 de
861 4665 1168 4735 episcopatu
1195 4688 1222 4723 a
1256 4656 1516 4735 Leudaste
1560 4656 1813 4754 habebat:
1846 4692 1897 4745 in

331 4754 531 4799 tantum
554 4749 724 4805 elatus
754 4752 937 4817 fuerat,
964 4770 1018 4811 ut
1033 4759 1164 4830 Magi
1187 4764 1418 4822 Simonis
1439 4776 1700 4840 superbiae
1720 4794 1897 4849 acqua-

326 4848 493 4890 retur.
522 4838 621 4904 Qui
658 4842 813 4897 tertio
857 4854 950 4899 aut
976 4864 1041 4902 eo
1068 4853 1292 4919 amplius
1332 4859 1460 4912 mihi
1506 4878 1893 4925 sacramentum

318 4941 484 4995 super
510 4933 813 4999 sepulcrum
842 4939 1009 4991 sancti
1040 4941 1247 4999 Martini
1276 4947 1514 5018 dederat,
1549 4956 1598 5008 in
1624 4958 1711 5012 die
1739 4970 1892 5017 sexta

395 5111 418 5137 ε
444 5103 516 5199 Lld
550 5115 629 5159 est
668 5118 923 5176 tapetem.
953 5132 1076 5199 “quo
1107 5119 1244 5175 beati
1294 5126 1543 5199 antistitis
1591 5137 1891 5199 sepulcrum

318 5174 613 5252 tegebatur,
657 5174 773 5246 qua:
806 5197 902 5237 vox
951 5174 1259 5256 frmuenter
1288 5196 1424 5262 apud
1457 5174 1767 5268 Gregorium
1800 5223 1890 5261 oc-

311 5256 500 5295 curm.

390 5309 413 5346 δ
459 5314 565 5387 μσς
593 5327 752 5387 caput
776 5320 925 5375 deest
954 5325 1002 5376 in
1032 5324 1189 5381 Corb.
1230 5342 1281 5383 et
1312 5334 1459 5387 Colb.

388 5390 409 5416 ο
450 5378 582 5469 Clod.
613 5378 822 5469 Regum,
856 5378 1146 5461 Ioislenins;
1180 5401 1311 5452 infra
1347 5413 1516 5460 tamen
1547 5408 1599 5459 in
1630 5413 1749 5465 eod.
1797 5430 1888 5469 co-

302 5451 431 5505 dice
459 5451 652 5508 dicitur
675 5455 959 5515 Gallienus.

383 5518 406 5556 λι
449 5519 656 5599 ξεεῐηη
707 5531 1067 5599 presbyterum.

382 5600 404 5626 ε
422 5590 600 5669 _Bad___,
641 5590 761 5669 cute
793 5590 885 5652 hoc
912 5620 1070 5669 anno,

298 5661 387 5715 rio
419 5659 682 5716 familiari.

381 5730 397 5766 ί
444 5728 540 5783 Sic
577 5732 797 5818 itegm.;
833 5740 990 5805 Bad.,
1034 5746 1479 5809 archidiaconnm:
1522 5761 1699 5813 caeteri
1752 5779 1870 5818 cum

1523 5797 1699 5813 νυν..
1752 5797 1870 5818 ιιι...

292 5797 456 5854 Βεε..
484 5797 884 5863 arc-‘tidiaconos.
914 5797 1183 5869 Gallienus
1216 5828 1387 5874 tamen
1421 5839 1576 5893 supra
1606 5845 1709 5883 non
1738 5834 1870 5886 dici-

1103 5611 1391 5666 mutatione
1419 5628 1635 5672 casuum
1680 5620 1879 5693 Grego-

2093 677 2332 731 manibus
2365 690 2712 756 temperaret,
2748 694 2881 749 {idus
2906 702 3110 757 scilicet
3138 708 3242 762 doli
3273 677 3427 779 quem
3452 731 3661 789 prtcpa-

2089 779 2315 822 raverat.
2360 772 2416 825 ln
2439 779 2666 834 crastina
2695 795 2868 840 autem
2902 789 3009 855 die,
3041 794 3089 847 id
3121 808 3201 851 cst
3228 804 3431 859 sabbati
3463 809 3514 864 in
3544 811 3659 881 ipso

2089 854 2284 881 nant-L-
2342 876 2400 881 μ-
2426 866 2479 881 γ’*
2512 867 2531 881 '
2640 870 2655 881 '
2829 877 2841 881 ⁸

2342 866 2485 917 venit
2512 867 2800 928 Leudastes
2828 877 2878 931 in
2911 882 3093 937 urbem
3126 887 3467 962 Turonicam,
3513 904 3652 955 assi-

2086 946 2395 1019 mulansque
2433 957 2574 1012 aliud
2619 966 2885 1031 negotium
2923 987 3109 1042 agere,
3139 985 3502 1049 apprehensos
3532 991 3652 1049 Pla-

2084 1044 2259 1091 tonem
2301 1044 2728 1107 archidiaconem
2774 1068 2826 1112 ct
2856 1058 3149 1123 Gallie‘uutn
3184 1073 3232 1125 in
3275 1078 3479 1133 vincula
3523 1097 3651 1138 con-

2079 1129 2269 1193 nectit;
2319 1148 2699 1211 catenatosque
2739 1163 2802 1202 ae
2840 1166 3027 1209 exutos
3071 1172 3219 1217 veste
3253 1166 3403 1234 jubet
3448 1187 3541 1227 eos
3580 1177 3647 1229 ad

2077 1220 2312 1289 reginam
2342 1227 2551 1288 deduci.
2591 1236 2711 1291 llmc
2734 1255 2830 1307 ego
2855 1249 3093 1312 audiens,
3126 1254 3251 1309 dum
3296 1260 3344 1312 in
3376 1261 3534 1319 domo
3559 1283 3645 1321 cc-

2072 1308 2251 1362 clesiae
2274 1316 2562 1373 residerem
2592 1340 2831 1394 moesms,
2858 1338 3203 1411 turbatusque
3226 1345 3493 1416 ingrcsms
3516 1346 3642 1407 ora-

2072 1402 2305 1471 torium,‘
2331 1408 2573 1497 Davidici,
2597 1424 2849 1477 carminis
2879 1441 3034 1482 sumo
3072 1434 3297 1504 librum,
3348 1452 3402 1496 ut
3443 1448 3645 1503 scilicet

2070 1502 2285 1558 apertus
2316 1487 2971 1572 aliqucm'cousolationis
3010 1528 3330 1585 versiculum
3371 1534 3535 1593 daret.
3584 1539 3640 1595 In

2066 1594 2172 1647 quo
2202 1584 2271 1638 ita
2316 1603 2585 1660 repertum
2618 1610 2698 1653 est
2725 1619 2741 1655 :
2772 1602 2968 1662 Eduxit
2996 1628 3084 1666 eos
3127 1616 3179 1669 in
3206 1634 3329 1684 spe,
3372 1633 3421 1677 et
3450 1642 3547 1680 non
3572 1631 3639 1683 ti-

2066 1688 2297 1731 muerunt
2330 1697 2350 1735 :
2387 1693 2433 1737 et
2476 1689 2707 1747 inimicos
2749 1714 2923 1754 eorum
2971 1711 3167 1769 operuit
3218 1729 3357 1769 mare
3398 1717 3631 1787 (Psalm.

2064 1778 2266 1829 Lxxvn.
2300 1773 2409 1840 55).
2456 1780 2656 1837 Interea
2702 1787 2921 1857 ingressi
2950 1795 3002 1848 in
3044 1798 3264 1856 ﬂuvium
3299 1822 3460 1875 super
3500 1828 3632 1879 pon-

2065 1863 2167 1908 tem
2199 1861 2285 1926 qui
2310 1862 2517 1922 duabus
2546 1871 2788 1930 lintribus
2817 1883 3125 1954 tenebatur,
3173 1896 3319 1947 navis
3347 1861 3464 1963 illa,
3500 1861 3627 1969 utne

2066 1943 2367 1969 ,ΜΛ-μην
2469 1958 2480 1969 .
2538 1960 2549 1969 .
2690 1964 2703 1969 -

3113 1942 3125 1954 ,
3347 1942 3464 1963 -.._,
3548 1942 3627 1958 ...υ

1783 1946 1953 2019 piam,
1986 1942 2036 2001 Β
2064 1943 2375 2005 Leudastem
2401 1958 2644 2029 vehebat,
2673 1964 3018 2038 demergitur,
3045 1988 3097 2031 et
3129 1982 3229 2034 nisi
3258 1988 3412 2040 nandi
3444 1942 3630 2051 fuisse:

2058 2036 2380 2096 adminiculo
2412 2047 2688 2119 liberatus,
2721 2071 2841 2114 cum
2884 2067 3043 2120 sociis
3074 2069 3292 2128 forsitan
3330 2077 3624 2139 interisset.

2054 2124 2210 2182 Navis
2233 2146 2356 2188 vero
2381 2138 2503 2203 alia,
2529 2156 2647 2210 qua:
2676 2149 2796 2202 huic
2827 2150 3016 2207 innexa
3044 2171 3173 2228 erat,
3200 2179 3317 2232 qum
3338 2178 3391 2222 et
3419 2169 3625 2230 vinctos

2053 2219 2304 2287 vehebat,
2332 2242 2489 2296 super
2532 2247 2724 2303 aquas,
2779 2240 2868 2297 Dei
2898 2250 3132 2316 auxilio,
3174 2256 3429 2314 elevatur.
3464 2263 3623 2334 lg'tnr

2053 2308 2261 2334 ΑΛΑ--Αιε
2298 2328 2320 2334 Α
2347 2317 2359 2334 ¹
2687 2328 2698 2334 ⁵
2766 2330 2776 2334 “

3120 2308 3130 2316 ,
3188 2308 3251 2310 νγ
3328 2308 3428 2314 η..
3464 2308 3614 2334 ,ο

2050 2308 2261 2366 deducti
2295 2317 2359 2367 ad
2403 2334 2580 2389 regem
2611 2328 2698 2395 qui
2731 2330 2886 2386 vincti
2922 2336 3163 2407 fuerant,
3209 2346 3513 2405 ineusantur
3538 2356 3621 2407 in-

2048 2411 2279 2470 stanter,
2309 2416 2364 2461 ut
2393 2414 2600 2482 capitali
2631 2426 2887 2479 sententia
2930 2430 3224 2488 finireutur.
3263 2439 3364 2493 Sed
3398 2458 3487 2497 rex
3527 2461 3616 2499 re-

2046 2492 2304 2562 cogitans,
2331 2500 2605 2561 absolutos
2633 2524 2660 2561 a
2689 2513 2894 2568 vinculo
2924 2518 2975 2573 in
3018 2522 3179 2578 libera
3213 2532 3449 2585 custodia
3478 2545 3506 2582 tt
3535 2554 3616 2592 re-

2041 2595 2220 2638 servat
2248 2590 2463 2646 illmsos.
2497 2598 2575 2650 Ad
2618 2601 2883 2661 civitatem
2928 2626 3054 2666 vero
3083 2613 3400 2675 Turonicam
3431 2624 3613 2681 Berni-

2044 2671 2125 2727 fus
2152 2676 2255 2730 dux
2283 2676 2310 2715 δ
2340 2696 2458 2736 cum
2487 2687 2744 2746 Eunomia
2770 2701 2965 2755 comite
2998 2703 3222 2760 fabulam
3255 2711 3418 2783 fingit,
3469 2720 3610 2786 quod

3327 2764 3418 2783 υην
3471 2764 3608 2786 γ’ν-

2039 2764 2471 2829 Guntchra‘mnus
2512 2794 2601 2833 rex
2632 2796 2825 2851 capere
2867 2793 3027 2847 vellet
3055 2795 3372 2857 Turonicaut
3414 2808 3608 2863 Civita-

2038 2864 2181 2925 tem;
2230 2872 2284 2916 et
2334 2866 2529 2924 idcirco
2575 2890 2640 2929 ne
2685 2878 2858 2947 aliqua
2918 2886 3234 2958 negligentia
3282 2900 3603 2957 accederet:

2035 2950 2199 3021 265
2226 2954 2474 3025 Oportet,
2517 2964 2621 3027 ait,
2657 2970 2835 3025 urbem
2866 2979 3102 3033 custodia
3131 2986 3452 3058 consignari.
3504 2994 3603 3051 Po-

2035 3055 2165 3097 nunt
2210 3050 2373 3115 portis
2403 3053 2583 3109 dolose
2612 3065 2893 3128 custodes,
2937 3070 3022 3135 qui
3056 3073 3320 3131 civitatem
3355 3083 3488 3136 tueri
3518 3099 3605 3138 as-

2031 3138 2366 3208 simnlantes,
2396 3161 2481 3200 me
2509 3150 2686 3219 utique
2715 3159 3060 3215 custodirent.
3096 3166 3308 3222 Mittunt
3332 3175 3489 3230 etiam
3515 3179 3601 3247 qui

2030 3232 2158 3286 mihi
2202 3239 2482 3292 consilium
2532 3245 2932 3318 ministrarent,
2984 3264 3041 3308 ut
3072 3262 3277 3318 occulte
3315 3272 3602 3339 assumptis

2031 3322 2339 3381 melioribus
2370 3332 2525 3386 rebus
2553 3338 2792 3393 ecclesia:
2817 3381 2832 3402 ,
2882 3347 3178 3405 Arvernum
3227 3352 3346 3425 fuga
3378 3363 3598 3418 secede-

2026 3419 2298 3473 remzscd
2342 3437 2444 3476 non
2478 3429 2733 3494 acquievi.
2786 3432 2946 3501 Igitur
2998 3454 3086 3493 rex
3129 3448 3401 3501 arcessitis
3447 3455 3597 3520 regni

2022 3506 2102 3560 sui
2128 3510 2415 3579 episcopis,
2444 3529 2656 3572 causam
2688 3520 2973 3591 dil'genter
2998 3529 3160 3595 jussit
3186 3537 3414 3603 exquiri.
3438 3539 3596 3596 Cum-

2020 3612 2123 3663 que
2153 3600 2388 3657 Riculfus
2416 3606 2641 3662 clericus
2681 3616 2871 3678 szepins
2899 3618 3257 3678 discuteretur
3282 3634 3506 3697 occulte,
3540 3648 3595 3691 et

2018 3700 2201 3745 contra
2250 3709 2331 3748 me
2363 3699 2443 3751 vel
2481 3714 2627 3753 meos
2677 3705 2870 3759 multas
2913 3708 3142 3766 fallacias
3194 3723 3589 3790 promutgaret,

2000 3778 2283 3841 Modestus
2313 3788 2524 3852 quidam
2572 3792 2717 3845 faber
2748 3794 3001 3865 lignarios
3030 3806 3097 3854 ait
3130 3804 3195 3857 ad
3233 3821 3352 3862 eum
3393 3826 3407 3865 :
3440 3810 3482 3866 Ο
3513 3813 3592 3866 iu—

2016 3868 2138 3924 felix
2162 3915 2175 3934 ,
2209 3875 2297 3941 qui
2337 3889 2518 3931 centra
2553 3883 2855 3953 epise0pum
2894 3898 3037 3944 tuum
3072 3903 3173 3945 tam
3206 3906 3590 3959 contumaciter

2015 3961 2112 4013 ista
2146 3966 2449 4022 meditaris!
2480 3970 2651 4027 Satius
2686 3976 2775 4029 tibi
2804 3989 2916 4032 erat
2942 3983 3118 4049 silere,
3160 3999 3209 4041 et
3237 3993 3397 4057 petita
3440 3998 3588 4052 venia

2013 4052 2246 4123 episcopi
2294 4060 2513 4126 gratiam
2564 4065 2893 4131 impetrares.
2940 4076 3017 4127 Ad
3068 4078 3180 4132 haec
3228 4082 3317 4137 ille
3359 4086 3586 4144 clamare

2011 4146 2170 4210 ccepit
2203 4160 2331 4200 voce
2363 4165 2546 4218 magna
2570 4194 2583 4215 ,
2619 4170 2679 4208 ac
2727 4158 2904 4213 dicere
2935 4179 2945 4211 :
2984 4164 3059 4217 En
3094 4167 3302 4235 ipsum,
3336 4176 3421 4237 qui
3453 4180 3581 4231 mihi

2008 4232 2275 4287 silentium
2304 4237 2507 4306 indicit,
2537 4258 2602 4294 ne
2631 4259 2919 4313 prOchuar
2950 4255 3256 4322 veritatem;
3290 4276 3355 4314 cn
3386 4267 3580 4332 regina:

2008 4320 2302 4391 inimicum,
2333 4329 2420 4397 qui
2448 4346 2658 4388 causam
2687 4339 2921 4395 criminis
2944 4343 3058 4410 ejus
3086 4362 3186 4400 non
3216 4352 3337 4404 sinit
3362 4356 3576 4423 inquiri.

2006 4413 2320 4471 Nuntiantur
2351 4423 2589 4488 protinus
2617 4426 2727 4480 hate
2756 4433 2974 4498 rrg'nze.
3005 4436 3438 4502 Apprcbenditur
3468 4448 3578 4500 Mo-

2004 4506 2216 4572 destus,
2266 4521 2559 4581 torquetur,
2608 4517 2932 4586 flagellatur;
2976 4537 3029 4579 et
3071 4528 3121 4580 in
3171 4531 3379 4588 vincula
3425 4550 3576 4591 com-

2006 4609 2186 4665 pactos
2215 4604 2469 4658 custodite
2508 4607 2810 4674 deputatur.
2860 4613 3096 4685 Cumque
3136 4620 3271 4675 inter
3317 4626 3450 4679 duos
3478 4644 3571 4681 cu-

2001 4690 2180 4745 stodes
2210 4695 2411 4748 catenis
2440 4706 2493 4748 et
2532 4698 2582 4751 in
2613 4700 2769 4768 cippo
2797 4713 3063 4761 teneretur
3111 4712 3317 4766 vinctus
3340 4756 3356 4776 ,
3398 4720 3572 4774 media

2002 4792 2158 4836 nocte
2185 4785 2571 4843 dormientibus
2610 4795 2917 4849 custodibus
2943 4838 2958 4860 ,
3009 4802 3298 4856 orationem
3332 4806 3459 4859 fudit
3503 4812 3570 4864 ad

2003 4873 2306 4941 hominum,
2341 4888 2397 4930 ut
2425 4879 2728 4949 dignaretur
2751 4885 2864 4951 eius
2896 4892 3128 4953 potentia
3162 4895 3412 4948 miserutn
3442 4900 3560 4952 visi-

2000 4972 2144 5029 tare;
2191 4975 2242 5018 et
2287 4971 2372 5035 qui
2410 4970 2661 5027 innocens
2690 4976 2966 5042 coltigatns
3015 4979 3215 5044 fuerat,
3266 4986 3565 5044 visitationo

2000 5155 2083 5199 tur
2122 5150 2561 5217 archidiaconus;
2609 5156 2747 5208 unde
2792 5172 2857 5209 ex
2907 5157 3007 5211 huc
3058 5161 3175 5239 loco
3226 5165 3427 5239 infeer
3458 5186 3561 5227 non

2001 5215 2118 5239 I:.._.
2176 5219 2356 5239 _Ic_--_
2419 5223 2427 5239 1
2536 5238 2545 5239 κ
2572 5238 2577 5239 ,
2620 5224 2630 5239 I
2703 5226 2711 5235 -
2808 5227 2848 5239 ης

1999 5215 2121 5270 licet
2176 5219 2358 5285 plures
2419 5223 2491 5293 in?
2525 5215 2745 5293 ecclesia
2808 5227 3105 5285 Turonensi
3163 5232 3564 5293 archidiaconus

1996 5295 2119 5338 tunc
2150 5290 2433 5341 exst'tisse.
2469 5292 2885 5349 Archidiaconos
2917 5313 3174 5375 memora_t
3203 5306 3259 5363 S.
3292 5308 3561 5375 Remigius

1996 5358 2041 5375 ,Δ
2274 5357 2331 5375 Α,
2380 5358 2419 5375 η
2456 5358 2468 5375 ,
2730 5363 2783 5375 ,υ

1994 5358 2045 5457 il?
2076 5360 2233 5422 CDlSL
2269 5357 2331 5438 {id
2373 5358 2683 5457 falcnnemlo
2707 5363 2878 5457 lfiam
2911 5381 3090 5457 postea
3136 5372 3255 5457 fuit“
3276 5357 3559 5457 episeo'jpns

2037 5428 2313 5457 ῖηιιηηιιιοιο
2378 5444 2393 5457 ι
2415 5444 2443 5457 Λ
2474 5446 2574 5457 "nn
2606 5448 2651 5457 ...
2728 5451 2737 5457 .
2759 5451 2772 5457 -
2833 5452 2881 5457 ---
2921 5456 2925 5457 ,
2955 5454 2970 5457 -

1994 5425 2314 5480 Pietavonsis
2334 5468 2348 5490 ,
2373 5425 2443 5481 'de
2472 5446 2576 5497 quo
2605 5433 2669 5485 ad
2706 5434 2796 5489 lib.
2832 5452 2881 5489 Iv
2912 5425 2977 5493 de
3004 5441 3180 5497 Mirac.
3223 5445 3280 5497 S.
3311 5425 3554 5513 Martini,

1988 5509 2103 5549 can.
2140 5497 2223 5547 5-3.

2092 5537 2103 5549 .
2140 5511 2223 5547 ait.

2055 5511 2085 5609 It:
2127 5566 2311 5620 Libera
2343 5572 2580 5625 custodia
2628 5574 2726 5625 dici
2758 5578 2998 5641 solebat.
3045 5596 3163 5634 cum
3195 5597 3313 5634 reus
3362 5598 3466 5636 non
3502 5587 3552 5641 in

1984 5649 2227 5695 carcere,
2259 5640 2349 5692 sed
2403 5644 2726 5707 magistratui
2760 5640 3136 5701 custodiemlus
3180 5656 3551 5708 committeba-

1984 5715 2097 5761 tur,
2129 5718 2218 5759 aut
2247 5719 2392 5759 certe
2422 5712 2632 5775 quando
2679 5715 2857 5769 mitius
2885 5720 3136 5783 agebatur
3171 5734 3406 5802 cum-co.

2052 5772 2074 5802 lvi
2122 5776 2192 5802 Ιὶη
2244 5777 2448 5802 l),.....ll‘,_
2503 5783 2599 5802 -..πμ
2837 5788 2864 5802 ι,
2950 5788 2984 5802 μ
3057 5801 3062 5802 γ
3186 5800 3192 5802 Α
3346 5798 3353 5802 .

2052 5772 2074 5808 h
2122 5776 2192 5827 De
2244 5772 2451 5830 licrulfo
2500 5783 2671 5836 adhuc
2712 5772 3262 5842 (omiterForumatus
3301 5792 3393 5847 lib.
3436 5812 3545 5867 vn,

2052 5860 2114 5867 ---μ
2184 5846 2239 5867 ου

1976 5858 2139 5895 carm.
2182 5846 2260 5897 iii.
