4016 6338
374 439 483 501 307

1372 426 1430 482 S.
1476 420 1811 481 GREGORII
1853 416 2156 475 EPISCOPI
2196 413 2625 473 TURONENSIS

3542 405 3644 463 363

386 552 594 612 Martini
621 545 864 619 praesulis
893 559 954 609 ac
987 540 1219 597 Medardi
1262 538 1658 593 absolveretur.
1702 536 1815 591 Mox
1848 535 1954 588 dis-
1986 534 2032 593 A
2066 534 2304 603 expetiit.
2338 531 2442 589 Sed
2486 547 2605 586 cum
2632 527 2866 585 audisset
2906 526 3139 582 edictum
3170 525 3338 595 regis,
3382 536 3440 579 ut
3470 528 3523 579 in
3549 541 3649 580 suo
3730 516 3735 517 ί

387 644 552 714 ruptis
576 637 823 702 vinculis,
853 632 1126 693 confracta
1154 632 1313 701 cippo
1331 670 1348 696 ,
1377 638 1615 685 reserato
1646 627 1804 692 ostio,
1832 640 1961 685 san-

389 738 460 791 cti
487 730 718 787 Medardi
748 727 1021 785 basilicam
1055 733 1209 779 nocte
1238 720 1389 776 nobis
1417 718 1756 791 vigilantibus
1781 714 1968 771 introiv

383 830 463 880 vit
492 835 536 878 ει.
562 821 878 892 Congregati
910 818 1067 891 igitur
1094 814 1233 884 apud
1284 816 1615 873 Brennacum
1644 810 1826 865 villam
1858 808 1970 877 epi-

390 917 576 985 scopi,
625 915 677 968 in
721 928 879 966 unam
910 910 1126 963 domum
1156 904 1392 960 residere
1416 902 1552 973 jussi
1584 912 1728 961 sunt.
1765 900 1969 955 Dehinc

394 1006 709 1061 adveniente
750 1015 894 1070 rege,
925 998 1045 1053 data
1086 995 1336 1053 omnibus
1357 993 1697 1061 salutatione,
1718 1005 1780 1048 ac
1808 989 1971 1045 bene-

389 1099 621 1152 dictione
641 1098 876 1159 accepta,
911 1088 1129 1143 resedit.
1156 1086 1307 1140 Tunc
1337 1085 1756 1139 Bertchramnus
1782 1080 1977 1137 Burde-

394 1184 623 1257 galensis
649 1180 878 1236 civitatis
908 1178 1220 1249 episcopus,
1261 1173 1347 1229 cui
1370 1173 1471 1228 hoc
1508 1189 1630 1228 cum
1662 1174 1848 1242 regina
1873 1172 1974 1225 cri-

398 1292 521 1330 men
549 1276 832 1342 impactum
859 1269 1053 1334 fuerat,
1074 1280 1289 1319 causam
1314 1264 1585 1334 praponit,
1605 1277 1793 1332 meque
1814 1262 1979 1315 inter-

398 1364 585 1436 pellat,
599 1363 781 1417 dicens
802 1375 831 1412 a
848 1373 932 1413 me
948 1358 1045 1412 sibi
1064 1371 1125 1410 ac
1137 1356 1333 1425 regina:
1354 1355 1555 1409 crimen
1568 1353 1858 1422 objectum.
1877 1351 1980 1409 Ne-

400 1459 523 1528 gavi
542 1473 642 1527 ego
657 1454 712 1509 in
728 1454 952 1508 veritate
969 1465 1053 1505 me
1069 1449 1183 1503 lia-c
1195 1449 1459 1512 locutum;
1482 1445 1757 1502 etaudisse
1768 1444 1981 1517 quidem

396 1555 522 1610 itare
560 1552 717 1615 alios,
760 1561 843 1603 me
892 1564 997 1601 non
1026 1543 1378 1615 excogitasse.
1412 1541 1542 1601 Nam
1583 1549 1736 1599 extra
1768 1539 1983 1597 domum

402 1664 589 1711 rumor
625 1646 677 1701 in
708 1642 901 1714 populo
927 1655 1147 1711 magnus
1175 1646 1327 1703 erat,
1357 1636 1644 1693 dicentium
1682 1651 1696 1686 :
1726 1632 1833 1689 Cur
1854 1631 1987 1709 ,ιιωο

402 1753 563 1806 super
583 1734 915 1799 sacerdotem
941 1731 1033 1791 Dei
1060 1728 1390 1799 objiciuntur
1404 1718 1542 1785 τουπ·
1565 1725 1689 1778 talia
1719 1738 1809 1778 rex
1830 1722 1988 1795 265

402 1825 775 1901 prosequitur?
801 1822 1034 1895 nunquid
1062 1820 1232 1890 potuit
1256 1819 1538 1895 episc0pus
1560 1816 1681 1870 talia
1704 1815 1883 1869 dicere
1906 1814 1989 1868 vel

2069 639 2235 697 regno
2264 639 2294 678 a
2328 623 2475 680 nullo
2506 619 2876 689 colligeretur;
2910 628 2964 673 et
2994 618 3288 686 praesertim
3338 616 3480 686 quod
3511 616 3652 671 filius

2068 723 2214 793 ejus,
2243 735 2401 789 quem
2445 720 2584 773 domi
2635 716 2954 784 reliquerat,
2988 714 3208 768 obiisset
3234 757 3248 781 ,
3297 714 3527 767 Turonis
3556 730 3652 767 oc-

2074 814 2215 867 culte
2242 810 2402 882 266
2442 811 2660 864 veniens
2682 849 2696 871 ,
2724 821 2842 874 quae
2870 806 3074 876 optima
3106 805 3292 858 habuit
3338 807 3391 858 in
3423 805 3657 859 Biturico

2076 901 2421 970 transposuit.
2466 895 2917 967 Prosequentibus
2954 910 3081 948 vero
3132 894 3398 961 regalibus
3434 894 3613 962 pueris
3640 935 3656 959 ,

2075 994 2191 1062 ipse
2233 1006 2328 1060 per
2355 990 2528 1061 fugam
2575 988 2790 1042 labitur.
2830 987 2994 1053 Capta
3040 1001 3250 1055 quoque
3288 1000 3431 1038 uxor
3460 985 3575 1054 ejus
3604 987 3657 1038 in

2079 1097 2267 1153 pagum
2296 1083 2689 1139 Toruacensem
2729 1077 2918 1132 exsilio
2949 1077 3262 1131 retruditnr.
3314 1080 3380 1129 At
3422 1076 3663 1129 Riculfus

2078 1178 2305 1234 clericus
2331 1175 2396 1233 ad
2439 1172 2863 1229 interficiendum
2891 1171 3205 1239 deputatur,
3249 1182 3346 1237 pro
3374 1168 3525 1236 cujus
3554 1167 3660 1220 vita

2084 1268 2171 1324 vix
2197 1267 2403 1324 obtinui
2429 1282 2441 1294 ·
2474 1277 2646 1319 tamen
2677 1263 2743 1317 de
2771 1262 3052 1317 tormentis
3079 1274 3337 1315 excusare
3359 1275 3463 1312 non
3490 1260 3660 1329 potui.

2083 1361 2213 1417 Nam
2244 1360 2385 1417 nulla
2409 1375 2515 1422 res,
2545 1358 2741 1412 nullmn
2774 1355 3044 1410 metallum
3078 1364 3218 1409 tanta
3246 1354 3467 1409 verbera
3496 1354 3670 1422 potuit

2086 1456 2367 1516 sustinere.
2398 1452 2536 1509 sicut
2566 1449 2652 1506 hic
2681 1448 3034 1502 miserrimus.
3068 1447 3151 1502 Ab
3179 1446 3309 1500 liora
3341 1445 3493 1500 tertia
3537 1446 3666 1511 diei,

2090 1545 2338 1603 revinctis
2369 1554 2485 1611 post
2525 1553 2725 1610 tergum
2760 1539 3005 1594 manibus
3031 1579 3046 1603 ,
3098 1553 3391 1608 suspensus
3420 1538 3484 1591 ad
3513 1540 3672 1593 arbo-

2088 1654 2200 1695 rem
2232 1635 2599 1723 dependebat;
2643 1632 2711 1689 ad
2738 1632 2922 1687 horam
2969 1646 3098 1686 vero
3128 1645 3321 1684 nonam
3362 1630 3669 1699 depositus,

2091 1720 2340 1781 extensus
2375 1726 2439 1783 ad
2472 1724 2697 1779 trocleas
2723 1721 3029 1785 caedebatur
3073 1720 3299 1775 fustibus
3320 1760 3333 1783 ,
3382 1721 3576 1789 virgis,
3611 1735 3675 1775 ac

2095 1817 2220 1870 loris
2249 1815 2569 1884 duplicibus,
2602 1821 2657 1868 et
2683 1829 2789 1871 non
2817 1813 2884 1867 ab
2912 1826 3017 1865 uno
3044 1810 3126 1865 vel
3156 1810 3380 1875 duobus,
3427 1812 3517 1864 sed
3542 1819 3674 1879 quot

406 1925 475 1979 de
502 1920 690 1985 servo?
721 1919 857 1983 lien,
887 1917 990 1977 heu
1018 1916 1031 1968 l
1066 1914 1290 1968 Domine
1320 1912 1481 1975 Deus,
1512 1908 1707 1979 largire
1737 1905 1991 1963 auxilium
2023 1905 2071 1965 B
2096 1908 2354 1965 accedere
2380 1909 2521 1961 circa
2552 1905 2781 1965 miseros
2811 1903 3105 1970 potuissent
3128 1911 3295 1965 artus,
3330 1911 3409 1956 tot
3444 1916 3675 1955 catsores

405 2028 562 2071 servo
590 2010 712 2066 tuo!
754 2010 864 2062 Rex
896 2015 1074 2063 autem
1105 2003 1313 2059 dicebat
1339 2019 1353 2055 :
1379 2001 1591 2057 Crimen
1623 1998 1803 2055 usuris
1831 2011 1985 2061 metr,

406 2120 583 2161 meum
611 2102 836 2156 habetur
876 2095 1239 2169 opprobrium.
1274 2094 1332 2148 Si
1359 2107 1487 2161 ergo
1514 2091 1746 2148 censetis
1766 2128 1783 2158 ,
1812 2096 1871 2147 ut
1897 2104 1989 2145 su-

411 2213 504 2275 per
561 2194 868 2267 episcopum
928 2198 1090 2249 testes
1136 2186 1521 2249 adhibeantur,
1588 2197 1713 2245 ecce
1776 2181 1986 2239 adsunt.

404 2271 567 2343 Certe
590 2286 631 2338 si
655 2283 863 2337 videtur
888 2291 946 2334 ut
971 2279 1084 2332 htec
1105 2292 1210 2331 non
1241 2275 1389 2337 fiant,
1417 2281 1470 2328 et
1492 2273 1544 2329 in
1574 2271 1732 2331 fidem
1754 2271 1990 2340 episcopi

411 2375 849 2437 committantur,
897 2371 1093 2425 dicite:
1125 2369 1349 2423 libenter
1376 2364 1588 2421 audiam
1620 2378 1735 2431 quae
1775 2362 1990 2431 iubetis.

415 2470 589 2533 Mirati
634 2476 758 2523 sunt
787 2478 974 2521 omnes
1002 2462 1142 2532 regis
1187 2459 1520 2529 prudentiam
1566 2455 1647 2515 vel
1688 2453 1996 2524 patientiam

410 2565 593 2625 simul.
620 2562 770 2617 Tunc
809 2558 1015 2623 cunctis
1043 2554 1343 2619 dicentibus
1371 2568 1386 2608 :
1420 2551 1533 2607 Non
1565 2558 1740 2622 potest
1773 2563 1995 2617 persona

409 2653 635 2715 inferior
656 2666 818 2721 super
839 2647 1168 2707 sacerdotem
1193 2646 1359 2709 credi,
1387 2641 1583 2707 restitit
1601 2640 1665 2694 ad
1694 2642 1791 2699 hoc
1812 2652 1996 2701 musa,

418 2759 475 2803 ut
502 2747 660 2803 dictis
679 2744 854 2805 Missis
875 2783 890 2811 ,
923 2742 975 2797 in
1022 2739 1191 2801 tribus
1219 2736 1474 2797 altaribus
1503 2732 1679 2811 mede
1708 2730 1803 2789 his.
1824 2728 2001 2789 verbis

418 2853 670 2895 exuerem
720 2841 1054 2894 sacramento
1089 2828 1139 2884 ι).
1193 2828 1260 2889 Et
1315 2828 1436 2883 licet
1482 2805 1775 2883 canonibus
1823 2828 2003 2875 essent

418 2926 683 2989 contraria
704 2968 719 2993 ,
769 2939 864 2995 pro
891 2936 1052 2977 causa
1083 2928 1256 2977 tamen
1291 2920 1430 2989 regis
1459 2913 1673 2983 impleta
1706 2919 1849 2967 sunt.
1896 2909 2003 2963 Sed

423 3039 521 3080 nec
550 3024 651 3078 boc
678 3019 829 3084 sileo,
858 3014 996 3086 quod
1027 3010 1308 3082 Rigunthis
1338 3019 1359 3047 ο
1390 3007 1569 3078 regina
1601 3004 1890 3059 condolens
1911 3001 2005 3056 do-

420 3114 623 3172 loribus
653 3111 805 3179 meis,
830 3106 1089 3177 jejunium
1119 3116 1239 3157 cum
1265 3100 1410 3159 omni
1440 3098 1598 3159 domo
1636 3111 1732 3159 sua
1761 3094 2002 3155 celebra-

419 3208 513 3272 vit,
544 3216 820 3285 quousque
850 3214 979 3269 puer
1011 3195 1275 3257 nuntiaret
1308 3206 1392 3253 me
1418 3190 1597 3251 omnia
1626 3188 1705 3247 sic
1737 3184 2003 3254 implesse,

2092 2009 2263 2059 erant.
2293 1999 2424 2055 Cum
2450 2008 2624 2055 autem
2652 1995 2763 2065 jam
2787 1997 2839 2050 in
2871 1989 3181 2050 discrimine
3206 2002 3371 2055 esset,
3401 2003 3524 2047 tunc
3550 2006 3677 2059 ape-

2093 2092 2199 2151 ruit
2224 2092 2539 2155 veritatem,
2581 2098 2636 2143 et
2664 2101 2856 2142 arcana
2888 2086 2996 2141 doli
3028 2069 3235 2154 public'e
3280 2083 3547 2153 patefecit.
3586 2083 3678 2136 Di-

2096 2184 2251 2241 cebat
2276 2183 2420 2239 enim
2447 2181 2515 2235 ob
2537 2179 2638 2235 hoc
2668 2166 2863 2247 reginas
2885 2178 3085 2230 crimen
3118 2174 3405 2243 objectum,
3430 2184 3485 2226 ut
3504 2172 3678 2241 ejecta

2097 2276 2165 2333 de
2194 2288 2355 2344 regno
2374 2312 2390 2339 ,
2444 2269 2737 2329 interfectis
2784 2268 3058 2333 fratribus,
3087 2281 3117 2320 a
3148 2275 3298 2335 patre
3324 2263 3349 2302 ιι
3379 2265 3679 2318 Clilodovc-

2099 2368 2231 2423 chus
2275 2378 2494 2433 regnum
2524 2361 2819 2429 acciperet,
2860 2357 3153 2418 Leudastes
3179 2356 3460 2417 ducatum,
3493 2356 3679 2409 Ricul-

2094 2455 2182 2523 _fus
2211 2469 2335 2511 vero
2361 2452 2656 2524 presbyter,
2687 2451 2774 2520 qui
2801 2450 2911 2518 jam
2940 2463 2970 2501 a
2999 2457 3239 2515 tempore
3270 2446 3407 2501 beati
3441 2444 3681 2500 Eufronii

2100 2545 2334 2615 episcopi
2383 2544 2587 2599 amicus
2613 2551 2729 2596 erat
2760 2538 3147 2604 Cblodovechi,
3181 2538 3542 2605 episcopatum
3574 2534 3682 2587 Tu-

2103 2638 2345 2692 ronicnm
2372 2634 2620 2698 ambiret,
2653 2634 2774 2689 huic
2804 2631 3012 2687 Riculfo
3031 2630 3225 2685 clerico
3246 2626 3682 2682 areltidiacmtatu

2106 2728 2395 2800 promisso.
2424 2725 2531 2783 Nos
2559 2740 2713 2786 vero,
2737 2738 2858 2778 cum
2891 2722 2982 2803 Qei
3010 2720 3179 2792 gratia
3200 2718 3430 2774 Turonis
3457 2715 3683 2779 reversi,

2108 2821 2409 2879 invenimus
2431 2817 2709 2875 ecclesiam
2734 2816 3100 2871 conturbatam
3131 2828 3225 2881 per
3251 2810 3509 2867 Riculfum
3535 2823 3685 2876 pres-

2108 2917 2389 2986 byterum;
2436 2925 2558 2969 nam
2606 2909 2691 2963 hic
2720 2907 2819 2961 sub
2846 2904 3100 2963 Enfronio
3144 2904 3394 2974 episc0po
3437 2902 3503 2956 de
3549 2915 3687 2969 pau-

2108 3006 2325 3075 peribus
2387 3009 2743 3070 provocatus,
2805 2997 3210 3053 archidiaconus
3258 2995 3528 3048 ordinatus
3580 3002 3685 3045 est.

2111 3095 2314 3155 Exinde
2353 3094 2420 3153 ad
2462 3091 2849 3164 presbyterium
2880 3088 3156 3152 admotus,
3189 3085 3414 3143 recessit
3450 3082 3515 3136 ad
3564 3099 3687 3150 pro-

2113 3189 2265 3261 pria,
2305 3199 2516 3254 seraper
2553 3184 2761 3244 elatus,
2808 3179 3058 3244 inﬂatus,
3110 3184 3563 3246 przesumptuosus
3604 3183 3628 3211 ⁸
3670 3191 3685 3228 :

423 3311 477 3354 ut
509 3266 717 3367 fuerant
746 3293 1006 3348 instituta.
1042 3288 1204 3367 Igitur
1243 3283 1468 3355 regressi
1495 3279 1800 3337 sacerdotes
1830 3276 1895 3335 ad
1924 3290 2006 3339 re-
2036 3271 2081 3334 C
2111 3297 2233 3337 nam
2281 3295 2367 3334 me
2396 3279 2573 3335 adhuc
2620 3282 2985 3333 commomme
3024 3286 3143 3327 cum
3185 3282 3342 3338 rego,
3375 3266 3493 3329 hic,
3536 3266 3689 3334 quasi

423 3364 808 3473 gem,iaiunt:
840 3380 1059 3448 lmpleta
1104 3364 1229 3433 sunt
1273 3374 1449 3429 omnia
1495 3371 1562 3429 ab
1590 3368 1842 3440 episcopo
1885 3381 2004 3439 qua:

423 3461 677 3550 imperata
710 3482 852 3537 sunt,
879 3487 913 3527 ο
940 3487 1053 3526 rex.
1087 3466 1224 3537 Quid
1272 3481 1408 3521 nunc
1438 3461 1505 3516 ad
1555 3470 1639 3525 te,
1674 3462 1771 3519 nisi
1804 3468 1857 3510 ut
1885 3472 2006 3517 cum

425 3569 811 3639 Bertcliramno
840 3569 1151 3627 accusatore
1180 3557 1382 3623 fratris,
1425 3553 1803 3617 communione
1837 3550 2011 3619 prite—

428 3665 540 3727 ris?
571 3663 639 3723 Et
686 3661 813 3723 ille:
845 3657 991 3723 Non,
1047 3652 1253 3722 inquit,
1282 3664 1380 3720 ego
1421 3646 1521 3701 nisi
1552 3643 1729 3699 audita
1776 3640 2007 3695 narravi.

428 3752 804 3824 Quterentibus
830 3748 954 3814 illis,
984 3747 1100 3816 quis
1128 3743 1242 3797 haec
1263 3736 1492 3803 dixerit?
1515 3734 1791 3804 respondit
1816 3747 1873 3786 se
1901 3732 2014 3787 [nec

429 3867 459 3915 a
485 3848 745 3906 Leudaste
765 3842 994 3910 audisse.
1021 3839 1112 3893 ille
1135 3846 1311 3891 autem
1333 3828 1623 3893 secundum
1652 3824 2012 3890 inﬁrmitatem

430 3913 517 4011 vel
543 3939 752 4003 mnsrilii
772 3981 787 4007 ,
819 3934 906 3995 vel
938 3927 1318 4001 propositionis
1348 3939 1456 3986 sua!
1477 3963 1493 3993 ,
1526 3924 1628 3990 iam
1670 3916 1848 3993 fugam
1881 3913 2014 3968 inie-

434 4045 537 4099 rat.
582 4031 731 4095 Tunc
780 4024 978 4107 placuit
1027 4018 1276 4079 omnibus
1320 4012 1725 4079 sacerdonbns,
1778 4018 1835 4062 ut
1874 4017 2017 4063 sator

435 4096 668 4185 scandali
690 4162 708 4189 ,
753 4096 1018 4181 inficiator
1046 4111 1242 4180 reginae
1267 4152 1281 4180 ,
1331 4114 1606 4163 accusator
1635 4096 1906 4169 episcopi,
1950 4096 2017 4153 ab

352 4208 355 4211 ’
438 4187 980 4281 omnibus-arceretur
1008 4200 1271 4269 ccclesiis,
1309 4212 1373 4255 eo
1399 4193 1537 4263 quod
1568 4206 1628 4247 se
1656 4190 1722 4245 al)
1748 4187 2017 4247 audientia

444 4276 813 4366 subtraxisset.
842 4298 993 4365 Unde
1015 4305 1070 4351 et
1096 4290 1374 4363 epistolam
1400 4282 1751 4359 subscriptam
1778 4279 1896 4333 aliis
1915 4276 2021 4344 epio

438 4416 499 4469 se
520 4399 614 4468 -pis
643 4396 730 4467 qui
762 4408 868 4457 non
899 4388 1179 4444 adfuerant
1206 4378 1631 4443 transmiserunt.
1666 4373 1730 4427 Et
1755 4372 1831 4425 sic
1860 4384 2023 4425 unus—

439 4461 672 4567 quisque
713 4485 765 4545 in
817 4483 991 4541 locum
1049 4490 1203 4557 suum
1252 4482 1525 4539 regressus
1571 4474 1673 4523 est.
1730 4461 2021 4519 Leudastes

443 4550 733 4645 scro'lta‘c
779 4571 1034 4639 audienS,
1078 4550 1350 4631 basilicam
1392 4557 1563 4623 sancti
1609 4554 1751 4615 Petri
1791 4550 2021 4617 Parisios

525 4740 550 4770 ⁸
586 4728 641 4784 Id
666 4728 845 4796 itaque
872 4722 1009 4789 apud
1053 4719 1369 4796 Suessionas
1401 4715 1653 4796 conligit,
1690 4725 1741 4796 an
1893 4706 2021 4796 urbe
2056 4710 2103 4767 D

452 4779 779 4855 ﬂrentiaétttn
826 4779 997 4848 tribus
1039 4794 1249 4845 circiter
1291 4787 1453 4842 lencis
1479 4779 2025 4855 dis—tat._Fortunatus

448 4849 881 4929 inaniinani
932 4881 983 4920 ix
1023 4863 1217 4916 recinit
1252 4861 1305 4912 in
1351 4854 1639 4923 Cliilperici
1670 4849 1919 4929 laudem,
1960 4860 2027 4901 eo

447 4920 849 5013 ip§t3"ié'mpeié
885 4952 989 5007 quo
1022 4934 1197 4995 habita
1230 4931 1329 4993 fuit
1366 4920 1491 4987 [me
1514 4921 1750 4995 synodus
1783 4920 2023 4978 Brennus

445 5027 643 5066 l‘CllSlS.

526 5058 658 5134 ﬁt;
692 5080 791 5133 hoc
822 5077 940 5129 loco
979 5071 1217 5127 nonnulli
1274 5066 1530 5131 colligunt
1583 5058 1895 5137 Gregorium
1941 5064 2028 5137 ter

454 5125 669 5205 missam
702 5125 802 5201 una
824 5125 933 5200 "uti;
962 5125 1265 5198 celebrasse
1298 5176 1312 5199 ,
1336 5125 1493 5203 (μεῖξαι
1526 5125 1909 5205 tarnen’aliiita
1940 5127 2023 5178 in-

455 5199 856 5287 William;
909 5226 967 5268 ut
1017 5211 1303 5287 Gregorius
1332 5199 1471 5287 sese
1527 5212 1646 5287 post
1703 5199 2022 5287 celebratam

458 5268 695 5355 missam,
720 5268 1053 5343 saeiamento
1077 5268 1157 5355 ad
1171 5279 1269 5332 tria
1297 5278 1480 5331 altaria
1509 5268 1579 5355 de
1604 5287 1700 5355 sua
1727 5268 2024 5355 innocr'ntia

459 5338 1045 5427 prm-s'itdsa‘n—riniine
1075 5354 1303 5427 impar-to
1342 5345 1565 5427 exuerit.
1604 5344 1652 5396 Id
1683 5350 1858 5393 autem
1904 5338 2029 5418 fecit

458 5406 764 5495 (ireporiu's.
807 5406 1096 5495 quodnon
1128 5406 1343 5495 deceret
1370 5416 1773 5494 subdiaconutn,
1812 5423 1902 5459 seu
1930 5406 2029 5486 mi-

459 5477 642 5556 50$...
674 5477 922 5554 cle'rir'uui
972 5496 1224 5546 adversus
1250 5490 1553 5554 cpis‘rOpnm
1598 5484 1647 5534 in
1678 5490 1865 5532 testem
1898 5477 2031 5527 ret-i-

458 5574 530 5641 pi.
576 5571 719 5625 Laici
751 5584 878 5624 vero
907 5567 977 5618 ad
994 5561 1341 5641 prensi-udos
1370 5558 1646 5635 episcopus
1698 5561 2026 5616 nequaquam

456 5626 872 5696 ἒίιιῑιὶιισιικιηιιιῐ
902 5652 962 5688 ex
986 5633 1259 5689 Canonum
1292 5626 1621 5696 praescripto.

907 5685 1205 5772 ‘I—ilgunlbis
1245 5685 1530 5772 (Littlperiei
1562 5702 1650 5772 et”
1672 5685 2032 5772 Frcdcgundis

459 5780 566 5841 ωξη
599 5822 610 5843 .
644 5783 712 5833 de
743 5796 841 5845 qua
882 5757 1170 5841 Gregorius
1220 5757 1413 5837 passim
1444 5768 1569 5831 agit.
1619 5762 1815 5845 [Lcitnr
1857 5757 2032 5824 regina

462 5834 558 5926 pro
600 5834 823 5905 'illoru'tn
882 5834 1175 5913 temporum
1210 5834 1373 5905 nimie,
1428 5837 1617 5906 quibus
1678 5834 1796 5884 lilia:
1849 5838 2031 5895 regum

2104 3376 2214 3444 jam
2245 3382 2390 3431 esset
2418 3370 2725 3440 episcopus,
2772 3367 2825 3421 in
2867 3367 3085 3423 domum
3114 3362 3357 3418 ecclesia)
3396 3359 3692 3428 ingreditur

2112 3464 2466 3535 impudenter,
2489 3468 2765 3528 argentum
2791 3456 3043 3513 describit
3063 3454 3326 3517 ecclesias,
3352 3452 3691 3518 reliquasque

2113 3572 2200 3619 res
2231 3555 2332 3613 sub
2369 3568 2519 3611 snam
2569 3551 2757 3618 redigit
2805 3554 3142 3616 potestatem.
3190 3542 3415 3612 Majores
3460 3540 3693 3593 clericis

2116 3645 2426 3709 muneribus
2448 3644 2599 3704 ditat,
2625 3639 2845 3709 largitur
2868 3638 3069 3699 vineas,
3097 3644 3243 3703 prata
3270 3630 3566 3694 distribuit;
3594 3630 3695 3682 nii-

2116 3754 2273 3799 nores
2303 3751 2428 3791 vero
2469 3733 2724 3795 fustibus,
2758 3728 3033 3798 plagisque
3064 3726 3245 3779 multis
3266 3766 3281 3792 ,
3329 3723 3489 3780 etiam
3531 3738 3696 3774 manu

2119 3835 2329 3902 propria
2359 3826 2567 3891 aﬂecit,
2615 3824 2799 3877 dicens
2829 3839 2842 3874 :
2878 3817 3261 3888 Recognoscite
3299 3815 3574 3870 dominum
3603 3827 3698 3865 ve-

2118 3936 2309 3985 strum,
2339 3918 2430 3989 qui
2460 3916 2734 3975 victoriam
2763 3914 2920 3984 267
2950 3911 3018 3965 de
3051 3908 3276 3965 inimicis
3316 3906 3574 3967 obtinuit,
3604 3919 3699 3957 cu-

2117 4014 2207 4085 ju’s
2238 4011 2511 4079 ingenium
2532 4004 2855 4061 Turonicam
2887 4000 3070 4055 urbem
3101 4000 3167 4052 ab
3197 3997 3453 4054 Arvernis
3492 3995 3701 4062 pupulis

2121 4104 2428 4167 emundavit
2458 4100 2474 4141 ί
2501 4115 2515 4164 ;
2550 4098 2799 4165 ignorans
2829 4093 3022 4156 miser,
3052 4088 3194 4160 quod
3239 4098 3433 4156 praeter
3462 4088 3699 4155 quinque

2122 4195 2419 4264 epiwnp's,
2452 4188 2641 4256 reliqui
2665 4200 2850 4239 omnes
2877 4182 2967 4252 qui
2992 4181 3354 4239 Sacerdotium
3375 4177 3700 4232 Turonicnm

2123 4294 2509 4357 susceperunt,
2570 4290 2845 4348 parentum
2900 4283 3203 4330 nostrorum
3263 4271 3526 4341 prosapim
3576 4281 3704 4323 sint

2124 4379 2413 4449 conjuncti.
2467 4373 2599 4428 Illud
2638 4385 2783 4439 saepe
2813 4368 2924 4424 suis
2970 4365 3321 4419 familiaribus
3368 4363 3545 4416 dicere
3584 4372 3705 4414 erat

2125 4476 2336 4537 solitus,
2368 4465 2508 4538 quod
2550 4462 2817 4517 hominem
2848 4458 3157 4527 prudentem
3184 4470 3290 4508 non
3316 4454 3489 4515 aliter,
3518 4453 3618 4505 nisi
3651 4454 3703 4505 in

2128 4560 2394 4641 periuriis,
2424 4555 2540 4627 quis
2563 4553 2809 4621 decipere
2839 4548 3023 4618 possit.
3053 4544 3156 4601 Sed
3175 4560 3295 4601 cum
3320 4561 3404 4599 tne
3425 4558 3704 4598 reversum

2127 4691 2769 4767 regina:appellal_i_antnr._
2781 4686 2922 4767 _Quin
2947 4693 3177 4765 etvetus
3192 4693 3344 4767 poeta
3369 4682 3467 4767 sub
3495 4682 3707 4764 Alcuini

2130 4754 2529 4824 no‘iniiiendtns,
2552 4758 2725 4813 Caroli
2754 4758 2820 4811 M.
2855 4755 3187 4810 venationem
3210 4754 3539 4816 describens,
3564 4754 3709 4820 ejus-

2130 4843 2251 4899 deni
2284 4837 2421 4903 regis
2450 4833 2593 4889 ﬁlias.
2612 4842 2837 4903 coronas
2866 4830 2918 4903 in
2944 4825 3115 4903 capite
3142 4834 3379 4903 gestasse
3400 4824 3605 4877 scribit.

2200 4907 2225 4946 d
2257 4894 2561 4978 Sic'Regm.
2612 4900 2717 4955 Nec
2741 4897 2882 4952 aliud
2916 4895 3124 4948 volebat
3152 4894 3515 4978 Cliloduveus,
3545 4908 3709 4973 quam

2133 4964 2533 5039 Fredegunde'm
2593 4983 2874 5024 novercam
2929 4979 3176 5039 elegito
3223 4965 3419 5039 pellere
3473 4964 3711 5027 :sicqne

2128 5051 2237 5118 jam
2294 5034 2873 5118 interfectis_fratribns
2913 5035 3044 5097 suis,
3089 5034 3468 5118 llr-edebam
3509 5044 3568 5118 et
3596 5035 3711 5087 Me.

2138 5103 2319 5180 roveo,
2352 5127 2571 5181 regnum
2596 5110 2784 5175 fuisset
2810 5110 3057 5181 adeptus.
3086 5103 3225 5156 Editi
3248 5118 3375 5155 vero
3400 5118 3517 5181 cum
3553 5103 3708 5157 Berc.

2135 5173 2333 5244 habent
2384 5173 2661 5252 interfectis
2700 5178 2941 5248 fratribus
2986 5183 3033 5228 et
3087 5185 3264 5252 patre,
3308 5173 3456 5240 quasi
3504 5185 3710 5252 patrem

2133 5274 2289 5312 suum
2320 5244 2621 5310 interficere
2660 5244 2962 5315 cogitasset,
3011 5245 3165 5315 quod
3190 5259 3374 5309 parum
3423 5244 3712 5297 verisimile

2134 5341 2231 5383 est.
2270 5328 2324 5383 Si
2346 5326 2488 5379 enim
2543 5313 2873 5389 Cliilpericns
2921 5316 3103 5389 fuisset
3136 5313 3517 5389 interemptus,
3551 5315 3714 5366 (Liuo-

2135 5401 2335 5452 dnveus
2369 5401 2559 5449 lrn~tra
2586 5383 3041 5457 de'lt‘redeguude
3069 5383 3309 5457 pellenda
3337 5383 3712 5448 dciiberasset,

2136 5485 2255 5521 cum
2283 5468 2391 5535 jam
2434 5466 2546 5535 ipse
2579 5462 2763 5515 fuisset
2804 5453 3039 5511 ninnium
3071 5453 3337 5517 dominus,
3361 5467 3585 5521 eantque
3614 5466 3716 5522 pro

2138 5534 2293 5594 libit‘u
2311 5534 2621 5606 pepulisset.

2213 5618 2235 5645 θ
2267 5592 2476 5673 lli:gin.,
2509 5616 2703 5669 semper
2742 5599 2877 5652 idem
2925 5597 2977 5649 in
3030 5593 3289 5663 superbia,
3341 5592 3522 5661 plenus
3571 5594 3714 5646 omni

2142 5679 2385 5743 nequitia.
2420 5674 2572 5726 Nam.

2216 5733 2359 5801 i15d.
2410 5744 2630 5810 Cltesn.,
2665 5739 2967 5795 emendavit.
3024 5736 3312 5804 Gregorius
3366 5733 3560 5804 quippe
3599 5741 3717 5787 erat

2143 5824 2433 5875 Arvernus.
2644 5822 2645 5825 ‘
