4016 6338
320 305 416 365 ευ

1340 309 1399 364 S.
1443 307 2116 365 GHEGORII'EPISCUPI
2156 306 2586 367 ΤυΚΟΝΕΝΞΞΞ

3493 291 3558 345 τε

321 425 368 479 Χ
373 422 472 476 XX
480 423 505 475 I
520 422 576 476 V.
624 421 700 476 De
729 422 866 475 obitu
892 421 990 489 ﬁlii
1018 419 1307 490 Chilperici,
1331 435 1479 487 quem
1503 419 1870 474 Theodericum
1895 421 2107 473 vocavit.

316 493 470 548 ΧΧΧ
490 493 548 546 V.
593 493 664 545 De
693 493 902 545 interitu
925 489 1197 544 Mummoli
1222 490 1470 559 prtefecti,
1503 502 1548 542 et
1579 491 1874 543 mulieribus
1903 491 2200 555 interfectis.

315 563 360 618 Χ
370 562 415 614 Χ
423 561 468 614 Χ
487 563 579 613 VI.
624 561 700 616 De
730 560 970 616 {Etherio
997 562 1257 630 episcopo.
1280 570 1325 612 et
1349 559 1614 630 de_clerici
1635 561 1900 630 cujusdam
1933 562 2160 616 libidine.

313 631 609 687 XXXVII.
656 630 730 683 De
758 649 878 685 uere
911 632 1148 698 Lupentii
1170 627 1362 682 abbatis
1394 627 1728 683 Gaballitani.

480 699 646 772 VIII.
689 700 765 755 De
791 703 932 755 obitu
960 701 1234 772 Theodosii
1255 701 1499 768 epis-capi,
1527 713 1572 754 et
1600 717 1885 772 successore
1911 704 2042 772 ejus.

310 770 575 826 XXXIX.
623 772 695 825 De
725 773 863 825 obitu
888 771 1106 840 Remigii
1128 767 1417 836 Biturigum
1439 771 1662 839 episcOpi
1684 786 1703 836 ;
1727 781 1771 823 et
1805 772 1868 823 de
1895 767 2129 824 incendio
2160 769 2316 834 urbis,
2349 782 2394 823 et
2424 770 2747 825 successione
2777 767 3026 839 Sulpicii.

307 840 424 894 XL.
471 843 546 894 De
575 842 906 895 altercatione
935 854 1108 894 nostra
1138 857 1249 892 cum
1281 841 1538 892 Iuvretico.

310 910 464 964 XLI.
508 913 659 975 Quod
685 912 997 980 Cltilpericus
1025 927 1116 964 rea:
1141 927 1254 962 cum
1276 910 1526 962 tltvsamis
1557 910 1664 963 suis
1691 911 1740 962 in
1766 911 2181 964 Camaracensem
2204 909 2353 962 abiit.

310 980 495 1033 XLII.
543 982 692 1048 Quod
718 980 1072 1034 Childebertus
1099 983 1152 1032 in
1180 981 1387 1032 Italiam
1411 979 1555 1031 abiit.

568 1047 645 1122 De
673 1051 1065 1104 Galliiiensibus
1091 1051 1312 1122 regibus.

305 1117 508 1189 μιν.
557 1121 632 1173 De
656 1122 868 1174 divtrsis
909 1122 1088 1189 signis.

304 1188 352 1259 Χ
359 1191 398 1242 ι
411 1191 472 1244 γ.
521 1190 594 1243 De
619 1193 809 1254 nuptiis
842 1188 1112 1254 Riguntltaz
1133 1191 1255 1257 filia:
1283 1188 1583 1259 Chilperici.

305 1257 350 1312 Χ
358 1259 487 1313 LVI
495 1300 508 1313 .
554 1261 627 1314 De
654 1262 859 1315 interitu
883 1259 1158 1329 Chilperici
1184 1261 1332 1329 regis.

305 1424 388 1442 δ’

1287 1553 1768 1663 LIBER
1847 1552 2273 1660 SEXT
2297 1551 2514 1675 US.

378 1785 537 1859 271
570 1787 610 1841 1.
644 1789 796 1840 Anno
819 1783 980 1851 igitur
1003 1792 1161 1838 sexto
1183 1781 1332 1853 regni
1355 1781 1437 1836 sui
1465 1822 1477 1846 ,
1505 1779 1879 1836 Childebertus
1908 1780 1954 1835 A
1985 1773 2364 1830 nobilitandam
2397 1775 2558 1848 273
2589 1775 2917 1834 Francorum
2947 1789 3160 1850 gentem
3205 1781 3326 1837 feci.
3370 1785 3473 1840 Sed
3505 1796 3560 1843 et

300 1894 391 1932 rex
419 1917 436 1942 ,
484 1877 679 1945 rejecta
712 1889 843 1943 pace
872 1873 1260 1929 Guntcbramni
1292 1871 1468 1940 regis,
1502 1885 1628 1925 cum
1655 1868 1877 1937 Chilpe-

308 1972 418 2025 rico
445 1965 766 2040 conjunctus
795 1977 896 2021 est.
942 1968 1056 2022 Non
1092 1977 1211 2035 post
1240 1967 1460 2020 multum
1488 1975 1697 2030 tempus
1727 1962 1878 2031 Gogo

298 2061 522 2116 moritur
551 2071 575 2097 ει
604 2102 619 2124 ,
651 2060 702 2113 in
726 2060 878 2122 cujus
922 2059 1096 2111 locum
1129 2057 1482 2110 Wandelinus
1538 2056 1873 2122 subrogatur.

296 2147 609 2203 Mummolus
640 2163 670 2200 a
718 2162 882 2216 regno
935 2145 1322 2200 Cuntcbramni
1367 2144 1488 2210 fuga
1520 2142 1790 2208 dilabitur,
1823 2151 1878 2194 et

295 2253 357 2294 se
406 2239 541 2292 inira
574 2253 845 2292 murorum
900 2234 1297 2290 Avennicorum
1351 2233 1703 2286 munitionem
1749 2246 1876 2284 eon-

299 2328 483 2383 oiudit.
519 2327 673 2395 Apud
719 2327 1033 2396 Lugdunum
1074 2330 1311 2398 synodus
1337 2327 1710 2395 episcoporum
1742 2339 1874 2378 con-

297 2420 542 2489 jungitur
571 2418 620 2484 δ,
648 2419 982 2476 diversarum
1012 2433 1291 2474 causarum
1324 2418 1705 2472 altercationes
1736 2416 1871 2469 inci-

300 2512 457 2574 dens,
507 2511 1026 2580 negligentioresque
1067 2510 1264 2578 judicio
1313 2509 1590 2562 damnans.
1627 2506 1873 2576 Synodus

293 2611 362 2654 ad
390 2618 574 2671 regem
605 2610 922 2667 revertitur,
954 2601 1120 2655 multa
1144 2603 1210 2656 de
1234 2602 1353 2671 l‘uga
1385 2599 1661 2654 Mummoli
1683 2599 1869 2663 ducis,

299 2693 552 2746 nonnulla
583 2693 649 2744 de
677 2691 962 2746 disCordiis
993 2702 1246 2746 tramans.

371 2784 435 2836 ιι.
463 2785 666 2838 luterei
699 2786 857 2852 legati
898 2784 1183 2854 Chilperici
1215 2784 1358 2852 regis
1384 2833 1396 2850 ,
1429 2785 1517 2853 qui
1561 2792 1684 2839 ante
1714 2784 1871 2838 trien—

297 2874 441 2927 nimn
494 2877 559 2928 ad
617 2876 886 2929 Tiberium
929 2877 1306 2944 imperatorem
1336 2859 1600 2942 abierant,
1635 2875 1864 2944 regressi

293 2975 529 3020 suntnon
545 2969 658 3020 sine
669 2969 816 3035 gravi
831 2968 1194 3036 damuoatque
1220 2967 1725 3038 labore.272Nam
1744 2983 1864 3021 cum

289 3059 670 3113 Massiliensem
698 3072 905 3129 portum
939 3071 1158 3129 propter
1187 3076 1370 3129 regum
1397 3059 1690 3114 discordias
1718 3060 1867 3116 adire

1986 1868 2216 1936 plurima
2243 1869 2439 1934 adhuc,
2473 1871 2520 1924 si
2550 1872 2657 1924 vita
2687 1885 2867 1926 comes
2899 1872 3080 1940 fuerit,
3109 1875 3320 1929 faciam.
3350 1875 3560 1934 Aureos

1984 1959 2145 2011 etiam
2178 1959 2508 2028 singularum
2540 1959 2800 2015 librarum
2826 1961 3082 2029 pondere,
3107 1979 3240 2032 quos
3270 1965 3560 2034 imperator

1989 2050 2132 2103 misit
2161 2090 2176 2114 ,
2210 2049 2443 2104 ostendit
2475 2091 2490 2117 ,
2523 2051 2784 2105 habentes
2814 2053 2881 2106 ab
2911 2069 3009 2106 una
3043 2063 3190 2121 parte
3221 2058 3427 2111 iconem
3458 2061 3558 2112 im-

1982 2140 2240 2205 peratoris
2282 2141 2504 2208 pictam,
2551 2153 2605 2196 et
2657 2142 2912 2210 scriptum
2965 2144 3017 2198 in
3045 2145 3286 2200 circulo:
3323 2145 3549 2205 Τιυειιιι.

1979 2233 2360 2287 (ἐοιιετλκτιιηι.
2394 2233 2680 2289 Ρειιῐιετυι.
2715 2237 2971 2289 Accusn’.
3009 2237 3089 2291 Ab
3112 2237 3215 2292 alia
3247 2253 3374 2293 vero
3407 2251 3555 2306 parte

1981 2324 2244 2380 habentes
2266 2326 2574 2395 quadrigam
2621 2338 2674 2380 et
2724 2341 3088 2392 ascensorem,
3115 2330 3554 2399 continentesque

1975 2417 2233 2484 scriptum
2264 2433 2279 2470 :
2314 2407 2541 2472 GLon'tA.
2577 2417 2939 2473 RUMANOBUI.
2965 2419 3127 2474 Multa
3157 2431 3335 2475 autem
3371 2432 3424 2476 et
3447 2424 3552 2482 alia

1973 2517 2290 2564 ornamenta
2318 2547 2333 2574 ,
2365 2523 2482 2577 qua:
2511 2523 2542 2562 a
2575 2508 2760 2577 legatis
2789 2520 2909 2564 sunt
2947 2511 3205 2575 exhibita,
3234 2513 3469 2567 ostendit
3503 2512 3547 2567 τ.

2043 2595 2131 2651 Ill.
2172 2597 2409 2668 Denique
2436 2614 2556 2652 cum
2587 2599 2726 2662 apud
2755 2601 2994 2654 eamdem
3027 2602 3207 2656 villam
3251 2619 3557 2659 commorat--

1974 2698 2142 2753 retur,
2174 2689 2391 2758 Egidius
2414 2688 2727 2745 Rbemensis
2750 2693 3030 2760 cpiscopus
3047 2709 3165 2749 eum
3183 2697 3372 2758 primis
3396 2696 3548 2752 Chil-

1970 2778 2178 2834 deberti
2209 2782 2514 2846 proceribus
2545 2785 2596 2835 in
2628 2784 2942 2853 legationem
2980 2786 3046 2840 ad
3077 2786 3433 2856 Chilpericum
3467 2808 3549 2847 re.-

1968 2887 2088 2940 gem
2121 2873 2292 2937 venit,
2324 2873 2500 2943 ibique
2525 2875 2882 2931 collocutione
2913 2876 3070 2942 facta,
3095 2889 3151 2931 ut
3176 2881 3351 2934 ablato
3383 2879 3548 2936 Gunt-

1967 2963 2209 3017 chramni
2255 2964 2395 3031 regis
2441 2979 2626 3034 regno,
2672 2965 2726 3019 hi
2756 2982 2815 3020 se
2845 2967 3168 3037 conjungere
3218 2971 3447 3027 debeant
3493 2975 3547 3031 in

1969 3068 2119 3123 pace,
2142 3055 2217 3108 ait
2239 3054 2573 3123 Chilpericus
2602 3073 2692 3111 rex
2720 3075 2732 3110 :
2767 3057 2887 3111 Filii
2917 3058 3045 3113 mihi
3067 3099 3082 3124 ,
3117 3063 3346 3129 peccatis
3377 3064 3547 3120 incre-

290 3155 406 3205 δυδί
430 3167 536 3206 nun
565 3163 768 3216 essent,
797 3154 1015 3219 Agatliae
1040 3164 1063 3192 ε
1090 3153 1296 3219 urbem,
1325 3167 1442 3221 quae
1468 3153 1520 3204 in
1543 3153 1860 3206 Gotthorum
1894 3152 1942 3213 Β
1969 3146 2271 3212 scentibus,
2313 3161 2418 3202 non
2464 3160 2864 3216 remanserunt,
2909 3166 3005 3205 nec
3052 3153 3181 3207 mihi
3225 3170 3364 3210 nunc
3407 3158 3546 3212 alius

289 3257 454 3310 regno
499 3244 599 3296 sita
630 3252 732 3307 est,
784 3243 1143 3297 advenerunt.
1191 3243 1296 3299 Sed
1347 3244 1654 3311 priusquam
1709 3241 1861 3296 littus

287 3334 628 3402 attingerent,
657 3336 811 3390 navis
843 3346 960 3389 acta
991 3348 1170 3402 vento,
1202 3337 1427 3403 impulsa
1463 3337 1619 3390 terris
1648 3336 1699 3389 in
1750 3335 1860 3389 fru-

290 3435 371 3479 sta
400 3428 674 3482 minuitur.
707 3427 891 3497 Legati
916 3445 1043 3484 vero
1073 3444 1197 3482 cum
1230 3430 1408 3497 pueris
1448 3443 1508 3482 se
1541 3429 1594 3481 in
1615 3428 1860 3496 periculo

288 3527 593 3582 cernentes,
614 3520 844 3588 arreptis
877 3517 1068 3572 tabulis
1098 3519 1182 3572 vix
1211 3522 1340 3586 ripa:
1371 3518 1522 3571 relati
1555 3527 1700 3582 sunt,
1723 3518 1858 3572 mul-

287 3603 354 3657 tis
394 3621 680 3672 puerurum
733 3606 979 3667 amissis;
1032 3606 1126 3660 sed
1183 3607 1393 3674 plurimi
1421 3617 1725 3661 evaserunt.
1755 3607 1861 3661 lies

289 3705 470 3749 autem
513 3711 644 3764 quas
677 3697 833 3750 unda:
864 3696 1031 3750 Iittori
1061 3699 1394 3762 invexerant,
1428 3697 1618 3752 incolae
1661 3711 1857 3766 rapue-

285 3795 429 3853 runt,
465 3802 529 3840 ex
571 3787 762 3854 quibus
807 3787 950 3856 quod
997 3789 1190 3842 melius
1241 3788 1337 3842 fuit
1385 3789 1709 3857 recipientes
1741 3831 1757 3855 ,
1791 3792 1858 3841 ad

285 3877 641 3940 Cliilpericum
673 3893 852 3946 regem
879 3877 1200 3932 retulerunt.
1229 3878 1392 3932 Multa
1441 3888 1619 3932 tamen
1659 3893 1724 3932 ex
1775 3879 1858 3933 his

281 3970 616 4037 Agathenses
636 3985 818 4026 secum
843 3974 1196 4026 retinuerunt.
1211 3971 1361 4026 Tunc
1382 3985 1481 4040 ego
1500 3970 1858 4041 Novigentum

287 4062 466 4116 villam
493 4060 520 4098 ά
546 4062 610 4117 ad
648 4076 929 4117 occursum
981 4061 1122 4130 regis
1152 4062 1430 4128 abieram;
1476 4061 1655 4130 ibique
1703 4063 1859 4117 nobis

286 4167 379 4206 rex
415 4143 720 4208 missorium
755 4162 778 4190 ε
809 4167 1081 4222 magnum,
1102 4151 1246 4222 quod
1274 4167 1336 4205 ex
1372 4166 1503 4206 auro
1529 4153 1860 4222 gemmisque

284 4244 636 4300 fabricaverat
695 4245 749 4298 in
792 4243 1176 4313 quinquaginta
1243 4242 1501 4298 librarum
1574 4243 1854 4310 pondere,

283 4335 551 4402 ostendit,
579 4335 802 4389 dicens:
849 4337 960 4404 Ego
1001 4334 1118 4388 haec
1154 4334 1220 4388 ad
1273 4333 1639 4388 exornandam
1697 4344 1858 4402 atque

351 4481 375 4507 οι
404 4471 452 4524 is
483 4470 675 4538 estqui
708 4469 800 4522 lib.
829 4485 885 4531 ν,
907 4484 1024 4536 cap.
1054 4468 1124 4522 47
1143 4508 1157 4531 ,
1188 4471 1384 4523 dicitur
1407 4467 1659 4522 nutritius
1688 4468 1846 4533 regis.

279 4541 344 4592 Et
373 4540 587 4608 quidem
606 4537 716 4592 lib.
747 4553 858 4598 VIII.
884 4538 1106 4608 cap.?..:t
1125 4577 1139 4599 ,
1182 4537 1493 4592 Vaudelinus
1523 4538 1751 4608 nutritor
1771 4552 1851 4589 re-

279 4610 355 4678 gis
385 4605 582 4662 obiiSSe
609 4618 951 4678 rneinoratur.
985 4607 1114 4661 Vide
1155 4621 1208 4678 et
1252 4609 1537 4672 epistolam
1567 4605 1847 4678 Cltamingi

281 4676 432 4731 duris
449 4680 512 4731 ad
536 4679 780 4732 emndem
813 4677 1081 4744 Gugonem
1111 4691 1139 4728 a
1165 4676 1398 4732 Frebero
1427 4677 1648 4730 editam.
1683 4676 1850 4731 Litte-

280 4763 458 4799 rarum
491 4747 679 4801 studiis
711 4749 872 4799 luisse
901 4749 1134 4799 deditum
1169 4756 1307 4811 patet
1337 4763 1401 4801 ex
1427 4747 1709 4812 ipsiusmet
1736 4747 1849 4810 cpi-

277 4819 415 4870 stola
443 4819 508 4870 ad
549 4817 904 4880 'l'ra'sericum,
930 4817 1017 4881 qui
1050 4827 1101 4869 et
1131 4817 1264 4870 alias
1293 4817 1505 4882 scripsit
1549 4817 1616 4867 ab
1660 4822 1846 4869 eodem

278 4887 514 4939 lt‘rebero
541 4899 592 4940 et
624 4886 860 4942 Cliesnio
889 4888 1079 4938 editas.
1116 4886 1522 4940 Brunechildem
1572 4886 1621 4935 in
1652 4885 1848 4940 Callias

275 4957 592 5020 adduxit,ut
621 4973 684 5009 ex
718 4956 1007 5009 Fortunato
1033 4965 1192 5019 patet,
1225 4958 1313 5024 qui
1344 4956 1412 5009 de
1454 4955 1694 5021 ejusdem
1737 4957 1847 5009 lau-

275 5026 430 5094 dibus
459 5038 681 5094 quatuor
713 5042 882 5091 priora
916 5026 1032 5078 libri
1057 5025 1380 5083 vttcarmina
1411 5027 1596 5080 edidit.

351 5093 377 5133 ι’
410 5093 485 5148 Ea
514 5105 596 5149 est
637 5095 998 5162 Lugdunensis
1028 5111 1104 5160 tu,
1159 5106 1214 5149 ut
1254 5095 1490 5159 videtur,
1543 5095 1663 5148 licet
1707 5110 1842 5148 anno

278 5165 595 5218 Contramni
625 5165 694 5216 ‘29.
720 5175 1038 5231 congregata
1067 5167 1275 5219 dicatur
1297 5165 1349 5218 in
1394 5166 1760 5231 inscriptione,
1793 5165 1842 5218 ἱιΙ

274 5247 355 5289 est
385 5251 525 5288 anno
555 5234 679 5297 5‘35,
713 5233 1038 5288 Childeberti
1067 5246 1276 5288 octavo.
1321 5237 1373 5289 ln
1405 5251 1466 5288 ea
1495 5236 1691 5288 conditi
1722 5245 1846 5288 sunt

281 5319 516 5358 canones
547 5318 663 5366 sex,
697 5303 786 5368 qui
815 5306 866 5355 in
897 5305 1298 5358 collectionibus
1325 5306 1530 5359 Concil.
1561 5305 1840 5358 habentur.

209 5437 214 5441 Α
282 5373 552 5427 Mummnli
582 5374 753 5443 fugam
781 5372 882 5427 hoc
911 5373 1026 5443 ipso
1059 5390 1197 5428 anno
1218 5375 1312 5428 581
1348 5382 1610 5428 memorat
1628 5374 1842 5443 Marius.

355 5452 378 5480 °
409 5442 677 5498 Sicllorb.
722 5452 777 5496 et
830 5442 984 5497 Colb.
1020 5444 1122 5498 Alii
1163 5459 1290 5497 veto
1321 5445 1572 5512 Agutlteu.
1608 5442 1746 5496 Urbs
1769 5453 1875 5496 est

279 5512 592 5578 episcOpalis
623 5514 918 5580 notissima,
950 5513 1108 5582 vulgo
1135 5513 1297 5582 Agde,
1328 5515 1426 5568 sub
1458 5513 1701 5568 Narbone
1731 5527 1848 5567 me-

279 5583 492 5649 tropoli,
527 5599 576 5635 ιιι
607 5584 951 5649 Septimania.

347 5647 378 5720 ἐι
405 5647 718 5716 Complures
748 5664 870 5705 sunt
900 5651 1057 5720 hujus
1088 5649 1316 5707 nominis
1344 5652 1483 5705 villte
1513 5652 1690 5718 regite,
1721 5667 1840 5719 qua:

278 5719 441 5792 vulgo
461 5719 666 5800 Negant
689 5719 1041 5794 appellantur.
1076 5721 1156 5778 Ex
1185 5739 1302 5793 cap.
1341 5723 1374 5776 5
1411 5733 1552 5794 patet
1589 5722 1675 5780 hic
1709 5725 1844 5782 Grc-

1880 4510 1925 4572 C

1964 3249 2206 3310 superest
2252 3239 2444 3306 haeres,
2475 3242 2576 3296 nisi
2631 3242 2808 3296 fratris
2855 3244 2959 3298 mei
3005 3244 3252 3314 Sigiberti
3287 3248 3441 3314 ﬁlius,
3493 3251 3546 3305 id

1963 3340 2048 3384 est
2075 3328 2446 3387 Childebertus
2473 3347 2568 3386 rex
2599 3350 2612 3385 :
2643 3334 2868 3403 ideoque
2898 3336 2950 3389 in
2978 3336 3224 3392 omnibus
3247 3355 3369 3408 qua:
3398 3343 3545 3396 labo—

1963 3436 2084 3476 rare
2124 3433 2370 3491 potuero,
2414 3424 2500 3479 hic
2544 3424 2714 3480 haeres
2761 3427 2976 3481 existat.
3019 3429 3249 3482 Tantum
3294 3429 3418 3484 dum
3449 3432 3546 3485 ad-

1965 3515 2166 3578 vixero,
2208 3514 2362 3570 liceat
2403 3515 2533 3570 mihi
2577 3517 2694 3571 sine
2736 3519 2986 3586 scrupulo
3028 3529 3119 3573 aut
3159 3520 3543 3590 disceptatione

1962 3613 2154 3659 cuncta
2198 3613 2402 3660 tenere.
2433 3606 2505 3660 At
2552 3605 2626 3659 illi
2673 3609 2872 3676 gratias
2917 3618 3169 3679 agentes,
3209 3613 3545 3679 pactionibus

1961 3695 2297 3763 subscriptis,
2325 3709 2388 3750 ea
2416 3710 2535 3763 quae
2563 3695 2724 3750 locuti
2753 3696 2959 3751 fuerant
2989 3698 3359 3765 llrutaverunt,
3386 3713 3441 3758 et
3470 3704 3539 3759 ad

1960 3783 2355 3843 Cuildebertum
2381 3801 2503 3841 eum
2534 3788 2740 3858 magnis
2767 3779 3077 3844 muneribus
3118 3801 3244 3846 sunt
3281 3796 3536 3864 regressi.

1961 3874 2160 3942 Quibus
2181 3875 2597 3945 discedentibus,
2623 3879 2957 3949 Chilpericus
2977 3895 3067 3934 rex
3090 3880 3485 3939 Leudovaldum
3509 3893 3535 3933 ε

1960 3966 2269 4037 episcopum
2310 3984 2432 4023 cum
2476 3971 2659 4037 primis
2700 3971 2852 4040 regni
2895 3971 2976 4026 sui
3017 3971 3234 4027 direxit.
3267 3974 3367 4040 Qui
3413 3977 3540 4032 dato

1960 4069 2313 4129 susceptoque
2354 4071 2688 4116 sacramento
2723 4060 2782 4128 ιι,
2818 4063 3254 4135 pactionibusque
3296 4065 3540 4134 ﬁrmatis,

1960 4153 2222 4207 munerati
2250 4156 2477 4222 regressi
2501 4163 2643 4208 sunt.

2031 4240 2118 4295 IV.
2161 4242 2340 4311 Lupus
2369 4258 2495 4297 vero
2521 4243 2624 4298 dux
2668 4245 3050 4314 Campanensis
3084 4242 3127 4313 ί,
3169 4261 3292 4301 cum
3333 4246 3536 4316 jamdiu

1957 4333 2026 4388 ab
2073 4333 2311 4388 adversis
2356 4334 2666 4404 fatigaretur
2715 4346 2767 4392 et
2822 4337 3144 4405 Spoliaretur
3195 4339 3435 4404 assidue,
3481 4347 3538 4395 et

1959 4463 2169 4532 gorium
2210 4461 2351 4532 loqui
2387 4465 2455 4518 de
2481 4480 2584 4518 una
2634 4481 2752 4533 quae
2791 4466 2843 4520 in
2887 4481 3016 4534 agro
3046 4467 3332 4521 Parisiensi
3377 4481 3536 4535 erat;

1959 4535 2307 4605 proindeque,
2337 4546 2428 4588 aut
2451 4535 2517 4588 de
2558 4536 2646 4589 illa
2688 4552 2806 4601 «quae
2850 4537 2916 4589 ad
2967 4537 3269 4605 Sequanam
3311 4539 3413 4592 sita
3455 4554 3538 4594 est.

1957 4603 2368 4676 infragParisios,
2389 4605 2547 4660 hodie
2566 4606 2932 4667 Saint-Cloud,
2949 4618 3040 4660 aut
3061 4603 3128 4660 de
3150 4622 3214 4660 ea
3235 4624 3353 4675 qute
3373 4624 3533 4676 supra

1955 4675 2198 4728 eamdem
2231 4677 2414 4745 urbem
2451 4693 2611 4745 ptope
2639 4680 2971 4731 conﬂuentes
3020 4677 3275 4730 Matrona:
3333 4679 3382 4730 iu
3433 4675 3535 4733 Se-

1955 4759 2207 4812 quanam,
2231 4744 2482 4798 V'ieenuis
2506 4744 2700 4812 vii-ina,
2730 4749 2994 4816 hodieque
3030 4746 3233 4812 Nogent
3263 4748 3420 4800 dicta.

2030 4822 2053 4849 ε
2079 4815 2380 4889 Missorium
2423 4819 2684 4889 vocabant
2720 4815 2921 4884 pelvim’
2948 4831 3043 4870 seu
3075 4817 3305 4889 discum.
3355 4821 3536 4889 Aliqui

1955 4897 2021 4936 eo
2073 4888 2288 4938 nomine
2331 4891 2592 4939 concham
2643 4887 2975 4952 designatum
3018 4888 3249 4951 volunt,
3294 4887 3533 4942 nonnulli

1952 4955 2175 5022 aliaeum
2211 4970 2329 5008 cum
2371 4957 2515 5009 omni
2545 4957 2893 5022 supellectile.

2032 5021 2048 5060 ί
2087 5023 2215 5078 Vide
2242 5026 2367 5096 Paul
2404 5025 2546 5078 Diae.
2577 5021 2668 5080 lib.
2697 5043 2750 5079 ιιι
2781 5029 2914 5080 llist.
2945 5027 3137 5096 Lang,
3163 5043 3280 5094 cap.
3316 5029 3400 5082 15.

2025 5104 2050 5142 s
2078 5095 2259 5156 Corb.,
2289 5094 2672 5165 Leodoaldum,
2708 5094 3091 5165 Bajocensem,
3124 5110 3180 5152 ut
3209 5098 3436 5163 videtur,
3465 5100 3533 5152 de

1952 5182 2056 5234 qun
2082 5165 2216 5217 inl'ra
2249 5163 2420 5236 lib._lx
2439 5205 2454 5232 ,
2478 5181 2598 5236 cap.
2627 5165 2712 5233 15,
2736 5163 2828 5221 aut
2848 5169 3236 5223 Ahrincensem
3254 5209 3267 5232 ,
3295 5170 3381 5236 qui
3409 5179 3533 5224 tunc

1951 5218 2161 5305 quoque
2203 5218 2432 5291 viveliat.

2021 5302 2051 5341 ιι
2081 5305 2182 5358 Alii
2209 5305 2391 5369 codd.,
2415 5316 2641 5377 excepto
2667 5305 2854 5374 Corb.,
2886 5308 3084 5364 habent
3107 5319 3440 5379 susceptoque
3465 5318 3531 5364 de

1955 5388 2445 5445 paceisacramento.

2031 5444 2046 5481 ί
2083 5444 2293 5517 Regum
2338 5446 2741 5517 Campaniensis,
2783 5457 2836 5502 et
2881 5449 2986 5503 Bad
3018 5489 3033 5512 ,
3065 5449 3382 5516 Cantptmitc,
3413 5464 3533 5515 qua:

1952 5516 2128 5588 omnia
2153 5517 2396 5588 eamdem
2423 5516 2743 5584 provinciam
2778 5520 3060 5588 designant
3080 5520 3430 5573 notissimam.
3465 5520 3534 5572 Et

1950 5586 2084 5711 Lilia:
2105 5599 2211 5708 pro
2239 5587 2481 5665 adversis,
2509 5605 2626 5659 qua:
2653 5589 2813 5646 tet-tio
2839 5586 2919 5646 esi
2948 5588 3112 5648 Corb.
3143 5600 3199 5647 et
3226 5587 3407 5654 Colb.,
3436 5589 3532 5644 ba-

1989 5671 2052 5710 Cil
2142 5671 2333 5711 ωενδιδ.

1989 5667 2077 5712 εειι
2105 5667 2333 5712 diversis.
