4016 6338
260 496 358 549 573

1172 494 1484 551 HISTOle
1529 488 1969 549 FRANCURUM.
2014 492 2211 547 LIBER
2255 494 2526 552 SEXTUS

3413 500 3519 553 576

262 614 552 687 praesertim
584 614 651 668 ab
693 614 918 668 Ursione
948 623 1000 669 et
1034 614 1339 669 Bertelredo
1364 623 1412 677 ι,
1442 614 1505 667 ad
1536 623 1835 668 extremum
1864 612 1911 667 Α
1943 621 2276 679 sanatorem,
2317 614 2455 667 sicut
2494 614 2567 667 ait
2607 614 2863 683 propheta
2911 623 3030 669 tuus
3065 633 3078 668 :
3126 615 3260 668 Misit
3299 615 3519 671 Verbum

260 708 611 762 conventione
638 705 774 759 facta
802 715 861 760 ut
884 705 1235 771 occideretur,
1257 714 1660 759 commoverunt
1682 718 1835 758 exer-

261 797 418 851 citum
444 805 627 850 contra
654 810 797 850 eum.
824 794 976 862 Quod
1003 808 1228 850 cernens
1261 794 1611 849 Brunichildis
1632 795 1833 863 regina,

260 890 550 944 condolens
594 888 763 943 ﬁdelis
805 889 905 941 sui~
934 888 1292 942 insecutiones
1338 888 1584 956 injustas,
1616 886 1839 954 praecin-

267 995 396 1050 gens
424 995 483 1034 se
520 980 765 1044 viriliter,
798 980 984 1047 irrupit
1016 978 1217 1032 medios
1249 979 1479 1032 hostium
1509 991 1729 1041 cuneos,
1761 976 1839 1029 di-

263 1088 389 1128 cens
418 1091 429 1123 :
456 1072 653 1135 Nolite,
687 1086 719 1125 o
746 1070 878 1136 viri,
910 1070 1075 1125 nolite
1106 1070 1303 1125 malum
1333 1070 1432 1124 hoc
1457 1069 1651 1133 facere,
1679 1068 1841 1140 274.

263 1164 427 1217 nolite
453 1162 700 1231 persequi
746 1162 1116 1226 innocentem;
1152 1162 1315 1215 nolite
1346 1176 1442 1229 pro
1472 1176 1577 1214 uno
1626 1160 1840 1214 homine

262 1252 596 1305 committere
635 1250 872 1318 praelium
890 1291 905 1314 ,
929 1265 1033 1316 quo
1064 1251 1309 1304 solatium
1334 1250 1565 1317 regionis
1593 1250 1839 1304 intereat.

267 1342 390 1396 llzec
417 1342 505 1395 illa
539 1343 809 1408 loquente,
841 1342 1113 1409 respondit
1142 1341 1295 1396 llrsio
1322 1359 1333 1391 :
1367 1340 1577 1396 Recede
1604 1355 1632 1393 a
1663 1340 1836 1405 nobis,

266 1449 302 1487 ο
339 1432 551 1486 mulier.
594 1430 833 1486 Sufﬁciat
880 1432 973 1485 tibi
1021 1430 1120 1483 sub
1167 1432 1282 1484 viro
1326 1430 1560 1484 tenuisse
1600 1444 1841 1497 regnum.

268 1524 415 1580 Nunc
444 1534 621 1578 autem
655 1523 794 1577 ﬁlius
824 1531 944 1577 tuus
976 1533 1187 1591 regnat,
1233 1536 1560 1591 regnumque
1584 1520 1698 1590 ejus
1737 1536 1842 1572 non

270 1626 378 1679 tua,
424 1614 519 1669 sed
570 1626 747 1668 nostra
782 1614 1001 1667 tuitione
1032 1614 1289 1667 salvatur.
1319 1612 1398 1665 ’l‘u
1444 1627 1570 1666 vero
1597 1612 1788 1666 recede
1816 1627 1845 1663 a

268 1706 443 1767 nobis,
477 1720 547 1760 ne
576 1715 626 1759 te
667 1705 878 1775 nngulm
914 1718 1170 1773 equorum
1203 1712 1506 1757 nostrorum
1537 1716 1658 1756 cum
1706 1709 1847 1755 terra

268 1795 594 1849 confodiant.
634 1794 757 1849 lla'c
781 1803 834 1847 et
864 1794 965 1847 alia
992 1808 1113 1848 cum
1138 1793 1437 1847 diutissime
1471 1792 1609 1846 inter
1636 1807 1694 1846 se
1724 1806 1848 1859 pro-

272 1887 552 1951 tulissent,
592 1884 819 1938 obtinuit
862 1883 1060 1954 regina:
1106 1882 1367 1937 industria
1417 1897 1484 1936 ne
1531 1891 1846 1950 pugnarent.

1940 718 2085 753 suum
2106 742 2119 763 ,
2151 712 2195 753 ct
2220 705 2417 756 sanavit
2444 721 2525 757 eos
2558 703 2728 775 (Psal.
2752 721 2866 770 CVI,
2890 705 3017 773 20):~
3032 706 3180 773 Quod
3208 716 3381 762 autem
3410 708 3516 771 ais,

1940 794 2059 860 quia
2089 794 2201 862 ipse
2229 810 2333 849 non
2364 806 2614 864 generet,
2643 798 2762 850 audi
2807 799 3115 864 prophetam
3153 809 3295 851 tuum
3336 802 3515 854 dicen-

1943 893 2047 937 tem
2082 900 2144 937 ex
2189 900 2320 939 voce
2363 886 2631 940 dominica
2662 905 2672 938 :
2710 886 2960 955 Nunquid
2990 905 3101 957 ego,
3129 890 3215 957 qui
3246 892 3373 943 alios
3419 909 3512 959 pa-

1941 989 2050 1026 rere
2074 974 2228 1042 facio,
2255 976 2363 1045 ipse
2391 992 2493 1028 non
2524 977 2721 1045 pariam
2752 977 2903 1046 (leui.
2930 994 3082 1045 LXVI,
3111 981 3205 1047 9)?
3236 982 3347 1035 lucc
3374 984 3513 1035 enint

1943 1062 2009 1116 de
2042 1064 2254 1131 populo,
2292 1065 2377 1133 qui
2410 1066 2460 1118 in
2489 1081 2610 1119 eum
2652 1082 2745 1134 per
2775 1066 2930 1121 ﬁdem
2962 1071 3279 1132 renascitur,
3309 1072 3397 1124 ait.
3436 1074 3513 1122 Ad

1947 1153 2058 1207 [nec
2099 1154 2314 1208 Judreus
2362 1156 2678 1223 respondit:
2710 1156 2955 1225 Nunquid
3007 1160 3145 1214 Deus
3193 1161 3353 1213 homo
3404 1162 3519 1214 ﬁeri

1946 1244 2144 1311 potuit,
2167 1258 2251 1297 aut
2278 1245 2343 1298 de
2366 1246 2587 1300 muliere
2607 1247 2782 1311 nasci,
2808 1248 3116 1303 verberibus
3137 1251 3321 1313 subdi,
3349 1264 3517 1304 morte

1945 1335 2227 1390 damnari?
2253 1336 2332 1390 Ad
2364 1339 2474 1392 haec
2518 1354 2641 1407 rege
2672 1350 2903 1404 tacente,
2943 1342 2994 1394 in
3042 1343 3293 1395 medium
3321 1359 3406 1396 me
3439 1350 3518 1394 in-

1946 1440 2136 1495 gerens
2165 1426 2315 1479 dixi:
2346 1427 2415 1483 Ut
2462 1427 2598 1483 Deus
2649 1430 2740 1482 Dei
2790 1428 2957 1484 Filius
2996 1430 3154 1485 homo
3202 1432 3380 1497 ﬁeret,
3414 1448 3517 1490 non

1947 1531 2092 1582 sua),
2138 1518 2234 1572 sed
2282 1528 2478 1572 nostra:
2528 1521 2862 1575 necessitatis
2909 1523 3111 1576 exstitit
3160 1538 3340 1577 causa.
3387 1522 3519 1578 Nam

1947 1607 2209 1674 captivum
2245 1618 2461 1673 peccato
2490 1609 2790 1674 hominem,
2817 1618 2869 1663 et
2898 1609 3097 1663 diaboli
3126 1613 3367 1666 servituti
3398 1614 3524 1667 sub-

1946 1697 2142 1766 jectum
2185 1698 2449 1753 redimere
2491 1713 2595 1752 non
2644 1709 2921 1768 potuerat,
2970 1702 3068 1754 nisi
3119 1704 3388 1757 hominem
3440 1720 3524 1759 as-

1949 1791 2283 1860 sumpsisset.
2314 1792 2423 1860 Ego
2449 1806 2577 1846 vero
2609 1808 2711 1846 non
2742 1792 2807 1845 de
2837 1794 3138 1861 Evangeliis
3162 1804 3216 1849 et
3245 1798 3521 1862 Apostolo,

1951 1898 2068 1952 qua:
2099 1898 2204 1937 non
2234 1883 2431 1948 credis,
2473 1884 2565 1937 sed
2598 1884 2664 1938 de
2705 1886 2806 1938 tuis
2849 1885 2998 1939 libris
3044 1886 3346 1940 testimonia
3389 1904 3523 1953 pra:-

270 1976 469 2030 Tatnen
501 1976 567 2030 ab
594 1975 686 2029 illo
715 1975 831 2029 loco
872 1974 1224 2040 discedentes,
1256 1974 1523 2028 irruerunt
1552 1973 1605 2026 in
1653 1973 1841 2025 domus
1874 1971 1919 2031 Β
1947 1976 2097 2039 bens,
2125 1976 2338 2044 proprio
2366 1984 2417 2029 te
2444 1989 2698 2029 mucrone
2728 1976 3024 2029 confodiant
3046 2015 3060 2039 ,
3088 1978 3227 2031 sicut
3252 1980 3518 2045 quiondam

272 2064 409 2131 Lupi
461 2073 514 2118 et
562 2065 774 2132 direpto
800 2062 945 2116 omni
976 2062 1220 2129 pratsidio
1243 2060 1295 2128 ι),
1323 2061 1581 2129 ﬁngentes
1612 2075 1671 2114 se
1717 2059 1845 2131 illud

272 2157 327 2209 in
357 2155 609 2229 thesauro
641 2155 779 2223 regis
810 2154 1122 2221 recondere,
1147 2153 1257 2207 suis
1284 2167 1403 2205 eum
1432 2151 1675 2203 domibus
1707 2151 1846 2203 intu-

268 2248 475 2312 lerunt,
508 2247 836 2302 intendentes
867 2246 1014 2313 Lupo
1046 2245 1236 2312 minas,
1261 2256 1418 2313 atque
1447 2244 1687 2297 dicentes
1713 2259 1727 2295 :
1759 2242 1847 2296 Vi-

270 2349 374 2389 vus
401 2336 645 2390 virtutem
679 2346 910 2389 nostram
941 2350 1044 2389 non
1073 2336 1282 2390 evadet.
1314 2340 1381 2388 At
1409 2334 1498 2388 ille
1533 2347 1761 2388 cernens
1789 2346 1849 2387 se

271 2430 329 2482 in
370 2428 695 2492 discrimine,
727 2438 887 2481 tutata
937 2427 1071 2481 inl’ra
1105 2426 1250 2480 urbis
1297 2425 1536 2491 Lugduni
1583 2424 1786 2479 Clavati
1822 2433 1845 2460 π

271 2534 457 2573 muros
485 2518 707 2587 conjuge
744 2533 862 2584 sua,
892 2517 981 2571 ad
1003 2516 1462 2571 Guntchramnum
1496 2529 1674 2583 regem
1722 2527 1850 2568 con-

272 2610 425 2679 fugit.
456 2610 499 2663 A
539 2624 643 2678 quo
673 2609 897 2677 benigne
940 2615 1217 2676 susceptus
1255 2622 1375 2660 cum
1418 2621 1483 2660 eo
1526 2605 1707 2671 latuit,
1749 2622 1849 2659 ex-

272 2708 527 2769 spectans
572 2710 630 2754 ut
670 2698 1046 2755 Childebertus
1094 2700 1159 2755 ad
1209 2698 1500 2768 legitimam
1548 2700 1852 2766 perveniret

272 2802 512 2847 aetatem.

350 2882 414 2937 γ.
448 2884 612 2953 lgitur
636 2882 969 2952 Chilperieus
996 2897 1119 2947 rex,
1150 2898 1268 2937 cum
1299 2882 1471 2938 adhuc
1498 2882 1635 2951 apud
1666 2896 1853 2951 supra-

272 2972 473 3027 dictam
502 2972 676 3026 villam
711 2982 1031 3037 moraretur,
1062 2972 1437 3041 impedimenta
1469 2973 1668 3026 moveri
1710 2986 1848 3040 prte-

271 3064 498 3131 eipiens,
532 3062 763 3118 Parisios
792 3063 977 3117 venire
1006 3063 1257 3131 disponit.
1291 3066 1366 3115 Ad
1396 3078 1550 3132 quem
1581 3078 1700 3116 eum
1739 3061 1849 3130 jam

273 3155 634 3209 valedicturus
683 3156 1030 3221 accederem,
1073 3156 1287 3211 Judaeus
1331 3155 1543 3226 quidam
1571 3198 1585 3220 ,
1638 3156 1849 3211 Priscus

275 3246 519 3313 nomine,
550 3246 636 3315 qui
660 3245 708 3300 ei
736 3247 799 3299 ad
822 3249 1024 3313 species
1050 3247 1367 3300 coemendas
1394 3245 1672 3300 familiaris
1698 3255 1847 3313 erat,

1953 2064 2113 2117 David
2162 2064 2368 2120 Goliam
2412 2064 2605 2137 legitur
2654 2066 2963 2119 trucidasse.
3002 2066 3159 2135 Igitur
3203 2068 3341 2135 quod
3387 2071 3523 2124 Dens

1950 2154 2109 2208 homo
2136 2154 2340 2209 futurus
2366 2164 2538 2218 esset,
2563 2156 2685 2210 audi
2714 2156 3026 2223 pr0phclam
3059 2166 3203 2235 tuum
3231 2176 3241 2209 :
3275 2157 3338 2211 Et
3370 2159 3524 2223 Deus,

1949 2246 2148 2314 inquit,
2178 2254 2224 2298 et
2255 2247 2425 2310 homo,
2468 2253 2512 2298 et
2543 2246 2653 2311 quia
2684 2247 2911 2312 cognovit
2942 2247 3098 2299 eum?
3126 2248 3188 2299 Et
3225 2249 3348 2301 alibi
3380 2266 3392 2301 :
3427 2249 3526 2302 llic

1949 2346 2021 2389 est
2060 2335 2199 2391 Deus
2239 2344 2429 2402 noster,
2460 2348 2504 2389 et
2545 2352 2643 2389 non
2676 2336 2985 2403 reputabitur
3012 2338 3143 2391 alius
3176 2348 3357 2403 pratter
3379 2356 3527 2402 cum;

1949 2430 2039 2498 qui
2074 2430 2258 2482 invenit
2296 2420 2493 2481 omnem
2521 2429 2915 2493 viatn'scientite,
2945 2439 2991 2482 et
3020 2429 3158 2482 dedit
3196 2430 3339 2483 illam
3367 2429 3528 2484 Jacob

1952 2537 2105 2587 puero
2126 2537 2239 2588 suo,
2264 2530 2309 2575 et
2331 2519 2497 2574 Israel
2526 2520 2709 2574 dilecto
2734 2536 2846 2574 suo.
2880 2520 3112 2575 Posthazc
3140 2522 3192 2574 in
3220 2524 3365 2575 terris
3394 2524 3528 2575 visus

1951 2620 2023 2664 est
2049 2623 2097 2664 et
2134 2627 2249 2663 cum
2278 2610 2561 2664 hominibus
2591 2620 2912 2665 conversatus
2940 2621 3011 2666 est
3037 2610 3285 2682 (Baraclt.
3315 2627 3403 2675 ιιι,
3436 2615 3526 2678 50,

1950 2699 2040 2767 37,
2068 2701 2179 2768 58).
2211 2701 2361 2769 Quod
2390 2708 2568 2755 autem
2600 2701 2666 2755 de
2697 2700 2912 2770 Virgine
2941 2701 3198 2767 nascitur,
3228 2702 3345 2754 andi
3376 2702 3523 2754 sinti-

1950 2793 2070 2847 liter
2097 2794 2407 2861 pr0phetam
2440 2803 2585 2846 tuum
2615 2793 2877 2845 dicentem
2906 2809 2916 2843 :
2954 2790 3085 2844 Ecce
3119 2790 3275 2861 Virgo
3307 2796 3356 2845 iu
3388 2805 3526 2846 utero

1952 2884 2233 2949 concipiet,
2278 2892 2322 2936 et
2362 2884 2523 2953 pariet
2572 2881 2769 2951 ﬁlium,
2814 2891 2860 2935 rt
2909 2884 3169 2936 vocabitur
3198 2900 3376 2938 nomen
3419 2888 3523 2953 cjm

1955 2974 2286 3039 Emmanuel,
2318 2975 2454 3042 quod
2481 2986 2553 3029 est
2581 2977 2998 3041 interpretatum,
3032 2976 3309 3029 Nobiscum
3344 2977 3477 3030 Deus
3506 2976 3525 3016 τ

1955 3064 2106 3137 (Isai.
2133 3081 2235 3131 vn,
2267 3065 2364 3129 ll;
2398 3064 2585 3117 Matth.
2609 3080 2623 3116 ι
2644 3106 2658 3129 ,
2686 3064 2799 3133 23).
2830 3064 2979 3129 Quod
3009 3066 3317 3120 verberibus
3343 3066 3526 3127 subdi,

1953 3158 2095 3229 quod
2137 3158 2302 3212 clavis
2332 3156 2471 3225 afﬁgi
2502 3156 2760 3224 deberet,
2804 3164 2859 3210 et
2896 3156 3015 3209 aliis
3064 3172 3274 3226 quoque
3322 3158 3528 3226 injuriis

1954 3247 2251 3314 subiacere,
2284 3248 2367 3300 vel
2408 3246 2581 3309 afﬁci,
2626 3246 2762 3299 alius
2805 3245 3063 3313 propheta
3109 3247 3226 3300 ait:
3259 3247 3528 3302 Foderuut

274 3337 513 3393 advenit.
531 3336 691 3406 Cuius
713 3340 929 3391 caesarie
958 3354 1050 3392 rex
1074 3338 1266 3393 blande
1287 3340 1618 3407 apprehensa
1652 3354 1812 3393 manu
1830 3380 1845 3404 ,
1873 3329 1927 3396 ο
1956 3354 2135 3391 manus
2162 3354 2299 3390 metu
2326 3346 2373 3390 et
2400 3336 2553 3408 pedes
2588 3350 2723 3387 meo:
2746 3349 2765 3387 :
2796 3334 3073 3388 diuiserunt
3110 3335 3205 3389 sibi
3234 3337 3525 3391 vestimenta

274 3430 353 3482 ait
379 3428 445 3482 ad
492 3444 596 3491 me,
629 3430 850 3484 dicens:
890 3428 1056 3494 Veni,
1085 3428 1334 3484 sacerdos
1379 3429 1508 3495 Dei,
1541 3438 1595 3483 et
1639 3430 1851 3498 impone

274 3536 495 3576 manum
542 3536 702 3588 super
743 3535 885 3576 eum.
920 3521 1015 3575 Illo
1060 3528 1236 3576 autem
1277 3521 1561 3584 renitente,
1595 3523 1670 3576 ait
1715 3538 1847 3577 rex:

276 3612 327 3666 Ο
356 3626 507 3664 mens
550 3611 712 3676 dura,
744 3619 799 3665 et
841 3610 1111 3679 generatio
1147 3625 1359 3680 semper
1404 3611 1704 3678 incredula,
1731 3627 1851 3682 qua:

278 3715 393 3755 non
420 3700 662 3770 intelligit
700 3699 791 3755 Dei
822 3700 1010 3753 Filium
1037 3698 1063 3735 ἀ
1094 3701 1195 3755 sibi
1230 3701 1602 3769 prophetarum
1631 3702 1851 3757 vocibus

276 3792 693 3858 repromissum;
722 3806 827 3844 non
853 3790 1098 3856 intelligit
1126 3790 1487 3845 ecclesiastica
1521 3793 1771 3861 mysteria
1796 3792 1850 3846 in

276 3884 395 3935 suis
422 3880 696 3935 sacriﬁciis
725 3880 966 3949 ﬁgurata.
996 3881 1117 3935 Haec
1143 3896 1207 3935 eo
1230 3882 1461 3950 dicente,
1490 3882 1705 3937 Judazus
1733 3882 1808 3937 ait
1832 3898 1849 3949 ;

277 3972 425 4027 Deus
458 3986 560 4026 non
588 3981 709 4042 eget
748 3971 1022 4042 conjugio,
1054 3987 1224 4041 neque
1254 3973 1404 4041 prole
1428 3973 1648 4039 ditatur,
1681 3989 1851 4044 neque

277 4065 450 4119 ullum
482 4075 782 4119 consortem
809 4065 959 4133 regni
992 4064 1187 4119 habere
1216 4067 1436 4133 patitur,
1468 4068 1555 4135 qui
1589 4081 1682 4134 per
1706 4067 1851 4138 Moy-

276 4171 380 4209 sen
424 4160 547 4209 ait:
585 4154 782 4219 Videte,
827 4156 986 4207 videte
1026 4156 1147 4223 quia
1184 4169 1274 4223 ego
1321 4172 1431 4208 sum
1478 4154 1752 4222 Dominus,
1803 4165 1851 4210 et

275 4248 473 4316 absque
500 4263 577 4301 me
603 4262 703 4299 non
733 4255 803 4299 est
831 4247 955 4300 deus
981 4254 1026 4299 ο.
1055 4245 1166 4315 Ego
1208 4246 1465 4312 occidam,
1495 4256 1543 4300 et
1569 4262 1662 4318 ego
1692 4248 1853 4301 vivere

276 4338 503 4409 faciam;
532 4338 839 4405 percutiam,
867 4348 915 4391 et
955 4353 1044 4406 ego
1074 4337 1264 4390 sonabo
1311 4334 1500 4406 (Deut.
1530 4352 1706 4402 χχιιι,
1732 4338 1848 4406 59).

276 4429 366 4484 Ad
397 4428 514 4483 haec
543 4443 634 4483 rex
677 4428 836 4499 275
873 4428 948 4482 ait
977 4444 993 4481 :
1026 4427 1165 4482 Dens
1190 4427 1258 4483 ab
1300 4427 1525 4497 spiritali
1562 4440 1717 4483 utero
1764 4428 1853 4484 Fi-

276 4520 410 4575 lium
441 4519 623 4589 genuit
648 4519 1059 4586 sempiternum,
1092 4532 1198 4573 non
1229 4526 1385 4574 aetate
1412 4518 1711 4586 iuniorem,
1743 4534 1849 4575 non

276 4610 552 4679 potestate
594 4608 885 4676 minorem,
914 4609 982 4663 de
1012 4623 1118 4677 quo
1160 4608 1281 4678 ipse-
1301 4610 1376 4663 ait
1400 4626 1415 4662 :
1443 4609 1525 4663 Ea:
1569 4619 1707 4664 utero
1735 4622 1852 4664 ante

1954 3446 2065 3484 mea
2087 3428 2256 3501 (Psal.
2280 3445 2390 3495 ιιι,
2416 3427 2477 3479 l7
2495 3462 2512 3491 ,
2530 3425 2635 3493 l9).
2675 3427 2739 3480 Et
2760 3428 2981 3482 iterum:
3012 3425 3264 3481 Dedcrunt
3286 3430 3337 3483 in
3354 3446 3524 3483 escam

1956 3538 2117 3575 meam
2141 3522 2208 3590 fel
2227 3563 2241 3585 ,
2274 3531 2319 3574 et
2356 3521 2410 3574 in
2447 3520 2530 3573 siti
2559 3526 2673 3573 mea
2700 3529 2724 3565 8
2747 3526 3043 3587 potaverunt
3073 3535 3152 3573 me
3180 3529 3325 3574 aceto
3350 3520 3525 3593 (Ρωι.

1957 3627 2140 3677 vatu,
2158 3610 2269 3681 2‘2).
2291 3611 2356 3665 Et
2374 3609 2515 3680 quod
2539 3624 2631 3678 per
2652 3608 2823 3678 ipsum
2840 3609 3014 3663 crucis
3036 3611 3324 3677 patibulum
3350 3611 3529 3667 laben-

1957 3710 2061 3758 tem
2088 3702 2363 3767 mundum,
2385 3710 2440 3757 et
2465 3699 2654 3754 diaboli
2678 3699 2864 3752 ditioni
2893 3699 3189 3769 subjectum
3216 3702 3524 3757 reatitueret

1956 3794 2009 3849 in
2030 3808 2195 3862 regno
2220 3807 2338 3859 Suo,
2364 3791 2502 3846 idem
2526 3790 2688 3843 David
2718 3791 2878 3862 276
2899 3791 3002 3853 ait,
3033 3789 3278 3845 Dominus
3300 3794 3526 3861 regnavit

1954 3899 1985 3935 a
2014 3884 2149 3955 ligno
2184 3880 2210 3921 ιι
2242 3881 2416 3952 (Psal.
2438 3894 2556 3943 xcv,
2576 3879 2683 3948 10).
2708 3878 2827 3933 Non
2857 3878 2993 3948 quod
3017 3892 3171 3933 antea
3204 3896 3307 3934 non
3339 3896 3529 3950 regna-

1958 3974 2092 4027 verit
2115 3972 2253 4039 apud
2277 3971 2508 4035 Patrem,
2527 3969 2619 4023 sed
2643 3983 2802 4036 super
2824 3968 3069 4037 populum
3095 3983 3250 4037 quem
3273 3985 3300 4022 a
3326 3970 3531 4025 diaboli.

1954 4067 2209 4122 servitute
2256 4064 2608 4123 liberaverat,
2654 4060 2788 4115 rude
2831 4074 3051 4128 regnum
3097 4059 3111 4095 ί
3156 4061 3383 4128 accepit.
3434 4061 3527 4115 Ju-

1955 4159 2102 4212 daeus
2125 4155 2191 4208 ad
2224 4156 2336 4218 haec
2361 4152 2634 4217 respondit
2659 4166 2673 4202 :
2701 4149 2830 4216 Quae
2862 4149 2970 4203 Deo
3003 4148 3096 4201 fuit
3126 4150 3435 4213 necessitas,
3470 4157 3527 4205 ut

1954 4250 2053 4304 ista
2085 4243 2383 4315 pateretur?
2412 4242 2507 4296 Cui
2538 4256 2638 4311 ego
2664 4259 2676 4293 :
2707 4240 2819 4293 Jam
2864 4239 2974 4293 dixi
3008 4239 3135 4304 tibi,
3170 4239 3304 4293 Deus
3350 4241 3526 4294 homi-

1956 4357 2075 4397 nem
2105 4336 2304 4393 creavit
2351 4332 2658 4398 innoxium,
2688 4330 2782 4385 sed
2829 4340 2948 4385 astu
2994 4333 3257 4397 serpentis
3300 4331 3528 4386 circum-

1954 4440 2161 4493 ventus,
2196 4424 2576 4496 praevaricator
2622 4420 2874 4491 praecepti
2919 4419 3086 4474 lactus
3113 4427 3194 4473 est
3221 4436 3234 4472 :
3265 4429 3318 4474 et
3347 4420 3465 4474 ideo
3496 4436 3525 4472 a

1954 4520 2082 4575 sede
2108 4513 2339 4586 paradisi
2369 4513 2595 4581 ejectus,
2623 4508 2906 4565 mundanis
2936 4507 3207 4562 laboribus
3246 4509 3529 4577 deputatus

1956 4620 2071 4675 est;
2116 4608 2206 4679 qui
2235 4620 2329 4677 per
2360 4612 2584 4659 mortem
2632 4600 2902 4669 Unigeniti
2936 4600 3027 4655 Dei
3061 4599 3255 4655 Christi
3309 4601 3416 4655 Deo
3444 4615 3531 4655 re—

274 4708 555 4776 luciferum
601 4707 750 4776 genui
796 4713 842 4759 te
888 4704 1061 4773 (Prol.
1086 4718 1209 4773 cxx,
1236 4706 1314 4775 3).
1366 4703 1515 4758 Hunc
1558 4720 1687 4773 ergo
1731 4713 1856 4760 ante
1885 4692 1933 4752 Ι)
1960 4702 2269 4759 conciliatus
2291 4708 2373 4752 est
2397 4696 2557 4752 Patri.
2580 4694 2796 4750 Judzcus
2818 4693 2991 4748 dixit:
3022 4693 3134 4747 Non
3162 4702 3366 4761 poterat
3396 4694 3532 4776 Deus

279 4800 482 4855 mula
512 4806 725 4862 natum,
763 4796 816 4850 in
865 4795 1168 4851 notissimis
1208 4796 1418 4851 saeculis
1464 4796 1661 4849 mundo
1708 4797 1858 4852 misit

359 4944 384 4970 ι
412 4931 591 4996 Colb.,
624 4929 972 4997 Berahtfrido.

358 5002 384 5041 δ
421 5002 726 5055 Praesidium
753 5011 833 5054 est
863 5003 1111 5066 pecunia,
1143 5015 1256 5069 quoe
1279 5000 1457 5069 auxilii
1502 5014 1658 5053 causa
1695 5016 1853 5066 sepo-

278 5074 463 5135 nitur;
496 5072 573 5125 vel
603 5071 752 5124 locus
778 5078 1055 5131 secretior,
1087 5068 1172 5124 ubi
1202 5068 1464 5140 ejusmodi
1488 5072 1706 5138 pecunia
1739 5086 1853 5124 ser-

276 5156 464 5199 vatur.
494 5142 573 5194 Ex
604 5141 667 5192 L.
710 5142 752 5193 si
798 5144 1002 5205 chorus,
1035 5141 1060 5211 §
1090 5143 1138 5204 l,
1170 5139 1237 5192 de
1276 5144 1428 5209 legat.
1456 5139 1510 5192 5.
1543 5142 1850 5194 l't'msidiutn

276 5231 392 5268 non
424 5211 589 5265 semel
622 5212 835 5264 Plautus
864 5222 1077 5278 usurpat
1110 5226 1204 5277 pro
1234 5212 1477 5277 pecuni).

366 5294 387 5321 ε
422 5282 586 5335 Hodie
631 5281 938 5334 Laudunum
982 5282 1294 5349 appellatur,
1330 5281 1486 5349 vulgo
1533 5278 1705 5343 Laou,
1738 5295 1857 5348 qua:

278 5355 416 5409 urbs
448 5355 497 5405 in
529 5351 809 5417 supercilio
834 5360 1029 5405 tuentis
1055 5348 1334 5404 editissitni
1366 5348 1553 5417 posita,
1582 5352 1669 5399 ditt
1703 5351 1857 5402 inex-

273 5422 587 5549 ﬁgulabilis
613 5421 737 5484 fuit,
766 5422 1023 5474 illustrata
1051 5430 1132 5474 est
1158 5420 1445 5489 episcopali
1469 5421 1594 5473 sede
1617 5435 1648 5471 a
1673 5430 1859 5493 sancto

348 5507 549 5549 Λιιιεζιυ.

348 5507 549 5547 31111210.

356 5513 364 5530 “
501 5514 509 5537 ι
534 5530 549 5545 ο

356 5509 659 5616 ἒιῖξιὲυτδ.
692 5560 883 5615 desunt
914 5561 1043 5614 hrc'
1072 5560 1227 5613 verba
1256 5559 1348 5613 Dei
1382 5557 1606 5621 Filium,
1638 5568 1689 5611 et
1721 5557 1853 5612 infra

273 5635 437 5687 deest
466 5647 568 5684 vox
608 5634 863 5699 coniugio.
908 5631 1028 5685 Bec.
1065 5646 1159 5701 pro
1204 5630 1541 5684 ecclesiastica
1581 5631 1848 5698 mysteria,

272 5707 449 5758 habet
476 5703 646 5754 divina
674 5703 927 5770 mysteria.

357 5783 382 5810 ⁸
413 5774 616 5834 Casin.,
643 5789 741 5823 non
765 5780 835 5823 est
855 5771 1006 5824 alius.

356 5841 378 5880 ί
420 5843 607 5903 Corb.,
638 5842 774 5907 quod
820 5842 1230 5909 interpretatum,
1266 5840 1545 5895 Nobiscum
1583 5850 1655 5896 est
1687 5838 1845 5893 Deus.

262 5914 494 5982 Regio”
529 5914 773 5980 accipiet,
808 5928 902 5981 pro
927 5913 1196 5980 concipiet.

1964 4793 2176 4848 mittere
2217 4787 2501 4858 prepbetas
2529 4795 2619 4840 aut
2664 4784 2954 4853 apostolos,
2986 4783 3074 4852 qui
3119 4799 3240 4837 eum
3287 4783 3358 4839 ad
3398 4774 3533 4837 viain

2035 4939 2060 4977 ε
2095 4928 2147 4981 ln
2175 4926 2360 4981 eodem
2391 4922 2510 4977 cod.
2538 4922 2685 4975 deest
2714 4930 2761 4973 et
2787 4918 2838 4971 in
2867 4918 2952 4971 citi
2977 4933 3109 4969 mea.

2028 4998 2055 5036 ιλ
2090 5000 2191 5052 llas
2222 4998 2434 5049 voculas
2465 5010 2495 5045 α
2538 4993 2675 5059 ligno
2705 5006 2730 5040 a
2768 4987 3003 5059 rabbinis
3034 4989 3249 5040 abrasas
3286 4986 3539 5059 nonnulli.

1958 5068 2231 5137 conquesti
2268 5073 2499 5137 sutt_t_,_e_t
2529 5057 2739 5128 quidem
2774 5074 2877 5109 nou
2910 5058 3169 5137 habentur
3198 5059 3251 5137 in
3285 5057 3526 5137 vulgata.

1960 5142 2060 5195 Eas
2080 5129 2268 5191 tamen
2300 5133 2441 5186 LXX
2473 5132 2817 5197 interpretum
2859 5130 3171 5191 auctoritas,
3205 5136 3259 5179 et
3290 5129 3528 5195 plerique

1959 5208 2159 5275 antiqui
2194 5207 2376 5258 Patres
2408 5204 2653 5275 retinent.
2682 5199 2839 5250 Certe
2870 5197 2921 5249 in
2963 5196 3245 5250 Gallicanis
3284 5198 3528 5275 ccclesiis

1964 5268 2249 5345 antiquitus
2297 5280 2536 5345 receptas
2581 5268 2750 5345 fuisse
2788 5275 3041 5345 probatur
3090 5282 3193 5320 non
3225 5270 3411 5345 solum
3454 5282 3519 5318 ex

1966 5351 2066 5403 hoc
2095 5336 2333 5412 Gregorii
2360 5349 2501 5394 textu
2523 5379 2537 5405 ,
2567 5350 2702 5412 etet
2739 5336 2944 5412 hymno
2968 5337 3235 5390 Fortunati
3262 5338 3326 5412 de
3349 5345 3526 5388 sancta
3618 5396 3619 5399 η

1965 5420 2157 5479 Cruce,
2187 5408 2280 5468 sel
2323 5413 2478 5465 etiam
2526 5424 2589 5461 ex
2635 5408 2890 5461 Psalterio
2935 5410 2985 5461 in
3038 5410 3311 5477 purpureis
3357 5421 3523 5479 tttCtl’t-r

1969 5472 2181 5551 brauis',
2234 5484 2426 5537 litteris
2474 5480 2740 5551 argrntcis
2786 5472 3343 5551 aureisqtte_t_-3.:ii'_.eto,
3385 5472 3523 5537 quod

1968 5560 2092 5612 Olittt
2125 5546 2218 5610 ltsu
2249 5554 2342 5608 fuit
2370 5558 2519 5605 beato
2542 5546 2816 5603 Germano
2852 5546 3134 5600 Parisiensi
3166 5549 3434 5609 episcopo,
3460 5555 3521 5595 ac

1962 5630 2012 5683 in
2046 5637 2225 5681 nostro
2256 5622 2578 5678 monasterio
2608 5620 2666 5675 S.
2695 5618 2943 5672 Germani
2976 5634 3003 5669 a
3040 5619 3206 5669 l‘ratts
3233 5618 3369 5665 inter
3402 5626 3525 5678 pre~

1961 5702 2094 5752 tiosa
2125 5694 2453 5764 antiquitatis
2475 5691 2697 5744 cenielia
2724 5696 3043 5750 asservittur,
3076 5688 3127 5738 in
3160 5698 3265 5750 quo
3295 5685 3407 5736 lucc
3436 5694 3541 5734 θαι.

1957 5770 2076 5824 dem
2106 5770 2264 5821 verba
2306 5766 2570 5830 leguntur.

2036 5839 2050 5875 ί
2090 5838 2295 5907 ltegm.,
2323 5827 2614 5887 liberaverat
2646 5827 2856 5893 rudem,
2887 5839 3061 5894 regno.
