4016 6338
275 483 371 538 377

1231 481 1542 538 HISTORIA
1585 481 2026 538 FRANCORUM.
2069 480 2271 537 LIBER
2310 481 2595 539 SEXTUS.

3415 481 3522 538 373

273 597 456 665 nisque
483 590 736 648 criminis
757 608 926 651 reum.
979 595 1131 652 Tunc
1178 613 1313 653 unus
1337 639 1351 663 ,
1397 608 1639 653 extracto
1665 598 1841 668 gladio
1871 608 1914 666 Α
1948 597 2303 653 admiratione
2332 599 2565 662 dicente,
2599 598 2678 651 vir
2706 595 2794 653 Dei
2821 599 2964 652 omni
3007 598 3297 653 intentione
3325 612 3514 652 vanam

271 694 326 739 ut
364 683 418 738 in
468 691 630 756 caput
669 682 784 754 ejus
815 683 1058 752 libraret,
1106 686 1325 742 dextera
1358 689 1409 742 in
1444 689 1559 757 ipso
1588 688 1695 744 ictu
1724 703 1843 742 sus-

271 788 430 842 pensa
469 771 707 842 diriguit,
737 787 834 828 nec
859 789 976 828 eam
1007 776 1071 828 ad
1103 789 1162 830 se
1191 777 1357 846 potuit
1389 792 1665 832 revocare.
1695 777 1846 833 Tunc

269 865 502 936 gladium
550 865 756 930 laxans,
806 872 963 920 terrae
1005 864 1222 936 dejecit.
1264 866 1390 920 Ilaec
1439 867 1680 922 videntes
1710 867 1842 923 socii

269 955 402 1023 ejus,
449 955 740 1009 clamorem
796 955 850 1008 in
899 956 1090 1013 malum
1139 957 1422 1020 dederunt,
1477 957 1772 1028 flagitantes
1814 973 1845 1014 a

270 1054 476 1111 sancto,
510 1055 564 1100 ut
592 1046 716 1116 quid
747 1047 831 1117 agi
876 1056 1148 1114 oporteret
1193 1048 1486 1104 clementer
1527 1048 1842 1102 insinuaret.

273 1137 389 1206 Ipse
416 1151 545 1192 vero
588 1137 838 1206 imposito
881 1139 1046 1211 279
1089 1139 1282 1194 salutis
1330 1140 1522 1209 signo,
1569 1139 1845 1195 brachium

272 1227 482 1281 sanitati
513 1227 762 1284 restituit.
787 1229 879 1282 Ille
899 1241 1076 1284 autem
1099 1231 1151 1283 iu
1176 1231 1362 1286 eodem
1387 1230 1504 1283 loco
1528 1243 1845 1294 conversus,

273 1334 546 1382 tonsurato
563 1325 739 1393 capite
763 1323 1102 1382 fidelissimus
1126 1325 1418 1381 monachus
1437 1338 1576 1379 nunc
1601 1323 1843 1378 habetur.

278 1415 386 1468 Duo
410 1430 542 1468 vero
566 1415 732 1471 duces
762 1423 788 1451 α
819 1414 907 1486 qui
935 1429 1057 1470 eum
1085 1414 1388 1475 audierunt,
1439 1413 1734 1466 incolumes
1757 1426 1847 1479 pa-

277 1507 384 1558 tria:
413 1503 606 1557 redditi
656 1513 816 1570 sont;
860 1502 947 1572 qui
993 1518 1122 1555 vero
1164 1512 1616 1569 coatempserunt‘
1651 1514 1849 1568 prince-

278 1604 418 1664 ptum
471 1595 608 1666 ejus,
666 1593 1040 1649 miserabiliter
1068 1592 1120 1648 iu
1156 1595 1265 1664 ipsa
1293 1591 1566 1647 Provincia
1598 1599 1724 1645 Sunt
1747 1591 1847 1644 dec

275 1684 456 1739 functi.
513 1684 660 1742 Multi
719 1695 895 1738 autem
942 1700 1009 1740 ex
1051 1684 1181 1753 ipsis
1209 1701 1238 1738 a
1269 1684 1548 1740 dientoniis
1593 1681 1845 1748 correpti,

277 1775 572 1828 clamabant
604 1791 617 1826 :
665 1773 772 1828 Cur
799 1790 915 1839 nos,
966 1784 1149 1830 sancte
1178 1785 1230 1829 et
1261 1775 1586 1837 beatissime,
1617 1775 1694 1828 sic
1721 1789 1844 1828 cru-

278 1865 382 1918 cias
413 1875 468 1918 et
523 1865 803 1920 incendis?
841 1865 933 1919 sed
965 1865 1205 1936 it!tp0s‘il:t
1234 1865 1312 1922 eis
1346 1881 1526 1928 manu,
1560 1863 1847 1921 mandabat

1947 689 2116 740 vitans
2149 688 2494 756 gloriam,ait
2535 705 2549 741 :
2597 687 2730 747 Sile,
2764 686 2883 750 sile,
2933 687 3282 742 dilectissime
3333 687 3537 750 frater,‘

1947 777 2190 832 nonltzec
2219 793 2319 847 ego
2368 780 2528 842 facio,
2584 777 2676 831 sed
2723 778 2814 832 ille
2839 778 2928 846 qui
2979 778 3233 832 mundum
3263 795 3324 832 ex
3355 780 3526 833 nihilo

1943 867 2198 931 condidit,
2231 867 2320 935 qui
2362 883 2459 935 pro
2488 867 2638 920 nobis
2670 867 2938 922 hominem
2980 868 3313 934 suscipiens,
3357 882 3532 922 caecis

1945 957 2136 1020 visum,
2169 956 2346 1012 surdis
2372 957 2633 1019 auditum.
2667 957 2825 1011 ntutis
2850 967 3065 1025 prarstat
3091 957 3383 1024 eloquium,
3425 955 3526 1024 qui

1945 1049 2168 1115 leprosis
2196 1057 2370 1101 cutem
2401 1045 2696 1114 pristinam,
2729 1047 2952 1100 mortuis
2982 1047 3162 1109 vitam,
3188 1057 3236 1099 et
3271 1046 3531 1100 omnibus

1947 1140 2170 1193 infirmis
2215 1137 2523 1193 aflluentem
2557 1140 2872 1194 medicinam
2917 1139 3171 1206 indulget.
3221 1138 3370 1192 Tunc
3408 1138 3522 1190 dia-

1945 1244 2111 1287 conus
2132 1229 2367 1298 gaudens
2393 1238 2446 1282 et
2471 1227 2798 1292 valedicens,
2822 1228 3078 1282 abscessit
3100 1245 3219 1282 eum
3239 1229 3523 1283 comitibus

1945 1320 2073 1374 suis.
2099 1320 2301 1386 Quibus
2315 1319 2731 1383 discedentibus,
2755 1319 3161 1386 ltutnoquidam.
3196 1320 3523 1380 Dontin'cus,

1947 1416 2023 1466 sic
2052 1413 2190 1466 cuitu
2224 1421 2338 1465 erat
2370 1412 2483 1464 viro
2515 1426 2707 1463 nomen
2737 1448 2752 1472 ,
2784 1424 2812 1465 a
2842 1413 3115 1462 nativitate
3143 1424 3336 1470 ctecns,
3365 1407 3526 1459 adve-

1947 1503 2024 1556 nit
2055 1501 2116 1554 ad
2152 1501 2302 1555 istius
2332 1501 2567 1554 miraculi
2610 1503 2858 1555 virtutem
2893 1501 3240 1568 probandam.
3266 1499 3367 1564 Qui
3394 1499 3522 1552 dum

1947 1592 1997 1643 in
2031 1593 2358 1646 monasterio
2391 1593 2596 1646 duobus
2618 1601 2708 1645 aut
2739 1592 2906 1646 tribus
2937 1592 3207 1647 mensibus
3239 1590 3524 1655 resideret,

1946 1683 2172 1740 orationi
2205 1698 2266 1736 ac
2290 1681 2311 1752 j
2336 1682 2510 1762 -jut_tiis
2533 1698 2746 1748 vacans,
2780 1685 2992 1738 tandem
3023 1693 3176 1739 vocat
3221 1698 3344 1738 eum
3373 1683 3438 1736 ad
3466 1696 3529 1736 se

1947 1776 2028 1828 vir
2055 1775 2146 1828 Dei
2176 1817 2191 1844 ,
2239 1785 2290 1829 et
2320 1776 2389 1829 ait
2425 1793 2438 1827 :
2495 1777 2581 1828 V‘is
2613 1775 2848 1844 recipere
2883 1776 3089 1830 vi-um?
3135 1774 3232 1829 Cui
3278 1775 3368 1829 ille
3412 1777 3526 1828 ait:

1947 1867 2225 1927 Volun'as,
2249 1866 2436 1935 inquit,
2473 1882 2587 1923 mea
2618 1877 2730 1924 erat
2762 1869 2936 1934 ignota
2958 1882 3282 1936 cognoscere
3313 1878 3360 1919 ε.
3394 1866 3528 1920 Nam

278 1971 383 2009 eos.
412 1956 650 2010 Postliasc
682 1957 975 2009 ltomoerat
995 1956 1393 2026 Andegavcnsis
1417 1957 1609 2026 incola,
1638 1956 1727 2023 qui
1753 1969 1844 2022 per
1875 1978 1920 2041 Β
1949 1973 2066 2029 qua:
2093 1958 2162 2014 sit
2184 1959 2268 2013 lux
2302 1959 2505 2028 ignoro.
2539 1959 2707 2016 Unum
2742 1968 2944 2014 tantum
2977 1974 3110 2022 sco,
3151 1959 3289 2027 quod
3318 1957 3384 2011 ab
3411 1972 3528 2011 0m-

278 2046 489 2104 nimiam
540 2047 741 2102 febrem
770 2048 1041 2123 eloquium
1070 2053 1215 2118 parit'
1241 2065 1265 2101 r
1293 2047 1636 2116 auditumque
1667 2048 1846 2116 perdi-

278 2139 451 2200 derat;
485 2149 683 2192 etcum
717 2139 781 2192 de
827 2138 974 2192 febre
1004 2140 1380 2203 convaluisset,
1414 2139 1607 2196 surdus
1638 2154 1848 2208 perma—

279 2231 430 2284 nebat
476 2246 538 2284 ac
587 2241 732 2283 mutu
768 2268 782 2282 .
837 2230 998 2300 Igitur
1045 2231 1300 2286 diaconus
1350 2247 1419 2288 ex
1452 2232 1720 2300 provincia
1757 2231 1844 2290 illa

280 2321 497 2378 Romam
539 2323 774 2378 directus
802 2332 886 2380 est
907 2365 922 2388 ,
957 2335 1014 2381 ut
1044 2324 1317 2379 beatorum
1348 2326 1711 2394 apostolorum
1764 2325 1846 2392 pi-

281 2428 461 2481 gnara,
497 2413 581 2468 vel
619 2415 939 2483 reliquorum
985 2424 1292 2470 sanctorum
1335 2417 1422 2480 qui
1471 2416 1653 2472 urbem
1704 2416 1847 2474 illam

278 2504 539 2566 muniunt,
587 2505 884 2561 exhiberet.
934 2505 1034 2570 Qui
1083 2521 1204 2559 cum
1248 2506 1314 2559 ad
1365 2514 1608 2576 parentes
1648 2504 1846 2561 iulirmi

278 2593 416 2647 illius
438 2596 786 2664 pervenisset,
809 2581 994 2668 rogant
1019 2605 1072 2649 ut
1101 2612 1219 2652 eum
1247 2597 1344 2652 sibi
1365 2597 1612 2652 comitem
1643 2597 1848 2654 itineris

278 2699 487 2740 sumere
519 2685 824 2754 dignaretur
849 2725 864 2753 ,
923 2687 1107 2740 confisi
1155 2687 1292 2758 quod
1340 2692 1382 2740 si
1415 2687 1843 2764 beatissimorum

278 2776 636 2845 apostolorum
669 2777 838 2830 adiret
868 2778 1134 2846 sepulcra,
1166 2778 1404 2844 protinus
1427 2788 1608 2844 posset
1636 2779 1847 2848 assequi

279 2866 612 2920 medicinam.
659 2867 922 2920 Euntibus
951 2877 1126 2924 autem
1161 2867 1266 2922 illis
1292 2910 1307 2934 ,
1361 2877 1626 2922 venerunt
1656 2869 1719 2924 ad
1772 2869 1848 2924 loc

278 2969 392 3010 cum
444 2954 530 3008 ubi
581 2955 763 3009 beatus
805 2956 1070 3021 IloSpitius
1113 2955 1400 3011 habitabat.
1446 2957 1563 3023 Quo
1608 2959 1846 3013 salutato

279 3061 338 3098 ac
385 3047 732 3109 deosculato,
765 3061 952 3100 causas
993 3047 1194 3102 itineris
1225 3046 1478 3104 diaconus
1533 3048 1735 3119 pandit,
1785 3063 1847 3102 ae

280 3136 539 3204 proﬁcisci
565 3152 622 3190 se
648 3138 869 3192 Romam
902 3138 1097 3214 indicat
1117 3179 1131 3202 ,
1173 3153 1397 3207 seseque
1429 3140 1515 3195 Itis
1540 3141 1628 3210 qui
1661 3152 1847 3200 saneto

281 3227 390 3281 \iro
426 3228 493 3282 de
521 3228 783 3282 naucleris
831 3230 986 3283 amici
1016 3237 1220 3294 essent,
1250 3215 1613 3288 commendari
1646 3231 1846 3300 depos-

1952 2049 2109 2105 uibus
2137 2050 2466 2104 collaudatur
2489 2047 2551 2114 d;
2584 2066 2680 2118 ego
2707 2060 2881 2105 autem
2910 2050 2977 2103 ab
3006 2050 3154 2102 initio
3183 2050 3356 2102 tctatis
3385 2063 3520 2102 meae

1948 2157 2117 2211 usque
2144 2158 2280 2196 nunc
2313 2143 2492 2196 videre
2519 2159 2623 2198 non
2666 2141 2857 2196 merui.
2889 2143 3038 2195 Tunc
3063 2157 3180 2194 cum
3210 2142 3329 2194 oleo
3357 2141 3530 2193 bene-

1949 2232 2095 2288 dit-to
2119 2245 2277 2296 super
2308 2233 2490 2284 oculos
2517 2231 2630 2295 ejus
2661 2246 2874 2287 crucem
2905 2239 3140 2284 sanctam
3174 2229 3394 2291 fzciens,
3413 2230 3524 2283 ait:

1951 2321 2006 2374 In
2031 2323 2243 2377 nomine
2273 2321 2399 2380 Iesu
2424 2319 2622 2380 Christi
2652 2322 3001 2388 redemptoris
3033 2321 3201 2375 nostri
3223 2323 3526 2388 aperiantur

1951 2412 2091 2464 oeuli
2120 2410 2215 2466 ttti.
2264 2411 2328 2466 Et
2359 2412 2539 2468 statim
2583 2414 2750 2478 aperti
2782 2421 2905 2465 sunt
2955 2412 3089 2464 oculi
3124 2412 3273 2479 ejus;
3317 2421 3372 2464 et
3415 2418 3526 2465 erat

1949 2502 2240 2570 admirans,
2291 2517 2625 2571 cernensque
2675 2503 2936 2570 magnalia
2985 2501 3116 2565 [)ri,
3161 2517 3278 2569 quae
3323 2499 3376 2553 in
3427 2500 3528 2553 hoe

1952 2595 2152 2648 mundo
2183 2595 2418 2652 videbat.
2449 2595 2650 2648 Dehinc
2666 2593 2854 2650 mulier
2878 2593 3297 2663 qumdain,qu:e,
3320 2601 3377 2644 ut
3407 2591 3518 2658 ipsa

1950 2685 2307 2750 declamabat,
2345 2690 2441 2743 tria
2473 2686 2678 2742 habens
2703 2687 2988 2748 daemonia,
3041 2685 3106 2738 ad
3147 2701 3267 2739 eum
3300 2684 3530 2738 adducta
3579 2723 3584 2727 .

1949 2785 2063 2840 est;
2092 2793 2250 2845 quant
2281 2792 2404 2835 cum
2446 2787 2583 2832 tactu
2615 2793 2769 2832 sacro
2811 2777 3208 2842 benedixisset,
3260 2787 3418 2845 atque
3460 2790 3526 2829 ex

1950 2866 2073 2922 oleo
2102 2866 2286 2920 san'cto
2312 2883 2527 2924 crucem
2562 2868 2724 2923 fronti
2769 2869 2883 2935 ejus
2915 2868 3292 2936 imposuisset,
3341 2866 3528 2934 ejectis

1949 2953 2279 3013 daemombus
2309 2966 2526 3026 purgata
2556 2957 2823 3015 diSCPSaII.
2870 2957 2974 3014 Sed
3005 2965 3061 3010 et
3088 2957 3244 3011 aliam
3276 2956 3526 3023 puellam,

1949 3046 2017 3099 ab
2065 3048 2252 3114 spiritu
2287 3049 2559 3102 immundo
2587 3060 2852 3114 vexatam,
2893 3049 3266 3105 benedictione
3293 3049 3522 3102 sanavit.

1948 3138 2080 3192 Cum
2105 3147 2280 3194 autent
2305 3140 2413 3209 jam
2439 3140 2552 3194 dies
2579 3141 2760 3196 obitus
2787 3141 2904 3209 ejus
2927 3141 3398 3209 appropinquaret,
3428 3155 3526 3192 Vn-

1951 3233 2089 3285 cavit
2118 3231 2182 3286 ad
2213 3248 2272 3288 se
2301 3233 2638 3302 pra-positum
2674 3232 2982 3290 monaSterii
3009 3273 3025 3296 ,
3057 3232 3241 3286 dicens
3273 3249 3286 3284 :
3322 3231 3528 3285 Exhihe

279 3319 365 3372 cit.
395 3321 632 3388 Cumque
660 3321 731 3373 ibi
764 3320 935 3374 adhuc
974 3333 1273 3380 moraretur
1294 3362 1313 3390 ,
1359 3324 1528 3380 sensit
1555 3322 1637 3377 vir
1661 3325 1846 3380 beatus
1872 3333 1918 3399 ο
1951 3321 2354 3386 ferramentum,
2385 3331 2440 3379 et
2468 3323 2705 3390 irrumpe
2735 3325 3010 3392 parietem,
3056 3331 3108 3376 et
3131 3321 3286 3377 mitte
3314 3323 3526 3375 nuntios

279 3420 369 3475 per
394 3408 647 3476 Spiritum
676 3412 879 3464 Domini
902 3411 1088 3470 adesse
1104 3412 1375 3468 virtutem.
1404 3413 1468 3470 Ει
1486 3415 1561 3470 ait
1579 3414 1839 3472 diacono:

279 3496 541 3558 Infirmum
582 3503 667 3570 qui
701 3517 881 3556 comes
924 3505 998 3556 tui
1029 3519 1167 3564 nunc
1195 3514 1275 3560 est
1321 3504 1545 3570 itineris,
1606 3521 1734 3576 rogo
1788 3517 1845 3563 ut

278 3591 406 3644 meis
428 3593 801 3662 conspectibus
829 3605 1202 3664 repraesentes.
1229 3597 1297 3654 At
1319 3596 1405 3652 ille
1428 3597 1556 3650 nihil
1581 3609 1842 3666 moratus,

278 3682 534 3737 velociter
571 3685 637 3737 ad
685 3695 936 3740 metatura
983 3687 1169 3752 vadit,
1221 3688 1524 3756 invenitque
1572 3690 1843 3749 iutixmunt

277 3770 421 3828 febre
453 3775 691 3846 plenum,
737 3779 822 3852 qui
852 3795 945 3847 per
974 3791 1157 3836 uutuut
1189 3795 1346 3839 aures
1369 3796 1492 3837 suas
1523 3783 1650 3842 dare
1680 3784 1842 3841 tinui-

276 3873 383 3920 tum
429 3870 727 3947 indicabat;
771 3872 1264 3943 apprehensumque
1305 3875 1452 3933 ducit
1493 3877 1557 3931 ad
1598 3889 1842 3935 sanctum

279 3957 393 4013 Dei.
421 3959 489 4013 At
518 3960 604 4014 ille
632 3965 964 4036 apprehensa
988 3979 1147 4023 manu
1169 3967 1410 4032 cresarie,
1437 3969 1658 4028 attraxit
1681 3981 1842 4039 caput

278 4044 414 4101 illius
458 4049 510 4100 in
542 4049 850 4116 fenestram,
895 4049 1272 4125 a'ssumptoque
1317 4058 1435 4112 oleo
1467 4059 1842 4119 benedictione

276 4139 620 4207 sanctificato,
654 4151 839 4198 tenens
869 4160 1026 4200 manu
1051 4147 1262 4204 sinistra
1297 4149 1533 4225 linguam
1561 4153 1677 4226 ejus
1705 4196 1719 4219 ,
1759 4155 1839 4212 ori

277 4231 566 4300 verticlque
591 4233 779 4301 capitis
808 4233 1020 4299 infudit,
1046 4237 1231 4292 dicens
1256 4255 1270 4291 :
1302 4239 1356 4293 ltt
1391 4243 1603 4297 nomine
1633 4244 1839 4298 Domini

276 4323 374 4374 mei
402 4323 528 4384 .lesu
554 4323 750 4384 Christi
769 4327 1076 4394 aperiantur
1099 4345 1256 4387 aures
1284 4342 1404 4397 tum,
1433 4346 1742 4402 reseretque
1778 4352 1840 4390 os

276 4419 421 4470 tuum
448 4416 615 4473 virtus
646 4417 766 4483 illa,
801 4433 920 4488 qua:
949 4422 1216 4488 quondam
1245 4423 1312 4476 ab
1338 4423 1550 4479 homine
1576 4427 1739 4479 surdo
1779 4438 1833 4485 et

275 4516 416 4560 muto
465 4511 682 4563 noxium
732 4511 888 4579 ejecit
931 4513 1272 4569 daemonium.
1329 4517 1394 4570 Et
1451 4518 1562 4572 ltter:
1605 4519 1790 4578 dicens
1819 4560 1836 4586 ,

276 4598 562 4670 interrogat
584 4617 798 4658 nomen.
820 4605 910 4659 Ille
924 4622 1050 4661 vero
1073 4610 1219 4668 clara
1240 4624 1368 4665 voce
1389 4614 1489 4664 ait:
1517 4612 1608 4666 Sic
1634 4611 1832 4667 dicorb.

273 4685 404 4754 Cum
433 4689 550 4746 hcce
579 4691 794 4748 vidisset
819 4694 1098 4760 diaconus,
1122 4700 1196 4751 ait
1220 4716 1233 4753 :
1257 4699 1466 4754 Gratias
1489 4702 1581 4754 tibi
1617 4704 1837 4757 immen-
1867 4696 1919 4754 D

273 4793 356 4834 Bas
385 4782 581 4846 refero,
601 4774 736 4839 .Jesu
765 4784 996 4851 Christe,
1030 4790 1119 4858 qui
1151 4792 1272 4844 talia
1305 4807 1397 4858 per
1437 4806 1646 4849 servtttn
1677 4797 1839 4870 280

276 4881 414 4934 tuum
444 4876 681 4944 dignaris
705 4880 1007 4937 ostendere.
1041 4883 1352 4948 Quairebam
1384 4885 1599 4942 Petrum
1629 4927 1648 4951 ,
1690 4903 1838 4955 quae-

275 4966 450 5025 rebare
476 4967 695 5025 Paulum
737 4969 1206 5042 Laurentiumque,
1239 4975 1318 5027 vel
1349 4975 1582 5044 reliquos
1606 4978 1694 5045 qui
1727 4977 1837 5029 Ro-

273 5072 409 5112 mam
432 5060 650 5127 proprio
679 5074 874 5115 cruore
902 5063 1164 5119 illustrant
1196 5081 1210 5116 :
1259 5065 1341 5118 hic
1385 5081 1571 5119 omnes
1615 5067 1789 5135 reperi
1817 5106 1835 5131 ,

274 5146 355 5202 hic
383 5158 600 5204 cunctos
632 5150 829 5206 inveni.
887 5152 1011 5207 Haec
1062 5170 1127 5212 eo
1183 5169 1302 5210 cum
1351 5156 1580 5212 maxime
1611 5156 1736 5216 fletu
1781 5167 1835 5212 et

353 5310 380 5340 ⁸
405 5305 458 5358 1η
487 5305 700 5374 chm.,
733 5303 846 5359 Duo
872 5321 984 5358 vero
1007 5307 1094 5373 qui
1114 5323 1226 5364 eum
1253 5309 1507 5360 adirruut.
1537 5307 1723 5362 Paulus
1755 5317 1839 5363 la-

273 5389 390 5426 men
422 5377 552 5432 libro
585 5375 826 5439 laudato,
854 5391 972 5442 cap.
1000 5377 1056 5438 ‘2,
1092 5377 1251 5432 habet
1278 5379 1381 5430 duo
1409 5379 1580 5430 duces.

339 5444 368 5481 ι’
403 5446 551 5500 Cotti.
583 5456 636 5500 et
659 5448 880 5510 Chean
910 5447 1000 5498 Pir
1030 5447 1170 5500 dicor

341 5526 366 5586 ἦ
406 5513 618 5586 Regio"
644 5519 813 5586 ignota
837 5518 1143 5586 coaspt’cere.

335 5584 362 5620 ά
404 5584 588 5649 Corb.,
620 5587 682 5637 ab
712 5584 996 5642 hominibus
1025 5587 1280 5639 laudetur.

335 5655 606 5774 "Regum,
637 5655 843 5724 pedibus
867 5673 928 5708 ac
958 5657 1210 5721 mani/1m,
1237 5657 1535 5725 elevatisque
1562 5658 1628 5709 ad
1649 5656 1834 5711 cmlum

335 5743 351 5774 ι
380 5741 443 5774 η.
959 5745 966 5752 “

265 5739 443 5776 οτιιω.
959 5745 966 5752 “

337 5792 356 5829 ί
390 5793 577 5847 Mirum
606 5802 688 5848 est
716 5794 1026 5848 Anstatlium
1060 5794 1110 5848 in
1135 5796 1504 5862 episcoporum
1525 5795 1828 5852 Nicensium

254 5862 505 5923 catalogo
532 5864 724 5919 omitti.
755 5864 927 5920 Locus
959 5864 1049 5921 ubi
1072 5865 1202 5920 visit
1225 5867 1495 5942 llospitius
1525 5882 1690 5935 prope
1715 5867 1829 5921 Vil-

1948 3416 2012 3470 ad
2042 3417 2347 3484 episcopum
2378 3415 2628 3482 civitatis,
2662 3425 2719 3470 ut
2743 3414 2920 3469 veniat
2940 3415 3003 3468 ad
3035 3430 3118 3466 nte
3140 3413 3526 3482 sepeliendum.

1950 3505 2044 3559 llic
2087 3506 2227 3558 enim
2260 3509 2411 3561 tertia
2443 3507 2508 3559 ab
2540 3506 2642 3561 hoc
2668 3507 2912 3575 egredior
2943 3506 3175 3575 mundo,
3209 3514 3263 3559 et
3287 3505 3427 3558 vado
3462 3507 3514 3557 in

1947 3600 2182 3664 requiem
2206 3597 2549 3662 destinatam,
2575 3614 2730 3668 quam
2757 3597 2886 3651 mihi
2914 3596 3167 3652 Dominus
3191 3597 3518 3661 repromisit.

1950 3687 2072 3743 Ilaec
2101 3704 2164 3752 eo
2190 3689 2432 3754 dicente,
2459 3690 2601 3744 misit
2634 3691 2948 3758 praepositus
2979 3689 3283 3743 monasterii
3307 3688 3372 3741 ad
3413 3689 3528 3755 epi-

1946 3791 2166 3845 scepum
2190 3781 2422 3833 civitatis
2478 3780 2758 3844 Ncensis,
2810 3779 2900 3849 qui
2939 3781 2989 3837 ei
3033 3782 3145 3833 haec
3202 3780 3526 3832 nuntiarent.

1947 3872 2104 3940 281
2133 3869 2375 3924 Posthaec
2403 3868 2670 3928 Crescens
2695 3870 2916 3938 quidam
2943 3871 3089 3924 venit
3114 3869 3180 3922 ad
3210 3869 3525 3933 fenestram,

1946 3969 2001 4014 et
2027 3952 2208 4016 ridens
2239 3975 2358 4017 eum
2392 3960 2597 4018 catenis
2626 3962 2860 4018 vinctum
2885 4000 2902 4023 ,
2949 3960 3220 4016 vermibus
3267 3959 3484 4028 plenum
3508 3997 3523 4019 ,

1947 4051 2057 4102 ait:
2091 4049 2135 4102 0
2166 4050 2383 4106 domine
2411 4051 2512 4118 mi,
2556 4051 2781 4120 qualiter
2814 4062 2917 4109 tam
2949 4050 3121 4107 valida
3156 4059 3416 4104 tormenta
3449 4059 3528 4102 to-

1945 4150 2120 4206 lerare
2147 4158 2255 4204 tam
2286 4150 2494 4208 fortiter
2522 4151 2708 4220 petes?
2736 4151 2829 4208 Cui
2871 4151 2962 4204 ille
2986 4151 3062 4204 ait
3091 4166 3106 4203 :
3135 4147 3411 4203 Confortat
3441 4161 3528 4202 me

1945 4251 2034 4304 ille
2079 4265 2174 4318 pro
2202 4251 2353 4317 cujus
2386 4251 2602 4304 nomine
2636 4251 2748 4302 haec
2780 4250 2966 4318 patior.
3016 4249 3145 4302 Dico
3175 4258 3356 4304 autem
3388 4247 3484 4304 tibi
3506 4287 3531 4312 ,

1943 4353 2067 4421 quia
2088 4352 2197 4424 jam
2229 4352 2477 4406 absolvor
2500 4351 2570 4406 ab
2592 4351 2675 4408 his
2705 4351 2950 4420 vinculis,
2972 4349 3180 4407 etvado
3207 4348 3260 4402 in
3286 4347 3535 4417 requiem

1944 4468 2146 4513 meam.
2177 4453 2512 4510 Advenieute
2563 4462 2736 4507 autem
2767 4452 2856 4508 die
2885 4451 3060 4516 tertia,
3105 4449 3352 4516 deposuit
3379 4459 3522 4503 cate-

1943 4566 2037 4604 nas
2068 4551 2264 4622 quibus
2289 4553 2500 4610 vinetus
2523 4561 2638 4605 erat
2661 4592 2676 4615 ,
2712 4551 3100 4621 prostravitque
3138 4567 3196 4606 se
3238 4551 3288 4605 itt
3320 4549 3522 4603 oratio-

1947 4669 2101 4718 nem;
2147 4662 2202 4708 et
2231 4669 2352 4711 cum
2379 4655 2678 4714 diutissime
2701 4669 2822 4712 cunt
2868 4652 3117 4723 lacrymis
3144 4661 3368 4715 orasset,
3399 4653 3518 4704 col-

1945 4757 2125 4810 locans
2152 4773 2211 4810 se
2243 4772 2404 4826 super
2425 4773 2699 4812 scamnum
2728 4799 2743 4824 ,
2789 4758 3022 4812 extensis
3055 4757 3299 4824 pedibus,
3343 4755 3522 4812 eleva-

1943 4860 2114 4928 lisque
2163 4860 2226 4912 ad
2283 4859 2475 4914 coelum
2534 4860 2778 4914 manibus
2807 4869 2870 4923 ε,
2922 4859 3121 4927 gratias
3151 4871 3316 4926 agens
3366 4856 3521 4920 Deo,

1942 4960 2156 5013 tradidit
2186 4961 2448 5028 spiritum.
2481 4961 2545 5014 Et
2574 4961 2751 5013 statim
2786 4973 2976 5012 omnes
3008 4972 3214 5011 vermes
3261 4957 3377 5022 illi,
3420 4942 3518 5024 qui

1941 5069 2154 5115 sanctos
2196 5071 2344 5113 artus
2389 5059 2773 5132 perforabant,
2823 5039 3176 5114 evanuerunt.
3210 5057 3521 5115 Adveniens

1940 5173 2122 5217 autem
2163 5163 2449 5216 Austadius
2484 5161 2500 5198 ί
2533 5165 2810 5228 episcopus
2843 5163 3051 5213 beatum
3082 5175 3277 5228 corpus
3316 5159 3521 5214 studio-

1941 5310 2292 5363 lamdiberam
2325 5309 2531 5362 visitur.
2567 5309 2848 5363 Peninsula
2880 5320 2988 5372 est,
3029 5320 3084 5362 ut
3108 5312 3287 5365 scribit
3326 5313 3520 5365 Petrus

1940 5380 2197 5442 .Ioffredi,
2252 5379 2419 5433 trtbr's
2469 5381 2682 5433 circiter
2725 5397 2972 5443 passuum
3008 5384 3238 5435 millibus
3285 5397 3312 5433 a
3356 5379 3512 5432 Ntcea

1942 5451 2070 5502 urbe
2099 5449 2306 5512 dissita,
2342 5466 2504 5518 pmpe
2530 5452 2770 5504 lierculei
2803 5468 2898 5505 seu
2924 5452 3285 5506 Villtediberre
3325 5460 3512 5513 portus

1941 5522 2116 5574 fauces
2160 5535 2346 5574 versus
2375 5524 2667 5582 orientem;
2700 5539 2760 5574 ex
2794 5537 3046 5586 corrupto
3075 5523 3130 5574 S.
3161 5518 3378 5583 llo~pitii
3403 5533 3499 5568 no-

1941 5594 2082 5644 mine
2108 5591 2300 5645 dicitur
2322 5593 2498 5654 vulgo,
2532 5593 2873 5660 San-Sosp‘r,
2909 5594 2991 5642 ιιὴί
3019 5591 3293 5642 evstabant
3318 5586 3502 5660 adhuc

1938 5660 2054 5728 ejus
2082 5663 2311 5714 auctoris
2336 5663 2587 5729 temporis
2608 5663 2914 5714 monasterii
2945 5661 3164 5723 rudera;
3199 5659 3356 5729 turris
3381 5671 3511 5706 vero

1938 5741 1991 5783 et
2022 5732 2203 5798 templi
2258 5732 2426 5793 ipsius
2477 5731 2689 5784 nomine
2733 5732 2890 5784 dicati
2940 5730 3180 5789 reliquie:
3226 5728 3512 5781 destructa:

1940 5809 2062 5851 sunt
2107 5801 2175 5854 ab
2220 5801 2374 5852 anuis
2425 5803 2555 5854 circ.
2604 5800 2708 5863 (it),
2755 5817 2871 5851 cum
2905 5813 2995 5850 arx
3031 5799 3224 5850 ibidem
3252 5798 3512 5867 ,jnliente

1942 5869 2155 5924 Victore
2186 5869 2413 5924 ἔκπιθι]υο
2441 5871 2721 5925 Sabaudia:
2746 5871 2898 5933 duce,
2923 5879 3227 5923 conatructu
3259 5869 3360 5923 fuit
3411 5870 3494 5923 Ec-
