4016 6338
423 496 528 555 379

1446 500 1501 555 S.
1544 497 1871 554 GREGURH
1912 495 2216 550 EPISCOPI
2255 496 2675 552 TURUNENSIS

3577 501 3683 557 380

424 610 636 665 sissime
682 606 967 675 sepultura?
1000 607 1270 662 mandavit
1298 617 1341 656 ³.
1382 608 1504 663 Haec
1535 611 1710 663 omnia
1741 612 1807 663 ab
1840 610 2000 677 ipsius
2030 610 2075 664 A
2109 606 2486 674 indulgentiam
2540 608 2876 675 deprecatus.
2930 605 3168 674 Quodam
3223 623 3347 662 vero
3395 619 3636 680 tempore
3663 657 3679 678 ,

427 714 519 753 ore
545 702 791 767 cognovi,
819 714 975 765 quem
1005 700 1251 768 superius
1282 711 1485 753 mutum
1518 710 1572 754 et
1596 703 1812 754 surdum
1839 705 1904 753 ab
1934 717 1998 754 eo

366 768 369 771 γ
424 798 664 844 sanatum
698 792 937 857 exposui,
963 790 1051 858 qui
1083 790 1242 843 multa
1286 791 1411 842 mihi
1441 801 1492 844 et
1523 791 1624 843 alia
1655 791 1721 843 de
1751 790 1867 859 ejus
1890 791 1999 843 vir-

426 880 627 933 tutibus
658 880 937 933 narravit:
986 881 1079 933 sed
1114 881 1385 947 prohibuit
1416 896 1501 947 me
1544 897 1631 935 res
1684 883 1767 935 illa
1818 882 1996 949 loqui,

426 972 549 1037 quia
603 972 780 1025 audivi
817 972 984 1025 Vitam
1018 973 1183 1041 ipsius
1234 989 1261 1025 a
1317 974 1495 1027 multis
1552 974 1716 1029 fuisse
1767 976 2003 1029 conscri-

426 1078 590 1131 piam.

510 1153 618 1205 Vll.
650 1154 722 1205 Eo
752 1152 778 1189 δ
810 1162 1051 1219 tempore
1070 1153 1351 1208 Ferreolus
1380 1155 1667 1210 Ucecensis
1685 1156 1965 1225 episcopus
1985 1197 2000 1221 ,

428 1259 632 1312 magna:
664 1246 746 1296 vir
774 1246 1105 1311 sanctitatis,
1138 1246 1305 1311 obiit,
1335 1248 1525 1314 plenus
1553 1248 1810 1315 sapientia
1843 1258 1895 1303 et
1926 1251 2004 1303 in-

430 1339 675 1399 tellectu;
702 1338 786 1404 qui
818 1338 981 1390 libros
1010 1339 1216 1405 aliquos
1247 1339 1636 1406 epistularum,
1665 1342 1810 1409 quasi
1843 1341 2003 1396 Sido-

430 1431 574 1483 niqu
606 1439 842 1495 secotus,
875 1431 1193 1498 composuit.
1226 1430 1346 1483 Post
1369 1431 1520 1496 cujus
1552 1432 1753 1485 obitum
1787 1432 2005 1486 Albinus

430 1538 493 1576 ex
529 1522 776 1588 prtclecm
802 1538 891 1587 per
918 1521 1225 1589 Dynatu;um
1259 1531 1280 1555 ε
1314 1533 1572 1575 rectorem
1605 1523 1894 1575 Provincia:
1915 1538 2006 1575 cx-

433 1626 512 1672 tra
544 1620 681 1687 tegis
711 1619 987 1671 consilium
1030 1620 1265 1686 suscepit
1309 1621 1710 1687 episcopatum;
1743 1636 1849 1687 quo
1897 1636 2003 1673 non

431 1710 656 1778 amplius
706 1725 860 1776 quam
915 1709 1079 1761 tribus
1124 1721 1276 1764 utens
1324 1711 1634 1773 tnenStbus,
1667 1726 1785 1763 cum
1810 1711 1871 1763 ad
1906 1712 2006 1765 hoc

430 1815 586 1855 causa
618 1799 897 1854 restitisset
927 1811 980 1853 ut
1008 1814 1394 1867 removeretur,
1428 1804 1705 1859 definietus
1730 1816 1829 1859 cst.
1860 1804 2009 1859 Jovi-

432 1906 529 1943 nus
560 1892 748 1942 iterum
791 1892 876 1958 qui
918 1892 1184 1957 quondatu
1229 1892 1526 1947 Provincize
1574 1904 1751 1948 rector
1796 1894 2004 1963 fuerat,

2105 695 2229 747 dum
2261 712 2355 763 pro
2388 698 2526 750 furto
2556 700 2675 764 quis
2704 696 2771 750 ad
2814 697 3153 765 pendendum
3185 697 3558 768 deduceretur,
3589 704 3684 773 qui

2103 794 2157 836 et
2189 785 2237 837 iu
2269 788 2389 839 aliis
2423 788 2602 839 multis
2630 787 2956 850 sceleribus,
2993 795 3098 840 tam
3130 788 3181 840 itt
3212 790 3366 843 furtis
3387 832 3401 855 ,
3435 807 3594 860 quam
3627 798 3679 849 in

2105 873 2404 928 homicidiis
2432 878 2783 929 accusabatur
2806 878 2871 929 ab
2894 876 3081 930 incolis
3104 878 3464 947 criminosius,
3488 893 3541 937 et
3567 886 3679 939 btet:

2103 967 2151 1019 ei
2180 968 2417 1021 nuntiata
2449 968 2702 1034 fuissent,
2739 969 2883 1023 misit
2913 970 3228 1024 monachum
3279 988 3431 1027 suum
3468 976 3533 1029 ad
3581 979 3681 1031 de-

2106 1061 2427 1124 precandum
2454 1058 2688 1128 judieetn
2728 1058 2778 1125 ί,
2807 1069 2863 1114 ut
2893 1061 3101 1114 scilicet
3129 1062 3408 1129 culpabilis
3441 1066 3531 1120 ille
3561 1045 3679 1122 viia:

2104 1150 2506 1203 concederetur.
2532 1151 2635 1204 Sed
2665 1151 2951 1204 insultante
2976 1152 3131 1220 vulgo
3158 1162 3316 1219 atque
3333 1154 3678 1222 vociferante,

2105 1240 2244 1306 quod
2274 1238 2317 1292 si
2346 1241 2431 1293 hic
2454 1241 2828 1305 dimitteretur,
2860 1257 3031 1308 neque
3056 1242 3282 1311 regioni,
3309 1260 3483 1310 neque
3510 1248 3675 1314 judici

2107 1331 2275 1399 possit
2302 1347 2420 1385 esse
2451 1333 2752 1385 consultum
2776 1374 2789 1395 ,
2820 1332 3017 1386 dimitti
3050 1349 3155 1387 non
3189 1340 3378 1404 potuit.
3414 1336 3621 1392 Interea
3656 1349 3678 1386 ις

2104 1424 2407 1477 extenditur
2433 1424 2495 1477 ad
2528 1425 2773 1489 trocleas,
2806 1426 2965 1496 283
2988 1426 3149 1495 virgis
3178 1442 3240 1482 ac
3268 1429 3497 1483 fustibus
3524 1431 3679 1484 cauli-

2108 1520 2213 1575 tur,
2242 1521 2295 1565 et
2327 1513 2563 1579 patibulo
2590 1514 2994 1567 condeumatur.
3026 1518 3266 1585 Cumque
3299 1529 3523 1574 mte~tus
3561 1536 3680 1575 nio-

2108 1606 2309 1656 nachus
2339 1604 2515 1657 abbati
2542 1606 2902 1659 renuntiasset
2930 1624 2941 1659 :
2976 1607 3144 1673 Vade,
3176 1609 3379 1679 inquit,
3410 1613 3625 1666 attende
3652 1626 3683 1667 a

2110 1695 2264 1763 longe
2286 1736 2301 1760 ,
2332 1696 2452 1762 quia
2496 1697 2630 1748 scito
2660 1696 2799 1764 quod
2822 1711 2978 1764 quem
3012 1697 3171 1751 homo
3202 1700 3426 1757 reddere
3465 1703 3677 1772 noluit,

2108 1784 2361 1838 Dominus
2396 1801 2493 1839 suo
2540 1802 2759 1841 munere
2806 1788 3041 1842 donabit.
3082 1790 3159 1843 Tn
3209 1806 3335 1845 vero
3383 1806 3500 1846 cum
3553 1810 3676 1847 eum

2108 1878 2297 1932 cadere
2328 1877 2560 1942 videris,
2598 1878 2837 1947 protinus
2879 1882 3274 1950 apprehensum
3322 1883 3574 1939 adducito
3626 1888 3680 1939 in

433 1979 636 2046 regium
669 1979 735 2033 de
766 1980 1075 2046 episcopatu
1117 1993 1439 2048 princeptum
1488 1985 1701 2052 accipit.
1735 1986 1837 2039 Sed
1870 2003 2004 2055 prae-

2117 1970 2517 2021 tnonasterium.
2566 1970 2821 2023 Monacho
2856 1985 2983 2025 vero
3025 1972 3173 2039 jussa
3215 1974 3547 2044 complente,
3595 1976 3684 2032 ille

434 2068 576 2121 Venit
596 2085 714 2122 eum
738 2069 1015 2123 Marcellus
1037 2073 1309 2135 diaconus,
1337 2073 1527 2129 Felicis
1546 2082 1810 2133 senatoris
1837 2081 2000 2134 filius.

434 2158 532 2222 Qui
561 2159 864 2211 convocatis
886 2161 1441 2229 οοηιιιιονὶηοίειὶὺυδ,
1473 2180 1566 2231 per
1593 2168 1874 2221 consilium
1901 2169 2006 2238 Dy-

436 2250 594 2303 namii
639 2252 917 2317 episcomts
946 2253 1105 2323 282
1135 2255 1411 2308 ordinatus
1449 2265 1549 2310 est.
1582 2258 1686 2311 Sed
1726 2271 1777 2313 et
1818 2261 1929 2327 ipse
1956 2262 2005 2314 vi

435 2340 675 2406 pulsatus
700 2342 950 2409 deinceps
971 2358 997 2395 a
1026 2344 1246 2410 Jovino,
1279 2356 1332 2398 ut
1370 2362 1758 2415 removeretur,
1791 2355 2008 2406 conciu-

436 2446 526 2483 sus
557 2431 608 2482 in
645 2431 888 2497 civitate,
927 2437 1117 2488 virtute
1161 2452 1219 2489 se
1263 2437 1547 2493 defensare
1583 2442 1871 2510 nitebatur,
1910 2445 2005 2500 sed

437 2536 556 2574 cum
587 2537 689 2574 non
722 2524 938 2587 valrrct,
975 2528 1282 2581 muneribus
1314 2530 1453 2582 vicit.

515 2611 645 2666 Vlll.
679 2614 821 2666 Ubiit
846 2611 869 2648 ά
895 2626 947 2667 et
979 2616 1268 2683 Eparchius
1297 2623 1567 2675 reclausns
1599 2624 2004 2693 Egolismensis,

438 2702 517 2756 vir
547 2706 835 2771 magnificae
857 2708 1153 2761 sanctitatis
1177 2750 1190 2772 ,
1226 2727 1317 2777 per
1347 2727 1502 2779 quem
1541 2714 1678 2769 Deus
1710 2718 1871 2770 multa
1905 2721 2007 2772 mi-

439 2796 614 2848 racula
648 2798 880 2850 o~tendit
902 2837 916 2861 ,
949 2800 1015 2853 de
1042 2801 1269 2868 quibus,
1301 2805 1498 2875 relictis
1535 2807 1807 2873 plurimis,
1843 2826 2009 2878 pauca

443 2887 816 2956 perstringam.
849 2890 1201 2959 l‘etrognricze
1234 2894 1376 2947 urbis
1399 2896 1573 2949 incola
1604 2896 1735 2963 fuit,
1768 2904 1859 2953 sed
1894 2911 2011 2968 post

441 2981 841 3034 conversionem
884 2984 1112 3037 clericus
1140 2986 1309 3039 factus
1337 3027 1349 3049 ,
1393 2988 1712 3055 Egolismam
1747 2994 1967 3048 veniens
1991 3033 2008 3059 ,

442 3068 688 3122 cellulam
716 3071 817 3125 sibi
848 3073 1144 3129 :rdiiit-avit.
1177 3076 1229 3128 In
1262 3093 1362 3144 qua
1394 3079 1629 3134 collectis
1671 3086 1852 3149 paucis
1897 3100 2014 3136 mo-

442 3161 647 3225 nachis,
678 3161 727 3213 in
750 3160 987 3217 oratione
1012 3166 1314 3220 morabatur
1334 3168 1574 3233 assidue;
1599 3179 1651 3225 et
1675 3170 1719 3224 si
1747 3171 1794 3225 ei
1814 3173 2009 3242 aliquid

441 3252 555 3304 auri
604 3253 915 3321 argentique
961 3255 1313 3321 offerebatur,
1364 3271 1452 3313 aut
1500 3262 1551 3313 in
1604 3264 2010 3319 necessitatibus

2113 2060 2469 2128 prosternitur
2495 2060 2546 2113 in
2577 2059 2855 2127 oratione,
2886 2069 2941 2113 et
2972 2068 3076 2114 tam
3106 2061 3195 2115 diu
3236 2062 3289 2115 in
3336 2063 3586 2133 lacrymis
3616 2065 3682 2119 ad

2114 2147 2392 2201 Dominum
2425 2150 2555 2202 fudit
2604 2164 2788 2218 preces
2816 2190 2829 2215 ,
2862 2151 3206 2220 quoadusque
3249 2151 3490 2220 disrupto
3527 2156 3682 2210 obice

2113 2252 2233 2291 eum
2263 2241 2463 2292 catenis
2495 2246 2649 2293 terra:
2677 2239 3046 2295 restitueretur
3068 2257 3352 2311 appensus.
3384 2244 3533 2299 Tunc
3571 2262 3683 2300 mo-

2116 2332 2314 2385 nachus
2346 2332 2731 2399 apprehensum
2760 2349 2913 2398 cum,
2944 2334 3147 2388 abbatis
3180 2338 3552 2404 c0n5pectibus
3599 2340 3681 2390 iti-

2113 2422 2375 2474 columem
2426 2431 2792 2490 reprmseutat.
2842 2428 2909 2476 At
2957 2424 3046 2477 ille
3090 2426 3289 2495 gratias
3339 2427 3445 2481 Deo
3486 2443 3681 2495 agens,

2113 2512 2359 2566 comitem
2390 2513 2634 2567 arcessiri
2658 2513 2831 2581 jubet,
2860 2514 3043 2569 dicens
3069 2534 3080 2568 :
3107 2517 3330 2585 Semper
3351 2535 3434 2572 me
3456 2502 3683 2588 benigno

2114 2607 2292 2660 animo
2340 2607 2528 2660 solitus
2564 2623 2681 2661 eras
2727 2608 2946 2670 audire,
2986 2609 3057 2661 ﬁli
3086 2609 3459 2676 dilectissime;
3492 2621 3545 2665 et
3582 2628 3679 2666 cur

2116 2698 2268 2751 hodie
2300 2698 2574 2751 induratus
2613 2698 2898 2763 hominem,
2926 2713 3021 2766 pro
3046 2699 3196 2767 cujus
3218 2699 3319 2753 vita
3349 2716 3681 2769 rogaveram,

2116 2803 2222 2841 non
2257 2788 2481 2840 laxasti?
2526 2787 2593 2840 At
2638 2787 2771 2841 ille:
2806 2786 3056 2841 Libenter
3110 2796 3190 2852 te,
3244 2788 3450 2857 inquit,
3495 2791 3681 2852 audio,

2113 2886 2297 2930 sancte
2330 2876 2614 2939 sacerdos;
2646 2876 2738 2928 sed
2790 2876 3099 2946 insurgente
3136 2876 3294 2944 vulgo
3340 2877 3481 2931 aliud
3515 2878 3685 2933 facere

2114 2983 2219 3022 non
2250 2968 2432 3036 potui,
2466 2968 2659 3020 timens
2698 2982 2858 3034 super
2885 2983 2969 3021 me
3005 2968 3320 3022 seditionem
3363 2972 3582 3024 moveri.
3622 2972 3686 3024 Et

2115 3061 2203 3115 ille
2232 3078 2244 3111 :
2273 3059 2383 3125 Tu,
2414 3060 2607 3128 inquit,
2640 3058 2802 3128 284
2832 3075 2915 3112 me
2946 3074 3047 3113 non
3082 3059 3307 3124 audisti,
3338 3062 3474 3115 Deus
3500 3072 3678 3117 autem

2115 3148 2302 3202 audire
2327 3148 2571 3216 dignatus
2599 3157 2703 3213 est,
2729 3158 2779 3201 et
2808 3162 2962 3216 quem
2998 3157 3049 3201 tu
3079 3148 3337 3204 tradidisti
3374 3151 3528 3204 morti
3547 3192 3560 3211 .
3595 3152 3684 3206 ille

2115 3241 2235 3293 vitae
2264 3239 2514 3295 restituit.
2551 3237 2649 3304 En,
2686 3240 2873 3309 inquit,
2898 3254 3077 3294 coram
3109 3251 3157 3294 te
3187 3250 3323 3295 astat
3349 3257 3526 3299 sanus.
3561 3244 3685 3300 llazc

441 3356 750 3411 pauperum,
785 3355 873 3397 aut
902 3344 951 3398 in
982 3347 1345 3415 redemptione
1369 3351 1695 3418 captivorum
1728 3355 1994 3410 distribue-

2116 3347 2180 3386 eo
2198 3332 2429 3396 dicente,
2459 3333 2810 3401 prosternitur
2836 3330 2900 3384 ad
2925 3332 3085 3401 pedes
3107 3333 3221 3399 ejus
3245 3348 3423 3387 comes
3444 3343 3683 3404 stupens,

443 3431 551 3485 bat.
588 3434 743 3486 Panis
767 3435 815 3486 ia
849 3436 1037 3489 cellula
1068 3438 1157 3490 illa
1185 3452 1249 3492 eo
1279 3439 1491 3494 vivente
1519 3452 1703 3495 coctus
1736 3460 2008 3511 nunquam

444 3526 561 3589 fuit,
592 3529 682 3579 scd
715 3542 744 3580 a
773 3530 975 3580 devotis
1000 3543 1123 3581 cum
1156 3533 1446 3584 necessitas
1487 3536 1789 3600 exegissrt,
1825 3536 2016 3590 infere-

445 3616 616 3670 batur.
649 3618 887 3686 Maguam
920 3620 1057 3672 enim
1089 3630 1351 3674 catervam
1390 3625 1702 3691 populorum
1753 3627 1820 3680 de
1866 3628 2017 3681 obla-

446 3707 682 3760 tionibus
726 3714 1037 3762 devtitorum
1079 3711 1332 3775 redemit;
1372 3714 1676 3779 pusularum
1703 3725 1725 3750 ι·
1753 3718 2012 3772 malarum

446 3811 705 3849 venenum
732 3800 903 3851 crucis
931 3802 1082 3867 signo
1112 3816 1252 3867 saepe
1276 3805 1624 3870 compressit,
1657 3806 1925 3861 daemones
1948 3810 2016 3865 de

447 3888 681 3942 obsessis
710 3890 1024 3955 corporibus
1047 3893 1288 3946 oratione
1316 3894 1513 3961 abegit,
1541 3906 1593 3949 et
1617 3895 1882 3963 judicibus
1906 3899 2014 3967 ple-

447 3992 671 4046 ramque
704 3988 759 4032 ut
788 3980 1137 4048 culpabilibus
1165 3983 1538 4051 ignoscerent,
1568 3985 1853 4042 dulcedine
1893 4003 2016 4057 pro-

448 4071 563 4125 fusa
607 4071 926 4139 imperavit,
960 4077 1133 4141 potius
1175 4088 1332 4143 quam
1386 4075 1610 4144 rogavit.
1643 4076 1774 4130 Nam
1807 4077 1875 4131 ita
1903 4089 2019 4134 erat

447 4162 618 4218 dulcis
647 4164 898 4234 alloquio,
926 4173 982 4219 ut
1000 4165 1046 4221 ei
1076 4182 1269 4235 negare
1294 4182 1399 4221 non
1423 4176 1657 4237 possent,
1681 4183 1802 4223 cum
1827 4169 2021 4225 fuisset

447 4319 607 4391 cliesia
632 4321 689 4374 S.
717 4319 937 4376 Joannis
966 4323 1161 4379 ibidem
1193 4334 1427 4391 structa,
1465 4326 1741 4381 monachis
1765 4326 2021 4383 deficien-

450 4390 590 4465 tibus
620 4393 855 4465 libi-aruo
895 4394 1072 4465 abbati
1114 4405 1168 4448 et
1204 4395 1476 4449 monachis
1503 4398 1561 4451 S.
1587 4396 1754 4449 Pontii
1781 4399 2019 4465 subjeeta

452 4460 552 4532 fuit
595 4463 660 4514 ab
700 4462 1060 4518 Archinbaldo
1106 4467 1276 4532 episc.
1308 4465 1584 4530 Niciensi,
1617 4468 1816 4520 saaculo
1852 4460 1903 4521 ίι
1946 4470 2022 4523 la-

450 4530 627 4582 bente.

529 4608 553 4633 ι
586 4598 795 4665 Corpus
819 4601 934 4665 ejus
962 4598 1011 4653 in
1043 4601 1152 4669 ipsa
1194 4603 1416 4656 ecclesia
1458 4602 1746 4656 catliedrali
1789 4604 2021 4659 Niciensi

456 4668 615 4723 etiam
650 4682 789 4721 nunc
832 4668 1093 4723 asservari
1142 4671 1352 4732 dicitur,
1379 4674 1465 4725 ubi
1496 4674 1687 4725 colitur
1715 4674 1800 4726 die
1829 4676 1892 4728 15
1915 4675 2019 4727 0c-

457 4738 921 4811 t_ob_._blent_oratur
943 4749 1118 4811 autem
1152 4742 1201 4794 in
1244 4743 1622 4811 martyrologio
1666 4744 1902 4798 Romano
1929 4747 2016 4800 die

454 4807 518 4882 ξι
548 4807 687 4861 Maii.
718 4807 798 4882 De
818 4809 916 4864 hoc
946 4810 1135 4864 iterum
1162 4807 1451 4882 Gregorius
1473 4807 1567 4867 libV.
1586 4812 1651 4866 de
1675 4811 1852 4867 Gloria
1878 4815 2018 4869 Con-

454 4879 561 4932 less
596 4919 608 4937 ,
635 4895 752 4943 cap.
787 4881 871 4932 97.

528 4946 551 4986 ι
589 4950 694 5002 lloc
716 4958 874 5017 caput
904 4951 1052 5004 deest
1083 4953 1132 5004 in
1163 4952 1324 5006 Corb.
1355 4960 1407 5006 et
1435 4952 1582 5006 Colb.
1612 4953 1918 5007 Ferreolum
1942 4956 2018 5010 uti

457 5028 742 5089 martyrem
779 5021 1018 5090 plerique
1046 5023 1249 5077 colunt.
1285 5024 1413 5089 Ejus
1438 5025 1597 5076 vitam
1633 5040 1695 5077 ex
1728 5041 1826 5077 tus.
1861 5025 2020 5078 'l‘olo-

457 5103 589 5141 sano
618 5090 783 5142 edidit
812 5093 973 5145 Marc.
1011 5098 1130 5145 Ant.
1166 5094 1423 5145 Dominici
1450 5135 1463 5154 ,
1501 5095 1584 5146 ubi
1620 5094 1809 5147 festum
1853 5096 2019 5159 ipsius

459 5175 497 5214 ll
532 5174 699 5212 nonas
720 5159 954 5215 Januarii
985 5165 1243 5217 celebrari
1267 5164 1479 5217 dicitur.
1504 5164 1879 5216 Monasterium
1903 5179 2021 5218 con-

458 5228 627 5301 didit,
662 5231 1001 5301 regulamque
1029 5234 1236 5301 setipsit
1258 5275 1271 5296 ,
1306 5249 1408 5287 non
1436 5237 1598 5287 semel
1632 5236 1825 5287 editam
1848 5275 1861 5296 ,
1904 5250 2024 5301 quae

435 5300 688 5352 ‘babetur
710 5300 761 5370 in
790 5300 980 5352 Codice
1023 5300 1321 5370 regularum
1357 5317 1404 5356 et
1440 5305 1490 5357 iu
1518 5304 1816 5358 Concordia
1855 5306 2027 5359 Bene-

461 5371 585 5421 dicti
621 5369 834 5421 Aniante
862 5372 1084 5424 abbatis.

537 5450 557 5476 ε
594 5440 666 5492 De
696 5439 951 5511 Dynamio
982 5457 1083 5493 non
1116 5444 1277 5496 semel
1328 5442 1461 5495 infra
1495 5444 1799 5508 Gregorius.
1835 5442 1880 5495 Is
1914 5444 2026 5511 ipse

463 5520 544 5563 est
588 5513 674 5577 qui
716 5509 926 5575 scripsit
968 5510 1139 5564 Vitam
1187 5515 1242 5567 S.
1274 5514 1418 5565 Marii
1462 5513 1667 5565 abbatis
1698 5509 2027 5568 Bodanetisis

467 5580 518 5631 in
560 5580 771 5632 diteCesi
804 5580 1168 5635 Sistaricensi.
1215 5582 1384 5634 Vitam
1425 5584 1479 5637 S.
1524 5584 1729 5634 Maximi
1776 5583 2022 5635 liciorum

464 5652 729 5716 episcopi,
771 5661 901 5714 (δη-,ς
934 5652 1015 5702 litt
1036 5668 1135 5704 ras
1164 5669 1288 5703 veru
1319 5668 1346 5703 a
1378 5654 1634 5721 Gregorio
1676 5655 1859 5719 Magno
1902 5669 2022 5705 cum

467 5724 665 5790 aliquot
713 5722 1041 5773 munusculis
1084 5722 1297 5790 recepit.
1338 5723 1585 5787 Ejttsdeut
1616 5722 1797 5775 laudes
1833 5723 2028 5776 cecinit

470 5787 786 5842 Fortunatus
817 5794 907 5843 lib.
941 5806 1015 5853 νι,
1046 5787 1220 5844 carm;
1243 5795 1297 5845 11
1334 5803 1385 5845 et
1422 5793 1504 5854 i2,
1532 5792 1617 5842 ubi
1649 5795 1805 5843 etiam
1837 5792 1904 5843 de
1934 5794 2026 5845 Al-

469 5857 626 5931 bino,
659 5860 844 5911 .lttvitm
883 5870 935 5931 et
965 5861 1274 5927 Theodoro,
1308 5863 1373 5917 dc
1403 5863 1592 5930 quibus
1622 5862 1708 5914 h'.c
1738 5862 2028 5931 Gregorius

468 5935 523 5981 et
546 5928 679 5981 inita
708 5945 822 5996 cap.
855 5930 934 5983 li.

2116 3422 2141 3459 ιι
2165 3423 2303 3491 quod
2330 3422 2541 3476 videbat
2569 3423 2749 3475 vivere
2789 3436 2945 3490 quem
2980 3423 3030 3475 in
3073 3422 3257 3476 mortis
3299 3422 3510 3477 interitu
3560 3425 3684 3479 reli-

2115 3516 2332 3583 quisset.
2366 3514 2491 3569 Haec
2512 3529 2608 3582 ego
2630 3515 2695 3567 ab
2725 3514 2890 3582 ipsius
2919 3515 3129 3567 comitis
3169 3530 3260 3568 ore
3291 3517 3511 3582 cognovi
3540 3534 3554 3580 ;
3587 3517 3684 3571 sed

2117 3612 2173 3659 et
2194 3605 2295 3657 alia
2323 3604 2485 3658 multa
2516 3605 2661 3669 fecit,
2692 3620 2810 3672 qua:
2838 3605 3041 3673 insequi
3073 3605 3288 3674 longum
3330 3606 3523 3672 putavi.
3559 3608 3685 3662 Post

2116 3697 2461 3767 quadraginta
2494 3705 2719 3765 quatuor
2749 3712 2876 3750 vero
2905 3711 3074 3748 annos
3104 3695 3421 3751 reclusionis
3445 3711 3556 3750 sua:
3591 3712 3683 3767 pa-

2117 3802 2335 3855 rumper
2357 3787 2503 3841 febre
2524 3786 2781 3854 pulsatus.
2816 3785 3033 3838 tradidit
3056 3786 3321 3853 spiritum,
3354 3794 3679 3852 protractus-

2117 3890 2221 3946 que
2238 3892 2267 3928 a
2288 3876 2499 3940 cellula,
2522 3875 2808 3943 Sepulturte
2831 3873 3108 3927 mandatus
3138 3884 3239 3927 est.
3263 3875 3480 3942 Magnus
3500 3886 3678 3930 autem

2118 3978 2438 4031 conventus,
2468 3977 2525 4020 ut
2554 3967 2803 4036 diximus,
2835 3967 2901 4021 de
2928 3965 3219 4035 redemptis
3242 3966 3293 4020 in
3322 3966 3437 4034 ejus
3464 3982 3679 4037 proces-

2119 4062 2189 4116 sit
2215 4058 2482 4127 exsequiis
2509 4056 2552 4111 ί.

2191 4169 2283 4225 1X.
2332 4168 2624 4224 Domnolus
2661 4170 2676 4217 ι
2724 4182 2852 4222 vero
2890 4166 3354 4223 Ceuomannorum
3399 4170 3683 4239 episcOpus

2192 4325 2220 4366 ει
2240 4328 2371 4408 ἸῙρᾳ.
2390 4325 2747 4408 capt_tt,_quod
2774 4324 2923 4408 deest
2949 4323 3186 4408 in‘Ggrb.
3215 4324 3469 4408 etutiolb...
3498 4327 3684 4408 lauda-

2124 4406 2207 4452 tnr
2234 4398 2286 4450 in
2319 4394 2470 4451 libro
2483 4396 2549 4450 de
2577 4394 2840 4449 Miraculis
2869 4395 3034 4448 sancti
3057 4394 3323 4463 Eparchii,
3348 4396 3501 4464 cujus
3520 4398 3683 4452 verba

2123 4468 2366 4551 dedimus
2393 4468 2530 4521 inter
2558 4466 2738 4535 Elogia
2766 4479 2796 4519 a
2821 4465 2981 4520 variis
3009 4464 3315 4520 auctoribus
3340 4474 3523 4521 nostro
3548 4466 3685 4522 Gre-

2124 4538 2272 4607 gorio
2297 4537 2441 4591 data.

2198 4617 2222 4645 ε
2254 4606 2461 4674 Regm.,
2490 4605 2827 4669 postularunt.

2205 4680 2220 4713 ί
2258 4672 2389 4730 Euin
2422 4675 2555 4729 infra
2586 4675 2831 4728 comitem
2868 4672 3114 4741 appellat.
3143 4672 3209 4727 Et
3247 4687 3433 4728 revera
3461 4676 3689 4733 comites

2052 4722 2101 4781 ί)
2125 4746 2190 4801 ad
2218 4722 2514 4801 dsistas};
2528 4722 3208 4812 ῖυξῖἦῖἰιὲἰὶτιῖἷιῖιῖἐ’ἑὲὲιιῖί
3223 4722 3471 4797 astitit;

2197 4825 2223 4863 ε
2255 4816 2344 4871 Sic
2371 4810 2547 4868 Casio.
2572 4822 2625 4867 et
2646 4812 2793 4877 Bec.;
2817 4815 2924 4876 alii,
2955 4810 3021 4864 In
3043 4822 3179 4864 terra
3203 4815 3507 4876 extenditur,
3536 4814 3624 4868 ad.

2196 4882 2225 4921 ¹ι
2257 4886 2345 4939 Sic
2369 4888 2491 4939 cod.
2525 4884 2744 4979 Iteggtq
2776 4882 2863 4979 a'lii
2891 4884 3004 4979 ,ιαμ
3026 4883 3173 4979 pedes
3195 4883 3394 4934 comitis
3416 4886 3689 4979 stupentis.

2203 4955 2216 4979 ι
2255 4954 2391 4979 Λιιζξ.
2437 4970 2574 4979 ..ν-...ι
2624 4974 2635 4979 ι
2688 4954 2697 4979 1
2790 4970 2798 4979 Α
2830 4956 2873 4979 in
2993 4969 3019 4979 ι.
3050 4953 3077 4979 ,ἶ
3146 4966 3247 4979 nun
3276 4952 3386 4979 Αἷιιο
3449 4954 3686 4979 Λυιξ..ἶιιιη

2203 4955 2219 4993 ί
2254 4954 2396 5009 Obiit
2436 4970 2576 5006 anno
2607 4952 2743 5014 {181,
2788 4953 2874 5004 die
2906 4952 2923 5001 l
2958 4952 3111 5013 Julii,
3144 4966 3249 5017 quo
3274 4952 3390 5017 ejus
3427 4952 3687 5009 festivitas

2128 5024 2397 5080 recolitur.
2432 5024 2557 5093 Ejus
2585 5022 2759 5075 Vitam
2793 5022 2979 5093 babes_
3001 5022 3135 5073 inter
3166 5023 3320 5093 Acta_
3336 5020 3435 5075 SS.
3465 5022 3593 5076 0rd.
3628 5024 3688 5079 S.

2130 5094 2401 5149 Benedicti
2442 5089 2579 5148 Sine.
2624 5108 2672 5155 t,
2717 5108 2766 5157 p.
2808 5092 2929 5144 267.
2961 5089 3087 5143 Item
3119 5091 3253 5155 apttd
3283 5090 3595 5155 Gononum,
3635 5102 3691 5146 et

2129 5166 2286 5218 simul
2315 5179 2435 5217 cum
2469 5163 2606 5217 libro
2634 5162 2699 5215 de
2728 5162 2843 5229 ejus
2876 5161 3159 5212 virtutibus
3192 5162 3239 5209 in
3273 5171 3414 5211 l0lll0
3445 5160 3458 5210 l
3495 5162 3692 5214 lliulio-

2131 5235 2299 5287 tbeete
2327 5248 2479 5286 novze
2519 5230 2745 5293 Labbei;
2791 5244 2855 5283 ex
2902 5245 3001 5293 qua
3054 5238 3194 5293 pulei.
3226 5229 3542 5293 Eparchinm
3597 5234 3692 5285 tri-

2128 5305 2273 5371 ginta
2315 5304 2651 5371 solummodo
2679 5314 2735 5371 et
2761 5314 2948 5352 novem
2977 5315 3144 5351 annos
3172 5300 3437 5371 reclusum
3470 5300 3686 5355 vixisse.

2133 5369 2239 5427 Sed
2273 5376 2497 5425 fortasse
2523 5370 2810 5437 Gregorius
2841 5379 3004 5421 totum
3038 5380 3244 5434 tempus
3284 5369 3566 5437 designare
3598 5387 3691 5420 vo-

2133 5443 2250 5510 luit,
2280 5458 2343 5497 ex
2376 5457 2483 5505 quo
2513 5439 2802 5510 Eparchius
2833 5441 3180 5510 monasticam
3201 5449 3411 5510 vestem
3442 5454 3695 5510 suscepe-

2130 5523 2209 5567 rat
2238 5507 2286 5565 'a
2332 5507 2570 5565 Martino’
2601 5507 2877 5563 Sedaciani
2924 5508 3229 5561 monasterii
3263 5508 3473 5562 abbate.
3517 5508 3591 5561 De
3630 5525 3697 5563 eo

2131 5583 2319 5636 iterum
2352 5581 2636 5646 Gregorius
2685 5580 2772 5631 lib.
2816 5578 2882 5630 de
2917 5579 3064 5632 Glor.
3106 5575 3384 5638 Coufess.,
3416 5593 3534 5645 cap.
3574 5579 3696 5634 ibi.

2136 5653 2302 5721 Vulgo
2332 5652 2523 5703 dicitur
2550 5649 2703 5721 sirint»
2724 5647 2924 5721 Cybar,_
2940 5649 3038 5699 sub
3072 5649 3225 5711 cujus
3268 5652 3487 5721 nomine
3520 5657 3700 5702 exstat

2131 5716 2507 5775 monasterium
2522 5719 2736 5773 Ordinis
2760 5718 2927 5770 nostri
2952 5733 3112 5784 prope
3129 5720 3313 5772 urbem
3330 5716 3698 5782 lnculisniatn;

2132 5792 2225 5845 sed
2257 5792 2371 5859 ejus
2394 5790 2631 5859 reliquias
2662 5804 2689 5839 a
2721 5788 3030 5842 Calvinistis
3059 5791 3352 5841 combusta:
3391 5801 3514 5840 sunt
3557 5802 3700 5840 anno

2135 5858 2291 5915 1558.

2260 5931 2370 5985 lloc
2398 5940 2556 6000 caput
2582 5929 2730 5984 deest
2758 5928 2812 5983 in
2845 5926 2996 5982 Colb.
3031 5935 3083 5982 et
3110 5926 3268 5982 Colb.
3303 5936 3371 5981 At
3395 5927 3581 5997 Regia.
3608 5926 3711 5981 ba-
