4016 6338
123 395 202 452 581
1047 390 1360 447 HISTORIA
1405 387 1845 447 FRANCORUM.
1887 390 2084 444 LIBER
2125 389 2414 447 SEXTUS.

3238 393 3339 448 38?.

122 487 550 581 zgrotarelcmpit.
587 509 852 578 Tempore
889 508 1029 561 enim
1072 505 1470 560 CIIIOlIlacllztt‘ii
1520 505 1657 573 regis
1691 507 1740 565 Α
1766 517 2069 570 gressumn,
2105 519 2246 558 caeco
2273 503 2301 540 ι’
2332 502 2642 558 restitueret
2673 503 2864 558 visum.
2885 503 2985 572 Qui
3010 512 3130 572 post
3153 502 3340 573 viginti

119 603 240 676 apud
259 602 482 671 Parisios
523 601 591 657 ad
635 602 909 656 basilicam
955 600 1127 656 sancti
1156 599 1423 654 Laurentii
1455 605 1481 633 ο
1511 598 1654 667 gregi

121 697 447 754 mentasteriali
482 695 803 766 prrefuerat;
847 695 944 750 sed
973 695 1223 764 quoniam
1247 735 1262 757 ,
1310 692 1658 748 Childeberto

118 789 303 844 seniore
338 787 549 843 vivente
574 827 588 851 ,
641 801 857 853 semper
885 784 1302 839 Cblothachario
1341 783 1450 850 regi
1482 781 1656 834 lidelis

118 879 313 946 exstitit,
340 888 392 935 et
417 877 632 934 nuntios
661 878 802 932 illius
823 877 888 930 ad
911 875 1293 944 speculandum
1323 874 1512 928 missos
1540 888 1658 926 crc-

119 973 250 1027 brius
293 972 595 1038 occulebat,
627 969 1036 1040 praestolabatur
1063 971 1224 1040 285
1250 983 1344 1022 rex
1388 968 1560 1020 locum
1605 967 1656 1018 in

117 1077 208 1130 quo
233 1060 558 1129 pontiﬁcatus
588 1060 844 1115 honorem
868 1060 1154 1128 acciperet.
1179 1057 1436 1127 Migraote
1476 1066 1654 1110 autem

117 1152 434 1208 Avenniensis
460 1150 692 1206 civitatis
724 1149 1003 1220 pontifice,
1034 1150 1193 1203 istum
1222 1149 1347 1202 illuc
1374 1147 1504 1202 dare
1525 1144 1657 1199 deli-

115 1243 383 1297 beraverat.
420 1243 524 1296 Sed
575 1243 761 1302 beatus
806 1242 1096 1295 Domnolus
1137 1241 1250 1293 haec
1287 1238 1508 1292 audiens
1532 1277 1547 1303 ,
1589 1239 1653 1291 ad

115 1334 360 1389 basilicam
383 1334 779 1389 sanctiMartini
809 1333 1088 1400 antistitis,
1112 1347 1220 1402 quo
1248 1346 1371 1386 tunc
1401 1332 1655 1386 Chlotba-

114 1426 300 1480 charius
323 1441 413 1480 rex
441 1425 506 1479 ad
537 1424 834 1479 orationem
865 1433 1104 1486 venerat,
1133 1423 1392 1487 accessit,
1423 1433 1476 1477 et
1501 1431 1655 1476 nocte

110 1525 204 1570 tota
230 1517 281 1570 in
309 1517 502 1585 vigiliis
544 1515 847 1579 excubans,
895 1529 990 1582 per
1021 1513 1226 1582 priores
1264 1512 1353 1582 qui
1400 1512 1651 1577 aderant,

109 1611 202 1678 regi
245 1608 628 1677 suggestionem
679 1605 857 1660 intulit
901 1617 955 1659 ut
1000 1620 1106 1659 non
1133 1605 1285 1673 quasi
1317 1604 1559 1672 captivus
1587 1601 1654 1656 ab

106 1700 206 1768 ejus
232 1701 564 1768 elongaretur
595 1709 843 1768 aspectu,
873 1713 972 1752 nec
1009 1699 1348 1765 permitteret
1396 1697 1651 1764 simplici-

105 1800 248 1847 tatem
281 1791 416 1844 illius
460 1790 600 1844 inter
639 1798 919 1844 senatores
966 1788 1288 1857 sophisticos
1334 1802 1396 1840 ac
1442 1785 1652 1856 judices

1760 594 1895 648 duos
1938 592 2275 662 episcopatus
2324 608 2523 658 annos,
2573 594 2701 647 dum
2743 609 2801 648 se
2849 603 3098 648 cerneret
3146 582 3335 649 morbo

1759 683 1905 755 regio
1949 686 2259 753 calculoqne
2303 686 2622 754 gravissime
2671 683 2922 754 fatigari,
2978 684 3333 739 Theodultum

1757 773 2002 830 abbatem
2035 778 2085 830 in
2118 779 2290 831 locum
2315 793 2467 831 suum
2489 779 2780 846 praeelegit,
2811 779 2962 846 cujus
2983 780 3220 830 assensui
3243 793 3336 832 rex

1760 869 1986 936 praibnit
2016 870 2342 924 voluntatem
2377 886 2390 922 :
2420 872 2512 924 sed
2547 884 2650 922 non
2684 871 2910 924 multum
2944 879 3064 937 post
3095 879 3336 936 tempus,

1759 969 1958 1012 mutata
2009 961 2310 1022 sententia,
2364 960 2414 1011 in
2466 958 2860 1013 Badechisilum
2894 970 2914 997 ε
2948 959 3138 1013 domus
3179 960 3338 1026 regite

1759 1050 2014 1118 majorem
2043 1050 2359 1104 transfertur
2387 1049 2604 1103 electio.
2642 1050 2744 1115 Qui
2773 1062 3082 1104 tonsuratus
3104 1050 3334 1118 gradus,

1757 1154 1890 1208 quos
1918 1140 2101 1194 clerici
2131 1141 2449 1202 sortiuntur,
2476 1140 2807 1204 ascendens,
2841 1150 2961 1207 post
2985 1141 3336 1212 quadraginta

1757 1231 1889 1295 dies,
1924 1233 2189 1298 migrante
2217 1232 2521 1296 sacerdote,
2554 1231 2845 1285 successit.

1828 1321 1896 1376 Χ.
1931 1323 2022 1376 His
2049 1321 2077 1358 ά
2105 1322 2294 1376 diebus
2339 1322 2555 1376 basilica
2599 1323 2768 1376 sancti
2822 1322 3033 1375 Martini
3066 1338 3093 1376 a
3124 1322 3334 1376 furibus

1758 1414 1977 1468 ell‘racta
2003 1414 2120 1467 fuit.
2154 1412 2255 1478 Qui
2286 1425 2546 1481 ponentes
2571 1415 2634 1466 ad
2662 1413 2952 1466 fenestram
2985 1413 3182 1465 absidm
3210 1427 3338 1465 can-

1755 1505 1972 1570 cellum,
2001 1505 2093 1574 qui
2135 1519 2300 1573 super
2333 1504 2592 1557 tumulum
2625 1504 2900 1573 cujusdam
2935 1502 3167 1558 defuncti
3200 1515 3334 1568 erat,

1755 1598 2107 1654 ascendentes
2137 1593 2243 1666 per
2269 1614 2416 1664 eum,
2466 1599 2681 1653 effracta
2709 1598 2876 1654 vitrea
2916 1609 3040 1653 sunt
3087 1601 3334 1666 ingressi,

1754 1690 2167 1760 auferentesque
2198 1690 2422 1743 multum
2455 1691 2568 1742 auri
2599 1690 2928 1759 argentique,
2970 1699 3023 1744 et
3052 1690 3333 1759 palliorum

1757 1781 2203 1846 holoserieorum,
2237 1779 2508 1847 abierunt,
2561 1795 2666 1833 non
2697 1790 2994 1836 metuentes
3023 1796 3187 1849 super
3211 1798 3334 1838 san-

102 1879 473 1951 philosophicos
503 1879 734 1948 fatigari,
768 1892 1014 1933 asserens
1047 1877 1188 1931 hunc
1223 1877 1398 1931 locum
1429 1875 1647 1930 humili-
1684 1872 1728 1929 Β
1754 1884 1895 1928 ctum
1921 1874 2227 1943 sepulcrum
2263 1875 2450 1942 pedem
2486 1889 2704 1943 ponere,
2739 1876 2823 1930 ubi
2856 1877 2940 1929 vix
2967 1878 3046 1930 vel
3072 1893 3132 1931 os
3159 1878 3334 1946 appli-

103 1972 213 2026 tatis
247 1972 342 2026 sibi
386 1985 507 2025 esse
556 1969 731 2038 potius
755 2010 771 2036 ,
813 1983 972 2036 quam
1012 1967 1252 2021 honoris.
1283 1967 1363 2020 Ad
1412 1965 1526 2020 haec
1555 1981 1650 2018 rex

100 2078 348 2128 annuens,
376 2062 640 2130 migrante
665 2059 988 2113 'lnnocentio
1015 2057 1484 2113 Cenomannorum
1529 2056 1649 2124 epi-

97 2169 268 2223 scopo,
296 2153 465 2221 ipsum
497 2152 748 2206 Ecclesia:
771 2150 847 2204 illi
879 2150 1172 2205 antistitem
1204 2148 1510 2204 destinavit.
1533 2147 1649 2202 1am

97 2252 352 2312 assumpto
374 2245 704 2312 episcojiatu,
732 2242 890 2296 talem
917 2257 974 2295 se
1004 2251 1313 2310 tantumque
1337 2239 1653 2308 prtebnit,ut

95 2338 141 2390 in
167 2350 386 2412 summa:
415 2335 720 2389 sanctitatis
749 2333 960 2388 culmen
991 2342 1207 2387 evectus
1229 2373 1244 2398 ,
1285 2332 1447 2386 debili
1499 2347 1652 2387 usum

95 2470 175 2524 bet
203 2471 288 2526 hic
315 2469 627 2523 ﬂammatus
647 2511 662 2534 ,
695 2469 789 2525 sed
815 2470 982 2532 intra,
1013 2479 1064 2521 nt
1096 2468 1277 2524 caeteri
1301 2509 1315 2533 ,
1346 2467 1650 2522 Damnatus.

91 2541 405 2607 Subscripsit
432 2555 584 2594 corrc.
609 2540 807 2594 Turon.
840 2556 900 2605 tt,
932 2556 1020 2593 an.
1054 2540 1180 2593 557.

160 2620 184 2648 ι
215 2613 337 2665 llaec
361 2611 579 2664 basilica
598 2613 756 2664 etiam
789 2626 930 2664 nunc
949 2620 1166 2674 perstat,
1185 2608 1471 2676 parochiali
1498 2609 1652 2662 titulo

93 2679 350 2749 insignita,
382 2680 468 2734 tibi
501 2683 682 2750 paucis
709 2683 775 2733 ab
808 2681 930 2734 hinc
959 2681 1111 2732 annis
1141 2690 1347 2744 reperta
1373 2691 1491 2731 sunt
1517 2681 1653 2730 anti-

92 2767 186 2817 qua
209 2753 532 2818 sarcophago
552 2767 767 2817 gvpsqa,
796 2767 912 2818 quae
937 2762 1230 2818 nongentos
1247 2751 1461 2803 circiter
1484 2765 1654 2802 annos

91 2822 460 2888 pi-zclerebant,
493 2821 685 2889 quibus
711 2822 909 2889 apertis
938 2821 1101 2889 nigrae
1122 2830 1298 2872 veSIes
1319 2858 1335 2882 ,
1373 2829 1429 2872 et
1469 2835 1654 2872 mona-

91 2892 300 2944 chorum
323 2890 527 2960 elligies
551 2893 674 2946 visa:
696 2900 840 2950 sunt.
861 2892 953 2945 ~ed
977 2907 1095 2956 qua:
1118 2900 1174 2942 ιιι
1199 2891 1424 2956 primum
1453 2890 1652 2956 puriori

92 2976 204 3015 aere
225 2963 419 3014 amatae
450 2964 684 3024 luerunt,
709 2963 758 3015 in
783 2962 1052 3028 pulverem
1083 2971 1207 3014 Sunt
1229 2961 1478 3025 redactae,
1508 2965 1650 3028 quod

93 3045 228 3092 same
258 3032 412 3084 nobis
443 3043 664 3086 testatus
686 3043 765 3085 est
795 3031 853 3083 V.
878 3033 960 3083 Cl.
995 3031 1240 3084 Nicolaus
1261 3029 1528 3096 Gobillon,
1555 3030 1652 3083 do-

92 3113 196 3152 ctor
213 3102 560 3164 Sorbonicus,
578 3103 818 3170 ejusdem
835 3101 1079 3155 ecclesiae
1102 3110 1300 3166 pastor,
1313 3110 1366 3154 et
1380 3099 1650 3154 illustriss.

92 3171 474 3240 arrhiepiscOpi
510 3172 673 3226 Paris.
704 3174 930 3226 vicarius
957 3173 1240 3239 generalis.
1277 3171 1501 3224 Basilica
1527 3185 1652 3224 san-

1753 1982 1880 2022 care
1926 1969 2320 2037 prazsumimus.
2367 1967 2471 2022 Sed
2499 1968 2664 2022 virtus
2696 1970 2863 2022 sancti
2895 1969 3062 2024 voluit
3094 1969 3229 2022 hanc
3257 1978 3333 2024 te-

1758 2061 2060 2115 meritatem
2109 2060 2272 2114 etiam
2305 2073 2424 2112 cum
2453 2058 2654 2127 judicio
2699 2059 3043 2114 manifestare
3084 2060 3329 2114 terribili.

1752 2156 1883 2209 Nam
1918 2155 1970 2207 hi
2003 2161 2306 2221 perpetrato
2333 2152 2537 2206 scelere
2568 2152 2630 2204 ad
2665 2151 3108 2220 Burdcgalensem
3149 2152 3332 2204 civita-

1756 2257 1861 2301 tem
1895 2246 2194 2310 venientes,
2255 2254 2375 2298 orto
2416 2243 2690 2309 seandalo,
2729 2257 2865 2296 unus
2894 2242 3118 2296 alterum
3164 2242 3332 2296 inter-

1754 2340 1914 2403 emit;
1936 2339 2120 2408 sicque
2139 2336 2402 2406 patefacto
2421 2351 2606 2404 opere,
2631 2333 2827 2389 furtum
2854 2344 3120 2404 repertum
3137 2345 3240 2401 est,
3270 2350 3330 2389 ac

1757 2485 1876 2540 post
1904 2473 2200 2528 Innocentii
2228 2473 2430 2527 obitum
2461 2486 2679 2526 vacasse
2711 2474 2822 2539 diu,
2851 2475 3014 2528 immo
3043 2486 3096 2529 et
3121 2476 3329 2541 aliquot

1755 2549 1907 2599 annis
1945 2545 2010 2598 ab
2055 2543 2368 2598 Scienl‘redo
2411 2544 2867 2611 pseudoepiscopo
2897 2545 3059 2597 fuisse
3096 2561 3328 2614 occupa-

1756 2626 1882 2668 tam.
1908 2615 2023 2668 .Iam
2047 2630 2173 2666 vero
2195 2623 2375 2668 noster
2404 2614 2690 2682 Gregorius
2721 2615 2932 2682 scripsit
2962 2616 3280 2669 Domnolum
3311 2658 3328 2681 ,

1756 2696 2039 2752 antequam
2069 2695 2211 2738 esset
2239 2687 2540 2751 episcopus,
2574 2685 2816 2738 abbatem
2849 2687 2907 2739 ὃ.
2941 2685 3205 2739 Laurentii
3231 2686 3329 2739 Pa-

1755 2755 1895 2808 risiis
1928 2755 2115 2824 fuisse,
2135 2755 2404 2807 G‘hlotario
2438 2756 2543 2824 regi
2572 2754 2999 2824 acceptissimum
3023 2796 3038 2820 ,
3061 2756 3128 2809 ab
3153 2771 3326 2824 eoque

1756 2823 2121 2878 Avenionensi
2161 2824 2273 2877 sedi
2302 2823 2663 2886 destinatum,
2693 2840 2852 2893 quam
2893 2823 2983 2878 ille
3031 2823 3290 2893 reSpuens
3312 2867 3330 2890 ,

1757 2904 1938 2962 postea
1969 2894 2436 2954 Cenomannensis
2469 2894 2753 2962 episcOpns
2797 2895 2965 2948 factus
3004 2895 3092 2948 sit.
3133 2897 3207 2950 De
3247 2897 3329 2951 his

1757 2965 1889 3019 nihil
1919 2967 2136 3018 omnino
2164 2963 2295 3017 Vitae
2331 2979 2534 3027 auctor,
2579 2965 2670 3015 sed
2719 2966 2983 3017 contraria
3031 2967 3169 3034 apud
3209 2984 3328 3020 eum

1757 3051 1863 3088 non
1891 3034 2134 3088 invenias
2159 3053 2172 3088 :
2202 3034 2362 3087 iniino
2380 3050 2504 3087 Vero
2529 3035 2639 3101 ipse
2662 3044 2886 3088 testatur
2907 3049 2965 3088 se
2991 3035 3159 3088 Vitam
3187 3037 3327 3090 beati

1758 3105 1858 3158 viri
1887 3105 2209 3172 scripturum
2233 3105 2300 3156 ab
2328 3120 2392 3156 co
2418 3105 2753 3157 solummodo
2783 3114 3042 3172 tempore,
3074 3121 3179 3174 quo
3208 3109 3321 3159 sedi

1757 3174 2182 3231 Cenomannensi
2213 3174 2488 3242 prmfuisse
2510 3175 2673 3239 cmpit
2701 3191 2712 3225 :
2742 3174 2814 3226 Ab
2843 3175 2953 3238 illo,
2981 3175 3171 3242 inquit,
3203 3186 3307 3228 tem»

89 3242 149 3314 eti
191 3243 399 3295 Martini
426 3286 440 3306 ,
480 3243 564 3314 hic
602 3257 811 3311 quoque
845 3251 1141 3314 finemorata
1161 3280 1177 3305 ,
1206 3242 1341 3294 haud
1393 3241 1577 3314 procul
1615 3256 1647 3294 ο
1679 3243 1723 3305 C
1755 3263 1896 3314 pore,
1921 3241 2320 3313 auspicabimur,
2346 3260 2446 3309 quo
2471 3260 2562 3296 nos
2583 3244 2806 3314 glorioso
2840 3260 2933 3296 suo
2960 3241 3174 3297 adventu
3212 3247 3336 3298 illu-

91 3311 441 3364 Laurentiana
471 3313 658 3366 dissita
698 3321 811 3376 est,
843 3312 1000 3365 hodie
1028 3312 1125 3364 sub
1163 3315 1331 3364 sancti
1363 3311 1573 3365 Martini
1614 3327 1642 3364 a

88 3383 296 3447 Cantpis
329 3386 541 3435 nomine
572 3383 833 3446 celebris,
865 3383 931 3435 de
962 3399 1061 3449 qua
1097 3383 1188 3435 lib.
1220 3397 1236 3434 l
1263 3383 1327 3436 de
1369 3383 1550 3434 Mirac.
1585 3382 1644 3436 Β.

89 3451 318 3514 Ματιὲιιί,
346 3469 467 3519 cap.
495 3453 578 3506 li).
608 3454 774 3507 Porro
795 3453 1036 3506 Cointius
1057 3452 1123 3504 ad
1153 3467 1349 3505 annum
1381 3451 1486 3506 653
1525 3453 1647 3504 inli-

88 3524 250 3574 ciatur
305 3525 622 3578 Domnolum
679 3538 906 3591 unquam
964 3522 1209 3576 abbatem
1264 3523 1322 3576 S.
1380 3522 1648 3576 Laurentii

91 3592 270 3662 fuisse,
307 3602 582 3661 totumque
613 3594 714 3646 hoc
741 3593 1082 3662 Giegorianm
1116 3591 1351 3646 historiae
1380 3602 1538 3662 caput
1567 3607 1647 3644 re-

87 3660 220 3738 jicit,
255 3660 512 3738 tanquam
552 3665 629 3738 ab
667 3660 915 3738 imperito
963 3665 1340 3738 interpolatore
1379 3661 1648 3738 additum;

88 3732 239 3799 idque
264 3734 340 3786 ob
367 3739 500 3786 duas
524 3734 854 3802 potissimum
887 3735 1119 3787 rationes
1149 3750 1162 3785 :
1198 3734 1252 3786 1"
1273 3734 1412 3801 quod
1435 3748 1462 3784 a
1489 3732 1646 3786 codd.

89 3807 242 3856 Lorb.
275 3814 334 3857 et
353 3804 511 3857 Colb.
548 3806 717 3866 absit;
747 3803 805 3857 2°
833 3803 972 3872 quod
995 3803 1158 3856 multa
1189 3804 1242 3854 in
1267 3817 1333 3856 eo
1359 3803 1656 3856 habeantur

91 3872 213 3926 Vita:
245 3877 305 3928 S.
336 3874 604 3939 Domnoli,
629 3874 696 3926 ab
717 3884 932 3927 auctore
955 3873 1101 3942 gravi
1124 3883 1176 3926 et
1203 3873 1389 3940 aequali
1418 3873 1652 3936 scriptae,

89 3944 309 3998 omnino
331 3946 620 3998 cootraria.
639 3944 834 4000 Verum
857 3943 996 4011 quod
1025 3951 1184 4009 caput
1205 3943 1344 3996 istud
1376 3943 1427 3994 in
1454 3943 1658 4011 aliquot

87 4016 300 4082 scriptis
330 4015 686 4082 desideretur,
717 4029 824 4068 non
855 4015 993 4068 imus
1023 4013 1261 4077 inlicias;
1304 4014 1396 4066 sed
1442 4029 1561 4067 cum
1602 4013 1654 4066 in

86 4081 220 4148 aliis,
253 4094 314 4137 et
343 4081 559 4153 quidem
592 4089 818 4139 vetustis
842 4097 899 4138 et
928 4084 1143 4151 Optimae
1177 4094 1318 4137 nota:
1343 4084 1527 4147 codd.,
1552 4084 1658 4153 sci-

88 4154 204 4206 licet
245 4152 510 4210 Beccensi
535 4194 550 4215 ,
579 4155 784 4216 Casin.,
831 4165 960 4218 ete.,
1005 4154 1284 4216 habeatur,
1324 4155 1560 4223 nihilque
1603 4152 1656 4206 in

86 4238 143 4293 eo
158 4234 421 4278 occurrat
441 4224 580 4292 quod
604 4241 632 4277 a
649 4224 888 4293 Gregorii
911 4224 1066 4291 genio
1083 4234 1170 4275 aut
1190 4226 1330 4293 stylo
1351 4225 1655 4290 abhorreat,

85 4292 254 4359 ipsum
288 4293 557 4362 Gregorio
600 4292 893 4363 abjndicari
926 4310 1028 4348 non
1061 4292 1254 4347 debere
1287 4295 1356 4347 oh
1402 4295 1536 4350 hanc
1575 4311 1660 4348 ra-

85 4366 281 4434 tionem
314 4365 714 4419 contendimus.
743 4365 894 4430 Quod
928 4379 1056 4418 vero
1085 4365 1149 4418 ad
1184 4363 1316 4418 Vita:
1337 4365 1394 4420 S.
1417 4366 1659 4422 Domnoli

82 4435 407 4501 scriptorem
436 4437 645 4501 attinet,
674 4438 883 4490 animus
912 4451 1014 4489 non
1040 4446 1122 4489 est
1143 4434 1230 4488 hic
1253 4441 1319 4489 de
1341 4438 1458 4501 ejus
1479 4447 1661 4490 aucto-

83 4503 236 4576 ritate
283 4502 632 4576 disceptare,
683 4521 749 4560 an
807 4514 950 4559 tanta
997 4507 1206 4559 censeri
1259 4507 1486 4567 debeat.
1541 4523 1661 4576 qua:

80 4573 330 4643 Gregorii
362 4584 594 4639 textum,
625 4577 796 4643 qualis
826 4590 966 4630 nunc
993 4583 1196 4638 exstat,
1229 4578 1395 4641 possit
1425 4573 1654 4632 elevare.

82 4639 129 4694 ιιι
161 4639 337 4697 unum
364 4645 615 4710 dicimus,
643 4639 850 4700 diversa
881 4649 947 4698 ab
975 4645 1055 4698 his
1078 4639 1385 4698 auctoribus
1409 4645 1476 4700 de
1502 4648 1654 4701 Dom-

81 4713 200 4784 nulo
231 4717 512 4784 enarrari,
538 4719 631 4768 sed
666 4732 768 4770 non
799 4715 1090 4770 contraria.
1127 4717 1190 4768 Et
1210 4715 1421 4784 quidem
1453 4732 1570 4782 quze
1590 4721 1659 4772 de

80 4779 348 4836 Dontnolo
386 4783 500 4851 jam
531 4788 817 4852 episcopo,
859 4793 952 4838 aut
988 4788 1055 4838 de
1099 4779 1434 4854 ejus—morte
1471 4779 1661 4842 narrat

80 4864 262 4919 myster
294 4854 622 4919 Gregnrius,
655 4872 683 4909 a
718 4872 847 4909 vero
891 4872 993 4907 non
1031 4856 1353 4916 abhorrent,
1397 4873 1493 4910 nec
1536 4867 1660 4911 sunt

65 4918 208 4996 'Yita:
233 4925 450 4996 auctori
481 4918 748 4990 uppOSita,
779 4937 834 4978 ιιι
864 4926 975 4990 ipse
995 4926 1236 4979 Gointins
1260 4923 1472 4980 fatetur.
1497 4928 1656 4996 Equi-

80 4990 208 5065 ὅραι
231 4994 382 5046 duos
419 4996 760 5048 solummodo
787 5012 945 5060 supra
974 4996 1154 5063 viginti
1184 5011 1354 5049 annos
1385 4990 1654 5065 episcopa-

80 5071 154 5114 tus
188 5063 466 5134 υίιωιιοιυ
499 5065 679 5117 tribuit
709 5066 1025 5134 Gregorius,
1059 5067 1197 5133 quod
1226 5067 1414 5120 Cointii
1453 5063 1658 5122 calculo

77 5145 173 5183 non
197 5133 470 5202 quadrat;
503 5145 555 5186 at
586 5137 635 5186 id
669 5135 796 5187 Vitae
822 5133 1049 5198 auctori,
1080 5135 1221 5202 quod
1249 5152 1414 5190 unum
1441 5139 1651 5202 inquiri-

77 5215 217 5263 mus,
253 5219 370 5255 non
400 5205 731 5269 adversatur,
763 5205 852 5272 qui
901 5220 997 5257 nec
1042 5215 1251 5272 tempus
1302 5208 1446 5259 inita:
1485 5211 1655 5273 sedis,

77 5285 164 5343 nec
217 5275 478 5326 Domnoli
526 5275 702 5326 obitus
744 5290 939 5327 annum
981 5275 1298 5343 designavit.
1332 5276 1446 5329 Non
1497 5279 1656 5334 ctiam

75 5342 422 5414 relragantrtr
446 5355 620 5396 vetera
656 5346 1043 5408 instrumenta;
1078 5342 1238 5398 imtno
1264 5347 1657 5414 Papebrochius

73 5411 156 5470 qui
183 5415 251 5464 aal
281 5414 436 5465 diem
481 5414 546 5465 16
576 5414 694 5467 Maii
726 5415 1050 5468 Bollandiani
1087 5411 1535 5469 eamdem—Vitam
1569 5435 1655 5470 re-

73 5476 184 5541 fert,
211 5493 268 5535 et
291 5483 620 5552 Gregorium
653 5485 1025 5550 interpolatum
1060 5485 1222 5538 fuisse
1265 5488 1561 5553 suspicatur
1589 5490 1657 5544 ob

73 5563 192 5603 mss.
221 5554 402 5606 codd.
429 5559 676 5606 Attamen
703 5555 1013 5607 Domnoluin
1041 5568 1159 5620 post
1181 5556 1436 5610 Ziannos
1452 5558 1658 5618 cpisco-

71 5628 217 5680 patus
269 5637 653 5676 successorem
702 5625 986 5690 impetrare
1034 5626 1268 5692 potuisse
1319 5627 1544 5690 fatetur,
1592 5646 1656 5682 eo

73 5692 198 5752 quod
231 5694 395 5745 nulla
426 5693 630 5746 mentio
660 5693 903 5747 Domnoli
931 5694 1167 5762 episcopi
1197 5696 1656 5754 Ceuomannensis

77 5775 116 5804 In
141 5763 286 5815 actis
322 5763 561 5828 publicis
599 5776 842 5816 occurrat
873 5775 995 5817 ante
1026 5766 1316 5818 conrilinm
1344 5767 1542 5818 'l'uron.
1576 5785 1646 5832 it,

71 5843 196 5887 uno
230 5835 390 5900 5‘57,
423 5843 480 5890 ct
502 5845 704 5890 certum
736 5845 806 5890 sn
841 5834 1332 5891 Cenomannensem
1372 5841 1656 5894 ecclesiam

1752 3313 1931 3377 strare,
1947 3315 2297 3380 nobiscumque
2314 3330 2515 3366 manere
2531 3329 2592 3366 ea:
2613 3313 2708 3364 Dei
2723 3315 3034 3380 providentia
3039 3318 3069 3384 j
3075 3332 3220 3368 assus
3234 3330 3327 3372 εει.

1753 3387 1888 3439 Ειιιη
1921 3387 2094 3450 itaque
2125 3393 2242 3454 post
2271 3385 2460 3436 multas
2491 3385 2972 3454 peregrinationes,
3014 3396 3062 3438 et
3107 3386 3325 3454 quidem

1747 3456 1855 3524 jam
1885 3453 2190 3521 episcopum
2221 3463 2612 3517 consecratum,
2638 3453 3016 3508 Ccnomannos
3043 3453 3328 3510 advenisse

1753 3535 1955 3588 narrat,
1973 3525 2256 3592 statimque
2273 3540 2302 3576 a
2320 3525 2464 3577 clero
2482 3535 2535 3578 et
2549 3526 2744 3590 populo
2767 3527 2992 3578 electum
3018 3526 3198 3579 fuisse.
3222 3526 3327 3579 Sed

1755 3596 1885 3648 nihil
1931 3609 2147 3661 prorsus
2185 3595 2348 3648 habet
2395 3596 2461 3647 de
2503 3595 2862 3647 anterioribns
2906 3596 3243 3664 gestis,qna:
3264 3611 3330 3652 ex

1757 3664 1996 3733 Gregorii
2044 3674 2213 3733 textu__
2238 3674 2482 3727 repetere
2523 3665 2651 3716 nihil
2698 3675 2862 3718 vetat.
2896 3664 3066 3719 Immo
3094 3669 3328 3720 maxima

1756 3731 1893 3787 inter
1913 3743 2154 3787 sanctum
2175 3731 2496 3787 Germanum
2511 3734 2886 3797 Parisiensem,
2906 3743 2961 3788 et
2977 3738 3149 3804 ipsum
3176 3736 3342 3790 Dom-

1755 3805 1936 3857 nolnm
1971 3804 2337 3865 familiaritas,
2371 3819 2490 3870 qua:
2512 3818 2744 3872 semper,
2777 3805 2894 3872 ipso
2917 3808 3082 3859 etiam
3114 3818 3336 3860 auctore

1756 3875 1893 3928 Vita:
1939 3883 2257 3945 attestante,
2289 3874 2474 3940 viguit,
2505 3874 2766 3943 Gregorio
2817 3887 3000 3931 nostro
3045 3877 3186 3930 favet
3212 3920 3224 3943 ,
3250 3879 3336 3945 qui

1759 3943 2074 4003 Domnolum
2103 3943 2157 3995 in
2186 3945 2297 4009 ipsa
2325 3945 2612 3998 Parisieusi
2641 3946 2859 3998 civitate
2883 3949 3130 3999 abbatem
3169 3943 3336 4002 fuisse

1757 4015 1993 4082 scripsit,
2016 4029 2081 4066 eo
2102 4027 2231 4067 sane
2250 4024 2490 4081 tempore
2506 4031 2610 4077 quo
2634 4017 2824 4069 beatus
2839 4015 3138 4070 Germanus
3161 4017 3334 4070 eidem

1760 4085 1878 4138 urbi
1905 4085 2190 4152 episc0pus
2220 4094 2463 4149 prmerat.
2495 4085 2616 4137 llaec
2641 4086 2794 4150 paulo
2816 4085 2983 4138 iusius
3012 4087 3330 4140 necessitate

1758 4163 1983 4223 cogente
2025 4164 2369 4223 tractavimus
2406 4154 2472 4204 ad
2501 4154 2882 4206 vindicandum
2915 4152 3156 4220 Gregorii
3210 4165 3330 4209 tex-

1762 4221 1968 4277 tnm.—-
1997 4223 2054 4278 S.
2072 4221 2367 4276 Domnolus
2378 4223 2590 4276 celebre
2613 4223 2998 4277 monasterium
3013 4224 3063 4276 in
3081 4224 3338 4277 suburbio

1758 4292 2178 4349 Cenomanoeosi
2209 4292 2512 4344 condiditin
2543 4295 2801 4346 honorem
2827 4294 2886 4349 S.
2923 4293 3208 4356 Vincentii,
3243 4295 3334 4349 ubi

1760 4365 2000 4432 sepultus
2025 4372 2124 4417 est.
2155 4362 2306 4428 Quod
2339 4364 2659 4417 etiamnunc
2684 4375 2990 4431 perseverat
3013 4364 3114 4418 sub
3135 4365 3337 4418 Ordine

1761 4435 1928 4492 sancti
1962 4434 2233 4504 Benedicti
2261 4445 2313 4486 et
2343 4435 2511 4504 (long.
2541 4435 2599 4504 S.
2629 4434 2814 4504 Mauri,
2834 4434 3052 4504 abbatis
3079 4437 3340 4504 regularis

1763 4504 2042 4571 privilegio
2068 4503 2325 4572 gaudens.
2351 4502 2558 4571 Corpus
2578 4503 2634 4557 S.
2661 4503 2920 4560 antistitis
2959 4520 2989 4558 e
3018 4502 3164 4558 terra
3191 4508 3336 4560 leva-

1767 4583 1878 4627 tum
1907 4573 2006 4627 fuit
2033 4588 2173 4627 anno
2204 4573 2363 4634 ltili,
2397 4577 2464 4626 ab
2488 4573 2802 4627 Hildeberto
2827 4576 2995 4637 episc.
3022 4576 3327 4630 Cenoman-

1689 4619 1736 4676 Ι)
1763 4645 1936 4709 nensi,
1971 4655 2234 4707 praisente
2270 4619 2503 4697 Fuicone
2535 4642 2747 4712 juniore
2789 4619 3194 4699 An'decavorum
3247 4662 3340 4701 co-

1765 4716 1924 4777 mite,
1973 4723 2028 4765 ut
2059 4730 2120 4766 ex
2168 4718 2352 4766 charta
2383 4715 2620 4780 ejusdem
2674 4717 2984 4768 monasterii
3033 4716 3337 4772 didicimus.

1763 4783 1934 4838 llodie
1963 4794 2205 4836 servatur
2239 4785 2290 4834 in
2325 4783 2478 4836 theca
2502 4792 2752 4850 argentea
2777 4801 2906 4837 auro
2942 4786 3089 4836 linita
3110 4826 3123 4846 ,
3157 4787 3337 4853 operis

1762 4854 2191 4920 exquisitissimi,
2229 4868 2386 4920 quam
2427 4853 2712 4906 cardinalis
2747 4853 3167 4922 Luxemburgius
3221 4856 3337 4910 iieri

1761 4925 1982 4975 Curavit.
2607 4932 2620 4954 ⁵

1835 4992 1859 5030 δ
1895 4991 2130 5046 Claudus
2180 4991 2546 5058 appellabatur
2595 4994 2892 5059 Rainarius,
2944 5003 2998 5050 et
3043 4995 3130 5050 hic
3166 5010 3338 5050 caseus

1764 5063 2023 5131 Siagrius,
2051 5077 2116 5114 ex
2150 5059 2280 5131 Vitae
2309 5074 2546 5117 auctore.

1837 5130 2099 5200 οΒρεμι,
2145 5130 2520 5184 Baldechiium.
2561 5133 2606 5185 ls
2643 5144 2724 5187 est
2771 5134 3127 5202 Badi-gisilus,
3164 5145 3221 5189 ut
3250 5138 3338 5189 lia-

1763 5203 1854 5258 hct
1881 5205 2100 5264 Chesn.,
2138 5204 2336 5274 dequo
2367 5217 2470 5254 non
2497 5207 2660 5258 semel
2687 5206 2821 5274 intra
2853 5205 3161 5274 Gregorius.
3192 5210 3332 5261 Sub-

1763 5275 1975 5341 scripsit
2017 5286 2171 5325 conc.
2207 5272 2412 5325 Matisc.
2445 5288 2511 5337 II,
2545 5289 2633 5328 an.
2668 5273 2790 5328 585.
2825 5272 3014 5329 Mirum
3046 5290 3130 5332 est
3157 5289 3337 5332 autem

1762 5345 1830 5396 de
1856 5360 1918 5395 eo
1945 5343 2071 5395 nihil
2105 5358 2322 5410 prorsus
2354 5343 2532 5396 haberi
2569 5347 2617 5397 in
2661 5346 2796 5399 actis
2825 5349 3198 5414 episcoporum
3231 5349 3338 5402 Ce-

1763 5429 2042 5473 notnann.,
2095 5429 2213 5477 qnte
2268 5424 2410 5465 tonio
2470 5415 2533 5467 ιιι
2576 5416 2817 5469 Analect.
2868 5417 3138 5472 Mabillon.
3197 5417 3339 5472 edita

1766 5494 1908 5556 sunt.
1953 5481 2081 5535 Vide
2103 5483 2194 5556 litt.
2224 5498 2289 5556 _nt
2319 5485 2501 5536 Mirac.
2543 5485 2599 5541 S.
2644 5485 2890 5552 Martini,
2923 5503 3042 5556 cap.
3095 5487 3182 5540 35.
3219 5487 3340 5542 llaec

1769 5553 1936 5619 prima
1962 5559 2064 5617 est,
2089 5556 2138 5605 ni
2167 5553 2341 5619 fallor,
2365 5557 2568 5610 mentio
2590 5557 2808 5623 majoris
2829 5553 3015 5612 domus
3042 5558 3178 5626 apud
3206 5559 3338 5608 Gre-

1781 5638 1988 5676 ιυτειιιιι.

1764 5641 1859 5728 bu:
2034 5707 2152 5759 cap.
2185 5694 2332 5747 deest
2358 5695 2408 5748 in
2439 5696 2602 5752 σπι».
2636 5706 2687 5752 et
2717 5696 2868 5752 Colb.
2896 5713 2910 5762 ;
2959 5705 3130 5751 exstat
3159 5704 3339 5749 tuuen

1764 5764 1900 5833 apud
1933 5763 2182 5833 Frcdeg.,
2213 5779 2330 5833 cap.
2365 5766 2452 5821 87.
