4016 6338
132 349 238 411 ιδῦ

1066 341 1377 398 HISTORIA
1422 343 1863 398 FliANCORUM.
1907 343 2108 397 LlBER
2147 341 2432 398 SEXTUS.

3287 350 3389 410 386

132 466 216 512 set
239 455 314 511 ab
342 455 477 509 urbe
505 453 640 510 erui.
679 452 891 508 advenit
923 453 1184 507 festivitas
1211 455 1562 510 dedicationis
1592 473 1711 509 ora—
1741 469 1788 522 Α
1820 455 2168 510 lsiodorensis
2205 455 2218 491 ί
2252 472 2315 509 ac
2359 457 2696 512 Berravcnsis
2742 461 2886 515 urbis
2916 462 3194 518 'l‘uronicze
3232 465 3392 522 deva-

135 545 257 599 torii
291 546 434 598 ruris
461 544 773 597 suburbani.
799 545 1037 609 Cumque
1067 548 1130 595 al
1160 547 1273 598 h:cc
1308 548 1436 599 festa
1458 561 1712 614 egressus

132 636 406 689 civitatem
450 642 783 701 properaret,
812 633 989 685 Subito
1019 635 1206 687 armati
1241 648 1360 688 cum
1393 649 1586 700 magno
1612 634 1714 686 fre.

135 727 266 777 mitu
295 725 363 777 ab
390 723 617 778 OCClIlllS
659 722 868 776 insidiis
899 733 1186 786 scatentes,
1233 737 1475 776 sanctum
1519 725 1714 778 va‘lant

133 813 457 877 antistitem,
503 813 876 878 dejrctumtpae
920 812 986 863 ab
1016 825 1155 880 equo
1201 811 1383 880 fugant
1411 828 1598 866 omnes
1624 827 1716 866 co-

136 906 295 958 mites
320 903 459 973 ejus,
492 903 789 956 servientes
815 904 1070 972 alligant,
1118 903 1346 958 clericos
1375 905 1604 968 cwdunt,
1638 905 1708 972 ip-

135 1009 361 1064 sumque
414 1009 574 1059 super
624 993 977 1046 miserabilem
1034 993 1374 1062 irnponeutes
1425 993 1712 1058 caballum,

139 1088 344 1140 nullum
374 1085 443 1140 de
475 1088 586 1139 suis
624 1090 774 1153 Sr‘qui
824 1088 1210 1152 permittentes,
1257 1087 1323 1138 ad
1369 1087 1511 1155 regis
1547 1086 1715 1138 dedu-

137 1191 267 1234 cunt
317 1179 681 1248 prasentiam.
713 1176 950 1246 Cumque
996 1193 1090 1245 per
1131 1179 1432 1246 Aquensem
1473 1179 1716 1246 punieri-

141 1283 262 1326 reut
307 1272 532 1336 urbem,
578 1270 817 1324 Pientius
846 1279 869 1306 α
902 1271 1184 1338 episcopus
1234 1271 1374 1331 loci.
1421 1271 1719 1325 coutlolens

145 1362 312 1424 fratri,
337 1363 479 1415 datis
506 1362 720 1416 clericis
748 1360 813 1414 ad
842 1361 1112 1425 solatium,
1146 1361 1512 1427 impositisqne
1532 1375 1718 1414 neces-

141 1453 319 1516 sariis,
353 1453 503 1506 abire
553 1451 812 1519 permisit.
857 1451 989 1504 Dum
1037 1451 1151 1504 hcce
1193 1463 1500 1517 agerentur,
1530 1451 1716 1504 clerici

143 1543 330 1596 iterum
357 1540 716 1608 Massilienses
741 1541 928 1594 domos
957 1542 1197 1594 ecclesiae
1222 1553 1484 1605 reseratu,
1514 1555 1708 1593 arcana

147 1637 428 1697 rimantur,
456 1643 513 1688 et
539 1635 639 1686 alia
669 1633 1001 1695 describunt,
1027 1633 1129 1686 alia
1161 1632 1270 1686 suis
1301 1632 1551 1687 domibus
1583 1632 1716 1686 infe-

143 1735 286 1780 runt.
313 1726 608 1794 Episcopus
631 1740 759 1779 vero
787 1723 854 1778 ad
887 1740 1064 1792 regem
1095 1725 1374 1789 deductus,
1411 1742 1504 1780 nec
1535 1727 1716 1794 culpa-

1815 546 1937 618 stati
1964 557 2106 599 sunt.
2161 545 2268 600 Sed
2299 556 2350 598 et
2388 561 2566 612 p05tea
2601 548 2892 605 crudeliter
2919 555 3006 620 qui
3040 541 3098 607 in.
3125 557 3223 609 liae
3247 558 3392 612 obsi-

1816 634 1974 688 dione
2001 634 2188 688 adesse
2216 652 2318 689 non
2349 647 2610 706 poterant,
2643 652 2764 693 sunt
2787 641 3042 698 damnati.
3066 646 3334 702 Bladastes
3359 659 3386 696 ε

1818 737 1942 776 vero
1967 725 2076 774 dux
2123 725 2175 775 in
2230 725 2537 778 \‘asconiam
2566 727 2725 794 abiit,
2757 731 3152 801 maximamque
3183 747 3387 803 partem

1815 826 2082 866 CXCI‘CIIUS
2113 830 2196 867 Slll
2219 828 2416 868 annsrt.

1887 901 2020 955 XIII.
2057 903 2234 970 Lupus
2282 901 2310 940 ιι
2355 922 2482 958 vero
2527 908 2672 961 urbis
2713 909 2992 966 Turonica‘.
3037 913 3197 980 civis,
3248 931 3392 982 cum,

1825 1006 1992 1046 uxore
2037 995 2240 1060 perdita
2284 1008 2346 1046 ac
2399 994 2619 1060 liberis,
2672 998 2978 1056 clericatum
3027 1013 3328 1072 expeteret,
3362 1021 3393 1061 a

1818 1080 1980 1134 fratre
2007 1081 2293 1136 Ambrosio
2327 1083 2623 1150 prohibitus
2652 1095 2762 1151 est,
2794 1090 2988 1143 timens
3018 1108 3082 1146 ne
3127 1093 3391 1148 liam-dem

1819 1168 2122 1222 institueret
2150 1169 2244 1223 Dei
2277 1172 2592 1239 ecclesiam,
2644 1175 2688 1228 si
2734 1179 2780 1230 ei
2805 1179 3248 1249 conjungeretur;
3278 1201 3394 1238 rur-

1816 1273 2038 1325 sumque
2068 1258 2141 1311 illi
2172 1275 2389 1312 uxorem
2415 1264 2664 1329 providit,
2686 1278 2734 1318 et
2759 1267 2899 1320 diem
2933 1269 2984 1321 in
3012 1287 3115 1338 quo
3141 1272 3204 1324 ad
3237 1288 3394 1340 Spon-

1815 1347 1943 1398 salia
1967 1347 2209 1400 donanda
2238 1351 2708 1418 coniungerentur,
2735 1355 2873 1407 male
2901 1371 3090 1410 suasus
3109 1361 3272 1430 290
3293 1365 3396 1414 Ira-

1819 1445 1896 1488 ter
1951 1437 2157 1491 indicit.
2227 1439 2428 1495 Dehinc
2477 1442 2542 1496 ad
2594 1443 2929 1501 Cainonense
2979 1459 3247 1514 castrum,
3307 1455 3394 1508 ubi

1819 1526 2103 1595 lioSptium
2151 1528 2419 1583 habebant
2443 1573 2458 1595 ,
2495 1533 2692 1600 pariter
2717 1535 3062 1593 advenerunt.
3129 1541 3234 1595 Sed
3265 1558 3398 1598 uxor

1782 1607 1796 1619 ’
1820 1614 2086 1671 Ambrosii
2120 1634 2238 1670 cum
2267 1630 2408 1674 esset
2438 1623 2679 1676 adultera
2703 1665 2718 1688 ,
2761 1635 2814 1678 et
2841 1628 3002 1680 alium
3037 1645 3218 1684 amore
3247 1632 3399 1699 lupa-

1821 1725 1992 1772 narto,
2027 1725 2189 1762 exoso
2217 1712 2428 1778 marito,
2460 1714 2724 1782 diligeret,
2752 1717 2970 1772 insidias
3003 1722 3116 1774 viro
3147 1725 3392 1778 tetendtt.

145 1817 267 1870 bilis
312 1817 584 1881 inventus,
615 1815 682 1869 ad
725 1815 989 1869 civitatem
1021 1831 1170 1868 suam
1201 1817 1373 1871 redire
1405 1819 1715 1884 permissus,
1749 1827 1793 1886 Β
1822 1800 2059 1870 cumque
2106 1804 2156 1854 ¹³ί
2203 1807 2441 1872 ειτιιιειηί
2494 1809 2691 1874 Parim"
2738 1811 3096 1878 CPU'aFCmu".
3144 1803 3207 1868 ει·⁴
3242 1828 3396 1871 nocte

144 1921 262 1962 cum
302 1905 491 1974 grandi
531 1915 610 1961 est
655 1919 686 1959 a
720 1905 924 1958 civibus
960 1905 1116 1960 laude
1155 1921 1457 1973 susceptus.
1494 1909 1570 1961 Ex
1618 1907 1718 1962 hoc

143 2007 317 2050 autem
347 1999 512 2068 289
551 1999 726 2064 gravis
770 1997 1044 2052 inimicitia
1092 2000 1226 2053 inter
1257 2000 1718 2054 Guntchramnum

147 2104 322 2158 regem
353 2103 406 2143 et
433 2089 834 2146 Childebertum
864 2101 1115 2158 nepotem
1144 2106 1295 2144 suum
1319 2093 1577 2156 exoritur,
1609 2092 1720 2146 dis-

150 2194 412 2249 ruptoque
438 2181 642 2236 findere
664 2181 765 2236 sibi
792 2181 1022 2236 invicem
1055 2181 1462 2238 insidiabantur.

218 2270 330 2325 XII.
369 2272 530 2340 Igitur
572 2271 908 2343 Chilpericus
961 2288 1052 2328 rex
1109 2287 1338 2328 cernens
1385 2275 1478 2327 bas
1517 2275 1722 2330 discor-

150 2360 267 2414 dias
314 2359 342 2399 ὶι
398 2363 533 2416 inter
562 2361 780 2418 fratrem
827 2377 889 2416 ac
936 2373 1182 2432 nepotem
1225 2380 1374 2417 suum
1424 2365 1716 2432 pullulare,

151 2453 479 2507 Desiderium
520 2455 709 2508 ducem
753 2465 978 2520 evocat,
1016 2455 1273 2524 jubetque
1320 2465 1376 2510 ut
1400 2456 1596 2526 aliquid
1628 2459 1749 2512 ηεξ-⁸

148 2545 328 2613 quitite
357 2545 554 2600 inferat
584 2545 753 2600 fratri.
784 2547 991 2610 Atille,
1022 2556 1290 2600 commoto
1318 2546 1586 2610 exercitu,
1621 2547 1722 2601 Ra-

149 2636 412 2706 guovaldo
461 2647 486 2675 ο
535 2638 669 2690 dure
729 2635 946 2704 fugato,
1009 2636 1403 2705 Petrogoricnm
1458 2638 1720 2705 pervadit,

149 2736 440 2796 exactoqne
460 2737 795 2784 sacramento
818 2728 1081 2795 Aginuum
1109 2729 1297 2795 pergit.
1355 2727 1480 2781 llaec
1500 2729 1723 2782 audiens

152 2830 283 2869 uxor
305 2816 660 2886 Ragn0valdi,
690 2819 831 2886 quod
863 2819 1082 2884 scilicet,
1111 2817 1288 2886 fugato
1306 2816 1431 2872 viro
1458 2833 1575 2882 suo,
1609 2818 1724 2873 hac

153 2917 206 2964 et
226 2906 414 2963 civitas
435 2908 492 2962 in
520 2921 832 2978 potestatem
851 2912 991 2980 regis
1019 2910 1301 2980 Cbilperici
1329 2910 1657 2980 redigeretur
1671 2907 1719 2978 ιι,

155 2997 425 3054 basilicam
463 3001 634 3053 saneti
672 3000 917 3070 martyris
955 2999 1190 3068 Caprasii
1222 3003 1456 3069 expetiit.
1492 3001 1597 3056 Sed
1625 3017 1722 3055 ex-

155 3098 317 3145 tracta
341 3091 538 3144 exinde
564 3130 580 3153 ,
626 3101 680 3146 et
721 3092 944 3160 spoliata
975 3092 1222 3148 facultate
1245 3107 1307 3145 ac
1335 3093 1524 3146 solatio
1553 3092 1722 3145 famu-

153 3180 510 3246 lt'rum,datis
532 3183 928 3247 tidejussoribus
954 3183 1199 3236 Tolosam
1231 3183 1510 3250 dirigitur:
1545 3184 1718 3248 ibique
1750 3197 1793 3260 ρ

154 3272 344 3326 iterum
375 3274 427 3325 in
477 3273 690 3325 basilica
735 3273 902 3326 sancti
938 3274 1202 3327 Saturnini
1250 3275 1279 3327 11
1303 3287 1484 3341 gressa
1522 3278 1724 3327 reside-

157 3364 242 3415 bat
294 3363 605 3418 Desiderius
630 3379 757 3418 vero
791 3373 1009 3418 cunctas
1038 3365 1311 3429 civitates,
1345 3379 1464 3432 quae
1493 3365 1546 3418 in
1579 3376 1726 3433 parte

153 3455 237 3509 illa
265 3445 330 3508 ad
361 3471 541 3524 regem
589 3457 1046 3511 Guntchramnum
1085 3457 1445 3525 aspiciebaut,
1477 3459 1720 3528 abstulit,

154 3559 203 3603 et
228 3548 522 3607 ditionibus
569 3551 710 3618 regis
735 3548 1017 3616 Chilperici
1048 3549 1275 3618 subegit.
1324 3548 1565 3602 Bernlfus
1595 3564 1725 3604 vero

154 3638 252 3692 dux
275 3677 293 3702 ,
340 3653 464 3692 cum
516 3639 772 3706 Bituriges
806 3647 828 3675 θ
861 3641 1140 3693 mussitare
1165 3681 1181 3704 ,
1225 3641 1365 3705 quod
1401 3619 1722 3693 'l‘nronicuin

158 3730 450 3782 terminum
485 3720 908 3796 ingrederentur,
940 3731 1134 3782 audisst
1156 3737 1175 3780 t
1199 3767 1215 3793 ,
1263 3732 1554 3785 exercitum
1579 3743 1725 3782 corn-

159 3827 362 3886 tnovet,
383 3829 435 3871 et
464 3833 525 3873 se
553 3819 604 3872 in
630 3820 772 3887 ipsos
795 3819 925 3872 fines
951 3821 1155 3874 statuit.
1186 3821 1429 3876 Graviter
1459 3830 1582 3878 tunc.
1607 3818 1725 3889 pagi

225 4002 247 4028 '
278 3993 368 4048 Sic
392 3992 514 4048 ftec.
544 4005 596 4048 et
619 3994 804 4064 Regm.
829 4010 946 4048 cum
983 3994 1109 4048 Bad.
1141 3993 1264 4058 Alii,
1301 3992 1542 4046 Piencur.
1571 3993 1726 4046 Pien-

162 4065 213 4114 tii
245 4063 414 4131 episc.
449 4066 729 4132 Aquensis,
763 4066 810 4118 id
841 4075 922 4116 est
954 4068 1220 4132 Aquarum
1261 4066 1589 4126 Sextiarmn,
1631 4065 1728 4115 Aia‘.

161 4148 215 4185 ert
241 4133 523 4199 Proeence,
550 4150 743 4188 rmssus
769 4135 1078 4203 subscripsit
1107 4134 1334 4188 concilio
1367 4133 1641 4187 Matiscon.
1667 4143 1724 4198 tt,

161 4217 298 4256 anno
333 4203 460 4258 585.

225 4272 253 4312 δ
291 4278 420 4340 Qua:
450 4274 656 4328 scilicet
692 4275 864 4343 capite
904 4275 1218 4338 prazcedenti
1266 4281 1644 4335 memorantur,
1675 4283 1730 4326 ut

165 4339 353 4398 fatetur
399 4344 659 4397 Cointins.
715 4339 776 4396 l'li
821 4355 993 4396 tamen
1027 4357 1182 4410 caput
1224 4347 1359 4398 istud
1402 4343 1467 4396 12
1509 4347 1728 4409 rejicere

165 4427 260 4465 ιιοιι
294 4423 488 4478 potest,
520 4414 656 4482 quod
686 4414 736 4465 in
764 4415 1005 4466 omnibus
1037 4416 1192 4468 codd.
1227 4416 1506 4474 habeatur;
1535 4414 1728 4465 admit-

166 4491 238 4538 tat
263 4483 441 4550 itaque
462 4495 514 4536 et
543 4485 842 4550 prmcedens
875 4499 1092 4536 necesse
1135 4495 1250 4547 est,
1295 4483 1415 4536 licet
1446 4484 1496 4535 in
1521 4483 1726 4536 duobus

1824 1905 1991 1958 usque
2023 1890 2086 1943 ad
2120 1892 2434 1946 ebrietatem
2467 1895 2588 1946 vino
2618 1898 2976 1960 madnissmt,
3009 1900 3059 1951 in
3096 1918 3198 1954 uno
3227 1916 3397 1958 strato

1825 1982 2022 2049 pariter
2052 1986 2387 2050 quieverunt.
2442 1985 2589 2039 Tunc
2621 1988 2859 2042 manlius
2894 1991 3074 2044 uxoris
3104 1994 3397 2060 Ambrosii,

1825 2081 1979 2124 nocte
2009 2073 2225 2125 veniens
2245 2113 2260 2135 ,
2287 2075 2680 2141 ιμιὶυερθιιιιιιυδ
2711 2080 2913 2132 cunctis
2943 2091 2996 2134 et
3029 2083 3149 2134 vino
3175 2085 3394 2152 deprcs-

1822 2175 1896 2212 SIS
1923 2199 1939 2225 ,
1996 2163 2234 2214 accensis
2264 2164 2382 2230 igne
2415 2165 2616 2230 paleis,
2669 2177 2723 2219 nt
2772 2173 2971 2223 videret
3019 2172 3144 2239 quid
3181 2190 3397 2244 agerent

1825 2250 1930 2323 [ΑΙ.
1961 2252 2163 2323 ageret]
2190 2295 2204 2319 ,
2237 2268 2482 2308 extracto
2509 2259 2685 2326 gladio
2708 2299 2724 2324 ,
2767 2262 3102 2316 Ambrosium
3147 2267 3196 2318 in
3227 2269 3398 2333 Capite

1825 2343 2012 2407 librat,
2048 2346 2114 2398 ila
2151 2355 2207 2397 ut
2227 2347 2559 2401 descendens
2591 2365 2682 2417 per
2713 2351 2897 2405 oculos
2926 2355 3134 2421 gladius
3161 2361 3395 2413 ci-rvical

1824 2439 2013 2506 capitis
2044 2449 2375 2507 amputaret;
2409 2445 2458 2496 in
2488 2459 2591 2511 quo
2617 2447 2722 2497 ictu
2754 2448 3157 2516 expergefactus
3190 2437 3392 2520 Lupus,

1825 2540 1878 2582 et
1924 2544 1982 2583 se
2029 2531 2077 2582 in
2125 2533 2434 2601 Sanguinem
2477 2536 2702 2588 volutari
2747 2536 3042 2592 decernens
3071 2581 3084 2602 ,
3135 2545 3398 2599 exclamat

1825 2631 1954 2672 voce
2007 2634 2190 2687 magna
2219 2660 2232 2684 ,
2282 2622 2465 2676 dicens
2492 2641 2504 2676 :
2534 2624 2668 2692 llcu,
2698 2625 2827 2679 heu!
2873 2629 3166 2685 succurrite
3188 2672 3204 2698 ,
3240 2633 3400 2688 frater

1825 2723 1975 2762 meus
2004 2709 2314 2764 interiectus
2353 2725 2453 2766 est.
2508 2712 2742 2768 Moechus
2786 2730 2930 2779 vero,
2959 2718 3045 2786 qui
3072 2718 3180 2787 jam
3217 2736 3400 2790 perie-

1828 2808 1964 2852 trato
1989 2801 2192 2854 seelere
2237 2802 2539 2857 dist-edebat
2560 2845 2576 2867 ,
2611 2806 2723 2859 haec
2755 2807 2996 2876 audiens,
3032 2825 3303 2879 regressus
3334 2815 3400 2869 ad

1829 2889 2045 2952 lcetum,
2080 2890 2280 2957 Lupum
2305 2893 2432 2947 adit.
2487 2895 2601 2960 Quo
2629 2907 2983 2967 repugnante,
3019 2901 3196 2954 multis
3227 2905 3396 2973 plagis

1827 2979 2117 3033 laceratum
2151 2986 2439 3048 oppressit,
2488 2994 2543 3038 et
2579 2989 2784 3040 mortali
2829 2989 2934 3042 ictu
2971 2993 3286 3059 sauciatam,
3316 3011 3400 3050 se-

1827 3069 2078 3121 mivivum
2108 3073 2350 3138 reliquit;
2384 3076 2475 3125 sed
2507 3075 2681 3127 nullus
2707 3076 2772 3129 de
2803 3077 2996 3130 familia
3023 3082 3207 3134 sensit.
3249 3083 3400 3138 Mane

1827 3167 2001 3210 autem
2031 3156 2188 3223 facto,
2216 3159 2500 3227 stupebant
2530 3178 2715 3216 omnes
2743 3164 2807 3216 de
2845 3173 2989 3219 tanto
3019 3170 3246 3222 scelere.
3296 3172 3399 3225 Lu-

1827 3263 1922 3317 pus
1949 3259 2123 3303 tamen
2157 3250 2328 3303 adhuc
2359 3251 2539 3304 vivens
2574 3255 2839 3318 iuventus,
2863 3256 2996 3309 sicut
3026 3270 3198 3311 actum
3229 3259 3399 3316 fuerat

1824 3339 2091 3405 referens,
2128 3344 2368 3408 spiritum
2398 3341 2684 3396 exhalavit.
2721 3346 2821 3398 Sed
2857 3361 2955 3400 nec
2983 3340 3194 3418 longum
3225 3366 3398 3405 mere-

1825 3431 1924 3485 trix
1958 3433 2168 3497 Iugo-ndi
2202 3435 2428 3508 sumpsit
2473 3436 2734 3502 spatium:
2769 3437 2862 3489 Sed
2911 3441 3090 3506 paucis
3119 3441 3305 3494 diebus
3331 3445 3399 3497 in-

1825 3525 2095 3593 terpositis
2123 3526 2404 3593 conjuncta
2438 3532 2647 3581 ttimclto
2676 3529 2920 3583 discessit
2952 3527 2992 3585 ί.

1896 3635 2035 3690 XIV.
2076 3638 2230 3689 Anno
2260 3636 2274 3686 i
2316 3637 2474 3705 igitur
2502 3641 2730 3708 septimo
2756 3640 3078 3695 Childebcrti
3113 3643 3278 3711 regis,
3310 3647 3400 3713 qtti

1825 3737 1945 3780 erat
1973 3725 2264 3793 Chilperici
2297 3739 2348 3781 et
2381 3730 2763 3784 Guntcbramni
2797 3731 3082 3787 vicesimus
3104 3744 3156 3788 et
3180 3751 3400 3803 prunus,

1826 3833 2011 3875 mense
2049 3819 2302 3874 Januario
2327 3860 2340 3884 ,
2375 3821 2562 3888 pluvia:
2585 3860 2602 3888 ,
2649 3825 3044 3879 coruscationes
3075 3834 3232 3894 atque
3265 3831 3402 3882 toni-

1827 3996 2130 4050 celcbratur
2182 3996 2269 4050 die
2315 3997 2383 4049 20
2441 3997 2701 4050 Octobris.
2760 3997 2981 4050 Basilica
3030 3997 3086 4052 S.
3132 3999 3403 4059 Saturnini

1829 4067 1966 4132 apud
2020 4066 2304 4127 Tolosam,
2361 4083 2464 4134 quo
2517 4082 2695 4131 poStea
2742 4068 2978 4136 confugit
3025 4071 3137 4136 hare
3187 4075 3400 4136 mulier,

1830 4136 2036 4202 insigne
2087 4143 2170 4188 est
2213 4136 2367 4189 hodie
2416 4139 2787 4188 canonicorum
2852 4134 3186 4190 saicularium
3236 4134 3401 4193 colle?

1865 4222 1991 4258 lu").

1828 4221 2127 4327 g'usl‘iiolb.
2162 4284 2214 4326 et
2256 4273 2468 4345 Regni”
2501 4272 2787 4345 Bituricae;
2832 4273 2983 4338 Batl.,
3014 4275 3301 4345 Bituriges;
3349 4288 3403 4332 et

1831 4345 2043 4412 quidem
2103 4345 2188 4396 hic
2237 4343 2577 4410 designantur
2628 4343 2869 4396 homines
2928 4343 3404 4413 regionis‘ltituris

1831 4428 2026 4468 CCIISIS.

1908 4482 1926 4519 ί
1971 4483 2153 4548 L'orb.,
2192 4499 2351 4551 pagus
2382 4474 2730 4534 δὶοίίιιιιειιιςὶε.
2765 4481 2953 4550 Regm.
2990 4486 3272 4548 mendose,
3301 4487 3405 4537 Au-

165 4552 370 4619 scriptis
401 4555 759 4630 desideretur;
787 4570 882 4606 nec
920 4554 1107 4630 inferat
1146 4570 1212 4607 en
1235 4555 1355 4630 ipso
1393 4553 1608 4630 aliquod
1632 4569 1718 4630 ca-
1757 4572 1812 4630 ι)
1837 4553 2182 4630 tiaiodorensia
2203 4561 2330 4630 attt._
2367 4552 2477 4630 Sed
2513 4553 3023 4630 retinendavulgata
3059 4555 3251 4630 lectio;
3283 4572 3402 4630 nam

168 4633 253 4687 put
281 4638 402 4676 esse
432 4625 802 4689 interpolatum
825 4664 839 4685 ,
867 4625 1004 4693 quod
1037 4625 1085 4676 ιιι
1115 4625 1267 4676 eodd.
1301 4624 1458 4678 Corb.
1493 4634 1545 4676 et
1571 4623 1727 4676 Colb.

169 4694 351 4762 desint.
391 4693 453 4746 Et
500 4695 707 4760 quidem
761 4695 1030 4762 utriusque
1076 4693 1259 4761 capitis
1301 4693 1569 4760 epitonen
1611 4693 1730 4744 fecit

171 4759 527 4829 Fredegarins
540 4777 654 4830 cap.
686 4763 774 4815 87.

239 4842 277 4903 ᾖ
302 4833 389 4884 Sic
431 4832 624 4903 Corh.._
663 4832 787 4886 Bec.
839 4841 888 4886 et
937 4834 1122 4903 l‘iegm.
1151 4848 1268 4885 cum
1304 4832 1512 4903 aliquot
1555 4831 1730 4883 editis.

170 4899 320 4973 Colb.
344 4917 469 4954 vero
491 4913 542 4973 et
574 4901 791 4962 Chesn.,
831 4899 1181 4973 flegnovhldo,
1208 4912 1261 4956 et
1294 4902 1656 4973 lieginovoldo.

233 4968 264 5007 ⁴
303 4972 390 5028 Sic
418 4972 612 5032 Corb.;
643 4973 727 5023 alii
761 4968 993 5032 veroftaaz
1021 4974 1241 5025 civitates
1269 4968 1412 5024 in..‘..
1444 4971 1733 5038 redigeren-

173 5042 458 5095 Νικασὼ,
513 5041 792 5096 lectionem
846 5043 1197 5110 praetulimus.
1257 5041 1387 5092 Nam
1423 5051 1545 5092 tunc
1581 5053 1734 5108 capto

173 5112 400 5177 Agit-no,
431 5127 565 5180 uxpr
598 5113 918 5178 Hagnoraldi
945 5154 959 5175 ,
1001 5128 1118 5180 qua:
1154 5112 1219 5163 ad
1253 5111 1520 5163 basilicam
1545 5110 1599 5161 S.
1632 5115 1734 5164 La-

175 5182 329 5244 prasii
357 5222 374 5249 ,g
405 5183 453 5234 in
497 5180 594 5234 hac
623 5185 753 5235 urbe
796 5182 948 5235 sitam
977 5222 991 5244 ,
1037 5182 1382 5244 confugerat,
1420 5180 1471 5232 in
1503 5180 1732 5232 hostium

175 5266 357 5305 manus
387 5251 616 5306 devenit.
669 5254 723 5302 ὃ.
766 5251 1048 5319 Caprasius
1086 5251 1278 5318 Aginni
1307 5251 1585 5318 cpiscopus
1615 5265 1732 5319 cum

177 5320 302 5372 Fide
328 5323 530 5390 virgine
560 5317 868 5391 martyrium
902 5321 1111 5390 pertulit
1140 5317 1608 5391 subrblaxintiatio.
1636 5317 1736 5391 Ca-

175 5387 661 5455 prasittmlliximus
699 5387 1006 5458 episcopum
1054 5406 1115 5443 ex
1163 5390 1415 5442 hodierna
1445 5398 1495 5440 et
1523 5387 1734 5458 quidem

175 5460 451 5514 recentiori
502 5457 882 5528 Aginnensinm
925 5460 1244 5518 traditione,
1279 5458 1360 5511 cui
1411 5472 1582 5524 neque
1606 5457 1738 5512 Acta

177 5544 341 5595 neque
381 5531 482 5582 alia
527 5543 865 5582 monumenta
895 5535 1108 5597 antiqua
1141 5531 1334 5582 favent.
1359 5528 1612 5594 Superest
1643 5530 1737 5580 Ito-

176 5599 358 5666 dieque
394 5599 609 5653 basilica
652 5601 748 5655 sub
773 5601 1007 5666 ejusdem
1041 5603 1205 5650 sancti
1233 5614 1476 5660 nomine,
1509 5611 1626 5664 quae
1653 5613 1739 5651 ca-

178 5673 481 5725 nonicornm
516 5670 737 5736 collegio
765 5672 1093 5727 nobilitatur,
1129 5668 1304 5731 ibique
1335 5681 1542 5718 sacrum
1575 5668 1737 5732 Ipsius

179 5748 332 5807 caput
357 5735 688 5794 asservatur.
719 5738 844 5804 Ejus
868 5756 992 5793 vero
1023 5740 1279 5791 festivitas
1309 5739 1359 5788 in
1387 5746 1494 5788 tota
1521 5735 1737 5791 ditcccsi

1837 4623 2130 4676 lciodorum
2174 4638 2265 4673 seu
2316 4622 2589 4673 lsidiorum
2631 4635 2712 4674 est
2761 4624 2906 4674 vicus
2955 4623 3018 4675 ad
3061 4623 3280 4677 Crosam
3310 4625 3406 4678 flu-

1839 4694 2002 4758 vium,
2043 4694 2198 4761 vulgo
2232 4690 2396 4744 lserre
2432 4703 2520 4744 aut
2547 4689 2693 4742 [sure
2717 4692 2886 4745 dictus
2908 4731 2921 4753 ,
2955 4695 3040 4760 qui
3069 4696 3295 4746 eonliuis
3326 4705 3409 4748 est

1841 4760 2160 4830 Biturigibus
2188 4762 2369 4815 (lubis.
2403 4760 2744 4814 Berravensis
2775 4777 2901 4815 vero
2933 4766 3080 4815 vicus
3121 4775 3200 4815 est
3235 4763 3406 4817 Rarou

1841 4845 2002 4897 prope
2038 4833 2281 4884 eumdem
2330 4831 2582 4890 lluvitttn,
2632 4831 2766 4882 haud
2818 4835 2995 4895 procul
3043 4833 3110 4883 ab
3145 4833 3405 4899 lciodoro,

1836 4911 1893 4950 ut
1917 4902 2168 4954 observat
2198 4901 2432 4953 Valesius
2464 4901 2513 4952 in
2543 4901 2736 4970 Notitia
2760 4900 3068 4970 Galliasum.
3100 4901 3155 4954 In
3183 4915 3408 4970 utroque

1838 4971 1956 5022 loco
1979 4971 2258 5024 ecclesiam
2293 4972 2453 5023 fuisse
2476 4969 2786 5022 aedificatam
2819 4976 2964 5021 notat
2995 4969 3282 5040 Gregorius
3311 4972 3410 5026 lib.

1839 5056 1892 5102 x,
1921 5056 2036 5106 Cap.
2069 5044 2270 5092 ultimo.

1910 5118 1934 5155 ε
1977 5111 2096 5167 Alii,
2123 5109 2444 5170 lilundasles,
2469 5119 2558 5162 aut
2583 5107 2867 5166 Bladastis.
2897 5107 3081 5174 Corb.,
3113 5108 3409 5170 Bandustt's.

1843 5179 2152 5230 Vasconiam
2189 5181 2268 5230 hic
2291 5178 2521 5246 intellige
2549 5190 2785 5232 veterum
2813 5177 3110 5232 Vascwtnm
3139 5182 3318 5234 sedem
3356 5183 3408 5234 in

1843 5250 2109 5321 Pyrenaeis
2136 5250 2274 5315 jugts
2299 5287 2314 5308 ,
2363 5263 2461 5310 qua
2501 5250 2714 5302 dimissa
2750 5257 2930 5318 postea
2970 5248 3407 5321 Novempopula-

1844 5319 1984 5386 niam
2011 5326 2424 5383 occupaverunt.
2837 5382 2843 5386 _

1916 5385 1946 5455 1?
1991 5389 2147 5440 Deest
2176 5392 2273 5440 hoc
2295 5397 2455 5455 Caput
2483 5387 2533 5440 in
2570 5387 2726 5444 (lor-b.
2761 5397 2812 5442 et
2835 5385 2983 5444 Coll).

1924 5453 1940 5494 ἱ
1988 5458 2100 5524 Ipse
2131 5453 2400 5522 rnaseltus,
2437 5463 2649 5512 nomine
2693 5458 2946 5513 Vcdastes
2991 5462 3122 5524 Avo,
3155 5458 3292 5512 male
3321 5470 3409 5524 pe-

1847 5529 1932 5582 riit
1964 5545 2022 5579 ex
2061 5529 2195 5582 libro
2223 5544 2315 5590 vn,
2346 5545 2462 5594 cap.
2489 5528 2539 5582 5.

1920 5596 1933 5646 i
1987 5597 2095 5651 Iloc
2129 5613 2281 5666 caput
2311 5593 2572 5664 integrum
2604 5599 2766 5652 refert
2795 5597 3074 5650 Fulbertus
3111 5596 3164 5649 in
3192 5593 3418 5666 epistola

1846 5667 1932 5727 97,
1969 5684 2087 5733 qttm
2129 5664 2206 5723 est
2227 5670 2290 5721 ad
2327 5671 2612 5723 Ilobertttm
2653 5683 2829 5738 regem
2853 5711 2868 5736 ,
2903 5668 2988 5721 ubi
3034 5667 3226 5730 habet,
3272 5664 3422 5716 Anno

1846 5750 2005 5802 sexto,
2036 5750 2120 5791 etc
