4016 6338
622 369 724 421 3.37

1618 354 1678 410 S.
1723 349 2046 408 GREGOilI‘l
2089 347 2394 404 EPISCOPI
2437 343 2889 406 'I'URONElN'SlS~

3777 359 3890 417 588

618 492 740 534 nua
769 477 954 547 gravia
990 473 1229 536 fuerunt,
1249 468 1410 524 flores
1435 468 1486 520 in
1509 466 1787 520 arboribus
1815 465 2016 519 ostensi
2039 472 2192 527 sunt;
2227 469 2275 526 Α
2305 474 2388 515 tur
2413 460 2462 516 ἀ.
2492 464 2571 517 'l‘u
2601 479 2750 533 ergo,
2782 467 3151 537 dilectissime,
3176 479 3449 525 revertere
3477 470 3619 537 illuc,
3649 480 3708 527 et
3736 485 3890 542 pete,

615 571 800 636 stella,
831 580 989 635 quam
1019 573 1284 618 cometem
1315 561 1558 628 superius
1589 557 1857 611 nominavi
1883 599 1897 620 ,
1925 556 2191 624 apparuit,

615 660 688 717 ita
718 670 776 714 ut
821 659 873 712 in
910 658 1134 711 circuitu
1171 655 1287 723 ejus
1329 667 1518 719 magna
1551 650 1772 720 nigredo
1797 658 1960 704 esset.
2008 648 2076 702 Et
2106 649 2192 703 illa

616 764 864 819 tanquam
916 751 967 802 in
1001 748 1261 801 foramine
1308 746 1486 813 aliquo
1533 743 1737 810 posita.
1774 743 1845 795 ita
1884 743 2021 797 inter
2043 752 2193 808 tene-

616 845 740 899 bras
771 845 927 914 291
975 840 1274 902 relucebat,
1323 837 1656 898 scintillans,
1697 850 2059 904 spargensque
2096 849 2189 888 co-

616 951 748 989 mas.
783 933 1025 986 l’rodibat
1050 938 1224 984 atttem
1249 944 1312 981 ex
1336 943 1397 981 ea
1412 929 1591 980 radius
1616 927 1762 979 mira:
1790 926 2186 994 magnitudinis,

616 1029 700 1096 qui
729 1036 976 1094 tanquam
997 1024 1168 1076 fumus
1193 1035 1415 1088 magnus
1437 1019 1664 1073 incendii
1697 1019 1978 1087 apparebat
2009 1034 2036 1071 a
2076 1019 2189 1072 lon-

615 1131 697 1184 ge.
753 1117 874 1170 Visa
923 1127 1002 1169 est
1045 1123 1221 1167 autem
1265 1111 1331 1165 ad
1381 1122 1581 1179 partem
1643 1111 1931 1164 occidentis
1978 1111 2027 1163 in
2058 1111 2188 1164 hora
2231 1172 2250 1184 ἢ

614 1209 784 1262 noctis
814 1209 1002 1275 prima.
1042 1206 1096 1256 In
1118 1205 1205 1257 die
1227 1211 1401 1255 autem
1424 1213 1606 1256 sancto
1629 1202 1845 1255 Pascltte
1867 1202 2003 1269 apud
2031 1203 2191 1256 Sues—

613 1298 791 1351 sionas
813 1297 1076 1350 civitatem
1109 1295 1302 1348 coelum
1328 1294 1516 1348 ardere
1544 1295 1715 1348 visum
1746 1302 1861 1358 est,
1896 1294 1964 1346 ita
1998 1302 2053 1346 ιιι
2081 1295 2187 1378 duo

616 1395 934 1455 apparerent
957 1385 1200 1440 int-endia
1227 1404 1239 1438 :
1274 1393 1327 1438 et
1354 1399 1517 1436 unum
1549 1394 1662 1436 erat
1688 1385 1876 1450 majus,
1897 1383 2036 1436 aliud
2063 1399 2189 1437 vero

615 1477 809 1530 tnimts.
855 1476 976 1528 Post
1007 1477 1227 1528 duarum
1269 1488 1396 1527 vero
1428 1474 1677 1526 horarum
1706 1473 1932 1537 spatium
1965 1473 2189 1541 conjun-

614 1578 696 1622 cta
748 1576 874 1620 sunt
918 1567 1114 1628 simul;
1166 1564 1408 1632 factaque
1450 1564 1617 1632 pbaro
1659 1562 1763 1634 [AL
1793 1563 1921 1635 igni]
1973 1579 2185 1634 magna,

613 1666 959 1712 evanuerunt.
995 1657 1046 1709 In
1081 1654 1348 1708 Parisiaco
1377 1667 1506 1708 vero
1529 1655 1756 1707 termino
1786 1667 1943 1707 verus
1971 1654 2188 1723 sanguis

611 1764 676 1803 ex
709 1749 843 1802 nube
867 1746 1119 1811 deﬂuxit,
1157 1757 1212 1801 et
1239 1759 1398 1811 super
1421 1745 1739 1800 vestimenta
1771 1744 2059 1798 multorum
2092 1744 2186 1798 lto-

2305 564 2362 603 ut
2393 553 2504 619 ipse
2527 562 2580 607 te
2601 555 2690 622 qui
2719 556 2883 625 elegit
2911 557 3100 612 debeat
3131 567 3428 614 tonsorare.
3461 561 3702 631 Cumque
3735 580 3892 632 pres-

2296 644 2488 716 byterii
2533 647 2788 702 honorem
2834 651 3144 718 acceperis,
3193 654 3258 705 ad
3298 654 3581 708 ecclesiam
3628 657 3890 712 assiduus

2295 749 2445 802 esto;
2475 748 2527 792 et
2561 755 2680 792 cum
2713 756 2832 794 eum
2864 742 3003 795 Deus
3034 745 3262 812 migrare
3295 746 3542 812 voluerit,
3573 755 3699 802 tunc
3723 751 3890 805 facile

2293 829 2655 896 episcopalem
2704 835 2925 898 gradum
2971 835 3249 890 ascendes.
3329 838 3398 889 At
3442 837 3530 890 ille
3575 853 3886 907 regressus,

2294 919 2575 972 consilium
2607 931 2880 989 acceptmn
2909 923 3200 991 adimplere
3226 924 3601 988 dissimulavit,
3634 943 3698 980 eo
3729 929 3884 994 quod

2293 1007 2440 1063 Felix
2466 1013 2746 1080 episcopus
2795 1014 2860 1064 ab
2908 1015 3242 1067 incommodo
3281 1016 3445 1070 levius
3470 1032 3628 1086 agere
3661 1018 3888 1072 videre-

2295 1109 2402 1152 tur.
2458 1101 2562 1156 Sed
2611 1110 2887 1170 postquam
2933 1103 3095 1158 febris
3147 1106 3433 1172 αἰερεεεὶι,
3479 1108 3620 1162 tibia:
3662 1108 3788 1178 ejus
3813 1110 3888 1162 ab

2294 1196 2518 1247 humore
2569 1198 2786 1261 pusulas
2841 1197 3154 1252 emiserunt.
3222 1199 3371 1254 Tunc
3413 1203 3881 1255 cantharedarmu

2289 1283 2668 1348 cataplasmam
2705 1292 2728 1320 θ
2753 1284 2970 1339 nimium
3015 1287 3237 1340 validam
3271 1303 3472 1356 ponens
3499 1331 3514 1354 ,
3559 1301 3878 1360 computreo

2297 1373 2568 1426 scentibus
2601 1374 2771 1438 tibiis,
2806 1391 2946 1429 anno
2975 1377 3308 1446 episc0patu<
3338 1381 3418 1433 sui
3459 1383 3727 1435 tricesimo
3761 1393 3875 1435 ter-

2290 1462 2384 1529 tio,
2417 1471 2574 1517 aetate
2603 1466 3030 1532 septuagenaria,
3064 1469 3228 1520 vitam
3263 1467 3436 1521 finivit
3461 1468 3502 1522 ί.
3534 1471 3628 1524 Cui
3666 1473 3873 1527 Nonni-

2287 1552 2445 1606 cltius
2473 1553 2828 1609 consobrinus
2857 1557 2992 1624 ejus,
3023 1572 3145 1626 rege
3169 1559 3448 1613 ordinante
3467 1600 3480 1622 ,
3513 1565 3792 1617 successit.

2358 1642 2500 1696 XVI.
2541 1644 2781 1700 Audiens
2827 1655 2853 1692 ε
2902 1657 3078 1702 autem
3115 1650 3447 1718 Pappolenus
3482 1651 3600 1720 ejus
3634 1654 3866 1720 obitum,

2288 1745 2502 1805 neptem
2527 1736 2670 1792 illius
2695 1737 2766 1792 de
2796 1755 2896 1808 qtta
2927 1750 3206 1810 separatus
3231 1743 3421 1809 fuerat,
3456 1748 3672 1814 recepit.
3728 1751 3868 1801 Ante

553 1895 556 1898 .
610 1842 810 1896 minum
841 1838 1059 1900 cecidit,
1088 1847 1143 1891 et
1169 1840 1237 1890 ita
1271 1836 1390 1890 tabe
1413 1835 1726 1899 maculavit,
1761 1843 1821 1888 ut
1849 1835 1945 1903 ipsi
1975 1837 2185 1904 propria
2215 1830 2262 1891 Β
2291 1824 2390 1876 1100
2419 1834 2597 1879 amem
2647 1834 2857 1896 ίθιηρυε
2896 1828 3274 1899 desponsam“
3300 1841 3416 1885 €31“
3448 1833 3735 1898 Ιηώιιθηιις
3765 1835 3864 1889 Sed

611 1933 917 1987 indumenta
968 1929 1244 1982 horrentes
1276 1927 1592 1980 abnuerent.
1655 1922 1848 1978 Tribus
1876 1924 2015 1977 enim
2056 1923 2184 1978 locis

609 2026 660 2080 in
694 2023 922 2079 termino
970 2020 1197 2075 civitatis
1239 2018 1382 2071 illius
1430 2017 1532 2071 hoc
1572 2015 1870 2085 prodigium
1915 2016 2181 2083 apparuit.

610 2118 668 2172 ιιι
715 2112 1094 2171 Silvanectensi
1143 2124 1271 2164 vero
1322 2104 1866 2190 territorio‘ltominis
1906 2106 2180 2172 cujusdam

611 2209 835 2267 domus,
886 2219 1002 2257 cum
1035 2201 1125 2255 ille
1156 2213 1309 2252 mane
1338 2203 1617 2266 surgeret,
1650 2195 1908 2264 sanguine
1938 2209 2178 2264 respersa

610 2296 678 2350 ab
708 2296 850 2348 intus
882 2292 1143 2361 apparuit.
1197 2289 1384 2357 Magna
1417 2287 1577 2355 igitur
1605 2300 1669 2340 eo
1693 2301 1833 2340 anno
1860 2287 1973 2340 lues
2005 2287 2055 2339 in
2088 2301 2182 2352 po-

613 2386 857 2456 pulofuit
885 2401 898 2435 :
926 2381 1253 2435 valetudines
1278 2378 1460 2441 variae,
1484 2376 1728 2446 maligna:
1755 2385 1804 2439 λ,
1825 2391 1945 2429 cum
1979 2376 2179 2444 pusulis

610 2488 662 2533 et
686 2475 877 2530 vesicis
902 2517 917 2541 ,
966 2486 1083 2540 quae
1115 2469 1333 2522 multtnn
1367 2466 1618 2534 pupulum
1657 2465 1951 2519 affecerunt
1986 2479 2174 2519 morte.

608 2570 754 2623 Multi
785 2578 959 2619 tamen
989 2561 1299 2614 adhibentes
1328 2559 1580 2620 studium,
1626 2567 1927 2611 evaserunt.
1959 2557 2176 2610 Audivi-

609 2676 726 2712 tuus
756 2656 893 2710 enim
927 2667 991 2705 eo
1021 2666 1162 2704 anno
1190 2653 1238 2702 in
1281 2648 1679 2702 Narbonensem
1711 2647 1894 2699 urbem
1931 2647 2175 2716 inguina-

609 2753 746 2807 rium
773 2748 1012 2800 morbum
1051 2745 1280 2812 graviter
1305 2742 1583 2805 deszevire,
1615 2743 1682 2792 ita
1715 2751 1771 2792 nt
1802 2740 2001 2793 nullum
2032 2749 2174 2793 esset

605 2842 856 2908 Spatium,
885 2851 1004 2890 cum
1038 2835 1194 2888 botno
1216 2843 1489 2898 correptus
1514 2831 1697 2884 fuisset
1723 2829 1788 2883 ab
1815 2848 1898 2884 eo.

676 2927 792 2982 XV.
828 2925 974 2980 Felix
1002 2923 1026 2961 δ
1056 2938 1181 2976 vero
1228 2923 1508 2989 episc0pus
1553 2919 1872 2973 Namnetica:
1919 2919 2170 2982 civitatis,

605 3020 657 3074 in
709 3019 843 3071 banc
889 3014 1240 3070 valetudinem
1284 3024 1580 3074 corruens,
1630 3011 1862 3078 graviter
1914 3019 2173 3078 aegrotare

605 3109 787 3176 coepit.
836 3107 982 3160 Tune
1009 3103 1211 3158 vocatis
1241 3104 1305 3155 ad
1350 3116 1409 3155 se
1442 3100 1731 3169 episcopis,
1767 3099 1857 3168 qui
1892 3100 2170 3168 propinqui

2292 1913 2662 1968 dissimulante
2710 1915 2778 1970 de
2826 1919 3022 1986 nuptiis
3067 1919 3243 1974 Felice
3287 1922 3558 1991 episcOpo,
3609 1923 3696 1976 hic
3736 1938 3862 1978 cum

2287 2021 2471 2070 magna
2515 2007 2736 2061 cohorte
2763 2011 3006 2075 veniens,
3039 2011 3362 2068 ab'oratorio
3395 2016 3624 2084 puellam
3645 2017 3859 2071 abstra-

2282 2097 2378 2157 xit,
2411 2105 2464 2150 et
2493 2096 2543 2149 in
2576 2098 2844 2152 basilicam
2875 2100 3014 2155 beati
3046 2103 3220 2157 Albini
3249 2107 3505 2175 confugit.
3527 2107 3680 2162 Tunc
3710 2107 3858 2164 Felix

2281 2189 2564 2260 episcopus
2589 2193 2664 2242 ira
2687 2203 2984 2247 commotus
3003 2231 3019 2259 ,
3047 2194 3464 2250 circumventam
3495 2197 3723 2267 puellam
3751 2198 3856 2252 do-

2278 2278 2342 2332 lis
2368 2293 2398 2331 a
2429 2281 2622 2334 marito
2653 2285 2938 2350 separavit.
2984 2285 3288 2356 Mutataque
3331 2297 3484 2343 veste
3517 2291 3656 2358 apud
3688 2289 3856 2345 Vasa-

2281 2376 2486 2424 tensem
2518 2370 2706 2426 urbem
2750 2369 2779 2410 h
2825 2374 2875 2428 in
2908 2378 3233 2431 monasterio
3273 2381 3447 2447 posuit
3474 2397 3487 2432 :
3519 2382 3611 2435 sed
3642 2382 3733 2435 illa
3761 2397 3858 2436 oc-

2278 2465 2452 2519 cultos
2505 2479 2695 2532 pueros
2747 2465 2760 2504 ε
2813 2469 3024 2524 nuntios
3080 2472 3298 2541 dirigit,
3362 2483 3421 2528 ut
3471 2475 3682 2530 scilicet
3730 2492 3854 2531 eam

2276 2562 2512 2621 ereptam
2555 2568 2584 2606 a
2638 2555 2754 2608 loco
2801 2557 2850 2608 in
2879 2572 2983 2625 quo
3011 2562 3176 2625 posita
3201 2569 3334 2626 erat,
3367 2564 3652 2630 acciperet.
3694 2565 3853 2628 Quod

2279 2641 2367 2696 ille
2391 2657 2495 2696 non
2524 2643 2782 2700 abnuens.
2816 2658 3143 2716 assumptam
3173 2649 3240 2703 de
3267 2652 3592 2706 monasterio
3623 2654 3853 2718 puellam

2275 2747 2374 2784 suo
2403 2735 2652 2802 conjugio
2681 2739 2945 2802 c0pulavit
2966 2775 2981 2802 ,
3033 2740 3406 2811 regalibusque
3451 2743 3684 2797 munitus
3718 2760 3857 2811 prze~

2274 2824 2627 2891 ceptionibus,
2659 2829 2846 2881 timere
2873 2839 3150 2895 parentum
3181 2832 3381 2887 distulit
3405 2835 3595 2888 minas.

2348 2922 2510 2977 XVII.
2543 2924 2650 2977 Rex
2683 2941 2810 2979 vero
2843 2927 3178 2995 Chilperieus
3216 2931 3410 2986 multos
3440 2933 3746 2988 Judaeorom
3779 2951 3850 2991 eo

2275 3025 2418 3065 anno
2449 3012 2700 3082 baptizari
2734 3018 3022 3085 praecepit,
3069 3035 3133 3074 ex
3179 3021 3366 3089 quibus
3409 3022 3587 3091 plures
3636 3028 3859 3094 excepit

2275 3117 2305 3155 e
2334 3112 2522 3157 sancto
2573 3107 2810 3160 lavacro.
2867 3107 3120 3162 Nonnulli
3173 3121 3345 3166 tamen
3393 3126 3576 3167 eorum
3624 3130 3853 3184 corpore

601 3211 792 3266 erant,
825 3199 1081 3269 supplicat
1129 3205 1185 3250 ut
1250 3209 1570 3250 consensum
1597 3235 1610 3257 ,
1663 3209 1818 3262 quem
1849 3193 1901 3246 itt
1935 3183 2244 3260 Burgun-c
2278 3203 2503 3258 tantum,
2560 3212 2664 3248 non
2706 3199 2868 3252 corde
2909 3201 3070 3253 abluti
3116 3200 3160 3262 t',
3206 3204 3364 3273 293
3404 3204 3468 3257 ad
3494 3207 3661 3273 ipsam
3687 3183 3850 3276 quam

601 3297 814 3350 itionem
848 3300 1092 3361 nepotem
1124 3304 1276 3345 suum
1309 3289 1525 3350 fecerat,
1557 3286 1668 3340 suis
1698 3285 2170 3353 subscriptionibus

601 3390 937 3441 roborarent.
973 3382 1125 3447 Quod
1171 3396 1289 3432 cum
1336 3378 1526 3432 factum
1576 3377 1793 3440 fuisset,
1839 3393 1958 3431 eum
1991 3377 2056 3430 ad
2086 3393 2170 3430 me

602 3477 856 3545 dirigunt.
909 3476 1034 3527 Erat
1078 3480 1204 3524 tune
1248 3470 1503 3536 temporis
1535 3469 1837 3537 Burgundio
1861 3507 1876 3532 ,
1907 3471 2053 3536 quasi
2085 3484 2170 3521 an-

603 3583 791 3620 norum
822 3561 1004 3631 viginti
1043 3564 1296 3628 quinque.
1337 3559 1436 3625 Qui
1485 3561 1736 3626 veniens,
1770 3567 1996 3626 rogatut
2021 3573 2170 3613 acce-

603 3657 737 3708 dens
787 3667 957 3720 ttsqoe
1005 3651 1324 3726 Namnctas,
1356 3649 1663 3715 episcopum
1719 3663 1839 3702 eum
1891 3647 1942 3700 in
1993 3650 2166 3703 locum

601 3743 871 3806 avunculi,
902 3743 988 3809 qui
1017 3741 1190 3794 adlmc
1217 3749 1485 3804 superstes
1514 3747 1648 3803 erat,
1682 3749 2010 3792 tonsoratutn
2042 3755 2168 3794 con-

602 3850 814 3889 secrare
839 3833 1113 3886 deberem.
1168 3831 1316 3895 Quod
1360 3844 1457 3897 ego
1504 3829 1696 3895 abnui,
1729 3832 1846 3898 quia
1873 3833 2166 3886 canonibus

600 3939 704 3976 non
750 3923 908 3993 292
954 3921 1238 3975 convenire
1284 3920 1504 3986 cegnovi
1546 3930 1593 3973 ο.
1647 3920 1938 3973 Consilium
1989 3931 2164 3978 tamen

599 4013 835 4079 praebui,
876 4013 1096 4066 dicens:
1133 4012 1396 4064 Habemus
1440 4016 1689 4078 scriptum
1741 4011 1792 4064 in
1850 4014 2160 4080 canonibus,

595 4103 690 4167 Illi,
727 4119 829 4156 non
861 4118 1013 4166 posse
1041 4115 1360 4170 quemquam
1405 4102 1470 4154 ad
1500 4103 1860 4169 episcopatum
1885 4104 2160 4171 accedere,

596 4197 698 4248 nisi
755 4195 900 4257 prius
944 4193 1335 4246 ecclesiasticos
1379 4193 1571 4260 gradus
1620 4193 1931 4262 regulariter
1966 4197 2161 4250 sortia-

667 4317 688 4342 ἰ
734 4307 882 4368 Bad.,
916 4305 1088 4367 varice,
1111 4304 1360 4367 morbive;
1390 4305 1476 4356 alii
1508 4304 1594 4357 ed.
1617 4319 1734 4357 cum
1765 4304 2034 4368 Fulbcrto,
2060 4307 2159 4358 mi-

593 4378 730 4430 lina'.

667 4445 691 4481 ιι
736 4445 846 4496 lloc
875 4451 1032 4509 caput
1057 4444 1207 4494 deest
1233 4442 1283 4494 in
1307 4441 1468 4493 Cori).
1501 4451 1552 4496 et
1584 4441 1738 4495 Colb.

668 4525 687 4549 τ
737 4515 847 4564 iloe
887 4520 1107 4563 vetttutu
1141 4526 1256 4562 can.
1287 4509 1319 4561 8
1351 4525 1502 4564 conc.
1531 4512 1727 4566 Μεκηί
1754 4553 1768 4578 ,
1806 4510 1946 4578 quod
1975 4522 2157 4580 postea

591 4582 713 4635 aliis
743 4580 1103 4646 compluribus
1132 4582 1499 4631 conlirtttatutn
1529 4581 1642 4633 fuit.

665 4649 689 4686 ιλ
731 4653 820 4703 Sic
845 4651 1026 4701 Statuit
1065 4649 1258 4700 conril.
1291 4646 1630 4713 Sardicense,
1658 4665 1773 4703 ean.
1812 4650 1892 4713 15,
1927 4651 1977 4704 in
2011 4649 2159 4706 Crte-

589 4735 655 4773 co
685 4721 771 4778 Ill.
803 4719 942 4786 quod
970 4716 1159 4771 summi
1195 4717 1469 4782 pontiﬁces
1498 4720 1749 4787 deinceps
1778 4731 1828 4774 et
1863 4721 1953 4774 alii
1984 4731 2159 4788 patres

593 4791 748 4841 variis
797 4792 846 4840 in
893 4790 1110 4857 synodis
1141 4789 1542 4842 coulirmaruut.
1608 4790 1734 4844 Vide
1760 4791 1998 4844 Gratian.
2031 4793 2155 4845 dist.

589 4861 657 4912 5‘2
679 4869 729 4912 et
761 4859 851 4912 59.

663 4939 685 4965 °
731 4931 781 4982 Id
813 4939 932 4990 est,
963 4944 1022 4981 ex
1069 4927 1376 4981 cantbaride
1415 4928 1630 4980 animali
1678 4944 1948 4985 venenoso
1979 4931 2158 4984 confe-

587 5009 729 5051 ctum
758 5041 772 5063 ,
805 4998 1248 5068 quemadmodum
1295 5012 1360 5050 ex
1398 4999 1596 5066 viperis
1636 4998 1857 5068 aliisque
1892 4999 2153 5054 similibus

591 5071 821 5120 remedia
851 5067 1083 5120 adhiberi
1109 5069 1282 5119 solent
1307 5067 1371 5120 ad
1401 5070 1708 5121 morborum
1737 5067 2089 5123 curationem.

668 5136 686 5172 τ
728 5139 870 5189 Obiit
906 5152 993 5189 vttt
1030 5137 1102 5189 id.
1133 5136 1396 5201 Januarii;
1433 5140 1624 5191 colitur
1668 5141 1738 5192 uti
1769 5151 1983 5194 sanctus
2013 5141 2149 5207 apud

589 5206 991 5276 Namnetenses.
1019 5208 1089 5259 De
1115 5221 1180 5258 eo
1201 5221 1357 5272 supra
1391 5209 1480 5260 lib.
1514 5223 1565 5270 v,
1597 5223 1716 5276 cap.
1747 5211 1799 5262 5.

660 5283 684 5319 ε
720 5273 828 5344 Iloc
858 5283 1033 5341 caput,
1054 5275 1191 5343 quod
1221 5289 1340 5328 cum
1369 5273 1685 5344 praecedenti
1708 5279 2006 5333 necessario
2025 5293 2150 5332 con-

580 5342 852 5411 jungitur,
909 5342 1081 5397 exstat
1130 5342 1581 5401 tetidem’verbis
1630 5365 1680 5400 tn
1711 5363 1837 5401 mss.
1891 5349 2046 5402 Corb.
2098 5357 2154 5400 et

584 5414 740 5466 Colb.
761 5429 776 5476 ;
800 5413 940 5465 unde
972 5413 1302 5486 inferendum
1336 5424 1612 5477 utrumque
1651 5433 1768 5470 esse
1810 5417 2046 5486 Gregorii
2078 5418 2153 5471 le-

586 5495 718 5537 tum.
768 5486 830 5535 Iit
880 5481 1640 5553 tameniCointiusutrumque
1671 5481 1941 5540 insititiutn
1975 5487 2148 5551 dixit;

583 5555 678 5605 sed
724 5568 842 5626 cum
883 5552 1002 5626 cod.
1049 5552 1388 5626 Corbeiensis
1420 5552 1576 5621 paulo
1609 5567 1726 5622 post
1752 5555 1988 5626 Gregorii
2019 5566 2152 5608 atta-

585 5631 688 5695 t_eut
730 5624 798 5695 sit
839 5622 1068 5690 scriptus
1093 5664 1108 5687 ,
1160 5621 1316 5695 fateri
1349 5625 1505 5695 igitur
1531 5627 1689 5679 debet
1718 5621 2148 5695 interpolatorem

586 5692 840 5759 Crt‘gtttit)
869 5695 978 5745 fere
1005 5692 1263 5759 aequalem
1295 5691 1474 5748 fuisse.

652 5758 680 5796 δ
720 5761 913 5815 Civitas
965 5758 1464 5830 Novcmpopulaniac
1502 5765 1612 5818 sive
1654 5765 1922 5820 hodierna:
1955 5764 2147 5820 Vasco-

2275 3287 2422 3355 prius
2451 3287 2723 3356 perfidiam
2746 3289 3050 3355 habuerant,
3089 3292 3194 3346 Deo
3222 3295 3425 3348 mentiti
3445 3298 3670 3365 regressi
3698 3311 3846 3364 Sunt,

2273 3379 2342 3430 ita
2385 3386 2438 3430 ιιι
2478 3387 2533 3431 et
2579 3378 2854 3433 sabbatum
2897 3380 3181 3436 observare
3205 3421 3219 3444 ,
3247 3394 3299 3438 et
3335 3385 3473 3438 diem
3519 3387 3846 3442 dominicum

2277 3473 2541 3525 honorare
2581 3471 2904 3526 viderentur.
2956 3474 3166 3529 Priscus
3205 3480 3346 3545 (sup.
3389 3495 3504 3546 cap.
3535 3479 3590 3548 5)
3621 3495 3747 3533 vero
3777 3481 3845 3534 ad

2270 3561 2694 3630 cognoscendam
2725 3562 3005 3616 veritatem
3039 3565 3180 3628 nulla
3208 3568 3413 3632 penitus
3440 3568 3605 3635 potttit
3636 3569 3849 3623 ratione

2269 3649 2497 3702 dellt-cti.
2531 3650 2678 3704 Tune
2706 3651 2870 3706 iratus
2903 3667 2993 3706 rex
3014 3693 3027 3714 ,
3066 3655 3224 3722 jussit
3253 3671 3372 3709 eum
3406 3657 3659 3711 custodia:
3687 3673 3848 3711 man-

2269 3741 2460 3808 cipari,
2491 3742 2694 3796 scilicet
2723 3753 2973 3812 ut-quem
3007 3745 3227 3800 credere
3257 3746 3556 3827 voluntarie
3595 3761 3700 3800 non
3749 3764 3845 3814 po-

2269 3838 2440 3896 terat,
2492 3833 2678 3884 saltem
2726 3835 2946 3887 credere
2993 3834 3188 3889 faceret
3217 3837 3298 3888 vel
3324 3837 3570 3890 invitum.
3612 3838 3719 3892 Sed
3749 3839 3844 3895 ille

2266 3922 2403 3974 datis
2433 3923 2746 3991 quibusdam
2778 3927 3105 3992 muneribus,
3133 3931 3358 3995 spatium
3391 3931 3642 3997 postulat,
3667 3931 3841 3986 donec

2266 4011 2403 4066 filius
2425 4014 2538 4080 ejus
2558 4012 2937 4068 Massiliensem
2968 4015 3242 4070 llebrzeam
3275 4020 3529 4088 accipiat;
3559 4021 3840 4088 pollicetur

2264 4102 2447 4156 dolose
2495 4119 2556 4157 se
2601 4104 2852 4173 deinceps
2897 4123 3013 4174 qua:
3059 4124 3148 4162 rex
3192 4109 3424 4177 jusserat
3472 4113 3836 4180 impleturum.

2265 4190 2470 4246 Interea
2501 4193 2672 4246 oritur
2705 4194 2927 4250 intentio
2958 4198 3093 4251 inter
3131 4199 3280 4253 illum
3319 4209 3373 4254 et
3409 4201 3672 4256 Pbatirem
3696 4201 3747 4268 ιι,
3769 4220 3837 4258 ex

2264 4307 2389 4384 nia},
2414 4305 2775 4384 vulgoBazas.
2813 4309 2982 4384 Patria
3015 4311 3111 4364 fuit
3150 4312 3368 4367 Ausonii
3408 4314 3601 4369 nobilis
3632 4325 3830 4384 poetzc,

2264 4377 2350 4442 qui
2378 4385 2495 4444 post
2515 4378 2733 4452 adeptas
2763 4381 3062 4452 complures
3086 4384 3290 4452 imperii
3317 4377 3830 4452 dignitatem-factus

2263 4455 2352 4522 est.
2373 4447 2612 4522 cpusuLa
2646 4447 2898 4522 _Gratian_o
2919 4450 3066 4522 imp.
3086 4447 3182 4504 suo
3213 4447 3686 4522 ipsius'discipulo.

2183 4545 2238 4605 Β
2340 4513 2355 4551 ί
2398 4515 2486 4569 Sic
2538 4514 2696 4570 Corb.
2746 4529 2798 4570 et
2836 4513 3173 4574 Colbediti
3221 4513 3339 4575 cum
3383 4513 3740 4593 Bec.,'puero.
3777 4526 3834 4581 In

2267 4585 2453 4637 Reum.
2488 4585 2601 4637 ltzec
2628 4601 2729 4637 vox
2773 4587 2943 4637 deest.
3008 4589 3243 4637 lltranne
3289 4593 3444 4637 lectio
3483 4594 3637 4637 bmm-
3693 4595 3834 4637 nam

2313 4599 2453 4653 egm.
2488 4585 2601 4638 bzec
2628 4601 2729 4639 vox
2773 4587 2943 4641 deest.
3008 4589 3243 4658 Utraque
3289 4593 3444 4646 lectio
3482 4585 3637 4647 bona.
3692 4595 3837 4649 Raro

2267 4665 2440 4708 tamen
2481 4670 2605 4724 puer
2647 4670 2742 4724 pro
2788 4658 2905 4732 viro
2945 4669 3248 4727 usurpatur,
3296 4665 3490 4732 saepius
3521 4681 3615 4730 pro
3645 4680 3831 4730 servo,

2263 4729 2420 4776 etiam
2451 4739 2713 4801 provect:e
2744 4730 2939 4801 anatis,
2975 4745 3072 4780 non
3103 4738 3333 4792 a-tatcm,
3365 4729 3420 4784 ut
3451 4733 3682 4801 loquitur
3711 4729 3836 4790 llic?

2263 4810 2536 4866 tonytnus,
2560 4797 2654 4866 sed
2687 4796 3025 4850 conditionem
3047 4801 3413 4866 exprimendo.

2335 4864 2348 4911 t’
2399 4864 2507 4914 Mos
2554 4863 2713 4916 fuisse
2747 4867 2954 4920 videtur
2983 4863 3184 4921 tunc-In
3215 4870 3401 4923 Gallits
3431 4871 3640 4926 Judzeos
3665 4874 3732 4926 ad
3764 4875 3830 4928 (i-

2260 4934 2379 5008 dem
2411 4934 2660 5008 cogendi,
2686 4940 2845 5008 quod
2865 4937 3126 5008 improbat
3190 4939 3412 5006 Gregor.
3447 4943 3617 5008 Magn.
3651 4943 3744 4997 lib.
3777 4959 3827 5008 ι,

2259 5005 2413 5069 epist.
2439 4999 2525 5069 45.
2555 5003 2650 5054 Adi
2676 4999 2951 5057 Cointiutu'
2967 5022 3026 5058 ea
3068 5007 3136 5058 de
3163 5023 3219 5061 re
3240 4999 3591 5066 disserente—tn
3635 5014 3698 5064 ad
3727 4999 3830 5066 an;

2259 5068 2381 5124 num
2412 5068 2535 5144 591,
2569 5086 2714 5144 num.
2752 5075 2812 5124 I2
2840 5086 2894 5127 et
2919 5089 3093 5144 seqq.,
3117 5087 3168 5130 et
3197 5077 3488 5134 Launoium
3520 5085 3571 5135 in
3601 5081 3694 5136 lib.
3729 5085 3829 5138 hac

2257 5145 2323 5195 de
2355 5155 2410 5193 re
2431 5142 2699 5199 singulari.

2332 5212 2353 5245 ’ί
2397 5211 2484 5263 Sic
2510 5210 2670 5283 Cori).
2705 5211 2936 5283 et_Colb.
2968 5228 3086 5266 cum
3118 5215 3338 5283 Cbesn.;
3368 5221 3490 5273 Bec.
3521 5235 3677 5281 vero.
3722 5219 3830 5274 Pa-

2259 5280 2678 5355 tltiren;_a|iquot
2713 5281 2824 5347 ed.,
2873 5283 3154 5355 lfathirem.
3187 5280 3394 5355 nam,
3425 5290 3577 5344 Colb.
3606 5280 3744 5345 alter
3773 5301 3830 5345 et

2262 5351 2415 5411 ltad.,
2463 5348 2702 5413 Patrem,
2743 5362 2797 5403 et
2827 5352 2958 5404 intra
2991 5351 3166 5407 Pater.
3203 5348 3526 5411 l’o'rro'alter
3549 5360 3673 5412 cod.
3705 5361 3828 5414 Col-

2257 5420 2523 5492 bertinus,
2567 5419 2658 5492 qui
2702 5431 2848 5474 caret
2901 5421 3078 5484 initio,
3135 5425 3315 5492 incipit
3356 5430 3423 5481 ab
3471 5428 3553 5481 his
3610 5430 3823 5492 vetbis.

2257 5487 2467 5561 frigus
2498 5490 2796 5561 prazcmctus
2827 5492 3025 5561 orario,
3053 5504 3183 5556 etc.,
3239 5487 3392 5561 quem
3430 5497 3670 5552 codicem
3725 5487 3826 5553 sub

2254 5559 2310 5611 S.
2346 5557 2609 5623 Michaelis
2655 5559 2867 5610 nomine
2897 5557 3072 5613 laudat
3123 5557 3359 5620 Cointius
3394 5561 3427 5618 z‘
3453 5581 3550 5620 nos
3595 5583 3723 5622 vero
3768 5576 3832 5624 ut

2254 5629 2386 5678 duos
2430 5630 2773 5701 hosce-codd.
2816 5629 3148 5701 (Jolbertinos
3175 5650 3203 5684 a
3233 5637 3607 5701 sesejnvicem
3641 5639 3830 5691 distiu-

2251 5709 2504 5773 guamus,
2531 5697 2872 5773 prioreut‘qui
2921 5698 3013 5750 fuit
3038 5702 3105 5773 S._
3124 5704 3330 5755 Arnulli
3356 5697 3650 5773 Mettettsis,
3671 5706 3827 5765 Colb.

2251 5782 2328 5831 a.,
2366 5767 2502 5816 hunc
2527 5779 2650 5819 vero
2671 5766 2821 5819 Coll).
2856 5784 2926 5820 ιιι.
2956 5771 3358 5838 appellabimus.
