4016 6338
217 299 328 354 ’589

1171 287 1490 343 HISTORIA
1533 273 1974 340 FRANCURUSI.
2019 282 2215 338 LIBER
2259 283 2550 339 SEXTUS.

3374 282 3479 338 5U!)

217 415 408 470 Juda‘O
435 422 756 464 convvrsum
784 448 799 474 ,
832 407 921 476 qui
951 407 1055 475 jam
1084 406 1225 476 regis
1265 405 1404 460 filius
1431 417 1544 459 erat
1573 420 1635 458 ex
1663 403 1800 455 lava-
1832 403 1880 460 Α
1906 410 2009 454 tum
2041 403 2178 469 (Art.
2225 421 2276 468 ν,
2300 406 2392 474 5)?
2428 405 2544 458 Non
2575 421 2623 456 cs
2653 403 2935 456 hominibus
2968 404 3225 463 mentitus,
3254 401 3340 454 sed
3377 402 3482 456 Deo

214 520 330 560 cro.
368 503 617 568 Cumque
646 501 733 553 die
762 498 973 551 sabbati
1007 496 1217 550 Priscus
1255 496 1574 564 prtecinctns
1604 493 1801 554 orario,

221 595 429 647 nullum
463 593 514 644 in
563 605 750 644 manus
789 589 963 644 ferens
994 589 1371 642 ferramentum
1395 627 1413 651 ,
1445 585 1705 639 Mosaicas
1731 585 1805 638 le-

221 701 316 755 ges
342 698 494 752 quasn
523 683 839 749 impleturus
865 719 880 742 ,
911 679 1196 732 secretiora
1238 684 1596 742 competeret.
1629 672 1805 726 subito

221 775 407 830 Phatir
427 771 719 824 adveniens
742 811 756 832 ,
792 771 963 836 ipsum
1012 765 1188 835 gladio
1217 780 1335 818 cum
1367 764 1528 817 sociis
1558 763 1644 830 qui
1679 762 1804 815 ade-

225 874 347 918 rant
374 860 655 930 iugulavit.
697 859 898 926 Quibus
928 857 1253 919 interfectis,
1285 857 1350 908 ad
1384 855 1654 908 basilicam
1684 870 1806 907 san-

219 956 288 1007 cti
335 951 536 1006 Juliani
570 959 598 986 ει
629 963 748 1002 cum
798 948 977 1014 pueris
1022 945 1166 1008 suis,
1214 944 1304 1012 qui
1355 943 1419 995 ad
1453 947 1803 1010 propinquam

220 1044 452 1108 plateam
475 1048 628 1092 erant
650 1079 665 1102 ,
689 1037 946 1106 confugit.
988 1036 1228 1101 Cumque
1259 1035 1450 1087 ibidem
1486 1033 1802 1096 residerent,

220 1133 450 1184 audiunt
478 1128 617 1196 quod
647 1143 737 1181 rex
759 1168 772 1190 ,
805 1126 1078 1178 dominum
1115 1125 1218 1175 vita
1246 1139 1524 1176 excessum
1554 1124 1604 1185 δ,
1638 1124 1803 1175 famu-

230 1224 310 1275 los
343 1233 592 1287 tanquam
633 1216 1009 1270 malefactores
1038 1230 1066 1266 a
1097 1214 1315 1267 basilica
1350 1221 1576 1276 tractos,
1598 1214 1800 1278 julieret

221 1309 481 1363 interﬁci.
507 1307 658 1360 Tunc
688 1318 825 1356 unus
853 1318 914 1356 ex
951 1301 1033 1354 his
1063 1301 1337 1368 evaginato
1359 1301 1559 1366 gladio,
1585 1299 1802 1351 domino

221 1415 322 1452 suo
344 1407 367 1432 ε
393 1396 504 1466 jam
542 1396 741 1462 fugato,
765 1391 941 1445 socios
968 1404 1092 1444 suos
1123 1389 1392 1450 interﬁcit,
1430 1389 1540 1457 ipse
1568 1401 1805 1455 posrmo—

221 1491 354 1542 dum
385 1502 505 1542 cum
553 1484 732 1555 gladio
759 1483 826 1536 de
865 1480 1086 1535 basilica
1125 1493 1410 1549 egressus;
1442 1481 1534 1532 sed
1568 1481 1805 1534 irruente

221 1597 386 1649 super
414 1596 476 1635 se
507 1576 701 1647 populo
723 1617 737 1639 ,
767 1573 1054 1629 crudeliter
1085 1563 1399 1625 interfectus
1425 1580 1527 1625 est.
1563 1570 1746 1624 Pltatir
1776 1569 1803 1608 ἀ

221 1685 403 1724 autem
452 1675 670 1734 accepta
731 1664 943 1718 licentia
968 1702 984 1726 ,
1033 1660 1100 1714 ad
1132 1675 1351 1727 regnum
1385 1657 1802 1722 Guntchramni.

1914 491 2052 560 (Act.
2081 493 2246 562 v,4).
2290 495 2387 548 Ubi
2437 507 2516 548 est
2559 505 2608 547 et
2657 495 2815 556 illttd,
2850 495 2988 560 quod
3034 493 3223 546 Paulus
3254 493 3476 562 mystica

1907 583 2044 637 dona
2083 600 2544 650 commemorans,
2585 585 2654 638 ait
2687 603 2702 637 :
2747 585 2874 638 llaec
2905 585 3037 636 enim
3068 594 3307 651 operatur
3347 600 3479 634 unus

1905 685 2056 742 atque
2102 677 2236 729 idem
2286 675 2540 745 Spiritus,
2595 677 2827 728 dividens
2859 675 3126 743 unicuique
3180 684 3326 741 prout
3375 678 3481 725 vult

1907 761 1970 830 (1
1999 763 2119 816 Cor.
2188 781 2282 826 xu,
2329 767 2448 832 II).
2509 767 2608 829 Qui
2667 767 2806 818 enim
2850 777 3100 834 operatur
3144 765 3281 829 qttod
3333 763 3480 827 vult,

1907 853 2036 908 rutili
2082 854 2418 922 cognoscitur
2463 869 2581 908 esse
2625 851 2916 922 subjectus.
2966 854 3266 909 Accedeute
3307 865 3482 907 autem

1905 941 2212 997 Ansoualdo
2233 945 2297 996 ad
2323 943 2678 1013 Chilpericum
2715 961 2922 1012 regem,
2950 944 3144 1012 legatio
3173 942 3190 980 τ
3220 945 3483 1009 Ilispaun-

1908 1047 2024 1084 rum
2055 1042 2136 1086 est
2184 1034 2498 1096 subsecuta;
2539 1049 2658 1101 qua:
2707 1036 2771 1086 de
2811 1035 3111 1102 Chilperico
3161 1035 3225 1088 ad
3269 1034 3485 1088 Childe-

1908 1121 2114 1174 bertum
2141 1123 2432 1186 accedens,
2465 1123 2513 1175 in
2545 1123 2823 1191 llispanias
2850 1136 2930 1176 est
2970 1139 3229 1191 regressa.

1981 1210 2118 1264 XIX.
2159 1212 2310 1278 Apud
2344 1213 2562 1267 I’ontem
2594 1227 2718 1266 vero
2744 1213 3054 1266 Urbiensem
3081 1224 3103 1259 ε
3135 1214 3362 1267 civitatis
3389 1214 3484 1265 Pa-

1906 1300 2149 1363 risiacte,
2185 1302 2514 1370 Chilpericus
2547 1319 2639 1356 rex
2672 1303 2920 1357 custodes
2961 1314 3237 1371 po>uerat,
3270 1313 3329 1356 ut
3359 1305 3484 1356 insi-

1905 1390 2142 1444 diatores
2173 1393 2332 1462 295
2361 1392 2428 1445 de
2470 1409 2632 1460 regno
2673 1393 2850 1446 fratris
2894 1395 2975 1447 sui
3007 1409 3071 1448 ne
3103 1388 3360 1447 nocerent
3390 1394 3485 1446 ali-

1904 1480 2061 1547 quid,
2091 1491 2424 1535 arcerentur.
2471 1483 2587 1549 Quo
2629 1483 2655 1518 ιι
2684 1484 2959 1551 Asclepius
2989 1500 3049 1537 ex
3093 1484 3228 1538 duce
3276 1500 3482 1551 pra-co-

1904 1573 2088 1639 gnito,
2134 1581 2290 1627 nocte
2339 1572 2584 1638 irruens,
2632 1573 2898 1626 interfecit
2926 1588 3143 1638 omnes,
3193 1589 3488 1644 pagumque

1909 1662 2053 1727 ponti
2085 1662 2382 1728 proximum
2431 1664 2660 1731 graviter
2702 1663 3055 1731 depopulatus
3098 1675 3201 1718 est.
3249 1665 3490 1733 Cumque

223 1762 366 1816 unde
394 1765 655 1822 venerat,
688 1763 772 1810 est
815 1765 1122 1822 regressus:
1152 1749 1247 1804 sed
1298 1765 1403 1804 non
1449 1758 1570 1819 post
1606 1751 1804 1805 multos
1830 1751 1882 1813 Β
1909 1751 2022 1806 haec
2046 1751 2154 1819 regi
2184 1752 2486 1816 Chilperico
2517 1753 2754 1804 nuntiata
2789 1753 3042 1814 fuissent.
3072 1754 3232 1806 mittit
3257 1756 3486 1808 nuntios

223 1852 337 1906 dies
360 1865 389 1902 a
421 1847 732 1916 parentibus
760 1842 926 1898 Prisci
952 1839 1264 1895 interfectus
1291 1847 1390 1893 est.

296 1940 484 1994 XVIII.
523 1937 685 2006 Igitur
729 1934 884 2003 legati
926 1929 1209 1998 Chilperici
1247 1929 1417 2000 regis,
1467 1929 1520 1983 id
1559 1938 1639 1984 est
1683 1932 1797 1984 An-

223 2033 481 2088 soualdns
505 2041 560 2085 et
590 2025 954 2096 Domegiselus
979 2031 1025 2089 ο,
1055 2021 1143 2091 qui
1169 2020 1235 2075 ad
1261 2021 1688 2089 conspiciendam
1712 2021 1807 2076 do-

224 2133 340 2177 tem
364 2123 416 2176 in
445 2119 728 2190 Hispanias
752 2117 960 2170 fuerant
989 2113 1169 2177 missi,
1198 2111 1427 2182 regressi
1470 2121 1615 2166 sunt.
1647 2113 1808 2184 295

225 2220 318 2273 llis
342 2217 536 2272 diebus
568 2212 939 2270 Leuvichildus
969 2225 1063 2266 rex
1108 2212 1159 2265 in
1191 2209 1426 2265 exercitu
1464 2219 1649 2264 contra
1678 2208 1806 2261 Iler-

226 2309 586 2378 menegildum
623 2307 787 2359 ﬁlium
802 2321 952 2358 suum
967 2302 1253 2366 residebat,
1268 2303 1352 2358 cui
1368 2309 1422 2354 et
1434 2300 1717 2354 Emeritam
1731 2297 1808 2351 ci-

224 2402 451 2453 vitatem
479 2398 714 2452 abstulit.
730 2395 856 2448 Nam
876 2394 960 2447 hic
973 2393 1199 2463 qualiter
1214 2407 1332 2444 eum
1346 2391 1566 2445 ducibus
1584 2390 1808 2456 impera-

227 2493 364 2544 toris
385 2488 583 2543 Tiberii
616 2487 772 2540 fuerit
800 2484 1130 2553 eonjunctus,
1150 2483 1260 2551 jam
1291 2481 1534 2550 superius
1553 2479 1804 2548 exposui-

223 2596 364 2633 mus.
382 2579 519 2647 (Lib.
536 2595 586 2641 v,
610 2594 724 2644 cap.
744 2575 977 2666 59)Nam
993 2573 1241 2641 etlegatis
1257 2575 1366 2625 lucc
1387 2586 1544 2626 causa
1566 2570 1809 2623 innexuit

232 2687 415 2725 moras
432 2714 446 2736 ,
468 2669 737 2724 uttardins
760 2662 1184 2734 regrederentur.
1204 2663 1403 2729 Quibus
1417 2665 1562 2728 visis,
1578 2677 1675 2730 ego
1697 2662 1803 2715 sol-

234 2763 414 2816 licitus
443 2775 624 2824 eram,
655 2758 882 2826 qualiter
911 2757 959 2808 in
992 2756 1120 2823 ipsis
1159 2753 1506 2819 Christianis,
1539 2753 1626 2821 qui
1656 2751 1806 2820 pauci

229 2855 284 2906 in
311 2868 380 2906 eo
407 2854 522 2905 loco
548 2856 942 2912 remanserant,
974 2847 1104 2901 ﬁdes
1133 2846 1324 2900 Christi
1365 2845 1610 2900 ferveret.
1657 2842 1808 2898 Tunc

223 2945 356 3000 mihi
392 2944 508 2997 ha’c
534 2941 870 2996 Ansoualdus
898 2939 1172 3006 reSpondit
1204 2954 1217 2990 :
1249 2936 1532 2990 Christiani
1562 2936 1648 3004 qui
1668 2950 1809 2991 nunc

222 3036 366 3104 apud
401 3034 682 3101 Hispanias
726 3040 1148 3093 commorantur,
1186 3029 1502 3082 catholicam
1541 3028 1697 3082 ﬁdem
1729 3028 1808 3082 in-

1909 1843 2221 1906 comitibus,
2268 1841 2626 1910 ducibusque,
2658 1853 2711 1895 et
2754 1844 2969 1910 reliquis
3027 1847 3303 1912 agentibus
3353 1844 3394 1907 ί,
3431 1855 3488 1898 ιιι

1909 1934 2136 1988 collecto
2176 1934 2410 1988 exercitu
2445 1933 2494 1986 in
2528 1948 2744 2002 regnum
2791 1935 3028 1999 germani
3067 1938 3145 1987 sui
3196 1938 3483 1990 irruerent.

1906 2024 2011 2079 Sed
2053 2024 2347 2092 prohibitus
2378 2033 2461 2080 est
2509 2027 2732 2079 consilio
2780 2025 3038 2080 bonorum
3087 2027 3388 2092 hominum,
3422 2046 3488 2084 ne

1909 2115 2130 2181 faceret,
2156 2114 2446 2168 dicentium
2471 2115 2574 2168 sibi
2598 2132 2614 2167 :
2644 2115 2720 2168 Illi
2744 2131 2994 2184 perverse
3016 2128 3260 2185 egerunt,
3284 2129 3337 2171 tu
3363 2136 3490 2171 vero

1907 2204 2175 2273 sapienter
2215 2219 2331 2274 age.
2365 2204 2513 2260 Mitte
2555 2205 2701 2259 fratri
2751 2207 2998 2273 nuntios,
3051 2216 3106 2260 et
3147 2207 3195 2262 si
3241 2210 3486 2274 iujuriam

1909 2303 2053 2349 tuam
2079 2297 2364 2349 emendare
2385 2295 2644 2361 voluerit,
2669 2295 2799 2348 nihil
2818 2297 2940 2350 mali
2964 2312 3172 2366 quaeras
3197 2297 3212 2349 i
3249 2316 3262 2351 :
3289 2299 3334 2354 si
3361 2315 3490 2354 vero

1913 2384 2146 2451 noluerit
2163 2425 2178 2449 ,
2208 2385 2458 2439 tractabis
2490 2385 2743 2454 deinceps
2773 2385 2896 2455 quid
2927 2389 3184 2455 sequaris.
3218 2389 3282 2443 Et
3310 2388 3387 2444 sic
3409 2405 3489 2442 ra-

1912 2474 2056 2528 tione
2096 2486 2341 2543 accepta,
2397 2475 2662 2543 prohibito
2691 2480 2927 2532 exercitu
2982 2480 3298 2547 legationem
3343 2479 3489 2537 fratri

1910 2565 2112 2634 dirigit.
2159 2567 2261 2621 Sed
2310 2568 2400 2621 ille
2429 2579 2618 2623 cuncta
2659 2570 2980 2636 ernendans,
3029 2571 3204 2626 fratris
3249 2575 3489 2642 qumsivit

1913 2655 2117 2723 integre
2143 2655 2479 2710 charitatern.

1986 2744 2102 2799 XX.
2147 2746 2222 2799 Eo
2247 2760 2388 2800 anno
2418 2746 2717 2802 Chrolinus
2746 2747 2904 2811 obiit,
2950 2749 3030 2803 vir
3068 2750 3363 2820 magniﬁcm
3392 2751 3487 2807 bo-

1911 2837 2091 2891 uitatis
2118 2848 2172 2891 et
2201 2839 2439 2906 pietatis,
2467 2841 2916 2910 eleemosynarius
2955 2842 3133 2908 valde,
3167 2858 3486 2912 pauperum-

1911 2943 2016 2997 que
2046 2928 2293 2991 refector,
2339 2930 2573 2996 protinus
2601 2930 2795 2984 ditator
2833 2933 3212 2999 ecclesiarum,
3257 2935 3485 2989 clerico-

1913 3035 2140 3088 rumque
2175 3021 2420 3074 nutritor.
2470 3020 2601 3074 Nam
2627 3037 2770 3090 saepe
2800 3037 2827 3075 a
2857 3039 2994 3076 novo
3035 3023 3258 3079 fuudans
3304 3027 3486 3094 tillas,

226 3139 376 3195 tegre
415 3131 654 3177 servant.
688 3121 790 3174 Sed
825 3135 916 3172 rex
951 3133 1088 3172 novo
1117 3133 1256 3172 nunc
1303 3117 1515 3185 ingenio
1543 3133 1660 3171 eam
1690 3118 1812 3171 niti-
1841 3116 1887 3181 ρ
1921 3125 2120 3179 ponens
2147 3127 2358 3178 vineas,
2408 3111 2679 3169 aedificanti
2719 3113 2935 3183 domos,
2974 3114 3207 3172 culturas
3248 3119 3488 3187 erigens,

224 3226 311 3268 tur
339 3203 656 3277 exturbare,
691 3211 812 3263 dum
839 3209 1022 3262 dolose
1043 3216 1096 3260 et
1142 3207 1206 3259 ad
1236 3208 1477 3274 sepulcra
1511 3215 1807 3278 martyrum

220 3319 277 3364 et
307 3309 359 3361 in
407 3305 649 3360 ecclesiis
681 3301 950 3372 religionis
980 3309 1177 3353 nostrae
1206 3313 1362 3352 orare
1390 3300 1668 3368 conﬁngit.
1723 3300 1814 3352 Di-

221 3400 292 3453 cit
319 3397 466 3454 enim
498 3416 509 3449 :
544 3393 820 3450 Manifesta
866 3391 1089 3459 cognovi
1137 3403 1255 3443 esse
1298 3388 1571 3442 Christum
1616 3389 1813 3443 Filium

223 3491 317 3544 Dei
351 3488 617 3556 aequalem
665 3485 840 3550 Patri;
896 3482 988 3536 sed
1037 3481 1294 3550 Spiritum
1336 3491 1611 3547 sanctum,
1647 3481 1811 3536 Deum

222 3581 438 3649 penitus
466 3593 586 3632 esse
637 3592 740 3632 non
787 3577 982 3640 credo,
1030 3591 1094 3630 eo
1134 3575 1274 3644 quod
1325 3577 1376 3630 in
1407 3577 1566 3630 nullis
1611 3576 1815 3646 legatur

221 3672 500 3727 codicibus
533 3671 672 3725 Deus
700 3684 843 3724 esse.
891 3669 1032 3723 lleu!
1067 3668 1199 3723 heu!
1245 3685 1402 3734 quam
1429 3669 1662 3736 iniquam
1692 3683 1810 3721 scn-

222 3764 479 3826 tentiam,
523 3776 679 3830 quam
713 3775 1035 3814 venenosurn
1082 3773 1330 3821 sensum,
1381 3774 1544 3826 quam
1599 3775 1811 3827 pravam

222 3866 457 3910 mentem
481 3857 494 3909 !
537 3855 601 3907 Et
632 3854 720 3907 ubi
742 3861 827 3907 est
853 3853 978 3906 illud
1006 3852 1144 3921 quod
1171 3851 1425 3904 Dominus
1451 3852 1554 3916 ait,
1588 3852 1812 3918 Spiritus

225 3947 364 4001 Deus
407 3956 478 4000 est
510 3946 692 4012 (Joan.
717 3959 799 4008 tv,
823 3942 938 4009 24).
972 3943 1037 3996 Ει
1066 3941 1193 3994 illttd
1215 3935 1396 4005 Petri,
1427 3942 1565 4009 (μυιιί
1589 3941 1652 3994 ad
1674 3941 1808 3993 Ana-

141 4076 144 4078 ~
224 4039 369 4092 niam
415 4039 490 4090 ait
522 4054 533 4086 :
571 4035 708 4098 Quid
744 4033 831 4086 tibi
861 4033 1024 4086 visum
1044 4037 1122 4085 est
1149 4039 1344 4085 tentare
1380 4030 1628 4098 Spiritum
1663 4048 1815 4084 sanc-

294 4151 417 4204 tEa
444 4159 529 4203 est
558 4162 676 4217 qua:
709 4163 849 4202 nunc
881 4147 1075 4202 dicitur
1097 4147 1324 4202 ecclesia
1357 4146 1416 4200 S.
1449 4145 1646 4217 Iuliani
1679 4146 1812 4201 Pau~

232 4222 376 4290 peris
404 4235 500 4274 seu
529 4214 766 4290 veteris,
807 4219 875 4272 de
904 4233 1005 4287 qua
1035 4218 1167 4290 infra
1197 4217 1286 4290 lib.
1319 4230 1538 4290 tx,‘_cap.
1577 4214 1650 4290 63‘
1673 4217 1810 4285 quod

235 4281 354 4346 ium
389 4293 444 4343 in
469 4289 689 4343 dubium
721 4281 1026 4342 revocasset
1059 4287 1355 4348 Launoius,
1391 4281 1574 4338 dicens
1613 4281 1811 4356 Grego-

227 4363 364 4416 rium
427 4360 564 4414 forte
608 4359 840 4412 locutum
885 4357 954 4410 de
999 4358 1160 4409 altera
1215 4359 1269 4409 S.
1313 4356 1502 4409 .luliani
1549 4355 1805 4422 ecclesia,

227 4446 341 4497 qua:
363 4431 563 4483 dicitur
592 4429 869 4481 Mimorurn
900 4443 992 4479 seu
1027 4426 1324 4480 Fidicinum
1344 4468 1359 4491 ,
1386 4426 1464 4478 via
1500 4426 1805 4497 Martutiana

227 4495 379 4553 sitam
400 4544 414 4565 ,
447 4515 476 4554 a
513 4499 724 4552 Valesio
755 4497 976 4550 inscitize
1007 4497 1318 4563 redargutus
1361 4505 1473 4554 est,
1506 4495 1644 4562 quod
1677 4511 1794 4548 ues-

227 4573 387 4623 cisset
409 4573 544 4622 hanc
568 4577 886 4636 postremam
914 4565 1191 4620 ecclesiam
1217 4581 1245 4618 a
1270 4566 1478 4636 duobus
1500 4567 1808 4636 cantoribus

228 4655 363 4691 anno
428 4633 581 4691 1350
611 4638 769 4690 fuisse
816 4637 1219 4688 exagoliﬁcatam.
1274 4635 1405 4688 Vide
1436 4633 1596 4687 Brolii
1639 4637 1807 4690 nostri

232 4711 586 4777 Antiquitates
622 4707 812 4777 Paris.,
849 4706 984 4758 libro
1018 4720 1093 4777 ut.

300 4779 324 4816 δ
366 4771 456 4834 Sic
479 4778 640 4830 Corb.
669 4788 719 4830 et
750 4776 898 4834 Bec..
923 4789 1018 4837 pro
1042 4774 1252 4826 domino
1270 4773 1371 4826 vita
1398 4788 1620 4826 ρατεεδεο.
1654 4771 1805 4826 Colb.

235 4849 392 4901 habet
420 4847 686 4900 dominum
733 4847 848 4898 vita:
879 4859 1061 4896 cauum
1084 4883 1098 4903 .
1132 4854 1186 4896 et
1231 4843 1392 4896 altera
1423 4858 1577 4895 manu
1599 4883 1614 4902 ,
1645 4844 1808 4895 domi-

234 4934 348 4968 num
371 4921 581 4970 illorum
610 4915 930 4983 praecipiebat
960 4913 1116 4975 credi,
1147 4912 1372 4980 famulos
1394 4927 1528 4975 vero,
1561 4922 1686 4972 etc.;
1720 4914 1809 4966 alii

231 4989 439 5039 domino
469 4989 582 5039 rita:
611 5000 758 5038 crcso.
813 4984 1087 5043 Cointius,
1117 4984 1205 5052 qui
1258 4983 1358 5035 Iu-c
1402 4989 1560 5048 caput
1609 4983 1804 5045 refert,

231 5060 488 5108 dominum
513 5057 835 5121 interfectum
857 5094 868 5113 ,
899 5069 1013 5120 pro,
1047 5052 1247 5121 inquit,
1279 5053 1484 5104 domino
1517 5054 1804 5119 interfecto.

233 5129 296 5176 At
322 5142 386 5178 ex
437 5127 549 5192 ipsa
579 5127 884 5180 narratione
925 5131 1125 5176 certum
1173 5132 1254 5176 est
1299 5122 1572 5187 Priscum,
1603 5123 1693 5191 qui
1727 5123 1809 5175 hic

231 5195 478 5248 dominus
505 5195 822 5263 appellatur,
843 5193 1160 5246 incolumem
1176 5193 1446 5263 evasisse.
1765 5191 1770 5196 ’

308 5276 329 5302 ε
370 5265 558 5326 Corb.,
580 5262 716 5320 ’Bec.
750 5273 805 5317 et
831 5265 1033 5329 aliquot
1061 5262 1186 5316 editi
1215 5277 1318 5314 non
1355 5262 1550 5316 habent
1577 5281 1694 5317 suo.

298 5331 325 5371 ἀ
363 5336 492 5400 Quae
513 5343 806 5405 sequuntur
831 5333 896 5386 ad
928 5333 1084 5385 ﬁnem
1113 5332 1304 5400 capitis
1334 5330 1530 5387 desunt
1554 5335 1606 5387 in
1636 5332 1792 5387 Colb.

231 5418 334 5459 ms.

305 5483 327 5510 ⁸
367 5474 471 5528 Alii
500 5474 789 5527 Ausonida:
818 5480 865 5524 et
891 5469 1275 5523 Domicliisilus.
1334 5470 1428 5527 IIic
1478 5487 1634 5539 porro
1663 5481 1800 5527 vete-

230 5558 340 5598 rem
374 5544 700 5613 Francprum
743 5544 793 5594 in
825 5541 993 5596 Gallia
1025 5550 1080 5593 et
1106 5540 1426 5613 _Gotthorum
1461 5543 1510 5593 in
1556 5543 1807 5609 llispania

229 5629 464 5678 morem,
496 5610 589 5682 qui
613 5625 693 5668 est
722 5613 1060 5677 antiquorum
1094 5610 1482 5664 Germanorum
1511 5652 1524 5671 ,
1557 5627 1676 5664 cum
1711 5613 1805 5682 Va¢

229 5683 357 5738 levio
381 5697 432 5738 et
455 5681 577 5738 aliis
600 5685 818 5737 observa
841 5725 857 5748 ,
887 5692 946 5733 ut
969 5695 1070 5734 nou
1098 5695 1228 5733 llthI'
1256 5682 1398 5744 viro,
1432 5682 1521 5735 sed
1551 5697 1628 5734 var
1657 5681 1809 5736 uxori

1919 3200 2126 3254 vocatis
2157 3203 2420 3271 episcopis
2451 3220 2674 3272 quorum
2714 3217 2830 3260 erat
2871 3221 3031 3275 parVa
3065 3209 3320 3276 facultas,
3366 3211 3490 3263 dato

1916 3294 2092 3361 epulo,
2136 3295 2275 3362 ipsas
2315 3297 2502 3349 domos
2540 3311 2657 3350 cum
2690 3298 2978 3353 cultoribus
2999 3309 3052 3354 et
3079 3301 3334 3368 culturis,
3367 3319 3486 3356 cum

1915 3395 2166 3455 argento,
2220 3388 2710 3454 peristromatibus,
2746 3391 3092 3459 utensilibus,
3138 3393 3394 3448 ministris
3435 3408 3490 3448 ct

1917 3479 2124 3533 famulis
2154 3481 2380 3549 benigne
2408 3481 2790 3548 distribuebat,
2820 3483 3002 3537 dicens
3035 3501 3047 3535 :
3082 3485 3201 3539 Sint
3239 3484 3351 3539 hazc
3394 3487 3490 3540 Ec-

1916 3572 2090 3626 clesiae
2122 3573 2274 3638 data,
2334 3582 2391 3626 ut
2434 3573 2557 3628 dum
2601 3574 2668 3627 de
2724 3575 2804 3628 his
2854 3591 3109 3644 pauperes
3157 3578 3488 3642 reﬁciuntur,

1917 3669 2044 3722 mihi
2089 3670 2298 3722 veniam
2327 3668 2603 3723 obtineant
2632 3669 2770 3737 apud
2802 3670 2989 3724 Deum.
3035 3671 3194 3724 Multa
3228 3684 3406 3726 autem
3437 3681 3495 3728 et'

1915 3762 2015 3814 alia
2049 3762 2184 3817 bona
2223 3763 2288 3814 de.
2319 3762 2420 3816 hoc
2445 3763 2557 3815 viro
2596 3761 2929 3826 audivimus,
2963 3778 3082 3832 quae
3127 3765 3331 3834 insequi
3373 3766 3489 3820 Ion-

1924 3869 2047 3923 gum
2078 3864 2161 3908 est
2217 3854 2449 3907 Transiit
2482 3863 2654 3906 autem
2684 3864 2840 3908 artato
2869 3856 3268 3923 septuagenaria
3302 3855 3348 3909 ιι.

1991 3947 2129 4000 XXI.
2176 3947 2298 4001 Ilaec
2331 3949 2382 4001 in
2412 3947 2514 4001 hoc
2543 3962 2684 4001 anno
2711 3946 2900 4001 iterato
2930 3948 3078 4015 signa
3112 3959 3489 4016 apparuerunt.

1916 4037 2063 4090 Luna
2108 4038 2346 4105 erlipsim
2397 4051 2550 4106 passa
2591 4045 2700 4098 est;
2746 4037 2880 4088 infra
2911 4035 3230 4090 Turuuicum
3285 4040 3492 4092 territo-

1915 4149 2092 4204 dotem
2125 4148 2330 4202 offerat.
2365 4147 2512 4200 [Ione
2538 4162 2740 4199 morem
2770 4147 2946 4199 laudat
2975 4148 3254 4200 Cornelius
3277 4149 3492 4203 Tacitus

1917 4220 1967 4272 in
1999 4220 2131 4271 libro
2176 4220 2241 4271 de
2283 4217 2512 4269 Moribus
2539 4217 2958 4278 Germanorum,
2989 4231 3108 4282 cap.
3163 4220 3228 4278 6,
3271 4220 3356 4270 ubi
3398 4235 3492 4273 ex-

1916 4289 2060 4356 ponit
2081 4302 2184 4356 quo
2212 4288 2260 4339 id
2293 4288 2396 4339 ritu
2423 4287 2598 4350 fieret,
2634 4299 2830 4354 quasve
2852 4300 2934 4339 res
2965 4285 3032 4338 a'b
3065 4302 3227 4339 uxore
3265 4292 3490 4343 maritus

1916 4360 2152 4424 recipere
2180 4358 2392 4411 soleret.

1991 4423 2161 4482 filiae
2195 4429 2486 4497 legatione,
2533 4435 2588 4497 ut
2616 4423 2828 4497 Coin‘tio
2875 4424 3104 4497 videtur,
3162 4425 3321 4479 functi
3367 4439 3492 4484 sunt

1921 4499 2222 4553 Florentius
2249 4493 2299 4550 et
2332 4495 2686 4565 Exsuperius,
2728 4493 2795 4549 de
2830 4496 3022 4565 quibus
3079 4496 3127 4550 in
3172 4498 3260 4551 lib.
3297 4513 3350 4550 ltt
3394 4499 3490 4552 Mi—

1921 4584 2030 4624 rac.
2071 4571 2128 4622 S.
2156 4567 2396 4630 Martini,
2427 4581 2542 4631 cap.
2578 4564 2631 4616 8.

1992 4648 2017 4685 κ
2061 4639 2112 4691 Id
2137 4649 2216 4690 cst
2255 4639 2340 4704 qui
2373 4637 2546 4690 Urbire
2573 4635 2729 4688 lluvio
2762 4636 2960 4703 positus
2990 4645 3133 4700 erat;
3169 4636 3288 4690 hinc
3321 4638 3370 4691 in
3413 4639 3495 4691 ln-

1918 4709 2033 4761 tlicc
2058 4709 2136 4760 sic
2163 4717 2319 4775 caput
2347 4707 2484 4758 istud
2511 4707 2846 4772 exprimitur,
2875 4706 2947 4758 De
2968 4705 3322 4760 hominibus...
3354 4710 3494 4775 apud

1921 4778 2132 4832 Urbium
2176 4777 2420 4848 ﬂuvium,
2493 4778 2580 4848 qui
2635 4777 3215 4848 nimirttm__separabat
3271 4792 3490 4845 regnum

1915 4845 2200 4914 Chilperici
2232 4863 2260 4899 a
2312 4859 2477 4911 regno
2523 4845 2854 4898 Guntramui.
2901 4845 3120 4898 Urbium
3176 4860 3304 4898 vero
3354 4849 3494 4901 hunc

1917 4933 2036 4972 esse
2057 4932 2290 4977 amnem,
2313 4915 2579 4988 quihodie
2598 4915 2764 4988 0rd_e_a
2788 4929 2878 4966 seu
2901 4915 3057 4988 Orgia
3074 4954 3088 4975 ,
3115 4914 3491 4988 vulgogl‘Qrge,

1915 4989 2125 5049 dicitur.
2173 4995 2355 5041 censet
2387 4985 2648 5038 Valesius.
2699 4984 3122 5054 lliccomplures
3172 4985 3288 5054 pagi
3344 4984 3492 5038 Par-t-

1914 5058 2113 5111 siensis
2136 5057 2280 5110 vicos
2305 5055 2490 5118 alluit,
2520 5065 2573 5109 et
2597 5069 2759 5123 prope
2786 5053 3124 5107 Gevisiacum
3155 5053 3412 5119 mergitur
3436 5060 3489 5110 in

1911 5127 2230 5196 Sequanam.

1983 5192 2012 5232 ri
2048 5197 2208 5249 (ιρι-1).
2243 5205 2295 5250 et
2333 5195 2476 5258 Bec.,
2515 5192 2668 5258 Quod
2695 5192 2978 5262 Ascleptus.
3015 5193 3166 5258 Bad.,
3202 5193 3380 5261 Quo...
3423 5213 3486 5252 σε

1909 5267 2036 5320 duce
2063 5267 2283 5334 cognito.

1988 5336 2002 5373 ί
2049 5337 2101 5388 Id
2124 5330 2206 5390 est
2233 5332 2546 5388 ofﬁcialibus
2576 5332 2753 5401 regiis.
2781 5330 2930 5400 Apud
2963 5332 3229 5387 Romanos
3252 5333 3485 5388 frumen-

1912 5406 2056 5460 tariis
2080 5414 2466 5460 successerant.
2498 5403 2624 5455 Vide
2646 5401 2957 5457 Gothol‘red.
2993 5403 3046 5456 in
3077 5405 3194 5457 rod.
3223 5405 3489 5458 Theudae.

1989 5475 2002 5526 i
2051 5477 2234 5537 Corb.,
2266 5475 2392 5526 nihil
2421 5475 2551 5526 male
2578 5474 2730 5543 geris.

1984 5546 2008 5583 ¹ί
2049 5546 2199 5600 Colb.
2233 5562 2284 5597 a.
2317 5554 2369 5598 et
2412 5539 2608 5597 Chesn'.
2644 5560 2656 5593 :
2685 5544 2780 5607 al.,
2814 5543 3190 5611 octuagenaria.
3225 5539 3488 5594 Οιιτοιιίιιὶ

1913 5615 2062 5672 ducis
2106 5617 2287 5670 laudes
2311 5614 2600 5670 celebravit
2623 5614 2948 5676 Fortunatus
2976 5615 3062 5668 lib.
3101 5628 3169 5675 ix,
3203 5626 3367 5664 carui.
3399 5613 3487 5666 I6.
