4016 6338
475 324 570 381 391

1467 319 1527 372 δέ
1568 310 1891 370 CRECORH
1938 308 2239 365 EPISCOPI
2283 303 2717 362 TL'RONENSIS

3634 300 3742 358 599-

480 418 620 473 rium
650 429 807 469 verus
852 413 919 467 de
958 413 1175 467 elfracto
1216 425 1350 477 pane
1389 408 1601 475 sanguis
1632 406 1872 468 cl‘lluxit;
1919 403 2055 457 inuri
2088 410 2134 467 Α
2166 402 2291 453 l‘ttst
2320 400 2455 452 duos
2490 413 2615 452 vero
2648 408 2855 450 menses
2901 394 3232 448 Nonnichius
3262 407 3477 461 comes,
3520 397 3610 465 qui
3642 397 3747 454 hoc

420 507 427 513 ’
474 507 623 562 urbis
660 504 1011 559 Suessionica:
1044 507 1390 563 corruerunt;
1424 499 1559 565 apud
1590 498 1928 564 Andegavatn
1971 509 2060 545 ur-

473 594 595 649 bem
627 603 766 647 terra
809 594 1058 655 tremuit;
1109 592 1242 644 infra
1276 605 1458 642 muros
1489 602 1615 641 vero
1656 585 2062 654 Burdcgalcnsis

476 686 655 755 oppidi
684 686 907 754 ingressi
938 684 1051 751 lupi
1086 698 1246 737 canes
1276 688 1695 741 devoraVi-runt,
1729 692 2060 746 nequaquam

483 777 729 831 homines
760 788 1087 841 metuentes;
1131 791 1225 840 per
1262 774 1455 837 callum
1490 773 1625 841 ignis
1663 760 1963 824 discurrere
1988 770 2061 823 vi-

478 881 571 921 sus
600 878 701 921 est.
735 868 841 922 Sed
886 878 940 921 et
982 867 1286 920 Vasatensis
1331 866 1518 917 civitas
1568 863 1814 915 inccndio
1845 874 2063 914 concre-

482 971 621 1014 mata
653 963 813 1031 296
837 971 947 1025 est,
980 961 1046 1013 ita
1094 970 1149 1012 ut
1176 958 1418 1011 ecclesia:
1458 959 1539 1010 vel
1569 957 1757 1008 domus
1786 953 2067 1007 ecclesias-

482 1052 599 1105 tica:
632 1061 986 1103 vastarentur.
1030 1049 1377 1102 Ministerium
1424 1055 1599 1101 tamen
1641 1059 1800 1097 omne
1824 1052 2063 1110 crcpltttll

481 1143 643 1197 fuisse
678 1141 1040 1209 cognovimus.

553 1232 715 1286 XXII.
759 1232 869 1285 Rex
911 1240 935 1266 ⁸
971 1231 1127 1299 igitur
1171 1229 1503 1295 Chilpericus
1551 1226 1787 1293 pervasis
1833 1221 2067 1277 civitati—

486 1327 582 1378 bus
612 1324 790 1377 fratris
811 1322 925 1384 sui,
955 1335 1122 1374 novos
1151 1319 1379 1373 eotniles
1410 1318 1653 1380 ordinat,
1681 1327 1734 1368 et
1764 1323 1954 1367 cuncta
1982 1312 2069 1381 jn-

485 1413 572 1467 bet
599 1411 697 1466 sibi
731 1414 937 1465 urbium
985 1410 1177 1463 tributa
1212 1408 1407 1462 deferri
1442 1424 1455 1460 :
1505 1409 1643 1473 quod
1678 1406 1746 1459 ita
1795 1404 2068 1473 impletum

489 1504 655 1558 fuisse
681 1504 1053 1571 cognovimus.
1092 1502 1182 1555 llis
1221 1501 1407 1553 diebus
1448 1498 1771 1566 apprehensi
1814 1504 1941 1549 sunt
1965 1496 2071 1547 duo

489 1594 736 1647 homines
780 1608 810 1644 a
856 1592 1155 1646 Nonnieltio
1184 1588 1210 1627 δ
1252 1590 1610 1643 Lemovicmze
1651 1587 1798 1639 urbis
1840 1582 2066 1650 comite,

488 1683 789 1738 deterentes
818 1697 883 1737 ex
939 1681 1151 1735 nomine
1204 1678 1467 1734 Charterii
1520 1679 1878 1747 Petrognricrc
1925 1676 2071 1730 urbis

2165 492 2477 545 scandalum
2521 489 2907 551 seminaverat,
2958 488 3416 557 297sangttine
3460 502 3747 555 percussus

2166 584 2395 649 interiit;
2429 598 2621 651 resque
2666 583 2814 650 ejus,
2865 582 2983 648 quia
3014 582 3217 650 absque
3247 580 3429 635 liberis
3476 590 3620 652 erat,
3658 582 3746 638 di-

2166 673 2331 727 versis
2360 689 2385 722 a
2422 687 2544 738 rege
2573 685 2843 724 concessa:
2889 680 3034 722 sunt.

2240 763 2425 816 XXIll.
2461 762 2665 815 Dehinc
2696 760 2999 827 Chilperico
3026 760 3159 828 regi,
3198 770 3315 827 post
3368 768 3534 814 multa
3562 762 3751 818 funera

2170 852 2421 915 liliormn,
2475 850 2615 908 libus
2657 852 2913 903 nascitur.
2952 851 3024 902 [Sx
3082 850 3185 903 hoc
3227 850 3379 917 jubet
3422 867 3510 904 rex
3562 867 3756 908 omnes

2168 943 2441 996 custodias
2496 943 2744 1005 relaxari,
2778 945 2982 994 vinctos
3038 942 3264 1004 absolvi,
3309 943 3757 1010 compositiones-

2168 1035 2654 1102 quettegligcnttltn
2698 1037 2828 1085 tisco
2878 1032 3087 1086 debitas
3120 1032 3618 1101 praecepitonmlno
3644 1050 3753 1088 non

2168 1127 2332 1192 exigi.
2361 1127 2464 1179 Sed
2496 1124 2513 1163 ί
2540 1142 2786 1193 tnagnum
2827 1126 3081 1193 deinceps
3109 1125 3292 1177 dolum
3347 1124 3434 1179 hic
3466 1125 3649 1182 intulit
3668 1114 3754 1180 iu-

2130 1214 2131 1217 “
2171 1217 2310 1274 fans.

2247 1308 2434 1361 XXIV.
2480 1307 2623 1360 Nova
2657 1316 2681 1353 Β
2710 1308 2903 1360 iterum
2950 1315 3135 1359 contra
3165 1306 3501 1360 Theodorum
3545 1306 3760 1375 cpisco-

2175 1414 2298 1466 pum
2350 1398 2491 1453 bella,
2518 1406 2864 1468 tonsnrgttnt.
2900 1401 3025 1449 nam
3060 1397 3456 1460 Gunduvaldus,
3489 1398 3577 1465 qui
3607 1412 3664 1451 se
3698 1397 3758 1451 ﬁo

2174 1489 2302 1542 ltutn
2333 1488 2734 1542 Chlodtacharii
2764 1490 2902 1556 regis
2930 1501 3050 1541 esse
3090 1487 3324 1549 dicebat,
3355 1488 3422 1541 de
3450 1490 3760 1541 Constanti-

2175 1582 2620 1648 ttzqioliveniens.
2656 1580 2939 1633 Massiliam
3000 1588 3081 1632 cst
3129 1581 3382 1633 advectus
3434 1596 3447 1632 :
3500 1579 3567 1634 de
3604 1580 3763 1649 enjus

2175 1674 2381 1741 origine
2405 1674 2646 1740 quaedam
2697 1673 2923 1725 strictim
2958 1670 3109 1724 libuit
3144 1684 3461 1724 memorare.
3497 1671 3591 1724 llic
3634 1687 3759 1725 cum

486 1775 720 1843 episcopi
753 1775 984 1838 litteras,
1014 1786 1133 1840 qua:
1165 1772 1325 1824 multa
1361 1770 1679 1838 improperia
1717 1770 2070 1837 loquebantur
2102 1764 2147 1824 Β
2175 1773 2330 1817 natus
2358 1772 2505 1818 esset
2527 1764 2593 1853 in}
2621 1760 2825 1826 Galliis,
2858 1773 2911 1815 et
2955 1761 3193 1829 diligenti
3245 1774 3371 1813 cura
3420 1762 3667 1827 nutritus,
3698 1773 3762 1815 ut

490 1866 540 1919 in
574 1879 749 1933 regem
801 1882 813 1915 :
868 1864 920 1916 in
967 1864 1155 1930 quibus
1196 1862 1332 1915 inter
1361 1861 1567 1927 reliqua
1613 1868 1728 1912 erat
1781 1862 2069 1925 insertum,

488 1956 638 2020 quisi
670 1964 986 2022 quereretur
1014 1952 1267 2005 sacerdos
1306 1966 1363 2005 se
1394 1965 1421 2003 a
1476 1952 1721 2019 paradiso
1765 1949 1831 2001 ad
1877 1950 2077 2001 inleros

493 2043 871 2107 descendisse;
920 2042 1127 2095 scilicet
1166 2042 1307 2108 quod
1338 2056 1367 2092 a
1400 2056 1563 2108 regno
1603 2037 1990 2093 Guntchraumi
2023 2039 2075 2089 in

495 2135 781 2201 Chilperiei
834 2134 993 2187 fuerit
1022 2135 1248 2187 ditiones
1296 2141 1675 2187 commutatus.
1728 2133 1829 2184 llas
1874 2129 2077 2183 litteras

503 2223 731 2289 cmitliis
761 2224 1199 2290 hominibus-jam
1227 2221 1403 2276 dictus
1424 2238 1605 2275 comes
1634 2221 1734 2275 sub
1772 2222 1935 2275 ardua
1957 2236 2079 2274 cus-

504 2314 645 2366 todia
687 2314 798 2382 regi
830 2313 1042 2366 dilexit.
1092 2312 1201 2366 ltex
1241 2327 1367 2366 vero
1411 2312 1680 2382 patienter‘
1723 2320 1938 2380 pmptcr
1964 2312 2077 2381 epi-

500 2419 721 2472 scopum
746 2386 927 2469 mittit,
956 2407 1041 2474 qui
1072 2421 1194 2457 eum
1224 2419 1321 2458 suo
1348 2406 1650 2473 conspectui
1674 2414 2075 2471 praesentarent,

502 2497 844 2549 discussurus
876 2498 1055 2563 utique
1077 2498 1118 2549 si
1141 2511 1263 2549 vera
1293 2505 1475 2550 essent
1512 2512 1630 2565 qua:
1658 2499 1705 2549 ei
1735 2497 2079 2565 opponeban-

503 2598 610 2653 tur,
640 2601 856 2640 annon.
886 2587 1215 2641 Adveniente
1242 2602 1366 2641 vero
1389 2589 1665 2656 episcopo,
1698 2604 1789 2641 rex
1835 2589 2078 2641 homines

499 2680 619 2733 illos
643 2695 760 2733 cum
786 2680 975 2732 litteris
996 2690 1373 2747 repraesentat;
1406 2681 1696 2747 interrogat
1719 2679 2079 2745 sacerdotem,

497 2770 542 2823 si
573 2772 638 2822 ab
666 2784 730 2824 eo
757 2769 970 2823 directa:
997 2770 1213 2822 fuerint.
1245 2771 1413 2838 Negat
1439 2770 1529 2824 illc
1557 2785 1586 2822 a
1617 2783 1675 2823 se
1718 2771 1971 2824 directas.
2000 2770 2080 2823 lit-

505 2869 848 2931 terrogantur
896 2875 1022 2914 vero
1070 2862 1313 2914 homines
1373 2874 1402 2912 a
1458 2877 1562 2927 quo
1610 2876 1701 2913 eas
1751 2862 2078 2929 acceperint.

500 2952 851 3008 Frontonium
888 2963 909 2991 ε
942 2954 1224 3005 diaconum
1275 2947 1569 3022 proferunt.
1612 2954 1971 3022 lnterrogatur
1999 2966 2083 3005 sa-

499 3043 689 3097 cerdos
715 3044 780 3096 de
806 3042 1053 3097 diacono.
1103 3042 1397 3111 Respondit
1437 3042 1536 3095 sibi
1570 3057 1690 3097 eum
1730 3058 1848 3096 esse
1896 3042 2083 3109 princi-

2177 1872 2360 1925 regum
2393 1850 2608 1909 istorum
2659 1870 2774 1908 mos
2797 1866 2878 1908 est
2910 1850 2960 1919 ιι,
2986 1854 3209 1907 crinium
3239 1850 3456 1922 ﬂagellis
3488 1868 3578 1921 per
3609 1862 3761 1923 terga

2176 1949 2459 2013 demissis,
2495 1950 2685 2002 litteris
2712 1947 2970 2011 eruditus,
3010 1946 3357 2000 Cliildeberto
3392 1946 3499 2014 regi
3538 1943 3552 1981 ί
3585 1961 3615 1997 a
3646 1961 3761 1999 ina-

2180 2051 2257 2094 tre
2285 2049 2716 2107 repraesentetur,
2748 2039 2960 2092 dicente
2982 2055 3040 2091 ea
3078 2055 3089 2088 :
3118 2034 3270 2101 Ecce,
3300 2035 3489 2105 inquit,
3512 2046 3760 2105 ttepOIem

2180 2140 2350 2193 tuum,
2383 2130 2779 2184 Chlothacliarii
2814 2132 2953 2197 regis
2986 2130 3167 2183 lilium.
3198 2129 3262 2182 Et
3292 2132 3410 2196 quia
3443 2128 3641 2182 invisus
3664 2127 3762 2181 lia-

2181 2223 2336 2276 bctur
2383 2225 2537 2291 patri,
2568 2222 2779 2289 Suscipe
2802 2238 2921 2275 eum
2943 2262 2957 2286 ,
2990 2224 3110 2290 quia
3134 2234 3259 2273 caro
3309 2228 3396 2273 tua
3452 2228 3553 2274 est.
3587 2219 3757 2286 Quem

2181 2315 2296 2378 ille,
2322 2330 2387 2367 (ιο
2407 2314 2545 2382 quod
2585 2314 2633 2366 ei
2668 2314 2759 2367 lilii
2790 2329 2894 2366 nott
2936 2324 3111 2366 essent
3132 2352 3147 2377 ,
3178 2310 3465 2380 accipiens,
3495 2312 3762 2367 retinebat

2180 2420 2384 2461 secum.
2418 2406 2736 2457 Nuntiantnr
2762 2404 2875 2456 lta'c
2907 2403 3015 2472 regi
3043 2402 3474 2467 Chlotltachario,
3510 2404 3765 2471 ﬂliSiljue

2190 2496 2341 2549 l'ratri
2370 2496 2603 2559 nuntios,
2634 2495 2815 2549 dicens
2841 2511 2855 2547 ι
2887 2486 3105 2547 Dimitte
3134 2506 3355 2562 puerum
3402 2504 3457 2546 ut
3488 2494 3666 2547 veniat
3690 2496 3760 2547 ad

2183 2601 2288 2641 me.
2320 2586 2427 2641 Nec
2452 2593 2685 2639 moratus
2704 2586 2793 2639 ille
2809 2584 3221 2654 juvenetufratri
3246 2582 3459 2638 direxit.
3486 2584 3601 2651 Quo
3620 2585 3759 2651 viso,

2182 2678 2799 2747 Chlothachariusjussit
2830 2678 3040 2731 tonderi
3067 2692 3273 2731 comam
3297 2677 3485 2745 capitis
3515 2677 3649 2745 ejus,
3679 2678 3763 2731 di-

2183 2786 2310 2826 cens
2336 2788 2351 2824 :
2384 2764 2530 2823 Hunc
2559 2784 2659 2837 ego
2689 2785 2792 2822 non
2840 2770 3109 2835 generavi.
3144 2767 3307 2837 Igitur
3339 2777 3461 2836 post
3503 2768 3762 2823 Cblotlia-

2183 2864 2353 2917 charii
2383 2862 2520 2929 regis
2548 2861 2772 2923 obitum,
2793 2875 2820 2912 a
2844 2859 3155 2914 Chariberto
3180 2871 3302 2927 rege
3328 2869 3604 2927 susceptus
3628 2868 3710 2913 est
3745 2874 3760 2911 :

2186 2969 2342 3023 quem
2389 2952 2686 3021 Sigibertus
2741 2953 3081 3017 arcessitum,
3114 2950 3304 3004 iterum
3353 2950 3643 3018 amputavit
3669 2966 3762 3006 co-

2187 3059 2329 3098 lnam
2356 3044 2549 3111 capitis
2577 3042 2718 3109 ejus,
2751 3052 2802 3093 ct
2826 3041 2965 3095 misit
2988 3054 3109 3094 eum
3140 3043 3190 3094 in
3219 3040 3659 3110 Agrippinensem
3687 3043 3765 3095 εἰ·

503 3149 665 3204 puum
698 3135 998 3197 inimicum,
1026 3148 1126 3186 nec
1149 3134 1382 3187 dubitari
1414 3134 1612 3188 debere
1643 3134 1809 3202 ipsius
1837 3147 1956 3187 esse
1987 3147 2077 3188 ne-
2110 3134 2156 3199 Ο
2187 3139 2402 3190 vitalem
2423 3174 2437 3199 ,
2462 3149 2580 3203 quat
2614 3149 2753 3186 nunc
2784 3132 3004 3186 Colonia
3037 3131 3051 3180 l
3087 3132 3299 3185 dicitur.
3334 3131 3424 3185 Ille
3451 3146 3658 3199 quoque
3694 3132 3763 3186 ab

504 3224 725 3294 quitias,
758 3226 845 3294 qtti
875 3235 1060 3279 contra
1091 3240 1213 3279 eum
1260 3223 1452 3294 saepius
1483 3240 1674 3279 causas
1704 3227 2083 3279 commovisset

504 3315 729 3383 iniquas.
772 3315 1067 3369 Adducitur
1091 3316 1347 3369 diaconus
1369 3316 1483 3369 sine
1503 3332 1685 3380 mora;
1722 3318 2083 3388 interrogatur

503 3419 533 3457 a
579 3421 739 3475 rege,
789 3409 1069 3459 conﬁtetur
1098 3423 1263 3473 super
1289 3409 1637 3476 episcopum,
1682 3412 1866 3463 dicens
1910 3426 1924 3461 :
1977 3410 2085 3475 Ego

507 3494 644 3549 banc
671 3496 949 3563 epistolam
1000 3502 1255 3565 episc0po
1298 3498 1518 3566 jobente
1549 3498 1742 3552 dietavi
1773 3497 1822 3551 δ.
1872 3500 2083 3552 Procla-

512 3592 693 3639 mante
730 3600 859 3637 vero
888 3588 1171 3653 episeopo,
1223 3595 1278 3640 et
1316 3588 1528 3641 dicente
1569 3591 1708 3655 quod
1762 3591 1956 3656 saepius
2005 3590 2087 3643 hic.

510 3676 721 3743 ingenia
755 3685 777 3712 ο
806 3685 1098 3744 qumreret,
1146 3679 1373 3743 qualiter
1400 3694 1523 3730 cum
1568 3680 1635 3730 ab
1662 3690 1967 3747 ρριεεοιιειω
1998 3680 2089 3732 de-

510 3765 727 3833 jiceret,
778 3780 873 3818 rex
903 3766 1263 3821 iniseric0tdia
1314 3778 1521 3834 motus,
1564 3771 1948 3820 commendans
1982 3771 2093 3821 Deo

512 3870 726 3910 causam
756 3872 937 3923 suam,
968 3860 1131 3911 cessit
1172 3860 1438 3923 utrisque,
1477 3860 1772 3924 deprecans
1797 3861 2097 3913 clementer

514 3947 825 4015 episcopum
860 3963 952 4013 pro
993 3947 1249 4012 diacono,
1280 3957 1335 4001 et
1361 3948 1665 4016 supplicans
1697 3958 1754 4001 (ιι
1790 3966 1881 4016 pro
1920 3965 1980 4004 se
2006 3965 2091 4003 sa-

514 4039 705 4093 cerdos
733 4049 913 4093 oraret
939 4056 951 4092 z
983 4049 1039 4092 et
1076 4043 1155 4091 sic
1178 4055 1296 4092 cum
1331 4040 1532 4092 honore
1564 4042 1678 4092 urbi
1713 4040 1965 4095 remissus
1987 4050 2089 4095 est.

591 4201 617 4265 9
662 4195 772 4250 lloc
804 4204 963 4265 caput
993 4195 1139 4265 deest
1178 4194 1227 4248 itt
1267 4196 1425 4249 Corb.
1459 4207 1509 4248 ct
1539 4196 1691 4251 Colb.
1721 4213 1772 4251 a.

592 4264 618 4302 ι’
657 4268 809 4319 Coll).
867 4284 964 4326 ιη..
1020 4264 1480 4330 Ναιηιιι’1(ἰυ[ειιιυ;
1538 4269 1668 4319 inita
1718 4282 1892 4322 tamen
1936 4269 2097 4325 habet

520 4334 865 4389 Nonnirhius.
898 4338 1169 4390 Carterius
1219 4350 1393 4391 autem
1427 4338 1739 4406 subscripsit
1787 4357 1940 4394 conc.
1988 4341 2096 4395 Ma-

516 4409 634 4460 tisc.
662 4422 737 4469 ιι,
780 4423 868 4459 an.
899 4406 1022 4460 £85.

598 4488 619 4517 ι’
662 4480 797 4531 l‘Lditi
821 4485 872 4529 ct
902 4478 1043 4540 Bue,
1080 4475 1439 4529 Frontoninm.

594 4543 623 4579 “
664 4547 829 4618 ldgtst
857 4564 925 4598 scr
940 4549 1057 4616 ipsi.
1094 4550 1217 4599 Vide
1242 4548 1509 4600 Mabillon.
1544 4557 1695 4601 tutas
1722 4547 1776 4599 in
1806 4548 1960 4614 epist.
1992 4548 2096 4604 504

513 4620 690 4677 βδιιειί
724 4620 992 4669 liernardt.

596 4696 625 4723 ε
668 4687 738 4739 Ea
775 4702 900 4740 voce
927 4688 1079 4738 dolus
1108 4701 1200 4738 seu
1242 4684 1490 4753 qna'libet
1522 4702 1607 4739 ars
1634 4685 1697 4739 ad
1738 4686 1962 4740 alterum
1994 4692 2097 4742 cir-

522 4757 970 4813 cumvenientium
1008 4759 1315 4823 designatur
1342 4756 1479 4825 apud
1524 4758 1836 4825 Gregorium
1870 4772 1922 4811 et
1950 4769 2093 4812 vete—

525 4844 617 4881 res
644 4829 811 4893 gentis
862 4840 1052 4878 Itosll‘tl.‘
1086 4835 1350 4877 auctores.
1388 4824 1515 4878 Vide
1560 4826 1787 4894 Btgnon.
1834 4844 1884 4881 in
1936 4830 2023 4881 lib.
2061 4845 2096 4884 ll

530 4898 763 4951 Marculﬁ
805 4898 871 4949 ad
912 4911 1031 4962 cap.
1060 4897 1158 4959 56,
1189 4906 1241 4948 et
1280 4898 1600 4949 Alteserram
1646 4914 1698 4949 in
1730 4913 1850 4966 cap.
1875 4898 1966 4967 28,
2003 4900 2095 4954 lib.

523 4984 577 5023 εν
608 4966 763 5034 hujus
790 4969 1053 5018 Ιιίδιοτιίε.

608 5036 623 5073 ί
659 5033 960 5107 [agendum
1008 5041 1133 5108 puto
1158 5033 1409 5087 dolorem.
1464 5033 1594 5108 Vide
1621 5035 1754 5090 inira
1806 5054 1925 5108 cap.
1959 5040 2020 5094 5i
2048 5050 2102 5095 et

528 5103 836 5167 55;.dot'unt
882 5117 1055 5156 tanien
1107 5107 1247 5157 hunc
1290 5106 1508 5171 exponit
1542 5108 1783 5161 Valesius
1823 5103 1890 5163 de
1932 5121 2104 5166 morte

535 5176 833 5237 Illunnnoti,
864 5189 1023 5242 quam
1075 5175 1344 5241 hujusliiii
1369 5177 1543 5231 obitus
1600 5180 1881 5233 occasione
1911 5182 2105 5236 Frede-

532 5246 722 5314 gnndis
750 5245 846 5311 ipsi
877 5248 1076 5297 incensa
1096 5258 1416 5311 procuravn,
1440 5246 1572 5300 infra
1597 5265 1713 5317 cap.
1731 5248 1817 5301 55.
1842 5250 2105 5305 Caeterum

534 5324 707 5367 ωςιωι
740 5317 789 5365 in
829 5316 1059 5388 Matculli
1092 5318 1181 5367 liii.
1212 5330 1226 5367 ι
1257 5321 1503 5381 tot-mula,
1547 5316 1771 5386 quaeest
1803 5319 1891 5386 39,
1922 5320 1987 5373 Ut
2012 5339 2104 5388 pro

532 5388 689 5438 nultvi
714 5397 794 5436 ate
824 5386 976 5454 regis,
1006 5388 1146 5437 sicin
1180 5388 1291 5452 ipso
1325 5398 1441 5440 ortu
1470 5405 1651 5454 regunt
1679 5401 1977 5443 nostrorum
2011 5386 2101 5445 itlii

535 5471 687 5530 reges
712 5457 1133 5530 appellabantur,
1167 5459 1371 5525 ingenui
1400 5460 1711 5514 relaxentur.
1751 5459 1947 5527 lleejus
1976 5462 2106 5530 bap-

534 5526 691 5578 tis‘nto
723 5527 852 5578 intra
881 5540 998 5590 Cap.
1025 5525 1115 5579 ‘27.

606 5603 633 5640 ιι
664 5597 812 5657 Quod
836 5596 983 5665 plura
1014 5598 1080 5648 de
1107 5596 1187 5648 his
1228 5611 1343 5663 qua:
1374 5598 1661 5662 pertulerat
1698 5614 1725 5648 a
1757 5598 2013 5663 Dynamio
2051 5601 2103 5653 in

534 5679 654 5730 Cttp'.
688 5666 742 5718 Η
772 5678 932 5732 supra
980 5666 1239 5718 retulerit.
1277 5666 1422 5720 Unde
1452 5669 1573 5721 licet
1596 5672 1646 5719 in
1671 5669 1828 5720 cotld.
1859 5667 2019 5721 Corb.
2054 5681 2106 5724 et

538 5734 687 5790 (.30le
724 5735 1063 5791 undecimum
1092 5751 1199 5788 noti
1254 5737 1532 5797 habeatur,
1562 5753 1626 5792 ex
1667 5737 1768 5792 hoc
1826 5748 2001 5794 tamen
2038 5740 2103 5793 12

2129 4506 2183 4564 D

2187 3244 2253 3284 eo
2276 3234 2391 3282 luco
2414 3227 2682 3294 delapsus,
2716 3225 2950 3278 dimissis
3002 3225 3190 3277 iterum
3222 3224 3449 3292 capillis.
3480 3225 3545 3276 ad
3573 3224 3763 3278 Narse-

2190 3332 2293 3374 tein
2324 3319 2475 3385 abiit,
2511 3319 2598 3387 qtti
2629 3318 2791 3388 298
2822 3328 2944 3369 tunc
2974 3316 3066 3368 Ital
3090 3328 3371 3383 inpra'erat
3396 3316 3572 3384 ibique
3594 3328 3765 3370 uxore

2187 3422 2423 3479 accepta,
2479 3410 2614 3463 lilios
2672 3409 2992 3478 procreavit,
3038 3421 3090 3462 et
3134 3409 3201 3462 ad
3250 3410 3765 3479 Constantinopolim

2189 3504 2430 3556 accessit.
2468 3501 2615 3567 Inde,
2644 3512 2697 3554 ttt
2730 3502 2923 3567 lerunt,
2950 3508 3066 3567 post
3092 3499 3256 3553 multa
3283 3508 3540 3567 tempora,
3573 3515 3601 3552 a
3632 3514 3766 3569 quo-

2190 3597 2310 3649 dam
2338 3596 2590 3648 invitattts
2621 3604 2673 3647 ut
2706 3594 2913 3647 veniret
2941 3593 2991 3646 in
3012 3592 3229 3656 Gallias,
3261 3592 3545 3645 Massiliam
3576 3590 3768 3660 appul~

2191 3703 2304 3755 sus,
2338 3704 2365 3739 a
2391 3685 2673 3741 Theodoro
2704 3685 2955 3753 episcopo
2983 3694 3266 3751 susceptus
3300 3691 3400 3736 est.
3437 3671 3503 3734 Et
3525 3684 3547 3717 ι
3579 3683 3648 3734 ab
3676 3696 3769 3734 eo-

2192 3780 2312 3833 dem
2362 3780 2521 3831 etiam
2576 3776 2808 3845 acceptis
2846 3776 3113 3844 equitibus
3142 3773 3216 3845 [1.
3259 3772 3452 3845 equis],
3484 3772 3770 3829 Mammula

2194 3875 2315 3929 duci
2343 3875 2664 3942 conjunctus
2695 3884 2795 3927 est.
2831 3872 2957 3925 Erat
2994 3879 3170 3926 autem
3203 3878 3327 3923 tunc
3367 3868 3684 3923 Mummolus
3717 3869 3770 3924 in

2195 3969 2417 4020 civitate
2441 3964 2733 4029 Avennica,
2766 3965 2901 4018 sicut
2930 3978 3087 4031 supra
3115 3963 3224 4031 jam
3250 3960 3480 4016 diximus
3511 3959 3664 4031 (Cap.
3694 3962 3773 4027 l).

2196 4058 2626 4114 Guntcliramnus
2658 4070 2784 4112 vero
2827 4054 2933 4111 dux
2982 4056 3375 4124 apprehensum
3430 4053 3773 4109 Theodorum

2198 4214 2393 4278 capite,
2423 4213 2563 4281 quod
2594 4212 2650 4264 in
2671 4220 2897 4279 utri-que
2917 4209 3101 4263 codice
3126 4218 3319 4281 exstat,
3354 4217 3494 4281 patet
3523 4209 3591 4281 ab
3620 4209 3763 4263 inter

2201 4279 2563 4352 po‘atmenon
2590 4286 2749 4334 [Ulec
2770 4282 3027 4333 additum.
3052 4281 3213 4333 l’orro
3228 4279 3620 4352 Gnndovaldttm
3644 4294 3760 4352 sem

2205 4350 2297 4421 per
2322 4354 2660 4421 scripsimus,
2690 4368 2806 4419 quae
2855 4352 3012 4403 lectio
3040 4360 3125 4404 est
3167 4351 3324 4404 codd.
3352 4364 3508 4416 mss.,
3542 4350 3669 4403 licet
3721 4351 3776 4403 in

2203 4425 2360 4476 editis
2387 4423 2755 4475 Cnndobaldus
2776 4421 3003 4473 dicatur.

2278 4494 2301 4528 ιι
2339 4496 2467 4547 Vide
2498 4494 2627 4545 intra
2661 4493 2754 4543 lib.
2784 4506 2892 4552 vin,
2925 4504 3043 4557 cap.
3079 4491 3164 4552 10,
3188 4500 3239 4544 et
3270 4492 3487 4558 passim.

2295 4561 2309 4598 ί
2336 4564 2545 4616 Seniori
2586 4562 2821 4627 scilicet,
2852 4561 3180 4615 tJhilEleberti
3222 4570 3346 4615 tunc
3377 4558 3651 4629 regnantis
3680 4574 3779 4629 pa.

2202 4640 2342 4686 truo.

2280 4704 2293 4752 i
2324 4703 2602 4755 Coloniam
2628 4716 2656 4753 a
2682 4700 2899 4754 Francis
2928 4703 3005 4756 sic
3025 4701 3341 4770 appellatam
3358 4700 3541 4753 volunt
3560 4699 3764 4753 Βοήοο

2206 4774 2547 4837 llincmarus,
2601 4771 2795 4839 aliique
2854 4774 3014 4825 etiam
3099 4772 3417 4825 vetustiores
3465 4770 3781 4836 scriptores,

2204 4844 2347 4912 quod
2379 4843 2516 4896 forte
2536 4858 2654 4896 eam
2681 4842 2997 4909 simpliciter
3025 4842 3301 4894 Coloniam
3338 4841 3495 4912 primi
3544 4839 3783 4912 appella-

2205 4909 2400 4975 velint,
2434 4916 2635 4967 omisso
2670 4913 2975 4981 Agrippinae
3002 4912 3285 4978 vocabulo,
3319 4909 3537 4979 proprio
3560 4910 3697 4981 ejus,
3732 4919 3785 4967 ut

2207 4984 2434 5046 videtur,
2461 4982 2709 5039 nomine:
2741 4979 2867 5035 cunt
2892 4981 3227 5035 solummodo
3254 4982 3403 5049 quasi
3442 4995 3536 5045 per
3554 4979 3785 5049 modum

2205 5054 2439 5121 adjunctt
2471 5062 2622 5106 antea
2647 5052 3168 5114 Coloniadiceretur,
3199 5059 3255 5104 ut
3274 5048 3498 5121 Colonia
3529 5048 3784 5116 Trajana,

2206 5120 2425 5177 Colonia
2456 5125 2711 5191 Augusta,
2736 5124 2958 5191 aliaeque
2979 5122 3160 5183 urbes,
3193 5124 3246 5174 in
3279 5120 3663 5191 quasjlomani
3693 5134 3787 5172 co-

2209 5195 2383 5247 lonias
2411 5189 2763 5247 deduxerant.
2798 5189 2883 5245 Ea
2908 5202 3085 5246 autem
3121 5192 3216 5245 fuit
3247 5194 3374 5246 urbs
3416 5189 3697 5254 Ubiorum,
3731 5191 3784 5242 in

2211 5281 2311 5329 qua
2344 5275 2463 5316 nata
2490 5263 2722 5316 estJulia
2751 5264 3035 5331 Agrippina
3063 5262 3287 5315 Neronis
3301 5272 3490 5327 mater,
3523 5274 3643 5325 quze
3662 5274 3787 5331 eum

2209 5334 2431 5386 Claudio
2463 5337 2591 5401 imp.
2624 5329 2892 5400 nupsisset
2917 5329 2930 5395 ,
2960 5334 3221 5397 coloniam
3268 5329 3791 5401 ltomanorutnilluc

2211 5404 2401 5457 deduci
2431 5400 2732 5471 imperavit,
2782 5406 3009 5472 indeque
3031 5404 3098 5453 ab
3142 5403 3257 5470 ejus
3316 5402 3527 5472 nomine
3570 5400 3797 5456 tioium:

2212 5474 2501 5541 Agrippina
2531 5476 2670 5527 dicta
2703 5485 2816 5539 est,
2853 5485 2908 5527 ut
2927 5471 3115 5526 narrat
3136 5473 3354 5526 Tacitus
3388 5471 3481 5524 lib.
3510 5486 3580 5523 sn
3605 5472 3767 5523 Anna
3794 5506 3797 5507 ν

2210 5545 2357 5595 lium.

2214 5683 2252 5738 Ο
2286 5613 2408 5737 kbbit
2440 5613 2523 5680 ab,
2552 5623 2680 5682 etc.,
2725 5630 2892 5684 ttsqttc
2934 5613 2998 5667 ad
3041 5614 3338 5682 conjuncta:
3360 5621 3467 5677 cst,
3501 5611 3696 5665 desunt
3746 5612 3799 5664 in

2259 5700 2317 5738 or
2357 5721 2371 5737 .

2259 5700 2371 5739 OTD.
