  <div class='ocr_page' id='page_1' title='image "/cluster/home/n/w/nwhite01/storage/ocr_20150623/71/hvd.32044054758743/205.png"; bbox 0 0 3966 6348; ppageno 0'>
   <div class='ocr_carea' id='block_1_1' title="bbox 486 308 595 363">
    <p class='ocr_par' dir='ltr' id='par_1_1' title="bbox 486 308 595 363">
     <span class='ocr_line' id='line_1_1' title="bbox 486 308 595 363; baseline -0.037 -1"><span class='ocrx_word' id='word_1_1' title='bbox 486 308 595 363; x_wconf 73' lang='grc'><strong>395</strong></span> 
     </span>
    </p>
   </div>
   <div class='ocr_carea' id='block_1_2' title="bbox 1476 296 2728 355">
    <p class='ocr_par' dir='ltr' id='par_1_2' title="bbox 1476 296 2728 355">
     <span class='ocr_line' id='line_1_2' title="bbox 1476 296 2728 355; baseline -0.001 0"><span class='ocrx_word' id='word_1_2' title='bbox 1476 301 1535 355; x_wconf 86' lang='lat' dir='ltr'><strong>S.</strong></span> <span class='ocrx_word' id='word_1_3' title='bbox 1577 298 1904 354; x_wconf 73' lang='lat' dir='ltr'><strong>GREGORII</strong></span> <span class='ocrx_word' id='word_1_4' title='bbox 1946 296 2251 353; x_wconf 62' lang='lat' dir='ltr'><strong>EPISCOI&#39;I</strong></span> <span class='ocrx_word' id='word_1_5' title='bbox 2294 297 2728 355; x_wconf 74' lang='lat' dir='ltr'><strong>TURUNENSIS</strong></span> 
     </span>
    </p>
   </div>
   <div class='ocr_carea' id='block_1_3' title="bbox 3648 304 3755 363">
    <p class='ocr_par' dir='ltr' id='par_1_3' title="bbox 3648 304 3755 363">
     <span class='ocr_line' id='line_1_3' title="bbox 3648 304 3755 363; baseline 0.009 -1"><span class='ocrx_word' id='word_1_6' title='bbox 3648 304 3755 363; x_wconf 51' lang='lat'><strong>3‘33</strong></span> 
     </span>
    </p>
   </div>
   <div class='ocr_carea' id='block_1_4' title="bbox 482 397 3754 485">
    <p class='ocr_par' dir='ltr' id='par_1_4' title="bbox 482 397 3754 485">
     <span class='ocr_line' id='line_1_4' title="bbox 482 397 3754 485; baseline 0.001 -12"><span class='ocrx_word' id='word_1_7' title='bbox 482 420 663 475; x_wconf 87' lang='lat' dir='ltr'><strong>vernis</strong></span> <span class='ocrx_word' id='word_1_8' title='bbox 690 416 893 471; x_wconf 77' lang='lat' dir='ltr'><strong>.dduxlt</strong></span> <span class='ocrx_word' id='word_1_9' title='bbox 920 428 938 470; x_wconf 86' lang='lat'><strong><em>:</em></strong></span> <span class='ocrx_word' id='word_1_10' title='bbox 962 412 1057 470; x_wconf 91' lang='lat' dir='ltr'><strong>sed</strong></span> <span class='ocrx_word' id='word_1_11' title='bbox 1086 419 1208 482; x_wconf 89' lang='lat' dir='ltr'><strong>post</strong></span> <span class='ocrx_word' id='word_1_12' title='bbox 1235 425 1430 481; x_wconf 82' lang='lat' dir='ltr'><strong>paucos</strong></span> <span class='ocrx_word' id='word_1_13' title='bbox 1470 409 1589 465; x_wconf 90' lang='lat' dir='ltr'><strong>dies</strong></span> <span class='ocrx_word' id='word_1_14' title='bbox 1617 412 1945 465; x_wconf 81' lang='lat' dir='ltr'><strong>Avenionem</strong></span> <span class='ocrx_word' id='word_1_15' title='bbox 1973 425 2056 464; x_wconf 81' lang='lat' dir='ltr'><strong>re-</strong></span> <span class='ocrx_word' id='word_1_16' title='bbox 2086 414 2133 470; x_wconf 83' lang='grc' dir='ltr'>Α</span> <span class='ocrx_word' id='word_1_17' title='bbox 2166 410 2354 479; x_wconf 84' lang='lat' dir='ltr'><strong>puellae</strong></span> <span class='ocrx_word' id='word_1_18' title='bbox 2382 411 2599 466; x_wconf 80' lang='lat' dir='ltr'><strong>Michael</strong></span> <span class='ocrx_word' id='word_1_19' title='bbox 2645 412 2863 481; x_wconf 82' lang='lat' dir='ltr'><strong>angelus</strong></span> <span class='ocrx_word' id='word_1_20' title='bbox 2891 397 3148 482; x_wconf 84' lang='lat' dir='ltr'><strong>suscepit,</strong></span> <span class='ocrx_word' id='word_1_21' title='bbox 3174 424 3227 469; x_wconf 90' lang='lat' dir='ltr'><strong>et</strong></span> <span class='ocrx_word' id='word_1_22' title='bbox 3251 416 3364 485; x_wconf 88' lang='lat' dir='ltr'><strong>ipse</strong></span> <span class='ocrx_word' id='word_1_23' title='bbox 3391 432 3512 473; x_wconf 87' lang='lat' dir='ltr'><strong>eam</strong></span> <span class='ocrx_word' id='word_1_24' title='bbox 3543 422 3615 472; x_wconf 84' lang='lat' dir='ltr'><strong>ad</strong></span> <span class='ocrx_word' id='word_1_25' title='bbox 3640 437 3754 477; x_wconf 66' lang='lat' dir='ltr'><strong>cte-</strong></span> 
     </span>
    </p>
   </div>
   <div class='ocr_carea' id='block_1_5' title="bbox 521 518 832 565">
    <p class='ocr_par' dir='ltr' id='par_1_5' title="bbox 521 518 832 565">
     <span class='ocr_line' id='line_1_5' title="bbox 521 518 832 565; baseline -0.01 0"><span class='ocrx_word' id='word_1_26' title='bbox 521 525 699 565; x_wconf 86' lang='lat' dir='ltr'><strong>t&#39;essus</strong></span> <span class='ocrx_word' id='word_1_27' title='bbox 728 518 832 563; x_wconf 85' lang='lat' dir='ltr'><strong>est.</strong></span> 
     </span>
    </p>
   </div>
   <div class='ocr_carea' id='block_1_6' title="bbox 486 530 2061 667">
    <p class='ocr_par' dir='ltr' id='par_1_6' title="bbox 486 530 2061 667">
     <span class='ocr_line' id='line_1_6' title="bbox 486 530 2061 667; baseline -0.006 -13"><span class='ocrx_word' id='word_1_28' title='bbox 486 530 1132 663; x_wconf 40' lang='lat' dir='ltr'><strong>“fﬁsxuilflébilpericus</strong></span> <span class='ocrx_word' id='word_1_29' title='bbox 1157 611 1247 650; x_wconf 77' lang='lat' dir='ltr'><strong>rex</strong></span> <span class='ocrx_word' id='word_1_30' title='bbox 1279 596 1439 667; x_wconf 78' lang='lat'><strong>301</strong></span> <span class='ocrx_word' id='word_1_31' title='bbox 1470 593 1645 664; x_wconf 84' lang='lat' dir='ltr'><strong>pridie</strong></span> <span class='ocrx_word' id='word_1_32' title='bbox 1668 608 1827 662; x_wconf 89' lang='lat' dir='ltr'><strong>quam</strong></span> <span class='ocrx_word' id='word_1_33' title='bbox 1859 591 2061 647; x_wconf 80' lang='lat' dir='ltr'><strong>Pascha</strong></span> 
     </span>
    </p>
   </div>
   <div class='ocr_carea' id='block_1_7' title="bbox 475 683 2059 755">
    <p class='ocr_par' dir='ltr' id='par_1_7' title="bbox 475 683 2059 755">
     <span class='ocr_line' id='line_1_7' title="bbox 475 683 2059 755; baseline -0.008 -6"><span class='ocrx_word' id='word_1_34' title='bbox 475 691 867 755; x_wconf 70' lang='lat' dir='ltr'><strong>celebraretur,</strong></span> <span class='ocrx_word' id='word_1_35' title='bbox 893 688 1123 744; x_wconf 70' lang='lat' dir='ltr'><strong>Parisios</strong></span> <span class='ocrx_word' id='word_1_36' title='bbox 1147 688 1298 742; x_wconf 88' lang='lat' dir='ltr'><strong>abiit.</strong></span> <span class='ocrx_word' id='word_1_37' title='bbox 1332 688 1397 740; x_wconf 87' lang='lat' dir='ltr'><strong>Et</strong></span> <span class='ocrx_word' id='word_1_38' title='bbox 1425 697 1483 740; x_wconf 91' lang='lat' dir='ltr'><strong>ut</strong></span> <span class='ocrx_word' id='word_1_39' title='bbox 1512 684 1819 748; x_wconf 87' lang='lat' dir='ltr'><strong>maledicto,</strong></span> <span class='ocrx_word' id='word_1_40' title='bbox 1842 683 1981 752; x_wconf 90' lang='lat' dir='ltr'><strong>quod</strong></span> <span class='ocrx_word' id='word_1_41' title='bbox 2007 683 2059 737; x_wconf 92' lang='lat' dir='ltr'><strong>in</strong></span> 
     </span>
    </p>
   </div>
   <div class='ocr_carea' id='block_1_8' title="bbox 483 774 2061 853">
    <p class='ocr_par' dir='ltr' id='par_1_8' title="bbox 483 774 2061 853">
     <span class='ocr_line' id='line_1_8' title="bbox 483 774 2061 853; baseline -0.006 -17"><span class='ocrx_word' id='word_1_42' title='bbox 483 780 726 853; x_wconf 67' lang='lat' dir='ltr'><strong>pactione</strong></span> <span class='ocrx_word' id='word_1_43' title='bbox 753 794 845 833; x_wconf 88' lang='lat' dir='ltr'><strong>sua</strong></span> <span class='ocrx_word' id='word_1_44' title='bbox 868 788 924 833; x_wconf 87' lang='lat' dir='ltr'><strong>et</strong></span> <span class='ocrx_word' id='word_1_45' title='bbox 950 778 1170 832; x_wconf 77' lang='lat' dir='ltr'><strong>fratrum</strong></span> <span class='ocrx_word' id='word_1_46' title='bbox 1199 791 1417 831; x_wconf 92' lang='lat' dir='ltr'><strong>suorum</strong></span> <span class='ocrx_word' id='word_1_47' title='bbox 1448 774 1807 843; x_wconf 91' lang='lat' dir='ltr'><strong>conscriptum</strong></span> <span class='ocrx_word' id='word_1_48' title='bbox 1836 780 1973 838; x_wconf 87' lang='lat' dir='ltr'><strong>erat,</strong></span> <span class='ocrx_word' id='word_1_49' title='bbox 2003 781 2061 826; x_wconf 94' lang='lat' dir='ltr'><strong>ut</strong></span> 
     </span>
    </p>
   </div>
   <div class='ocr_carea' id='block_1_9' title="bbox 481 865 2061 931">
    <p class='ocr_par' dir='ltr' id='par_1_9' title="bbox 481 865 2061 931">
     <span class='ocr_line' id='line_1_9' title="bbox 481 865 2061 931; baseline -0.005 -5"><span class='ocrx_word' id='word_1_50' title='bbox 481 873 658 929; x_wconf 90' lang='lat' dir='ltr'><strong>nullus</strong></span> <span class='ocrx_word' id='word_1_51' title='bbox 686 887 876 927; x_wconf 86' lang='lat' dir='ltr'><strong>eorum</strong></span> <span class='ocrx_word' id='word_1_52' title='bbox 905 870 1138 926; x_wconf 81' lang='lat' dir='ltr'><strong>Parisios</strong></span> <span class='ocrx_word' id='word_1_53' title='bbox 1168 870 1285 923; x_wconf 85' lang='lat' dir='ltr'><strong>sine</strong></span> <span class='ocrx_word' id='word_1_54' title='bbox 1330 869 1550 923; x_wconf 76' lang='lat' dir='ltr'><strong>alterius</strong></span> <span class='ocrx_word' id='word_1_55' title='bbox 1578 866 1844 920; x_wconf 83' lang='lat' dir='ltr'><strong>voluntate</strong></span> <span class='ocrx_word' id='word_1_56' title='bbox 1887 865 2061 931; x_wconf 80' lang='lat' dir='ltr'><strong>ingre-</strong></span> 
     </span>
    </p>
   </div>
   <div class='ocr_carea' id='block_1_10' title="bbox 481 954 2059 1031">
    <p class='ocr_par' dir='ltr' id='par_1_10' title="bbox 481 954 2059 1031">
     <span class='ocr_line' id='line_1_10' title="bbox 481 954 2059 1031; baseline -0.006 -13"><span class='ocrx_word' id='word_1_57' title='bbox 481 966 697 1020; x_wconf 89' lang='lat' dir='ltr'><strong>deretur</strong></span> <span class='ocrx_word' id='word_1_58' title='bbox 749 966 765 1028; x_wconf 96' lang='lat'><strong>(</strong></span> <span class='ocrx_word' id='word_1_59' title='bbox 782 963 844 1019; x_wconf 84' lang='lat' dir='ltr'><strong>V.</strong></span> <span class='ocrx_word' id='word_1_60' title='bbox 869 961 961 1018; x_wconf 85' lang='lat' dir='ltr'><strong>lib.</strong></span> <span class='ocrx_word' id='word_1_61' title='bbox 983 976 1078 1025; x_wconf 84' lang='lat' dir='ltr'><strong>vn,</strong></span> <span class='ocrx_word' id='word_1_62' title='bbox 1108 977 1156 1015; x_wconf 86' lang='lat' dir='ltr'><strong>c.</strong></span> <span class='ocrx_word' id='word_1_63' title='bbox 1206 958 1287 1031; x_wconf 85' lang='lat'><strong>6),</strong></span> <span class='ocrx_word' id='word_1_64' title='bbox 1335 972 1521 1013; x_wconf 84' lang='lat' dir='ltr'><strong>careie</strong></span> <span class='ocrx_word' id='word_1_65' title='bbox 1572 968 1773 1027; x_wconf 81' lang='lat' dir='ltr'><strong>posset,</strong></span> <span class='ocrx_word' id='word_1_66' title='bbox 1818 954 2059 1022; x_wconf 86' lang='lat' dir='ltr'><strong>reliquiis</strong></span> 
     </span>
    </p>
   </div>
   <div class='ocr_carea' id='block_1_11' title="bbox 477 1047 2060 1119">
    <p class='ocr_par' dir='ltr' id='par_1_11' title="bbox 477 1047 2060 1119">
     <span class='ocr_line' id='line_1_11' title="bbox 477 1047 2060 1119; baseline -0.009 -9"><span class='ocrx_word' id='word_1_67' title='bbox 477 1065 781 1110; x_wconf 82' lang='lat' dir='ltr'><strong>sanctorum</strong></span> <span class='ocrx_word' id='word_1_68' title='bbox 798 1056 1086 1107; x_wconf 88' lang='lat' dir='ltr'><strong>multorum</strong></span> <span class='ocrx_word' id='word_1_69' title='bbox 1109 1050 1552 1119; x_wconf 72' lang='lat' dir='ltr'><strong>prmeedentibus,</strong></span> <span class='ocrx_word' id='word_1_70' title='bbox 1577 1048 1763 1101; x_wconf 83' lang='lat' dir='ltr'><strong>urbem</strong></span> <span class='ocrx_word' id='word_1_71' title='bbox 1788 1047 2060 1114; x_wconf 81' lang='lat' dir='ltr'><strong>ingressus</strong></span> 
     </span>
    </p>
   </div>
   <div class='ocr_carea' id='block_1_12' title="bbox 477 1136 2054 1217">
    <p class='ocr_par' dir='ltr' id='par_1_12' title="bbox 477 1136 2054 1217">
     <span class='ocr_line' id='line_1_12' title="bbox 477 1136 2054 1217; baseline -0.013 -10"><span class='ocrx_word' id='word_1_72' title='bbox 477 1157 602 1217; x_wconf 88' lang='lat' dir='ltr'><strong>est;</strong></span> <span class='ocrx_word' id='word_1_73' title='bbox 625 1148 848 1217; x_wconf 85' lang='lat' dir='ltr'><strong>diesque</strong></span> <span class='ocrx_word' id='word_1_74' title='bbox 871 1145 1091 1200; x_wconf 65' lang='lat' dir='ltr'><strong>Pascha;</strong></span> <span class='ocrx_word' id='word_1_75' title='bbox 1140 1157 1262 1197; x_wconf 90' lang='lat' dir='ltr'><strong>cum</strong></span> <span class='ocrx_word' id='word_1_76' title='bbox 1294 1141 1463 1195; x_wconf 89' lang='lat' dir='ltr'><strong>multa</strong></span> <span class='ocrx_word' id='word_1_77' title='bbox 1502 1138 1836 1208; x_wconf 86' lang='lat' dir='ltr'><strong>jocunditate</strong></span> <span class='ocrx_word' id='word_1_78' title='bbox 1867 1136 2054 1199; x_wconf 88' lang='lat' dir='ltr'><strong>lenuit,</strong></span> 
     </span>
    </p>
   </div>
   <div class='ocr_carea' id='block_1_13' title="bbox 477 1227 2058 1309">
    <p class='ocr_par' dir='ltr' id='par_1_13' title="bbox 477 1227 2058 1309">
     <span class='ocr_line' id='line_1_13' title="bbox 477 1227 2058 1309; baseline -0.013 -10"><span class='ocrx_word' id='word_1_79' title='bbox 477 1244 751 1309; x_wconf 80' lang='lat' dir='ltr'><strong>ﬁliumque</strong></span> <span class='ocrx_word' id='word_1_80' title='bbox 770 1252 925 1292; x_wconf 90' lang='lat' dir='ltr'><strong>suum</strong></span> <span class='ocrx_word' id='word_1_81' title='bbox 979 1233 1242 1302; x_wconf 89' lang='lat' dir='ltr'><strong>baptismo</strong></span> <span class='ocrx_word' id='word_1_82' title='bbox 1273 1231 1507 1290; x_wconf 87' lang='lat' dir='ltr'><strong>tradidit.</strong></span> <span class='ocrx_word' id='word_1_83' title='bbox 1550 1244 1707 1299; x_wconf 85' lang='lat' dir='ltr'><strong>quem</strong></span> <span class='ocrx_word' id='word_1_84' title='bbox 1755 1227 2058 1296; x_wconf 82' lang='lat' dir='ltr'><strong>Ragnemo-</strong></span> 
     </span>
    </p>
   </div>
   <div class='ocr_carea' id='block_1_14' title="bbox 472 1318 2053 1402">
    <p class='ocr_par' dir='ltr' id='par_1_14' title="bbox 472 1318 2053 1402">
     <span class='ocr_line' id='line_1_14' title="bbox 472 1318 2053 1402; baseline -0.011 -13"><span class='ocrx_word' id='word_1_85' title='bbox 472 1336 574 1389; x_wconf 81' lang='lat' dir='ltr'><strong>dus</strong></span> <span class='ocrx_word' id='word_1_86' title='bbox 603 1332 769 1402; x_wconf 83' lang='lat' dir='ltr'><strong>ipsius</strong></span> <span class='ocrx_word' id='word_1_87' title='bbox 793 1329 940 1383; x_wconf 82' lang='lat' dir='ltr'><strong>urbis</strong></span> <span class='ocrx_word' id='word_1_88' title='bbox 969 1326 1219 1381; x_wconf 86' lang='lat' dir='ltr'><strong>sacerdos</strong></span> <span class='ocrx_word' id='word_1_89' title='bbox 1247 1324 1314 1378; x_wconf 89' lang='lat' dir='ltr'><strong>de</strong></span> <span class='ocrx_word' id='word_1_90' title='bbox 1340 1324 1553 1378; x_wconf 86' lang='lat' dir='ltr'><strong>lavacro</strong></span> <span class='ocrx_word' id='word_1_91' title='bbox 1580 1329 1768 1376; x_wconf 85' lang='lat' dir='ltr'><strong>sancto</strong></span> <span class='ocrx_word' id='word_1_92' title='bbox 1796 1318 2053 1387; x_wconf 83' lang='lat' dir='ltr'><strong>suscepit,</strong></span> 
     </span>
    </p>
   </div>
   <div class='ocr_carea' id='block_1_15' title="bbox 470 1413 1736 1494">
    <p class='ocr_par' dir='ltr' id='par_1_15' title="bbox 470 1413 1736 1494">
     <span class='ocr_line' id='line_1_15' title="bbox 470 1413 1736 1494; baseline -0.01 -14"><span class='ocrx_word' id='word_1_93' title='bbox 470 1426 753 1494; x_wconf 74' lang='lat' dir='ltr'><strong>ipsumque</strong></span> <span class='ocrx_word' id='word_1_94' title='bbox 794 1418 1185 1474; x_wconf 76' lang='lat' dir='ltr'><strong>Theodericum</strong></span> <span class='ocrx_word' id='word_1_95' title='bbox 1215 1414 1433 1468; x_wconf 87' lang='lat' dir='ltr'><strong>vocitari</strong></span> <span class='ocrx_word' id='word_1_96' title='bbox 1462 1413 1736 1481; x_wconf 72' lang='lat' dir='ltr'><strong>praecepit.</strong></span> 
     </span>
    </p>
   </div>
   <div class='ocr_carea' id='block_1_16' title="bbox 546 1498 2051 1574">
    <p class='ocr_par' dir='ltr' id='par_1_16' title="bbox 546 1498 2051 1574">
     <span class='ocr_line' id='line_1_16' title="bbox 546 1498 2051 1574; baseline -0.011 -8"><span class='ocrx_word' id='word_1_97' title='bbox 546 1509 781 1566; x_wconf 79' lang='lat' dir='ltr'><strong>XXVIII.</strong></span> <span class='ocrx_word' id='word_1_98' title='bbox 805 1508 1012 1562; x_wconf 71' lang='lat' dir='ltr'><strong>Marcus</strong></span> <span class='ocrx_word' id='word_1_99' title='bbox 1038 1518 1250 1574; x_wconf 88' lang='lat' dir='ltr'><strong>quoque</strong></span> <span class='ocrx_word' id='word_1_100' title='bbox 1273 1502 1686 1565; x_wconf 83' lang='lat' dir='ltr'><strong>referendarius,</strong></span> <span class='ocrx_word' id='word_1_101' title='bbox 1711 1498 1865 1569; x_wconf 86' lang='lat' dir='ltr'><strong>cujus</strong></span> <span class='ocrx_word' id='word_1_102' title='bbox 1889 1511 2051 1564; x_wconf 80' lang='lat' dir='ltr'><strong>supra</strong></span> 
     </span>
    </p>
   </div>
   <div class='ocr_carea' id='block_1_17' title="bbox 472 1588 2052 1670">
    <p class='ocr_par' dir='ltr' id='par_1_17' title="bbox 472 1588 2052 1670">
     <span class='ocr_line' id='line_1_17' title="bbox 472 1588 2052 1670; baseline -0.012 -9"><span class='ocrx_word' id='word_1_103' title='bbox 472 1604 817 1661; x_wconf 83' lang='lat' dir='ltr'><strong>meminimus</strong></span> <span class='ocrx_word' id='word_1_104' title='bbox 860 1598 977 1670; x_wconf 85' lang='lat' dir='ltr'><strong>(lib.</strong></span> <span class='ocrx_word' id='word_1_105' title='bbox 1017 1612 1071 1661; x_wconf 89' lang='lat' dir='ltr'><strong>v,</strong></span> <span class='ocrx_word' id='word_1_106' title='bbox 1096 1613 1218 1667; x_wconf 73' lang='lat' dir='ltr'><strong>cap.</strong></span> <span class='ocrx_word' id='word_1_107' title='bbox 1252 1594 1369 1661; x_wconf 73' lang='lat'><strong>29),</strong></span> <span class='ocrx_word' id='word_1_108' title='bbox 1419 1603 1539 1663; x_wconf 82' lang='lat' dir='ltr'><strong>post</strong></span> <span class='ocrx_word' id='word_1_109' title='bbox 1584 1601 1933 1661; x_wconf 81' lang='lat' dir='ltr'><strong>congregatos</strong></span> <span class='ocrx_word' id='word_1_110' title='bbox 1983 1588 2052 1643; x_wconf 90' lang='lat' dir='ltr'><strong>de</strong></span> 
     </span>
    </p>
   </div>
   <div class='ocr_carea' id='block_1_18' title="bbox 470 1682 2051 1763">
    <p class='ocr_par' dir='ltr' id='par_1_18' title="bbox 470 1682 2051 1763">
     <span class='ocr_line' id='line_1_18' title="bbox 470 1682 2051 1763; baseline -0.008 -15"><span class='ocrx_word' id='word_1_111' title='bbox 470 1694 664 1763; x_wconf 87' lang='lat' dir='ltr'><strong>iniquis</strong></span> <span class='ocrx_word' id='word_1_112' title='bbox 709 1686 1159 1758; x_wconf 80' lang='lat' dir='ltr'><strong>descriptionibus</strong></span> <span class='ocrx_word' id='word_1_113' title='bbox 1199 1684 1479 1738; x_wconf 81' lang='lat' dir='ltr'><strong>thesauros</strong></span> <span class='ocrx_word' id='word_1_114' title='bbox 1500 1723 1515 1748; x_wconf 93' lang='lat'><strong>,</strong></span> <span class='ocrx_word' id='word_1_115' title='bbox 1539 1682 1715 1736; x_wconf 90' lang='lat' dir='ltr'><strong>subite</strong></span> <span class='ocrx_word' id='word_1_116' title='bbox 1743 1682 1925 1735; x_wconf 83' lang='lat' dir='ltr'><strong>lateris</strong></span> <span class='ocrx_word' id='word_1_117' title='bbox 1954 1682 2051 1735; x_wconf 84' lang='lat' dir='ltr'><strong>du-</strong></span> 
     </span>
    </p>
   </div>
   <div class='ocr_carea' id='block_1_19' title="bbox 2167 502 3750 579">
    <p class='ocr_par' dir='ltr' id='par_1_19' title="bbox 2167 502 3750 579">
     <span class='ocr_line' id='line_1_19' title="bbox 2167 502 3750 579; baseline 0.009 -24"><span class='ocrx_word' id='word_1_118' title='bbox 2167 502 2249 556; x_wconf 91' lang='lat' dir='ltr'><strong>los</strong></span> <span class='ocrx_word' id='word_1_119' title='bbox 2276 503 2476 557; x_wconf 86' lang='lat' dir='ltr'><strong>evehit.</strong></span> <span class='ocrx_word' id='word_1_120' title='bbox 2510 503 2765 573; x_wconf 83' lang='lat' dir='ltr'><strong>Princeps</strong></span> <span class='ocrx_word' id='word_1_121' title='bbox 2793 521 2919 560; x_wconf 90' lang='lat' dir='ltr'><strong>vero</strong></span> <span class='ocrx_word' id='word_1_122' title='bbox 2946 518 3148 569; x_wconf 90' lang='lat' dir='ltr'><strong>noster,</strong></span> <span class='ocrx_word' id='word_1_123' title='bbox 3176 524 3332 579; x_wconf 84' lang='lat' dir='ltr'><strong>quem</strong></span> <span class='ocrx_word' id='word_1_124' title='bbox 3365 526 3460 565; x_wconf 90' lang='lat' dir='ltr'><strong>vos</strong></span> <span class='ocrx_word' id='word_1_125' title='bbox 3480 511 3750 570; x_wconf 60' lang='lat' dir='ltr'><strong>diabolum</strong></span> 
     </span>
    </p>
   </div>
   <div class='ocr_carea' id='block_1_20' title="bbox 2165 595 3750 674">
    <p class='ocr_par' dir='ltr' id='par_1_20' title="bbox 2165 595 3750 674">
     <span class='ocr_line' id='line_1_20' title="bbox 2165 595 3750 674; baseline 0.009 -27"><span class='ocrx_word' id='word_1_126' title='bbox 2165 595 2453 649; x_wconf 89' lang='lat' dir='ltr'><strong>nominatis</strong></span> <span class='ocrx_word' id='word_1_127' title='bbox 2496 595 2627 648; x_wconf 83' lang='lat' dir='ltr'><strong>nihil</strong></span> <span class='ocrx_word' id='word_1_128' title='bbox 2662 596 2711 648; x_wconf 91' lang='lat' dir='ltr'><strong>in</strong></span> <span class='ocrx_word' id='word_1_129' title='bbox 2742 610 2805 651; x_wconf 84' lang='lat' dir='ltr'><strong>ca</strong></span> <span class='ocrx_word' id='word_1_130' title='bbox 2852 598 3220 665; x_wconf 87' lang='lat' dir='ltr'><strong>participatur.</strong></span> <span class='ocrx_word' id='word_1_131' title='bbox 3248 601 3371 654; x_wconf 81' lang='lat' dir='ltr'><strong>Post</strong></span> <span class='ocrx_word' id='word_1_132' title='bbox 3395 601 3512 657; x_wconf 75' lang='lat' dir='ltr'><strong>luce</strong></span> <span class='ocrx_word' id='word_1_133' title='bbox 3551 619 3750 674; x_wconf 63' lang='lat' dir='ltr'><strong>corpus</strong></span> 
     </span>
    </p>
   </div>
   <div class='ocr_carea' id='block_1_21' title="bbox 2162 685 3754 764">
    <p class='ocr_par' dir='ltr' id='par_1_21' title="bbox 2162 685 3754 764">
     <span class='ocr_line' id='line_1_21' title="bbox 2162 685 3754 764; baseline 0.008 -26"><span class='ocrx_word' id='word_1_134' title='bbox 2162 685 2313 751; x_wconf 85' lang='lat' dir='ltr'><strong>aquis</strong></span> <span class='ocrx_word' id='word_1_135' title='bbox 2366 686 2604 740; x_wconf 86' lang='lat' dir='ltr'><strong>ablutum</strong></span> <span class='ocrx_word' id='word_1_136' title='bbox 2635 687 2707 741; x_wconf 83' lang='lat' dir='ltr'><strong>ita</strong></span> <span class='ocrx_word' id='word_1_137' title='bbox 2751 686 2777 723; x_wconf 76' lang='grc' dir='ltr'><em>ει</em></span> <span class='ocrx_word' id='word_1_138' title='bbox 2820 689 3055 744; x_wconf 80' lang='lat' dir='ltr'><strong>candore</strong></span> <span class='ocrx_word' id='word_1_139' title='bbox 3110 692 3268 746; x_wconf 88' lang='lat' dir='ltr'><strong>niveo</strong></span> <span class='ocrx_word' id='word_1_140' title='bbox 3321 695 3639 764; x_wconf 83' lang='lat' dir='ltr'><strong>refulgebat.</strong></span> <span class='ocrx_word' id='word_1_141' title='bbox 3691 708 3754 751; x_wconf 89' lang='lat' dir='ltr'><strong>ut</strong></span> 
     </span>
    </p>
   </div>
   <div class='ocr_carea' id='block_1_22' title="bbox 2164 777 3747 853">
    <p class='ocr_par' dir='ltr' id='par_1_22' title="bbox 2164 777 3747 853">
     <span class='ocr_line' id='line_1_22' title="bbox 2164 777 3747 853; baseline 0.008 -24"><span class='ocrx_word' id='word_1_142' title='bbox 2164 777 2370 832; x_wconf 83' lang='lat' dir='ltr'><strong>nullum</strong></span> <span class='ocrx_word' id='word_1_143' title='bbox 2442 778 2663 834; x_wconf 87' lang='lat' dir='ltr'><strong>linteum</strong></span> <span class='ocrx_word' id='word_1_144' title='bbox 2744 782 2982 849; x_wconf 89' lang='lat' dir='ltr'><strong>reperire</strong></span> <span class='ocrx_word' id='word_1_145' title='bbox 3045 783 3311 838; x_wconf 79' lang='lat' dir='ltr'><strong>abbatissa</strong></span> <span class='ocrx_word' id='word_1_146' title='bbox 3390 787 3650 853; x_wconf 84' lang='lat' dir='ltr'><strong>potuisset</strong></span> <span class='ocrx_word' id='word_1_147' title='bbox 3693 790 3747 842; x_wconf 89' lang='lat' dir='ltr'><strong>in</strong></span> 
     </span>
    </p>
   </div>
   <div class='ocr_carea' id='block_1_23' title="bbox 2166 870 3747 941">
    <p class='ocr_par' dir='ltr' id='par_1_23' title="bbox 2166 870 3747 941">
     <span class='ocr_line' id='line_1_23' title="bbox 2166 870 3747 941; baseline 0.007 -21"><span class='ocrx_word' id='word_1_148' title='bbox 2166 879 2436 937; x_wconf 90' lang='lat' dir='ltr'><strong>promptu,</strong></span> <span class='ocrx_word' id='word_1_149' title='bbox 2461 870 2600 937; x_wconf 89' lang='lat' dir='ltr'><strong>quod</strong></span> <span class='ocrx_word' id='word_1_150' title='bbox 2631 884 2856 939; x_wconf 80' lang='lat' dir='ltr'><strong>corpore</strong></span> <span class='ocrx_word' id='word_1_151' title='bbox 2877 870 3156 927; x_wconf 82' lang='lat' dir='ltr'><strong>candidius</strong></span> <span class='ocrx_word' id='word_1_152' title='bbox 3182 884 3497 929; x_wconf 82' lang='lat' dir='ltr'><strong>cerneretur</strong></span> <span class='ocrx_word' id='word_1_153' title='bbox 3518 917 3532 941; x_wconf 93' lang='lat'><strong>,</strong></span> <span class='ocrx_word' id='word_1_154' title='bbox 3561 878 3747 931; x_wconf 89' lang='lat' dir='ltr'><strong>induta</strong></span> 
     </span>
    </p>
   </div>
   <div class='ocr_carea' id='block_1_24' title="bbox 2162 958 3755 1033">
    <p class='ocr_par' dir='ltr' id='par_1_24' title="bbox 2162 958 3755 1033">
     <span class='ocr_line' id='line_1_24' title="bbox 2162 958 3755 1033; baseline 0.009 -22"><span class='ocrx_word' id='word_1_155' title='bbox 2162 968 2335 1013; x_wconf 87' lang='lat' dir='ltr'><strong>tamen</strong></span> <span class='ocrx_word' id='word_1_156' title='bbox 2359 961 2537 1015; x_wconf 85' lang='lat' dir='ltr'><strong>linteis</strong></span> <span class='ocrx_word' id='word_1_157' title='bbox 2569 962 2803 1026; x_wconf 89' lang='lat' dir='ltr'><strong>mundis,</strong></span> <span class='ocrx_word' id='word_1_158' title='bbox 2829 964 3118 1033; x_wconf 62' lang='lat' dir='ltr'><strong>sepulturae</strong></span> <span class='ocrx_word' id='word_1_159' title='bbox 3158 968 3405 1022; x_wconf 86' lang='lat' dir='ltr'><strong>mandata</strong></span> <span class='ocrx_word' id='word_1_160' title='bbox 3453 982 3555 1024; x_wconf 84' lang='lat' dir='ltr'><strong>est.</strong></span> <span class='ocrx_word' id='word_1_161' title='bbox 3609 958 3755 1026; x_wconf 55' lang='lat' dir='ltr'><strong>Nan;</strong></span> 
     </span>
    </p>
   </div>
   <div class='ocr_carea' id='block_1_25' title="bbox 2159 1051 3745 1128">
    <p class='ocr_par' dir='ltr' id='par_1_25' title="bbox 2159 1051 3745 1128">
     <span class='ocr_line' id='line_1_25' title="bbox 2159 1051 3745 1128; baseline 0.008 -25"><span class='ocrx_word' id='word_1_162' title='bbox 2159 1058 2213 1103; x_wconf 87' lang='lat' dir='ltr'><strong>et</strong></span> <span class='ocrx_word' id='word_1_163' title='bbox 2266 1051 2370 1103; x_wconf 90' lang='lat' dir='ltr'><strong>alia</strong></span> <span class='ocrx_word' id='word_1_164' title='bbox 2409 1051 2582 1119; x_wconf 81' lang='lat' dir='ltr'><strong>puella</strong></span> <span class='ocrx_word' id='word_1_165' title='bbox 2617 1051 2775 1122; x_wconf 83' lang='lat' dir='ltr'><strong>hujus</strong></span> <span class='ocrx_word' id='word_1_166' title='bbox 2822 1055 3132 1110; x_wconf 82' lang='lat' dir='ltr'><strong>nienasterii</strong></span> <span class='ocrx_word' id='word_1_167' title='bbox 3179 1057 3349 1111; x_wconf 78' lang='lat' dir='ltr'><strong>visum</strong></span> <span class='ocrx_word' id='word_1_168' title='bbox 3380 1060 3551 1125; x_wconf 62' lang='lat' dir='ltr'><strong>vidit,</strong></span> <span class='ocrx_word' id='word_1_169' title='bbox 3597 1063 3745 1128; x_wconf 87' lang='lat' dir='ltr'><strong>quod</strong></span> 
     </span>
    </p>
   </div>
   <div class='ocr_carea' id='block_1_26' title="bbox 2155 1139 3744 1218">
    <p class='ocr_par' dir='ltr' id='par_1_26' title="bbox 2155 1139 3744 1218">
     <span class='ocr_line' id='line_1_26' title="bbox 2155 1139 3744 1218; baseline 0.008 -27"><span class='ocrx_word' id='word_1_170' title='bbox 2155 1139 2428 1193; x_wconf 81' lang='lat' dir='ltr'><strong>sororibus</strong></span> <span class='ocrx_word' id='word_1_171' title='bbox 2460 1141 2663 1194; x_wconf 86' lang='lat' dir='ltr'><strong>retulit.</strong></span> <span class='ocrx_word' id='word_1_172' title='bbox 2715 1141 2960 1207; x_wconf 84' lang='lat' dir='ltr'><strong>Putabat,</strong></span> <span class='ocrx_word' id='word_1_173' title='bbox 3007 1145 3221 1214; x_wconf 91' lang='lat' dir='ltr'><strong>inquit,</strong></span> <span class='ocrx_word' id='word_1_174' title='bbox 3265 1162 3324 1201; x_wconf 88' lang='lat' dir='ltr'><strong>se</strong></span> <span class='ocrx_word' id='word_1_175' title='bbox 3373 1147 3479 1201; x_wconf 89' lang='lat' dir='ltr'><strong>iter</strong></span> <span class='ocrx_word' id='word_1_176' title='bbox 3525 1150 3744 1218; x_wconf 78' lang='lat' dir='ltr'><strong>aliquod</strong></span> 
     </span>
    </p>
   </div>
   <div class='ocr_carea' id='block_1_27' title="bbox 2156 1226 3775 1313">
    <p class='ocr_par' dir='ltr' id='par_1_27' title="bbox 2156 1226 3775 1313">
     <span class='ocr_line' id='line_1_27' title="bbox 2156 1226 3775 1313; baseline 0.01 -35"><span class='ocrx_word' id='word_1_177' title='bbox 2156 1228 2422 1284; x_wconf 76' lang='lat' dir='ltr'><strong>coniicere</strong></span> <span class='ocrx_word' id='word_1_178' title='bbox 2444 1269 2459 1292; x_wconf 91' lang='lat'><strong>,</strong></span> <span class='ocrx_word' id='word_1_179' title='bbox 2491 1240 2544 1283; x_wconf 88' lang='lat' dir='ltr'><strong>et</strong></span> <span class='ocrx_word' id='word_1_180' title='bbox 2568 1240 2685 1285; x_wconf 89' lang='lat' dir='ltr'><strong>erat</strong></span> <span class='ocrx_word' id='word_1_181' title='bbox 2709 1233 2756 1285; x_wconf 85' lang='lat' dir='ltr'><strong>ei</strong></span> <span class='ocrx_word' id='word_1_182' title='bbox 2790 1244 2969 1287; x_wconf 76' lang='lat' dir='ltr'><strong>Votum</strong></span> <span class='ocrx_word' id='word_1_183' title='bbox 3001 1245 3059 1288; x_wconf 83' lang='lat' dir='ltr'><strong>ut</strong></span> <span class='ocrx_word' id='word_1_184' title='bbox 3088 1240 3154 1288; x_wconf 90' lang='lat' dir='ltr'><strong>ad</strong></span> <span class='ocrx_word' id='word_1_185' title='bbox 3188 1237 3385 1293; x_wconf 84' lang='lat' dir='ltr'><strong>fontem</strong></span> <span class='ocrx_word' id='word_1_186' title='bbox 3418 1226 3591 1294; x_wconf 78' lang='lat' dir='ltr'><strong>vivum</strong></span> <span class='ocrx_word' id='word_1_187' title='bbox 3615 1257 3775 1313; x_wconf 86' lang='lat' dir='ltr'><strong>gra-_</strong></span> 
     </span>
    </p>
   </div>
   <div class='ocr_carea' id='block_1_28' title="bbox 2156 1316 3745 1398">
    <p class='ocr_par' dir='ltr' id='par_1_28' title="bbox 2156 1316 3745 1398">
     <span class='ocr_line' id='line_1_28' title="bbox 2156 1316 3745 1398; baseline 0.009 -27"><span class='ocrx_word' id='word_1_188' title='bbox 2156 1316 2305 1371; x_wconf 90' lang='lat' dir='ltr'><strong>diens</strong></span> <span class='ocrx_word' id='word_1_189' title='bbox 2336 1320 2668 1386; x_wconf 82' lang='lat' dir='ltr'><strong>perveniret.</strong></span> <span class='ocrx_word' id='word_1_190' title='bbox 2703 1321 2941 1392; x_wconf 74' lang='lat' dir='ltr'><strong>Cumque</strong></span> <span class='ocrx_word' id='word_1_191' title='bbox 2969 1325 3105 1378; x_wconf 84' lang='lat' dir='ltr'><strong>viam</strong></span> <span class='ocrx_word' id='word_1_192' title='bbox 3132 1329 3383 1393; x_wconf 89' lang='lat' dir='ltr'><strong>nesciret,</strong></span> <span class='ocrx_word' id='word_1_193' title='bbox 3416 1329 3499 1384; x_wconf 88' lang='lat' dir='ltr'><strong>vir</strong></span> <span class='ocrx_word' id='word_1_194' title='bbox 3525 1333 3745 1398; x_wconf 84' lang='lat' dir='ltr'><strong>quidam</strong></span> 
     </span>
    </p>
   </div>
   <div class='ocr_carea' id='block_1_29' title="bbox 2154 1404 3741 1485">
    <p class='ocr_par' dir='ltr' id='par_1_29' title="bbox 2154 1404 3741 1485">
     <span class='ocr_line' id='line_1_29' title="bbox 2154 1404 3741 1485; baseline 0.01 -23"><span class='ocrx_word' id='word_1_195' title='bbox 2154 1423 2215 1463; x_wconf 89' lang='lat' dir='ltr'><strong>se</strong></span> <span class='ocrx_word' id='word_1_196' title='bbox 2241 1408 2454 1463; x_wconf 89' lang='lat' dir='ltr'><strong>obviam</strong></span> <span class='ocrx_word' id='word_1_197' title='bbox 2484 1413 2694 1476; x_wconf 88' lang='lat' dir='ltr'><strong>obtulit,</strong></span> <span class='ocrx_word' id='word_1_198' title='bbox 2722 1414 2906 1469; x_wconf 89' lang='lat' dir='ltr'><strong>dicens</strong></span> <span class='ocrx_word' id='word_1_199' title='bbox 2933 1431 2947 1468; x_wconf 92' lang='lat'>:</span> <span class='ocrx_word' id='word_1_200' title='bbox 2980 1404 3033 1470; x_wconf 85' lang='lat' dir='ltr'><strong>Si</strong></span> <span class='ocrx_word' id='word_1_201' title='bbox 3061 1456 3075 1481; x_wconf 91' lang='lat'><strong>,</strong></span> <span class='ocrx_word' id='word_1_202' title='bbox 3102 1418 3305 1485; x_wconf 89' lang='lat' dir='ltr'><strong>inquit,</strong></span> <span class='ocrx_word' id='word_1_203' title='bbox 3334 1423 3414 1475; x_wconf 88' lang='lat' dir='ltr'><strong>vis</strong></span> <span class='ocrx_word' id='word_1_204' title='bbox 3442 1424 3507 1475; x_wconf 92' lang='lat' dir='ltr'><strong>ad</strong></span> <span class='ocrx_word' id='word_1_205' title='bbox 3539 1424 3741 1479; x_wconf 89' lang='lat' dir='ltr'><strong>fontem</strong></span> 
     </span>
    </p>
   </div>
   <div class='ocr_carea' id='block_1_30' title="bbox 2154 1503 3740 1575">
    <p class='ocr_par' dir='ltr' id='par_1_30' title="bbox 2154 1503 3740 1575">
     <span class='ocr_line' id='line_1_30' title="bbox 2154 1503 3740 1575; baseline 0.01 -21"><span class='ocrx_word' id='word_1_206' title='bbox 2154 1503 2333 1556; x_wconf 85' lang='lat' dir='ltr'><strong>vivum</strong></span> <span class='ocrx_word' id='word_1_207' title='bbox 2356 1506 2615 1558; x_wconf 88' lang='lat' dir='ltr'><strong>accedere</strong></span> <span class='ocrx_word' id='word_1_208' title='bbox 2638 1543 2654 1569; x_wconf 93' lang='lat'><strong>,</strong></span> <span class='ocrx_word' id='word_1_209' title='bbox 2688 1520 2786 1572; x_wconf 80' lang='lat' dir='ltr'><strong>ego</strong></span> <span class='ocrx_word' id='word_1_210' title='bbox 2808 1520 2901 1559; x_wconf 88' lang='lat' dir='ltr'><strong>ero</strong></span> <span class='ocrx_word' id='word_1_211' title='bbox 2930 1510 3157 1575; x_wconf 71' lang='lat' dir='ltr'><strong>prazvius</strong></span> <span class='ocrx_word' id='word_1_212' title='bbox 3188 1510 3395 1566; x_wconf 86' lang='lat' dir='ltr'><strong>it-neris</strong></span> <span class='ocrx_word' id='word_1_213' title='bbox 3426 1514 3524 1567; x_wconf 91' lang='lat' dir='ltr'><strong>tui.</strong></span> <span class='ocrx_word' id='word_1_214' title='bbox 3550 1517 3619 1567; x_wconf 80' lang='lat' dir='ltr'><strong>At</strong></span> <span class='ocrx_word' id='word_1_215' title='bbox 3650 1517 3740 1570; x_wconf 80' lang='lat' dir='ltr'><strong>illa</strong></span> 
     </span>
    </p>
   </div>
   <div class='ocr_carea' id='block_1_31' title="bbox 2152 1594 3741 1669">
    <p class='ocr_par' dir='ltr' id='par_1_31' title="bbox 2152 1594 3741 1669">
     <span class='ocr_line' id='line_1_31' title="bbox 2152 1594 3741 1669; baseline 0.008 -25"><span class='ocrx_word' id='word_1_216' title='bbox 2152 1594 2347 1660; x_wconf 73' lang='lat' dir='ltr'><strong>gratias</strong></span> <span class='ocrx_word' id='word_1_217' title='bbox 2374 1608 2559 1664; x_wconf 66' lang='lat' dir='ltr'><strong>agens,</strong></span> <span class='ocrx_word' id='word_1_218' title='bbox 2588 1598 2908 1664; x_wconf 84' lang='lat' dir='ltr'><strong>sequebatur</strong></span> <span class='ocrx_word' id='word_1_219' title='bbox 2935 1600 3345 1664; x_wconf 62' lang='lat' dir='ltr'><strong>prmcedetttetn.</strong></span> <span class='ocrx_word' id='word_1_220' title='bbox 3391 1603 3597 1669; x_wconf 79' lang='lat' dir='ltr'><strong>Quibus</strong></span> <span class='ocrx_word' id='word_1_221' title='bbox 3622 1620 3741 1657; x_wconf 76' lang='lat' dir='ltr'><strong>am-</strong></span> 
     </span>
    </p>
   </div>
   <div class='ocr_carea' id='block_1_32' title="bbox 2151 1683 3741 1763">
    <p class='ocr_par' dir='ltr' id='par_1_32' title="bbox 2151 1683 3741 1763">
     <span class='ocr_line' id='line_1_32' title="bbox 2151 1683 3741 1763; baseline 0.008 -25"><span class='ocrx_word' id='word_1_222' title='bbox 2151 1683 2458 1739; x_wconf 84' lang='lat' dir='ltr'><strong>bulantihtts</strong></span> <span class='ocrx_word' id='word_1_223' title='bbox 2491 1726 2505 1749; x_wconf 89' lang='lat'><strong>,</strong></span> <span class='ocrx_word' id='word_1_224' title='bbox 2540 1697 2898 1750; x_wconf 88' lang='lat' dir='ltr'><strong>pervenerunt</strong></span> <span class='ocrx_word' id='word_1_225' title='bbox 2937 1689 3000 1740; x_wconf 88' lang='lat' dir='ltr'><strong>ad</strong></span> <span class='ocrx_word' id='word_1_226' title='bbox 3034 1688 3239 1743; x_wconf 85' lang='lat' dir='ltr'><strong>fontem</strong></span> <span class='ocrx_word' id='word_1_227' title='bbox 3264 1708 3508 1761; x_wconf 77' lang='lat' dir='ltr'><strong>magnum</strong></span> <span class='ocrx_word' id='word_1_228' title='bbox 3537 1736 3551 1755; x_wconf 89' lang='lat'><strong>,</strong></span> <span class='ocrx_word' id='word_1_229' title='bbox 3583 1696 3741 1763; x_wconf 82' lang='lat' dir='ltr'><strong>cujus</strong></span> 
     </span>
    </p>
   </div>
   <div class='ocr_carea' id='block_1_33' title="bbox 469 1772 3739 1847">
    <p class='ocr_par' dir='ltr' id='par_1_33' title="bbox 469 1772 3739 1847">
     <span class='ocr_line' id='line_1_33' title="bbox 469 1772 3739 1847; baseline -0.002 -8"><span class='ocrx_word' id='word_1_230' title='bbox 469 1784 587 1839; x_wconf 86' lang='lat' dir='ltr'><strong>lore</strong></span> <span class='ocrx_word' id='word_1_231' title='bbox 607 1782 858 1837; x_wconf 84' lang='lat' dir='ltr'><strong>detentus</strong></span> <span class='ocrx_word' id='word_1_232' title='bbox 882 1816 898 1843; x_wconf 87' lang='lat'><strong>,</strong></span> <span class='ocrx_word' id='word_1_233' title='bbox 949 1785 1109 1847; x_wconf 88' lang='lat' dir='ltr'><strong>caput</strong></span> <span class='ocrx_word' id='word_1_234' title='bbox 1153 1773 1385 1828; x_wconf 85' lang='lat' dir='ltr'><strong>totondit</strong></span> <span class='ocrx_word' id='word_1_235' title='bbox 1408 1812 1424 1840; x_wconf 90' lang='lat'><strong>,</strong></span> <span class='ocrx_word' id='word_1_236' title='bbox 1471 1782 1631 1842; x_wconf 89' lang='lat' dir='ltr'><strong>atque</strong></span> <span class='ocrx_word' id='word_1_237' title='bbox 1680 1772 2046 1841; x_wconf 58' lang='lat' dir='ltr'><strong>paenitentiam</strong></span> <span class='ocrx_word' id='word_1_238' title='bbox 2080 1788 2128 1847; x_wconf 79' lang='grc' dir='ltr'><strong>Β</strong></span> <span class='ocrx_word' id='word_1_239' title='bbox 2156 1792 2309 1846; x_wconf 67' lang='lat' dir='ltr'><strong>aqua:</strong></span> <span class='ocrx_word' id='word_1_240' title='bbox 2336 1784 2590 1845; x_wconf 89' lang='lat' dir='ltr'><strong>tanquam</strong></span> <span class='ocrx_word' id='word_1_241' title='bbox 2622 1792 2810 1830; x_wconf 91' lang='lat' dir='ltr'><strong>aurntn</strong></span> <span class='ocrx_word' id='word_1_242' title='bbox 2844 1779 3196 1846; x_wconf 79' lang='lat' dir='ltr'><strong>splendebant</strong></span> <span class='ocrx_word' id='word_1_243' title='bbox 3225 1790 3248 1818; x_wconf 86' lang='lat'><strong><em>°</em></strong></span> <span class='ocrx_word' id='word_1_244' title='bbox 3274 1821 3289 1843; x_wconf 92' lang='lat'><strong>,</strong></span> <span class='ocrx_word' id='word_1_245' title='bbox 3323 1783 3505 1838; x_wconf 77' lang='lat' dir='ltr'><strong>herba:</strong></span> <span class='ocrx_word' id='word_1_246' title='bbox 3531 1801 3659 1840; x_wconf 73' lang='lat' dir='ltr'><strong>vero</strong></span> <span class='ocrx_word' id='word_1_247' title='bbox 3685 1787 3739 1841; x_wconf 72' lang='lat' dir='ltr'><strong>in</strong></span> 
     </span>
    </p>
   </div>
   <div class='ocr_carea' id='block_1_34' title="bbox 461 1866 2047 1946">
    <p class='ocr_par' dir='ltr' id='par_1_34' title="bbox 461 1866 2047 1946">
     <span class='ocr_line' id='line_1_34' title="bbox 461 1866 2047 1946; baseline -0.011 -12"><span class='ocrx_word' id='word_1_248' title='bbox 461 1877 731 1946; x_wconf 77' lang='lat' dir='ltr'><strong>accipiens</strong></span> <span class='ocrx_word' id='word_1_249' title='bbox 751 1882 779 1912; x_wconf 86' lang='grc' dir='ltr'><strong>ι</strong></span> <span class='ocrx_word' id='word_1_250' title='bbox 799 1872 1045 1942; x_wconf 89' lang='lat' dir='ltr'><strong>spiritum</strong></span> <span class='ocrx_word' id='word_1_251' title='bbox 1076 1866 1369 1933; x_wconf 80' lang='lat' dir='ltr'><strong>exhalavit,</strong></span> <span class='ocrx_word' id='word_1_252' title='bbox 1410 1880 1604 1937; x_wconf 90' lang='lat' dir='ltr'><strong>resque</strong></span> <span class='ocrx_word' id='word_1_253' title='bbox 1629 1866 1747 1933; x_wconf 88' lang='lat' dir='ltr'><strong>ejus</strong></span> <span class='ocrx_word' id='word_1_254' title='bbox 1780 1866 1909 1920; x_wconf 90' lang='lat' dir='ltr'><strong>fisco</strong></span> <span class='ocrx_word' id='word_1_255' title='bbox 1933 1866 2047 1921; x_wconf 86' lang='lat' dir='ltr'><strong>co!-</strong></span> 
     </span>
    </p>
   </div>
   <div class='ocr_carea' id='block_1_35' title="bbox 462 1956 2046 2032">
    <p class='ocr_par' dir='ltr' id='par_1_35' title="bbox 462 1956 2046 2032">
     <span class='ocr_line' id='line_1_35' title="bbox 462 1956 2046 2032; baseline -0.009 -7"><span class='ocrx_word' id='word_1_256' title='bbox 462 1970 588 2025; x_wconf 73' lang='lat' dir='ltr'><strong>latre</strong></span> <span class='ocrx_word' id='word_1_257' title='bbox 630 1974 792 2029; x_wconf 88' lang='lat' dir='ltr'><strong>sunt;</strong></span> <span class='ocrx_word' id='word_1_258' title='bbox 821 1978 943 2018; x_wconf 90' lang='lat' dir='ltr'><strong>nam</strong></span> <span class='ocrx_word' id='word_1_259' title='bbox 974 1958 1153 2032; x_wconf 87' lang='lat' dir='ltr'><strong>magni</strong></span> <span class='ocrx_word' id='word_1_260' title='bbox 1176 1958 1373 2015; x_wconf 87' lang='lat' dir='ltr'><strong>ibidem</strong></span> <span class='ocrx_word' id='word_1_261' title='bbox 1421 1956 1662 2013; x_wconf 88' lang='lat' dir='ltr'><strong>thesauri</strong></span> <span class='ocrx_word' id='word_1_262' title='bbox 1686 1970 1751 2010; x_wconf 70' lang='lat' dir='ltr'><strong>ex</strong></span> <span class='ocrx_word' id='word_1_263' title='bbox 1781 1970 1913 2011; x_wconf 90' lang='lat' dir='ltr'><strong>auro</strong></span> <span class='ocrx_word' id='word_1_264' title='bbox 1959 1970 2046 2011; x_wconf 84' lang='lat' dir='ltr'><strong>ar-</strong></span> 
     </span>
    </p>
   </div>
   <div class='ocr_carea' id='block_1_36' title="bbox 462 2046 2044 2131">
    <p class='ocr_par' dir='ltr' id='par_1_36' title="bbox 462 2046 2044 2131">
     <span class='ocr_line' id='line_1_36' title="bbox 462 2046 2044 2131; baseline -0.006 -21"><span class='ocrx_word' id='word_1_265' title='bbox 462 2068 750 2130; x_wconf 83' lang='lat' dir='ltr'><strong>gentoque,</strong></span> <span class='ocrx_word' id='word_1_266' title='bbox 773 2065 828 2110; x_wconf 91' lang='lat' dir='ltr'><strong>et</strong></span> <span class='ocrx_word' id='word_1_267' title='bbox 851 2052 1136 2131; x_wconf 83' lang='lat' dir='ltr'><strong>multarum</strong></span> <span class='ocrx_word' id='word_1_268' title='bbox 1167 2050 1468 2119; x_wconf 86' lang='lat' dir='ltr'><strong>specierum</strong></span> <span class='ocrx_word' id='word_1_269' title='bbox 1512 2046 1712 2117; x_wconf 84' lang='lat' dir='ltr'><strong>reperti</strong></span> <span class='ocrx_word' id='word_1_270' title='bbox 1740 2055 1886 2113; x_wconf 90' lang='lat' dir='ltr'><strong>sunt,</strong></span> <span class='ocrx_word' id='word_1_271' title='bbox 1911 2046 2044 2102; x_wconf 89' lang='lat' dir='ltr'><strong>nihil</strong></span> 
     </span>
    </p>
   </div>
   <div class='ocr_carea' id='block_1_37' title="bbox 459 2142 2040 2215">
    <p class='ocr_par' dir='ltr' id='par_1_37' title="bbox 459 2142 2040 2215">
     <span class='ocr_line' id='line_1_37' title="bbox 459 2142 2040 2215; baseline -0.011 -3"><span class='ocrx_word' id='word_1_272' title='bbox 459 2156 653 2211; x_wconf 70' lang='lat' dir='ltr'><strong>esinde</strong></span> <span class='ocrx_word' id='word_1_273' title='bbox 672 2166 854 2207; x_wconf 85' lang='lat' dir='ltr'><strong>secum</strong></span> <span class='ocrx_word' id='word_1_274' title='bbox 877 2147 1022 2203; x_wconf 85' lang='lat' dir='ltr'><strong>aliud</strong></span> <span class='ocrx_word' id='word_1_275' title='bbox 1044 2156 1282 2215; x_wconf 90' lang='lat' dir='ltr'><strong>portans,</strong></span> <span class='ocrx_word' id='word_1_276' title='bbox 1303 2145 1401 2199; x_wconf 88' lang='lat' dir='ltr'><strong>nisi</strong></span> <span class='ocrx_word' id='word_1_277' title='bbox 1431 2143 1623 2197; x_wconf 74' lang='lat' dir='ltr'><strong>animat</strong></span> <span class='ocrx_word' id='word_1_278' title='bbox 1641 2142 2040 2197; x_wconf 84' lang='lat' dir='ltr'><strong>detrimentum.</strong></span> 
     </span>
    </p>
   </div>
   <div class='ocr_carea' id='block_1_38' title="bbox 532 2232 2044 2308">
    <p class='ocr_par' dir='ltr' id='par_1_38' title="bbox 532 2232 2044 2308">
     <span class='ocr_line' id='line_1_38' title="bbox 532 2232 2044 2308; baseline -0.011 -8"><span class='ocrx_word' id='word_1_279' title='bbox 532 2242 728 2301; x_wconf 73' lang='lat' dir='ltr'><strong>XXIX.</strong></span> <span class='ocrx_word' id='word_1_280' title='bbox 768 2239 952 2308; x_wconf 79' lang='lat' dir='ltr'><strong>Legati</strong></span> <span class='ocrx_word' id='word_1_281' title='bbox 984 2238 1054 2294; x_wconf 88' lang='lat' dir='ltr'><strong>de</strong></span> <span class='ocrx_word' id='word_1_282' title='bbox 1078 2236 1349 2305; x_wconf 82' lang='lat' dir='ltr'><strong>Hispaniis</strong></span> <span class='ocrx_word' id='word_1_283' title='bbox 1377 2234 1580 2289; x_wconf 83' lang='lat' dir='ltr'><strong>reversi</strong></span> <span class='ocrx_word' id='word_1_284' title='bbox 1627 2232 1758 2287; x_wconf 91' lang='lat' dir='ltr'><strong>nihil</strong></span> <span class='ocrx_word' id='word_1_285' title='bbox 1800 2232 1932 2287; x_wconf 83' lang='lat' dir='ltr'><strong>certi</strong></span> <span class='ocrx_word' id='word_1_286' title='bbox 1958 2245 2044 2285; x_wconf 88' lang='lat' dir='ltr'><strong>re-</strong></span> 
     </span>
    </p>
   </div>
   <div class='ocr_carea' id='block_1_39' title="bbox 462 2324 2039 2400">
    <p class='ocr_par' dir='ltr' id='par_1_39' title="bbox 462 2324 2039 2400">
     <span class='ocr_line' id='line_1_39' title="bbox 462 2324 2039 2400; baseline -0.01 -7"><span class='ocrx_word' id='word_1_287' title='bbox 462 2337 892 2397; x_wconf 70' lang='lat' dir='ltr'><strong>nuntiaverunt,</strong></span> <span class='ocrx_word' id='word_1_288' title='bbox 933 2347 998 2385; x_wconf 91' lang='lat' dir='ltr'><strong>eo</strong></span> <span class='ocrx_word' id='word_1_289' title='bbox 1029 2329 1170 2400; x_wconf 88' lang='lat' dir='ltr'><strong>quod</strong></span> <span class='ocrx_word' id='word_1_290' title='bbox 1221 2326 1602 2383; x_wconf 85' lang='lat' dir='ltr'><strong>Leuvichildus</strong></span> <span class='ocrx_word' id='word_1_291' title='bbox 1647 2334 1834 2380; x_wconf 86' lang='lat' dir='ltr'><strong>contra</strong></span> <span class='ocrx_word' id='word_1_292' title='bbox 1876 2324 2039 2378; x_wconf 86' lang='lat' dir='ltr'><strong>lilium</strong></span> 
     </span>
    </p>
   </div>
   <div class='ocr_carea' id='block_1_40' title="bbox 461 2419 2040 2486">
    <p class='ocr_par' dir='ltr' id='par_1_40' title="bbox 461 2419 2040 2486">
     <span class='ocr_line' id='line_1_40' title="bbox 461 2419 2040 2486; baseline -0.006 -3"><span class='ocrx_word' id='word_1_293' title='bbox 461 2444 619 2486; x_wconf 87' lang='lat' dir='ltr'><strong>suum</strong></span> <span class='ocrx_word' id='word_1_294' title='bbox 644 2428 911 2482; x_wconf 81' lang='lat' dir='ltr'><strong>seniorem</strong></span> <span class='ocrx_word' id='word_1_295' title='bbox 964 2423 1019 2479; x_wconf 92' lang='lat' dir='ltr'><strong>in</strong></span> <span class='ocrx_word' id='word_1_296' title='bbox 1056 2423 1292 2478; x_wconf 85' lang='lat' dir='ltr'><strong>exercitu</strong></span> <span class='ocrx_word' id='word_1_297' title='bbox 1337 2420 1619 2475; x_wconf 89' lang='lat' dir='ltr'><strong>resideret.</strong></span> <span class='ocrx_word' id='word_1_298' title='bbox 1665 2419 1720 2474; x_wconf 93' lang='lat' dir='ltr'><strong>ln</strong></span> <span class='ocrx_word' id='word_1_299' title='bbox 1770 2426 2040 2473; x_wconf 86' lang='lat' dir='ltr'><strong>monaste-</strong></span> 
     </span>
    </p>
   </div>
   <div class='ocr_carea' id='block_1_41' title="bbox 457 2509 2038 2583">
    <p class='ocr_par' dir='ltr' id='par_1_41' title="bbox 457 2509 2038 2583">
     <span class='ocr_line' id='line_1_41' title="bbox 457 2509 2038 2583; baseline -0.009 -7"><span class='ocrx_word' id='word_1_300' title='bbox 457 2523 541 2576; x_wconf 89' lang='lat' dir='ltr'><strong>rio</strong></span> <span class='ocrx_word' id='word_1_301' title='bbox 568 2518 595 2558; x_wconf 75' lang='grc' dir='ltr'>δ</span> <span class='ocrx_word' id='word_1_302' title='bbox 625 2526 803 2573; x_wconf 85' lang='lat' dir='ltr'><strong>autem</strong></span> <span class='ocrx_word' id='word_1_303' title='bbox 834 2518 1004 2570; x_wconf 67' lang='lat' dir='ltr'><strong>beata;</strong></span> <span class='ocrx_word' id='word_1_304' title='bbox 1033 2512 1393 2583; x_wconf 69' lang='lat' dir='ltr'><strong>Badegundis,</strong></span> <span class='ocrx_word' id='word_1_305' title='bbox 1436 2510 1609 2580; x_wconf 88' lang='lat' dir='ltr'><strong>puella</strong></span> <span class='ocrx_word' id='word_1_306' title='bbox 1637 2509 1911 2579; x_wconf 62' lang='lat' dir='ltr'><strong>quaedam,</strong></span> <span class='ocrx_word' id='word_1_307' title='bbox 1942 2522 2038 2562; x_wconf 89' lang='lat' dir='ltr'><strong>no-</strong></span> 
     </span>
    </p>
   </div>
   <div class='ocr_carea' id='block_1_42' title="bbox 459 2597 2037 2676">
    <p class='ocr_par' dir='ltr' id='par_1_42' title="bbox 459 2597 2037 2676">
     <span class='ocr_line' id='line_1_42' title="bbox 459 2597 2037 2676; baseline -0.009 -8"><span class='ocrx_word' id='word_1_308' title='bbox 459 2612 604 2668; x_wconf 89' lang='lat' dir='ltr'><strong>mine</strong></span> <span class='ocrx_word' id='word_1_309' title='bbox 632 2609 860 2665; x_wconf 63' lang='lat' dir='ltr'><strong>Disciola</strong></span> <span class='ocrx_word' id='word_1_310' title='bbox 892 2618 940 2671; x_wconf 75' lang='grc' dir='ltr'><strong>ο,</strong></span> <span class='ocrx_word' id='word_1_311' title='bbox 969 2622 1088 2676; x_wconf 64' lang='lat' dir='ltr'><strong>quae</strong></span> <span class='ocrx_word' id='word_1_312' title='bbox 1114 2605 1249 2659; x_wconf 88' lang='lat' dir='ltr'><strong>beati</strong></span> <span class='ocrx_word' id='word_1_313' title='bbox 1280 2603 1443 2662; x_wconf 76' lang='lat' dir='ltr'><strong>Salvii</strong></span> <span class='ocrx_word' id='word_1_314' title='bbox 1471 2601 1774 2674; x_wconf 79' lang='lat' dir='ltr'><strong>Albigcnsis</strong></span> <span class='ocrx_word' id='word_1_315' title='bbox 1795 2597 2037 2668; x_wconf 87' lang='lat' dir='ltr'><strong>episcopi</strong></span> 
     </span>
    </p>
   </div>
   <div class='ocr_carea' id='block_1_43' title="bbox 453 2691 2033 2775">
    <p class='ocr_par' dir='ltr' id='par_1_43' title="bbox 453 2691 2033 2775">
     <span class='ocr_line' id='line_1_43' title="bbox 453 2691 2033 2775; baseline -0.01 -15"><span class='ocrx_word' id='word_1_316' title='bbox 453 2705 628 2775; x_wconf 79' lang='lat' dir='ltr'><strong>neptis</strong></span> <span class='ocrx_word' id='word_1_317' title='bbox 650 2710 786 2765; x_wconf 79' lang='lat' dir='ltr'><strong>erat,</strong></span> <span class='ocrx_word' id='word_1_318' title='bbox 814 2697 947 2754; x_wconf 89' lang='lat' dir='ltr'><strong>obiit</strong></span> <span class='ocrx_word' id='word_1_319' title='bbox 970 2698 1073 2752; x_wconf 90' lang='lat' dir='ltr'><strong>hoc</strong></span> <span class='ocrx_word' id='word_1_320' title='bbox 1098 2695 1277 2751; x_wconf 87' lang='lat' dir='ltr'><strong>modo.</strong></span> <span class='ocrx_word' id='word_1_321' title='bbox 1308 2692 1440 2749; x_wconf 84' lang='lat' dir='ltr'><strong>Cutn&#39;</strong></span> <span class='ocrx_word' id='word_1_322' title='bbox 1481 2702 1741 2761; x_wconf 62' lang='lat' dir='ltr'><strong>aegrotare</strong></span> <span class='ocrx_word' id='word_1_323' title='bbox 1760 2691 2033 2759; x_wconf 67' lang='lat' dir='ltr'><strong>coepisset,</strong></span> 
     </span>
    </p>
   </div>
   <div class='ocr_carea' id='block_1_44' title="bbox 450 2782 2035 2852">
    <p class='ocr_par' dir='ltr' id='par_1_44' title="bbox 450 2782 2035 2852">
     <span class='ocr_line' id='line_1_44' title="bbox 450 2782 2035 2852; baseline -0.009 0"><span class='ocrx_word' id='word_1_324' title='bbox 450 2808 507 2852; x_wconf 84' lang='lat' dir='ltr'><strong>et</strong></span> <span class='ocrx_word' id='word_1_325' title='bbox 533 2798 582 2851; x_wconf 91' lang='lat' dir='ltr'><strong>ei</strong></span> <span class='ocrx_word' id='word_1_326' title='bbox 602 2794 816 2849; x_wconf 71' lang='lat' dir='ltr'><strong>assidue</strong></span> <span class='ocrx_word' id='word_1_327' title='bbox 844 2804 1061 2846; x_wconf 79' lang='lat' dir='ltr'><strong>sorores</strong></span> <span class='ocrx_word' id='word_1_328' title='bbox 1088 2789 1208 2842; x_wconf 74' lang='lat' dir='ltr'><strong>alim</strong></span> <span class='ocrx_word' id='word_1_329' title='bbox 1237 2786 1593 2849; x_wconf 88' lang='lat' dir='ltr'><strong>deservirent,</strong></span> <span class='ocrx_word' id='word_1_330' title='bbox 1625 2783 1774 2838; x_wconf 89' lang='lat' dir='ltr'><strong>venit</strong></span> <span class='ocrx_word' id='word_1_331' title='bbox 1795 2784 1910 2837; x_wconf 90' lang='lat' dir='ltr'><strong>dies</strong></span> <span class='ocrx_word' id='word_1_332' title='bbox 1945 2782 2035 2837; x_wconf 91' lang='lat' dir='ltr'><strong>ille</strong></span> 
     </span>
    </p>
   </div>
   <div class='ocr_carea' id='block_1_45' title="bbox 451 2874 2036 2957">
    <p class='ocr_par' dir='ltr' id='par_1_45' title="bbox 451 2874 2036 2957">
     <span class='ocr_line' id='line_1_45' title="bbox 451 2874 2036 2957; baseline -0.011 -13"><span class='ocrx_word' id='word_1_333' title='bbox 451 2904 559 2957; x_wconf 88' lang='lat' dir='ltr'><strong>quo</strong></span> <span class='ocrx_word' id='word_1_334' title='bbox 586 2886 841 2955; x_wconf 88' lang='lat' dir='ltr'><strong>tttigraret</strong></span> <span class='ocrx_word' id='word_1_335' title='bbox 872 2895 904 2935; x_wconf 88' lang='lat' dir='ltr'><strong>a</strong></span> <span class='ocrx_word' id='word_1_336' title='bbox 932 2894 1158 2946; x_wconf 78' lang='lat' dir='ltr'><strong>corpore</strong></span> <span class='ocrx_word' id='word_1_337' title='bbox 1185 2894 1199 2943; x_wconf 85' lang='lat'><strong>;</strong></span> <span class='ocrx_word' id='word_1_338' title='bbox 1226 2886 1281 2932; x_wconf 91' lang='lat' dir='ltr'><strong>et</strong></span> <span class='ocrx_word' id='word_1_339' title='bbox 1330 2876 1477 2930; x_wconf 91' lang='lat' dir='ltr'><strong>circa</strong></span> <span class='ocrx_word' id='word_1_340' title='bbox 1521 2875 1705 2929; x_wconf 90' lang='lat' dir='ltr'><strong>horam</strong></span> <span class='ocrx_word' id='word_1_341' title='bbox 1738 2889 1932 2927; x_wconf 88' lang='lat' dir='ltr'><strong>nonam</strong></span> <span class='ocrx_word' id='word_1_342' title='bbox 1962 2874 2036 2928; x_wconf 90' lang='lat' dir='ltr'><strong>ait</strong></span> 
     </span>
    </p>
   </div>
   <div class='ocr_carea' id='block_1_46' title="bbox 452 2964 2033 3041">
    <p class='ocr_par' dir='ltr' id='par_1_46' title="bbox 452 2964 2033 3041">
     <span class='ocr_line' id='line_1_46' title="bbox 452 2964 2033 3041; baseline -0.009 -7"><span class='ocrx_word' id='word_1_343' title='bbox 452 2978 765 3034; x_wconf 75' lang='lat' dir='ltr'><strong>sororibus:</strong></span> <span class='ocrx_word' id='word_1_344' title='bbox 796 2974 936 3028; x_wconf 86' lang='lat' dir='ltr'><strong>Ecce</strong></span> <span class='ocrx_word' id='word_1_345' title='bbox 962 2972 1072 3041; x_wconf 88' lang='lat' dir='ltr'><strong>jam</strong></span> <span class='ocrx_word' id='word_1_346' title='bbox 1104 2970 1355 3024; x_wconf 73' lang='lat' dir='ltr'><strong>leviorem</strong></span> <span class='ocrx_word' id='word_1_347' title='bbox 1387 2981 1473 3021; x_wconf 87' lang='lat' dir='ltr'><strong>me</strong></span> <span class='ocrx_word' id='word_1_348' title='bbox 1509 2966 1682 3020; x_wconf 88' lang='lat' dir='ltr'><strong>sentio</strong></span> <span class='ocrx_word' id='word_1_349' title='bbox 1708 2983 1722 3031; x_wconf 91' lang='lat'><strong>;</strong></span> <span class='ocrx_word' id='word_1_350' title='bbox 1751 2979 1879 3019; x_wconf 88' lang='lat' dir='ltr'><strong>ecce</strong></span> <span class='ocrx_word' id='word_1_351' title='bbox 1902 2964 2033 3019; x_wconf 91' lang='lat' dir='ltr'><strong>nihil</strong></span> 
     </span>
    </p>
   </div>
   <div class='ocr_carea' id='block_1_47' title="bbox 448 3058 2033 3127">
    <p class='ocr_par' dir='ltr' id='par_1_47' title="bbox 448 3058 2033 3127">
     <span class='ocr_line' id='line_1_47' title="bbox 448 3058 2033 3127; baseline -0.009 0"><span class='ocrx_word' id='word_1_352' title='bbox 448 3072 625 3127; x_wconf 85' lang='lat' dir='ltr'><strong>deleo.</strong></span> <span class='ocrx_word' id='word_1_353' title='bbox 651 3067 799 3123; x_wconf 81' lang='lat' dir='ltr'><strong>Nunc</strong></span> <span class='ocrx_word' id='word_1_354' title='bbox 823 3076 999 3119; x_wconf 88' lang='lat' dir='ltr'><strong>autem</strong></span> <span class='ocrx_word' id='word_1_355' title='bbox 1030 3078 1133 3115; x_wconf 87' lang='lat' dir='ltr'><strong>non</strong></span> <span class='ocrx_word' id='word_1_356' title='bbox 1173 3070 1255 3116; x_wconf 84' lang='lat' dir='ltr'><strong>est</strong></span> <span class='ocrx_word' id='word_1_357' title='bbox 1284 3073 1504 3113; x_wconf 82' lang='lat' dir='ltr'><strong>necesse</strong></span> <span class='ocrx_word' id='word_1_358' title='bbox 1549 3058 1892 3112; x_wconf 78' lang='lat' dir='ltr'><strong>Sollicitudiui</strong></span> <span class='ocrx_word' id='word_1_359' title='bbox 1943 3073 2033 3112; x_wconf 86' lang='lat' dir='ltr'><strong>ve-</strong></span> 
     </span>
    </p>
   </div>
   <div class='ocr_carea' id='block_1_48' title="bbox 2150 1867 3740 1937">
    <p class='ocr_par' dir='ltr' id='par_1_48' title="bbox 2150 1867 3740 1937">
     <span class='ocr_line' id='line_1_48' title="bbox 2150 1867 3740 1937; baseline 0.006 -15"><span class='ocrx_word' id='word_1_360' title='bbox 2150 1871 2367 1923; x_wconf 84' lang='lat' dir='ltr'><strong>tnodum</strong></span> <span class='ocrx_word' id='word_1_361' title='bbox 2397 1867 2522 1923; x_wconf 86' lang='lat' dir='ltr'><strong>dive</strong></span> <span class='ocrx_word' id='word_1_362' title='bbox 2552 1883 2729 1923; x_wconf 86' lang='lat' dir='ltr'><strong>sarum</strong></span> <span class='ocrx_word' id='word_1_363' title='bbox 2755 1886 3081 1937; x_wconf 73' lang='lat' dir='ltr'><strong>genunarum</strong></span> <span class='ocrx_word' id='word_1_364' title='bbox 3128 1887 3384 1928; x_wconf 71' lang='lat' dir='ltr'><strong>vernantc</strong></span> <span class='ocrx_word' id='word_1_365' title='bbox 3414 1873 3530 1930; x_wconf 78' lang='lat' dir='ltr'><strong>lncé</strong></span> <span class='ocrx_word' id='word_1_366' title='bbox 3560 1879 3740 1931; x_wconf 83' lang='lat' dir='ltr'><strong>rati-a-</strong></span> 
     </span>
    </p>
   </div>
   <div class='ocr_carea' id='block_1_49' title="bbox 2149 1957 3735 2036">
    <p class='ocr_par' dir='ltr' id='par_1_49' title="bbox 2149 1957 3735 2036">
     <span class='ocr_line' id='line_1_49' title="bbox 2149 1957 3735 2036; baseline 0.008 -23"><span class='ocrx_word' id='word_1_367' title='bbox 2149 1957 2295 2013; x_wconf 85' lang='lat' dir='ltr'><strong>bant.</strong></span> <span class='ocrx_word' id='word_1_368' title='bbox 2335 1961 2398 2013; x_wconf 64' lang='lat' dir='ltr'><strong>lit</strong></span> <span class='ocrx_word' id='word_1_369' title='bbox 2425 1962 2497 2013; x_wconf 87' lang='lat' dir='ltr'><strong>ait</strong></span> <span class='ocrx_word' id='word_1_370' title='bbox 2529 1961 2611 2014; x_wconf 90' lang='lat' dir='ltr'><strong>vir</strong></span> <span class='ocrx_word' id='word_1_371' title='bbox 2642 1960 2707 2014; x_wconf 90' lang='lat' dir='ltr'><strong>ad</strong></span> <span class='ocrx_word' id='word_1_372' title='bbox 2737 1977 2853 2014; x_wconf 84' lang='lat' dir='ltr'><strong>eam</strong></span> <span class='ocrx_word' id='word_1_373' title='bbox 2888 1962 3064 2017; x_wconf 26' lang='lat' dir='ltr'><strong>:‘Ecce</strong></span> <span class='ocrx_word' id='word_1_374' title='bbox 3092 1963 3289 2018; x_wconf 90' lang='lat' dir='ltr'><strong>fontem</strong></span> <span class='ocrx_word' id='word_1_375' title='bbox 3322 1966 3505 2020; x_wconf 80' lang='lat' dir='ltr'><strong>vivum</strong></span> <span class='ocrx_word' id='word_1_376' title='bbox 3525 2009 3538 2030; x_wconf 88' lang='lat'><strong>,</strong></span> <span class='ocrx_word' id='word_1_377' title='bbox 3572 1985 3735 2036; x_wconf 86' lang='lat' dir='ltr'><strong>quem</strong></span> 
     </span>
    </p>
   </div>
   <div class='ocr_carea' id='block_1_50' title="bbox 2148 2053 3728 2128">
    <p class='ocr_par' dir='ltr' id='par_1_50' title="bbox 2148 2053 3728 2128">
     <span class='ocr_line' id='line_1_50' title="bbox 2148 2053 3728 2128; baseline 0.006 -21"><span class='ocrx_word' id='word_1_378' title='bbox 2148 2053 2523 2108; x_wconf 89' lang='lat' dir='ltr'><strong>ntultolabere</strong></span> <span class='ocrx_word' id='word_1_379' title='bbox 2554 2056 2812 2123; x_wconf 70' lang='lat' dir='ltr'><strong>qumsisti.</strong></span> <span class='ocrx_word' id='word_1_380' title='bbox 2847 2057 3056 2110; x_wconf 76' lang='lat' dir='ltr'><strong>Satiare</strong></span> <span class='ocrx_word' id='word_1_381' title='bbox 3089 2073 3233 2115; x_wconf 84' lang='lat' dir='ltr'><strong>nunc</strong></span> <span class='ocrx_word' id='word_1_382' title='bbox 3253 2059 3319 2111; x_wconf 90' lang='lat' dir='ltr'><strong>ab</strong></span> <span class='ocrx_word' id='word_1_383' title='bbox 3348 2060 3468 2128; x_wconf 81' lang='lat' dir='ltr'><strong>ejus</strong></span> <span class='ocrx_word' id='word_1_384' title='bbox 3492 2062 3728 2128; x_wconf 76' lang='lat' dir='ltr'><strong>ﬂectitis,</strong></span> 
     </span>
    </p>
   </div>
   <div class='ocr_carea' id='block_1_51' title="bbox 2144 2143 3737 2213">
    <p class='ocr_par' dir='ltr' id='par_1_51' title="bbox 2144 2143 3737 2213">
     <span class='ocr_line' id='line_1_51' title="bbox 2144 2143 3737 2213; baseline 0.005 -16"><span class='ocrx_word' id='word_1_385' title='bbox 2144 2151 2206 2197; x_wconf 93' lang='lat' dir='ltr'><strong>ut</strong></span> <span class='ocrx_word' id='word_1_386' title='bbox 2233 2143 2321 2197; x_wconf 86' lang='lat' dir='ltr'><strong>Iiat</strong></span> <span class='ocrx_word' id='word_1_387' title='bbox 2352 2144 2441 2213; x_wconf 87' lang='lat' dir='ltr'><strong>tibi</strong></span> <span class='ocrx_word' id='word_1_388' title='bbox 2472 2144 2587 2199; x_wconf 68' lang='lat' dir='ltr'><strong>lotis</strong></span> <span class='ocrx_word' id='word_1_389' title='bbox 2632 2161 2784 2213; x_wconf 71' lang='lat' dir='ltr'><strong>aqum</strong></span> <span class='ocrx_word' id='word_1_390' title='bbox 2817 2147 2951 2200; x_wconf 73' lang='lat' dir='ltr'><strong>vivae</strong></span> <span class='ocrx_word' id='word_1_391' title='bbox 2992 2150 3231 2203; x_wconf 84' lang='lat' dir='ltr'><strong>salientis</strong></span> <span class='ocrx_word' id='word_1_392' title='bbox 3260 2152 3317 2203; x_wconf 88' lang='lat' dir='ltr'><strong>in-</strong></span> <span class='ocrx_word' id='word_1_393' title='bbox 3367 2154 3531 2208; x_wconf 79' lang='lat' dir='ltr'><strong>vitam</strong></span> <span class='ocrx_word' id='word_1_394' title='bbox 3574 2164 3737 2208; x_wconf 69' lang='lat' dir='ltr'><strong>atter-</strong></span> 
     </span>
    </p>
   </div>
   <div class='ocr_carea' id='block_1_52' title="bbox 2146 2235 3736 2310">
    <p class='ocr_par' dir='ltr' id='par_1_52' title="bbox 2146 2235 3736 2310">
     <span class='ocr_line' id='line_1_52' title="bbox 2146 2235 3736 2310; baseline 0.009 -23"><span class='ocrx_word' id='word_1_395' title='bbox 2146 2249 2292 2288; x_wconf 90' lang='lat' dir='ltr'><strong>nam.</strong></span> <span class='ocrx_word' id='word_1_396' title='bbox 2319 2235 2559 2305; x_wconf 75' lang='lat' dir='ltr'><strong>Cumque</strong></span> <span class='ocrx_word' id='word_1_397' title='bbox 2606 2235 2692 2289; x_wconf 88' lang='lat' dir='ltr'><strong>illa</strong></span> <span class='ocrx_word' id='word_1_398' title='bbox 2724 2238 2882 2290; x_wconf 86' lang='lat' dir='ltr'><strong>avide</strong></span> <span class='ocrx_word' id='word_1_399' title='bbox 2904 2253 2965 2291; x_wconf 76' lang='lat' dir='ltr'><strong>ex</strong></span> <span class='ocrx_word' id='word_1_400' title='bbox 3011 2238 3093 2292; x_wconf 91' lang='lat' dir='ltr'><strong>his</strong></span> <span class='ocrx_word' id='word_1_401' title='bbox 3128 2242 3277 2310; x_wconf 88' lang='lat' dir='ltr'><strong>aquis</strong></span> <span class='ocrx_word' id='word_1_402' title='bbox 3309 2242 3573 2309; x_wconf 84' lang='lat' dir='ltr'><strong>hauriret,</strong></span> <span class='ocrx_word' id='word_1_403' title='bbox 3604 2262 3736 2302; x_wconf 87' lang='lat' dir='ltr'><strong>ecce</strong></span> 
     </span>
    </p>
   </div>
   <div class='ocr_carea' id='block_1_53' title="bbox 2144 2325 3733 2404">
    <p class='ocr_par' dir='ltr' id='par_1_53' title="bbox 2144 2325 3733 2404">
     <span class='ocr_line' id='line_1_53' title="bbox 2144 2325 3733 2404; baseline 0.006 -27"><span class='ocrx_word' id='word_1_404' title='bbox 2144 2326 2212 2378; x_wconf 88' lang='lat' dir='ltr'><strong>ab</strong></span> <span class='ocrx_word' id='word_1_405' title='bbox 2240 2325 2341 2378; x_wconf 90' lang='lat' dir='ltr'><strong>alia</strong></span> <span class='ocrx_word' id='word_1_406' title='bbox 2369 2337 2519 2395; x_wconf 89' lang='lat' dir='ltr'><strong>parte</strong></span> <span class='ocrx_word' id='word_1_407' title='bbox 2551 2327 2795 2381; x_wconf 80' lang='lat' dir='ltr'><strong>veniebat</strong></span> <span class='ocrx_word' id='word_1_408' title='bbox 2816 2328 3108 2393; x_wconf 85' lang='lat' dir='ltr'><strong>abbatissa,</strong></span> <span class='ocrx_word' id='word_1_409' title='bbox 3138 2340 3194 2385; x_wconf 89' lang='lat' dir='ltr'><strong>et</strong></span> <span class='ocrx_word' id='word_1_410' title='bbox 3223 2332 3542 2387; x_wconf 86' lang='lat' dir='ltr'><strong>denudatam</strong></span> <span class='ocrx_word' id='word_1_411' title='bbox 3577 2346 3733 2404; x_wconf 82' lang='lat' dir='ltr'><strong>pne:-</strong></span> 
     </span>
    </p>
   </div>
   <div class='ocr_carea' id='block_1_54' title="bbox 2106 2416 3732 2495">
    <p class='ocr_par' dir='ltr' id='par_1_54' title="bbox 2106 2416 3732 2495">
     <span class='ocr_line' id='line_1_54' title="bbox 2106 2416 3732 2495; baseline 0.005 -23"><span class='ocrx_word' id='word_1_412' title='bbox 2106 2416 2107 2419; x_wconf 50' lang='grc'><em>“</em></span> <span class='ocrx_word' id='word_1_413' title='bbox 2145 2418 2249 2472; x_wconf 87' lang='lat' dir='ltr'><strong>lant</strong></span> <span class='ocrx_word' id='word_1_414' title='bbox 2284 2417 2451 2471; x_wconf 87' lang='lat' dir='ltr'><strong>induit</strong></span> <span class='ocrx_word' id='word_1_415' title='bbox 2473 2432 2588 2471; x_wconf 86' lang='lat' dir='ltr'><strong>eam</strong></span> <span class='ocrx_word' id='word_1_416' title='bbox 2618 2427 2766 2473; x_wconf 86' lang='lat' dir='ltr'><strong>veste</strong></span> <span class='ocrx_word' id='word_1_417' title='bbox 2796 2419 2966 2488; x_wconf 75' lang='lat' dir='ltr'><strong>regia;</strong></span> <span class='ocrx_word' id='word_1_418' title='bbox 2995 2436 3112 2488; x_wconf 78' lang='lat' dir='ltr'><strong>qua:</strong></span> <span class='ocrx_word' id='word_1_419' title='bbox 3138 2430 3278 2474; x_wconf 90' lang='lat' dir='ltr'><strong>tanta</strong></span> <span class='ocrx_word' id='word_1_420' title='bbox 3302 2424 3369 2477; x_wconf 64' lang='lat' dir='ltr'><strong>Its</strong></span> <span class='ocrx_word' id='word_1_421' title='bbox 3388 2439 3439 2488; x_wconf 78' lang='lat' dir='ltr'><strong>e,</strong></span> <span class='ocrx_word' id='word_1_422' title='bbox 3463 2440 3732 2495; x_wconf 80' lang='lat' dir='ltr'><strong>auroque,</strong></span> 
     </span>
    </p>
   </div>
   <div class='ocr_carea' id='block_1_55' title="bbox 2142 2510 3733 2582">
    <p class='ocr_par' dir='ltr' id='par_1_55' title="bbox 2142 2510 3733 2582">
     <span class='ocr_line' id='line_1_55' title="bbox 2142 2510 3733 2582; baseline 0.006 -17"><span class='ocrx_word' id='word_1_423' title='bbox 2142 2520 2195 2565; x_wconf 88' lang='lat' dir='ltr'><strong>ct</strong></span> <span class='ocrx_word' id='word_1_424' title='bbox 2217 2510 2500 2563; x_wconf 66' lang='lat' dir='ltr'><strong>monilibus</strong></span> <span class='ocrx_word' id='word_1_425' title='bbox 2524 2510 2842 2579; x_wconf 78' lang='lat' dir='ltr'><strong>refulgebat,</strong></span> <span class='ocrx_word' id='word_1_426' title='bbox 2873 2522 2929 2565; x_wconf 83' lang='lat' dir='ltr'><strong>ut</strong></span> <span class='ocrx_word' id='word_1_427' title='bbox 2950 2514 3031 2564; x_wconf 83' lang='lat' dir='ltr'><strong>vix</strong></span> <span class='ocrx_word' id='word_1_428' title='bbox 3060 2525 3237 2580; x_wconf 81' lang='lat' dir='ltr'><strong>posset</strong></span> <span class='ocrx_word' id='word_1_429' title='bbox 3259 2516 3488 2582; x_wconf 87' lang='lat' dir='ltr'><strong>intendi,</strong></span> <span class='ocrx_word' id='word_1_430' title='bbox 3515 2518 3733 2575; x_wconf 77' lang='lat' dir='ltr'><strong>dicente</strong></span> 
     </span>
    </p>
   </div>
   <div class='ocr_carea' id='block_1_56' title="bbox 2140 2602 3731 2668">
    <p class='ocr_par' dir='ltr' id='par_1_56' title="bbox 2140 2602 3731 2668">
     <span class='ocr_line' id='line_1_56' title="bbox 2140 2602 3731 2668; baseline 0.008 -13"><span class='ocrx_word' id='word_1_431' title='bbox 2140 2603 2242 2657; x_wconf 88' lang='lat' dir='ltr'><strong>sibi</strong></span> <span class='ocrx_word' id='word_1_432' title='bbox 2286 2602 2551 2656; x_wconf 79' lang='lat' dir='ltr'><strong>abbatissa</strong></span> <span class='ocrx_word' id='word_1_433' title='bbox 2587 2620 2601 2658; x_wconf 91' lang='lat'>:</span> <span class='ocrx_word' id='word_1_434' title='bbox 2646 2603 2886 2668; x_wconf 81' lang='lat' dir='ltr'><strong>Sponsus</strong></span> <span class='ocrx_word' id='word_1_435' title='bbox 2912 2604 3053 2658; x_wconf 88' lang='lat' dir='ltr'><strong>enim</strong></span> <span class='ocrx_word' id='word_1_436' title='bbox 3091 2616 3212 2660; x_wconf 86' lang='lat' dir='ltr'><strong>tuus</strong></span> <span class='ocrx_word' id='word_1_437' title='bbox 3255 2608 3419 2662; x_wconf 88' lang='lat' dir='ltr'><strong>mittit</strong></span> <span class='ocrx_word' id='word_1_438' title='bbox 3467 2611 3557 2665; x_wconf 82' lang='lat' dir='ltr'><strong>tibi</strong></span> <span class='ocrx_word' id='word_1_439' title='bbox 3613 2615 3731 2668; x_wconf 82' lang='lat' dir='ltr'><strong>lia-c</strong></span> 
     </span>
    </p>
   </div>
   <div class='ocr_carea' id='block_1_57' title="bbox 2140 2695 3731 2770">
    <p class='ocr_par' dir='ltr' id='par_1_57' title="bbox 2140 2695 3731 2770">
     <span class='ocr_line' id='line_1_57' title="bbox 2140 2695 3731 2770; baseline 0.008 -23"><span class='ocrx_word' id='word_1_440' title='bbox 2140 2709 2381 2749; x_wconf 79' lang='lat' dir='ltr'><strong>munera.</strong></span> <span class='ocrx_word' id='word_1_441' title='bbox 2434 2695 2560 2748; x_wconf 61' lang='lat' dir='ltr'><strong>lla&#39;c</strong></span> <span class='ocrx_word' id='word_1_442' title='bbox 2602 2710 2721 2749; x_wconf 90' lang='lat' dir='ltr'><strong>cum</strong></span> <span class='ocrx_word' id='word_1_443' title='bbox 2768 2697 2947 2764; x_wconf 89' lang='lat' dir='ltr'><strong>puella</strong></span> <span class='ocrx_word' id='word_1_444' title='bbox 2988 2698 3248 2762; x_wconf 90' lang='lat' dir='ltr'><strong>vidisset,</strong></span> <span class='ocrx_word' id='word_1_445' title='bbox 3286 2715 3601 2770; x_wconf 88' lang='lat' dir='ltr'><strong>compnncta</strong></span> <span class='ocrx_word' id='word_1_446' title='bbox 3642 2718 3731 2760; x_wconf 86' lang='lat' dir='ltr'><strong>est</strong></span> 
     </span>
    </p>
   </div>
   <div class='ocr_carea' id='block_1_58' title="bbox 2139 2785 3724 2864">
    <p class='ocr_par' dir='ltr' id='par_1_58' title="bbox 2139 2785 3724 2864">
     <span class='ocr_line' id='line_1_58' title="bbox 2139 2785 3724 2864; baseline 0.006 -25"><span class='ocrx_word' id='word_1_447' title='bbox 2139 2785 2319 2849; x_wconf 87' lang='lat' dir='ltr'><strong>corde,</strong></span> <span class='ocrx_word' id='word_1_448' title='bbox 2356 2798 2407 2839; x_wconf 88' lang='lat' dir='ltr'><strong>et</strong></span> <span class='ocrx_word' id='word_1_449' title='bbox 2440 2786 2597 2856; x_wconf 83' lang='lat'><strong>303</strong></span> <span class='ocrx_word' id='word_1_450' title='bbox 2629 2797 2745 2852; x_wconf 90' lang='lat' dir='ltr'><strong>post</strong></span> <span class='ocrx_word' id='word_1_451' title='bbox 2771 2787 2886 2840; x_wconf 92' lang='lat' dir='ltr'><strong>dies</strong></span> <span class='ocrx_word' id='word_1_452' title='bbox 2911 2803 3105 2854; x_wconf 87' lang='lat' dir='ltr'><strong>pauens</strong></span> <span class='ocrx_word' id='word_1_453' title='bbox 3137 2792 3336 2858; x_wconf 82' lang='lat' dir='ltr'><strong>rogavit</strong></span> <span class='ocrx_word' id='word_1_454' title='bbox 3368 2794 3724 2864; x_wconf 79' lang='lat' dir='ltr'><strong>abbatissam,</strong></span> 
     </span>
    </p>
   </div>
   <div class='ocr_carea' id='block_1_59' title="bbox 2140 2877 3720 2950">
    <p class='ocr_par' dir='ltr' id='par_1_59' title="bbox 2140 2877 3720 2950">
     <span class='ocr_line' id='line_1_59' title="bbox 2140 2877 3720 2950; baseline 0.007 -21"><span class='ocrx_word' id='word_1_455' title='bbox 2140 2888 2196 2930; x_wconf 88' lang='lat' dir='ltr'><strong>ut</strong></span> <span class='ocrx_word' id='word_1_456' title='bbox 2223 2877 2322 2929; x_wconf 81' lang='lat' dir='ltr'><strong>sibi</strong></span> <span class='ocrx_word' id='word_1_457' title='bbox 2349 2877 2398 2930; x_wconf 90' lang='lat' dir='ltr'><strong>in</strong></span> <span class='ocrx_word' id='word_1_458' title='bbox 2429 2893 2529 2946; x_wconf 82' lang='lat' dir='ltr'><strong>qua</strong></span> <span class='ocrx_word' id='word_1_459' title='bbox 2562 2877 2923 2932; x_wconf 61' lang='lat' dir='ltr'><strong>includercur</strong></span> <span class='ocrx_word' id='word_1_460' title='bbox 2951 2879 3194 2933; x_wconf 58' lang='lat' dir='ltr'><strong>cv-llnlam</strong></span> <span class='ocrx_word' id='word_1_461' title='bbox 3221 2895 3565 2950; x_wconf 63' lang='lat' dir='ltr'><strong>praepararet.</strong></span> <span class='ocrx_word' id='word_1_462' title='bbox 3596 2888 3666 2940; x_wconf 84' lang='lat' dir='ltr'><strong>At</strong></span> <span class='ocrx_word' id='word_1_463' title='bbox 3698 2885 3720 2925; x_wconf 72' lang='lat'><strong><em>‘</em></strong></span> 
     </span>
    </p>
   </div>
   <div class='ocr_carea' id='block_1_60' title="bbox 2139 2967 3726 3043">
    <p class='ocr_par' dir='ltr' id='par_1_60' title="bbox 2139 2967 3726 3043">
     <span class='ocr_line' id='line_1_60' title="bbox 2139 2967 3726 3043; baseline 0.007 -22"><span class='ocrx_word' id='word_1_464' title='bbox 2139 2967 2227 3021; x_wconf 89' lang='lat' dir='ltr'><strong>illa</strong></span> <span class='ocrx_word' id='word_1_465' title='bbox 2262 2967 2511 3022; x_wconf 81' lang='lat' dir='ltr'><strong>velociter</strong></span> <span class='ocrx_word' id='word_1_466' title='bbox 2542 2968 2772 3035; x_wconf 88' lang='lat' dir='ltr'><strong>perfecta</strong></span> <span class='ocrx_word' id='word_1_467' title='bbox 2798 3010 2812 3034; x_wconf 89' lang='lat'><strong>,</strong></span> <span class='ocrx_word' id='word_1_468' title='bbox 2840 2970 2911 3024; x_wconf 91' lang='lat' dir='ltr'><strong>ait</strong></span> <span class='ocrx_word' id='word_1_469' title='bbox 2943 2986 2957 3023; x_wconf 91' lang='lat'><strong>:</strong></span> <span class='ocrx_word' id='word_1_470' title='bbox 2985 2971 3155 3037; x_wconf 84' lang='lat' dir='ltr'><strong>Ecce,</strong></span> <span class='ocrx_word' id='word_1_471' title='bbox 3207 2974 3406 3041; x_wconf 83' lang='lat' dir='ltr'><strong>inquit,</strong></span> <span class='ocrx_word' id='word_1_472' title='bbox 3439 2977 3726 3043; x_wconf 72' lang='lat' dir='ltr'><strong>cellulam;</strong></span> 
     </span>
    </p>
   </div>
   <div class='ocr_carea' id='block_1_61' title="bbox 2139 3058 3727 3131">
    <p class='ocr_par' dir='ltr' id='par_1_61' title="bbox 2139 3058 3727 3131">
     <span class='ocr_line' id='line_1_61' title="bbox 2139 3058 3727 3131; baseline 0.009 -22"><span class='ocrx_word' id='word_1_473' title='bbox 2139 3058 2269 3129; x_wconf 88' lang='lat' dir='ltr'><strong>quid</strong></span> <span class='ocrx_word' id='word_1_474' title='bbox 2297 3075 2435 3113; x_wconf 90' lang='lat' dir='ltr'><strong>nunc</strong></span> <span class='ocrx_word' id='word_1_475' title='bbox 2458 3059 2779 3115; x_wconf 83' lang='lat' dir='ltr'><strong>desideras?</strong></span> <span class='ocrx_word' id='word_1_476' title='bbox 2809 3061 2987 3115; x_wconf 84' lang='lat' dir='ltr'><strong>Puella</strong></span> <span class='ocrx_word' id='word_1_477' title='bbox 3042 3077 3166 3118; x_wconf 79' lang='lat' dir='ltr'><strong>vere</strong></span> <span class='ocrx_word' id='word_1_478' title='bbox 3196 3063 3345 3130; x_wconf 88' lang='lat' dir='ltr'><strong>petiit</strong></span> <span class='ocrx_word' id='word_1_479' title='bbox 3377 3106 3391 3131; x_wconf 92' lang='lat'><strong>,</strong></span> <span class='ocrx_word' id='word_1_480' title='bbox 3434 3078 3489 3119; x_wconf 93' lang='lat' dir='ltr'><strong>ut</strong></span> <span class='ocrx_word' id='word_1_481' title='bbox 3517 3069 3727 3123; x_wconf 70' lang='lat' dir='ltr'><strong>recludi</strong></span> 
     </span>
    </p>
   </div>
   <div class='ocr_carea' id='block_1_62' title="bbox 447 3150 3731 3229">
    <p class='ocr_par' dir='ltr' id='par_1_62' title="bbox 447 3150 3731 3229">
     <span class='ocr_line' id='line_1_62' title="bbox 447 3150 3731 3229; baseline -0.001 -13"><span class='ocrx_word' id='word_1_482' title='bbox 447 3174 596 3229; x_wconf 72' lang='lat' dir='ltr'><strong>smn,</strong></span> <span class='ocrx_word' id='word_1_483' title='bbox 628 3169 686 3214; x_wconf 90' lang='lat' dir='ltr'><strong>ut</strong></span> <span class='ocrx_word' id='word_1_484' title='bbox 708 3156 835 3213; x_wconf 89' lang='lat' dir='ltr'><strong>tnihi</strong></span> <span class='ocrx_word' id='word_1_485' title='bbox 884 3169 1026 3210; x_wconf 66' lang='lat' dir='ltr'><strong>curm</strong></span> <span class='ocrx_word' id='word_1_486' title='bbox 1074 3153 1269 3223; x_wconf 87' lang='lat' dir='ltr'><strong>aliqttid</strong></span> <span class='ocrx_word' id='word_1_487' title='bbox 1325 3150 1640 3220; x_wconf 83' lang='lat' dir='ltr'><strong>impendatis</strong></span> <span class='ocrx_word' id='word_1_488' title='bbox 1663 3193 1678 3218; x_wconf 93' lang='lat'><strong>,</strong></span> <span class='ocrx_word' id='word_1_489' title='bbox 1729 3151 1821 3204; x_wconf 90' lang='lat' dir='ltr'><strong>sed</strong></span> <span class='ocrx_word' id='word_1_490' title='bbox 1856 3151 2029 3218; x_wconf 77' lang='lat' dir='ltr'><strong>potius</strong></span> <span class='ocrx_word' id='word_1_491' title='bbox 2056 3150 2106 3214; x_wconf 75' lang='grc' dir='ltr'>ο</span> <span class='ocrx_word' id='word_1_492' title='bbox 2137 3151 2553 3218; x_wconf 86' lang='lat' dir='ltr'><strong>permitteretur.</strong></span> <span class='ocrx_word' id='word_1_493' title='bbox 2606 3152 2756 3216; x_wconf 82' lang='lat' dir='ltr'><strong>Quod</strong></span> <span class='ocrx_word' id='word_1_494' title='bbox 2789 3168 2909 3206; x_wconf 88' lang='lat' dir='ltr'><strong>cum</strong></span> <span class='ocrx_word' id='word_1_495' title='bbox 2947 3153 2995 3209; x_wconf 88' lang='lat' dir='ltr'><strong>ei</strong></span> <span class='ocrx_word' id='word_1_496' title='bbox 3030 3150 3324 3222; x_wconf 66' lang='lat' dir='ltr'><strong>praestitum</strong></span> <span class='ocrx_word' id='word_1_497' title='bbox 3370 3156 3571 3223; x_wconf 87' lang='lat' dir='ltr'><strong>fuisset,</strong></span> <span class='ocrx_word' id='word_1_498' title='bbox 3593 3174 3731 3215; x_wconf 78' lang='lat' dir='ltr'><strong>eon-</strong></span> 
     </span>
    </p>
   </div>
   <div class='ocr_carea' id='block_1_63' title="bbox 447 3243 2026 3317">
    <p class='ocr_par' dir='ltr' id='par_1_63' title="bbox 447 3243 2026 3317">
     <span class='ocr_line' id='line_1_63' title="bbox 447 3243 2026 3317; baseline -0.01 -8"><span class='ocrx_word' id='word_1_499' title='bbox 447 3252 751 3309; x_wconf 77' lang='lat' dir='ltr'><strong>disceditea</strong></span> <span class='ocrx_word' id='word_1_500' title='bbox 787 3264 892 3316; x_wconf 88' lang='lat' dir='ltr'><strong>me,</strong></span> <span class='ocrx_word' id='word_1_501' title='bbox 926 3262 1032 3317; x_wconf 80' lang='lat' dir='ltr'><strong>quo</strong></span> <span class='ocrx_word' id='word_1_502' title='bbox 1059 3245 1265 3300; x_wconf 78' lang='lat' dir='ltr'><strong>facilius</strong></span> <span class='ocrx_word' id='word_1_503' title='bbox 1294 3244 1473 3312; x_wconf 89' lang='lat' dir='ltr'><strong>sopori</strong></span> <span class='ocrx_word' id='word_1_504' title='bbox 1514 3243 1743 3297; x_wconf 85' lang='lat' dir='ltr'><strong>relaxcr.</strong></span> <span class='ocrx_word' id='word_1_505' title='bbox 1779 3243 1901 3296; x_wconf 64' lang='lat' dir='ltr'><strong>ﬂare</strong></span> <span class='ocrx_word' id='word_1_506' title='bbox 1928 3257 2026 3294; x_wconf 84' lang='lat' dir='ltr'><strong>att-</strong></span> 
     </span>
    </p>
   </div>
   <div class='ocr_carea' id='block_1_64' title="bbox 448 3328 2027 3406">
    <p class='ocr_par' dir='ltr' id='par_1_64' title="bbox 448 3328 2027 3406">
     <span class='ocr_line' id='line_1_64' title="bbox 448 3328 2027 3406; baseline -0.008 -8"><span class='ocrx_word' id='word_1_507' title='bbox 448 3346 661 3398; x_wconf 83' lang='lat' dir='ltr'><strong>dientes</strong></span> <span class='ocrx_word' id='word_1_508' title='bbox 702 3355 917 3396; x_wconf 81' lang='lat' dir='ltr'><strong>sorores</strong></span> <span class='ocrx_word' id='word_1_509' title='bbox 967 3337 1104 3406; x_wconf 79' lang='lat' dir='ltr'><strong>ejus,</strong></span> <span class='ocrx_word' id='word_1_510' title='bbox 1146 3345 1486 3391; x_wconf 81' lang='lat' dir='ltr'><strong>recesserunt</strong></span> <span class='ocrx_word' id='word_1_511' title='bbox 1536 3328 1820 3404; x_wconf 72' lang='lat' dir='ltr'><strong>parumper</strong></span> <span class='ocrx_word' id='word_1_512' title='bbox 1864 3349 1891 3385; x_wconf 86' lang='lat' dir='ltr'><strong>a</strong></span> <span class='ocrx_word' id='word_1_513' title='bbox 1921 3334 2027 3388; x_wconf 83' lang='lat' dir='ltr'><strong>tel-</strong></span> 
     </span>
    </p>
   </div>
   <div class='ocr_carea' id='block_1_65' title="bbox 448 3426 2025 3502">
    <p class='ocr_par' dir='ltr' id='par_1_65' title="bbox 448 3426 2025 3502">
     <span class='ocr_line' id='line_1_65' title="bbox 448 3426 2025 3502; baseline -0.008 -11"><span class='ocrx_word' id='word_1_514' title='bbox 448 3437 580 3499; x_wconf 87' lang='lat' dir='ltr'><strong>lula,</strong></span> <span class='ocrx_word' id='word_1_515' title='bbox 612 3444 664 3489; x_wconf 88' lang='lat' dir='ltr'><strong>et</strong></span> <span class='ocrx_word' id='word_1_516' title='bbox 693 3439 814 3502; x_wconf 87' lang='lat' dir='ltr'><strong>post</strong></span> <span class='ocrx_word' id='word_1_517' title='bbox 852 3430 1121 3498; x_wconf 89' lang='lat' dir='ltr'><strong>paululum</strong></span> <span class='ocrx_word' id='word_1_518' title='bbox 1150 3428 1503 3482; x_wconf 88' lang='lat' dir='ltr'><strong>advenerunt.</strong></span> <span class='ocrx_word' id='word_1_519' title='bbox 1552 3427 1787 3495; x_wconf 83' lang='lat' dir='ltr'><strong>Denique</strong></span> <span class='ocrx_word' id='word_1_520' title='bbox 1835 3426 2025 3479; x_wconf 83' lang='lat' dir='ltr'><strong>stanti—</strong></span> 
     </span>
    </p>
   </div>
   <div class='ocr_carea' id='block_1_66' title="bbox 447 3518 2028 3588">
    <p class='ocr_par' dir='ltr' id='par_1_66' title="bbox 447 3518 2028 3588">
     <span class='ocr_line' id='line_1_66' title="bbox 447 3518 2028 3588; baseline -0.008 -5"><span class='ocrx_word' id='word_1_521' title='bbox 447 3529 546 3583; x_wconf 90' lang='lat' dir='ltr'><strong>bus</strong></span> <span class='ocrx_word' id='word_1_522' title='bbox 576 3525 684 3580; x_wconf 89' lang='lat' dir='ltr'><strong>illis</strong></span> <span class='ocrx_word' id='word_1_523' title='bbox 704 3536 885 3577; x_wconf 78' lang='lat' dir='ltr'><strong>coram</strong></span> <span class='ocrx_word' id='word_1_524' title='bbox 914 3534 1010 3584; x_wconf 86' lang='lat' dir='ltr'><strong>ea,</strong></span> <span class='ocrx_word' id='word_1_525' title='bbox 1037 3519 1420 3588; x_wconf 78' lang='lat' dir='ltr'><strong>exspectabant</strong></span> <span class='ocrx_word' id='word_1_526' title='bbox 1451 3518 1576 3586; x_wconf 90' lang='lat' dir='ltr'><strong>quid</strong></span> <span class='ocrx_word' id='word_1_527' title='bbox 1610 3518 1677 3571; x_wconf 89' lang='lat' dir='ltr'><strong>ab</strong></span> <span class='ocrx_word' id='word_1_528' title='bbox 1704 3518 1792 3571; x_wconf 67' lang='lat' dir='ltr'><strong>illa</strong></span> <span class='ocrx_word' id='word_1_529' title='bbox 1847 3518 2028 3572; x_wconf 88' lang='lat' dir='ltr'><strong>elocu-</strong></span> 
     </span>
    </p>
   </div>
   <div class='ocr_carea' id='block_1_67' title="bbox 445 3608 2031 3679">
    <p class='ocr_par' dir='ltr' id='par_1_67' title="bbox 445 3608 2031 3679">
     <span class='ocr_line' id='line_1_67' title="bbox 445 3608 2031 3679; baseline -0.008 -5"><span class='ocrx_word' id='word_1_530' title='bbox 445 3618 604 3674; x_wconf 82' lang='lat' dir='ltr'><strong>tionis</strong></span> <span class='ocrx_word' id='word_1_531' title='bbox 632 3615 895 3669; x_wconf 74' lang='lat' dir='ltr'><strong>audirent.</strong></span> <span class='ocrx_word' id='word_1_532' title='bbox 928 3611 1043 3678; x_wconf 87' lang='lat' dir='ltr'><strong>lpsa</strong></span> <span class='ocrx_word' id='word_1_533' title='bbox 1086 3619 1264 3665; x_wconf 89' lang='lat' dir='ltr'><strong>autem</strong></span> <span class='ocrx_word' id='word_1_534' title='bbox 1294 3610 1543 3679; x_wconf 78' lang='lat' dir='ltr'><strong>expansis</strong></span> <span class='ocrx_word' id='word_1_535' title='bbox 1579 3610 1821 3662; x_wconf 89' lang='lat' dir='ltr'><strong>manibus</strong></span> <span class='ocrx_word' id='word_1_536' title='bbox 1866 3608 2031 3664; x_wconf 85' lang='lat' dir='ltr'><strong>benc-</strong></span> 
     </span>
    </p>
   </div>
   <div class='ocr_carea' id='block_1_68' title="bbox 444 3699 2023 3777">
    <p class='ocr_par' dir='ltr' id='par_1_68' title="bbox 444 3699 2023 3777">
     <span class='ocr_line' id='line_1_68' title="bbox 444 3699 2023 3777; baseline -0.004 -19"><span class='ocrx_word' id='word_1_537' title='bbox 444 3706 732 3761; x_wconf 88' lang='lat' dir='ltr'><strong>dictiouem</strong></span> <span class='ocrx_word' id='word_1_538' title='bbox 764 3720 794 3757; x_wconf 91' lang='lat' dir='ltr'><strong>a</strong></span> <span class='ocrx_word' id='word_1_539' title='bbox 818 3702 1000 3757; x_wconf 89' lang='lat' dir='ltr'><strong>nescio</strong></span> <span class='ocrx_word' id='word_1_540' title='bbox 1023 3716 1127 3770; x_wconf 88' lang='lat' dir='ltr'><strong>quo</strong></span> <span class='ocrx_word' id='word_1_541' title='bbox 1170 3699 1487 3769; x_wconf 76' lang='lat' dir='ltr'><strong>efflagitans,</strong></span> <span class='ocrx_word' id='word_1_542' title='bbox 1521 3702 1633 3755; x_wconf 88' lang='lat' dir='ltr'><strong>ait:</strong></span> <span class='ocrx_word' id='word_1_543' title='bbox 1661 3701 1912 3777; x_wconf 84' lang='lat' dir='ltr'><strong>Benedic,</strong></span> <span class='ocrx_word' id='word_1_544' title='bbox 1942 3701 2023 3753; x_wconf 90' lang='lat' dir='ltr'><strong>in-</strong></span> 
     </span>
    </p>
   </div>
   <div class='ocr_carea' id='block_1_69' title="bbox 448 3792 2022 3867">
    <p class='ocr_par' dir='ltr' id='par_1_69' title="bbox 448 3792 2022 3867">
     <span class='ocr_line' id='line_1_69' title="bbox 448 3792 2022 3867; baseline -0.002 -16"><span class='ocrx_word' id='word_1_545' title='bbox 448 3798 585 3867; x_wconf 81' lang='lat' dir='ltr'><strong>quit,</strong></span> <span class='ocrx_word' id='word_1_546' title='bbox 613 3796 765 3861; x_wconf 83' lang='lat' dir='ltr'><strong>mihi,</strong></span> <span class='ocrx_word' id='word_1_547' title='bbox 790 3804 973 3848; x_wconf 87' lang='lat' dir='ltr'><strong>sancte</strong></span> <span class='ocrx_word' id='word_1_548' title='bbox 997 3808 1058 3847; x_wconf 92' lang='lat' dir='ltr'><strong>ac</strong></span> <span class='ocrx_word' id='word_1_549' title='bbox 1092 3792 1290 3848; x_wconf 84' lang='lat' dir='ltr'><strong>famule</strong></span> <span class='ocrx_word' id='word_1_550' title='bbox 1334 3792 1425 3847; x_wconf 91' lang='lat' dir='ltr'><strong>Dei</strong></span> <span class='ocrx_word' id='word_1_551' title='bbox 1453 3794 1671 3847; x_wconf 82' lang='lat' dir='ltr'><strong>excelsi.</strong></span> <span class='ocrx_word' id='word_1_552' title='bbox 1713 3794 1847 3847; x_wconf 77' lang='lat' dir='ltr'><strong>Ecce</strong></span> <span class='ocrx_word' id='word_1_553' title='bbox 1881 3794 2022 3848; x_wconf 89' lang='lat' dir='ltr'><strong>enim</strong></span> 
     </span>
    </p>
   </div>
   <div class='ocr_carea' id='block_1_70' title="bbox 445 3885 2024 3961">
    <p class='ocr_par' dir='ltr' id='par_1_70' title="bbox 445 3885 2024 3961">
     <span class='ocr_line' id='line_1_70' title="bbox 445 3885 2024 3961; baseline -0.001 -19"><span class='ocrx_word' id='word_1_554' title='bbox 445 3891 553 3961; x_wconf 74' lang='lat' dir='ltr'><strong>jam</strong></span> <span class='ocrx_word' id='word_1_555' title='bbox 570 3888 725 3942; x_wconf 85' lang='lat' dir='ltr'><strong>tertio</strong></span> <span class='ocrx_word' id='word_1_556' title='bbox 740 3886 977 3955; x_wconf 77' lang='lat' dir='ltr'><strong>fatigaris</strong></span> <span class='ocrx_word' id='word_1_557' title='bbox 992 3886 1147 3938; x_wconf 87' lang='lat' dir='ltr'><strong>hodie</strong></span> <span class='ocrx_word' id='word_1_558' title='bbox 1162 3886 1264 3940; x_wconf 88' lang='lat' dir='ltr'><strong>mei</strong></span> <span class='ocrx_word' id='word_1_559' title='bbox 1284 3899 1463 3939; x_wconf 78' lang='lat' dir='ltr'><strong>causa.</strong></span> <span class='ocrx_word' id='word_1_560' title='bbox 1484 3885 1545 3938; x_wconf 84' lang='lat' dir='ltr'><strong>Et</strong></span> <span class='ocrx_word' id='word_1_561' title='bbox 1561 3900 1656 3939; x_wconf 89' lang='lat' dir='ltr'><strong>cur</strong></span> <span class='ocrx_word' id='word_1_562' title='bbox 1669 3930 1682 3951; x_wconf 86' lang='lat'><strong>,</strong></span> <span class='ocrx_word' id='word_1_563' title='bbox 1703 3896 1908 3950; x_wconf 89' lang='lat' dir='ltr'><strong>sancte,</strong></span> <span class='ocrx_word' id='word_1_564' title='bbox 1931 3904 1941 3953; x_wconf 77' lang='grc' dir='ltr'><strong>ι</strong></span> <span class='ocrx_word' id='word_1_565' title='bbox 1966 3903 2024 3942; x_wconf 94' lang='lat' dir='ltr'><strong>ro</strong></span> 
     </span>
    </p>
   </div>
   <div class='ocr_carea' id='block_1_71' title="bbox 447 3976 2022 4049">
    <p class='ocr_par' dir='ltr' id='par_1_71' title="bbox 447 3976 2022 4049">
     <span class='ocr_line' id='line_1_71' title="bbox 447 3976 2022 4049; baseline -0.003 -15"><span class='ocrx_word' id='word_1_566' title='bbox 447 3982 657 4035; x_wconf 80' lang='lat' dir='ltr'><strong>infirma</strong></span> <span class='ocrx_word' id='word_1_567' title='bbox 715 3976 1024 4032; x_wconf 55' lang='lat' dir='ltr'><strong>muliercula</strong></span> <span class='ocrx_word' id='word_1_568' title='bbox 1069 3976 1285 4030; x_wconf 88' lang='lat' dir='ltr'><strong>crebras</strong></span> <span class='ocrx_word' id='word_1_569' title='bbox 1315 3976 1535 4045; x_wconf 79' lang='lat' dir='ltr'><strong>injurias</strong></span> <span class='ocrx_word' id='word_1_570' title='bbox 1565 3978 2022 4049; x_wconf 59' lang='lat' dir='ltr'><strong>sustines?392</strong></span> 
     </span>
    </p>
   </div>
   <div class='ocr_carea' id='block_1_72' title="bbox 442 4066 2023 4139">
    <p class='ocr_par' dir='ltr' id='par_1_72' title="bbox 442 4066 2023 4139">
     <span class='ocr_line' id='line_1_72' title="bbox 442 4066 2023 4139; baseline -0.005 -12"><span class='ocrx_word' id='word_1_571' title='bbox 442 4069 897 4139; x_wconf 78' lang='lat' dir='ltr'><strong>lntcrregantibus</strong></span> <span class='ocrx_word' id='word_1_572' title='bbox 936 4082 1064 4121; x_wconf 81' lang='lat' dir='ltr'><strong>vero</strong></span> <span class='ocrx_word' id='word_1_573' title='bbox 1092 4066 1194 4120; x_wconf 81' lang='lat' dir='ltr'><strong>illis</strong></span> <span class='ocrx_word' id='word_1_574' title='bbox 1226 4106 1241 4133; x_wconf 93' lang='lat'><strong>,</strong></span> <span class='ocrx_word' id='word_1_575' title='bbox 1273 4066 1335 4119; x_wconf 90' lang='lat' dir='ltr'><strong>ad</strong></span> <span class='ocrx_word' id='word_1_576' title='bbox 1366 4082 1522 4134; x_wconf 85' lang='lat' dir='ltr'><strong>quem</strong></span> <span class='ocrx_word' id='word_1_577' title='bbox 1569 4071 1684 4121; x_wconf 74' lang='lat' dir='ltr'><strong>tunc</strong></span> <span class='ocrx_word' id='word_1_578' title='bbox 1710 4067 1870 4123; x_wconf 87' lang='lat' dir='ltr'><strong>verba</strong></span> <span class='ocrx_word' id='word_1_579' title='bbox 1902 4086 2023 4137; x_wconf 82' lang='lat' dir='ltr'><strong>pru-</strong></span> 
     </span>
    </p>
   </div>
   <div class='ocr_carea' id='block_1_73' title="bbox 442 4157 2022 4230">
    <p class='ocr_par' dir='ltr' id='par_1_73' title="bbox 442 4157 2022 4230">
     <span class='ocr_line' id='line_1_73' title="bbox 442 4157 2022 4230; baseline -0.001 -14"><span class='ocrx_word' id='word_1_580' title='bbox 442 4166 625 4227; x_wconf 80' lang='lat' dir='ltr'><strong>t&#39;erret,</strong></span> <span class='ocrx_word' id='word_1_581' title='bbox 662 4165 872 4230; x_wconf 85' lang='lat' dir='ltr'><strong>penitus</strong></span> <span class='ocrx_word' id='word_1_582' title='bbox 903 4174 1005 4213; x_wconf 90' lang='lat' dir='ltr'><strong>non</strong></span> <span class='ocrx_word' id='word_1_583' title='bbox 1037 4168 1121 4214; x_wconf 75' lang='lat' dir='ltr'><strong>est</strong></span> <span class='ocrx_word' id='word_1_584' title='bbox 1149 4157 1327 4212; x_wconf 56' lang='lat' dir='ltr'><strong>edita.</strong></span> <span class='ocrx_word' id='word_1_585' title='bbox 1358 4157 1508 4212; x_wconf 83' lang='lat' dir='ltr'><strong>Tunc</strong></span> <span class='ocrx_word' id='word_1_586' title='bbox 1539 4160 1676 4213; x_wconf 82' lang='lat' dir='ltr'><strong>iacto</strong></span> <span class='ocrx_word' id='word_1_587' title='bbox 1702 4159 1913 4214; x_wconf 89' lang='lat' dir='ltr'><strong>medico</strong></span> <span class='ocrx_word' id='word_1_588' title='bbox 1942 4161 2022 4215; x_wconf 86' lang='lat' dir='ltr'><strong>in-</strong></span> 
     </span>
    </p>
   </div>
   <div class='ocr_carea' id='block_1_74' title="bbox 448 4251 2023 4321">
    <p class='ocr_par' dir='ltr' id='par_1_74' title="bbox 448 4251 2023 4321">
     <span class='ocr_line' id='line_1_74' title="bbox 448 4251 2023 4321; baseline -0.004 -10"><span class='ocrx_word' id='word_1_589' title='bbox 448 4256 697 4321; x_wconf 77' lang='lat' dir='ltr'><strong>tervallo,</strong></span> <span class='ocrx_word' id='word_1_590' title='bbox 726 4253 902 4307; x_wconf 83' lang='lat' dir='ltr'><strong>emisit</strong></span> <span class='ocrx_word' id='word_1_591' title='bbox 929 4266 1110 4306; x_wconf 87' lang='lat' dir='ltr'><strong>vocem</strong></span> <span class='ocrx_word' id='word_1_592' title='bbox 1136 4265 1381 4320; x_wconf 85' lang='lat' dir='ltr'><strong>magnam</strong></span> <span class='ocrx_word' id='word_1_593' title='bbox 1412 4265 1532 4304; x_wconf 86' lang='lat' dir='ltr'><strong>eum</strong></span> <span class='ocrx_word' id='word_1_594' title='bbox 1557 4251 1688 4317; x_wconf 84' lang='lat' dir='ltr'><strong>risu,</strong></span> <span class='ocrx_word' id='word_1_595' title='bbox 1716 4262 1770 4306; x_wconf 84' lang='lat' dir='ltr'><strong>et</strong></span> <span class='ocrx_word' id='word_1_596' title='bbox 1795 4253 1872 4306; x_wconf 88' lang='lat' dir='ltr'><strong>sic</strong></span> <span class='ocrx_word' id='word_1_597' title='bbox 1916 4262 2023 4306; x_wconf 87' lang='lat' dir='ltr'><strong>tra-</strong></span> 
     </span>
    </p>
   </div>
   <div class='ocr_carea' id='block_1_75' title="bbox 438 4344 2019 4416">
    <p class='ocr_par' dir='ltr' id='par_1_75' title="bbox 438 4344 2019 4416">
     <span class='ocr_line' id='line_1_75' title="bbox 438 4344 2019 4416; baseline -0.004 -12"><span class='ocrx_word' id='word_1_598' title='bbox 438 4351 576 4404; x_wconf 86' lang='lat' dir='ltr'><strong>didit</strong></span> <span class='ocrx_word' id='word_1_599' title='bbox 616 4347 883 4416; x_wconf 90' lang='lat' dir='ltr'><strong>spiritum.</strong></span> <span class='ocrx_word' id='word_1_600' title='bbox 942 4345 1163 4399; x_wconf 80' lang='lat' dir='ltr'><strong>Etccce</strong></span> <span class='ocrx_word' id='word_1_601' title='bbox 1204 4344 1420 4413; x_wconf 77' lang='lat' dir='ltr'><strong>quidam</strong></span> <span class='ocrx_word' id='word_1_602' title='bbox 1470 4359 1883 4414; x_wconf 82' lang='lat' dir='ltr'><strong>cnergnmenus,</strong></span> <span class='ocrx_word' id='word_1_603' title='bbox 1930 4344 2019 4414; x_wconf 88' lang='lat' dir='ltr'><strong>qui</strong></span> 
     </span>
    </p>
   </div>
   <div class='ocr_carea' id='block_1_76' title="bbox 439 4436 2015 4505">
    <p class='ocr_par' dir='ltr' id='par_1_76' title="bbox 439 4436 2015 4505">
     <span class='ocr_line' id='line_1_76' title="bbox 439 4436 2015 4505; baseline 0 -12"><span class='ocrx_word' id='word_1_604' title='bbox 439 4451 565 4493; x_wconf 90' lang='lat' dir='ltr'><strong>tunc</strong></span> <span class='ocrx_word' id='word_1_605' title='bbox 590 4440 653 4492; x_wconf 90' lang='lat' dir='ltr'><strong>ad</strong></span> <span class='ocrx_word' id='word_1_606' title='bbox 686 4440 859 4492; x_wconf 64' lang='lat' dir='ltr'><strong>beata</strong></span> <span class='ocrx_word' id='word_1_607' title='bbox 887 4436 1070 4490; x_wconf 90' lang='lat' dir='ltr'><strong>Crucis</strong></span> <span class='ocrx_word' id='word_1_608' title='bbox 1094 4436 1318 4505; x_wconf 82' lang='lat' dir='ltr'><strong>gloriam</strong></span> <span class='ocrx_word' id='word_1_609' title='bbox 1343 4437 1680 4492; x_wconf 86' lang='lat' dir='ltr'><strong>mundandtts</strong></span> <span class='ocrx_word' id='word_1_610' title='bbox 1707 4437 2015 4504; x_wconf 85' lang='lat' dir='ltr'><strong>advenerat,</strong></span> 
     </span>
    </p>
   </div>
   <div class='ocr_carea' id='block_1_77' title="bbox 2127 3241 3719 3314">
    <p class='ocr_par' dir='ltr' id='par_1_77' title="bbox 2127 3241 3719 3314">
     <span class='ocr_line' id='line_1_77' title="bbox 2127 3241 3719 3314; baseline 0.01 -23"><span class='ocrx_word' id='word_1_611' title='bbox 2127 3242 2359 3310; x_wconf 84' lang='lat' dir='ltr'><strong>gregalis</strong></span> <span class='ocrx_word' id='word_1_612' title='bbox 2384 3241 2673 3311; x_wconf 78' lang='lat' dir='ltr'><strong>virginibus</strong></span> <span class='ocrx_word' id='word_1_613' title='bbox 2719 3257 2838 3296; x_wconf 87' lang='lat' dir='ltr'><strong>eum</strong></span> <span class='ocrx_word' id='word_1_614' title='bbox 2893 3258 3083 3314; x_wconf 85' lang='lat' dir='ltr'><strong>magno</strong></span> <span class='ocrx_word' id='word_1_615' title='bbox 3109 3247 3386 3312; x_wconf 66' lang='lat' dir='ltr'><strong>psallt-ntio</strong></span> <span class='ocrx_word' id='word_1_616' title='bbox 3412 3292 3426 3313; x_wconf 83' lang='grc'>,</span> <span class='ocrx_word' id='word_1_617' title='bbox 3468 3256 3719 3307; x_wconf 79' lang='lat' dir='ltr'><strong>accensis</strong></span> 
     </span>
    </p>
   </div>
   <div class='ocr_carea' id='block_1_78' title="bbox 2130 3332 3723 3411">
    <p class='ocr_par' dir='ltr' id='par_1_78' title="bbox 2130 3332 3723 3411">
     <span class='ocr_line' id='line_1_78' title="bbox 2130 3332 3723 3411; baseline 0.005 -25"><span class='ocrx_word' id='word_1_618' title='bbox 2130 3332 2482 3399; x_wconf 81' lang='lat' dir='ltr'><strong>lampadbus,</strong></span> <span class='ocrx_word' id='word_1_619' title='bbox 2518 3344 2733 3388; x_wconf 88' lang='lat' dir='ltr'><strong>tenente</strong></span> <span class='ocrx_word' id='word_1_620' title='bbox 2762 3335 2861 3388; x_wconf 89' lang='lat' dir='ltr'><strong>sibi</strong></span> <span class='ocrx_word' id='word_1_621' title='bbox 2885 3336 3058 3404; x_wconf 51' lang='lat' dir='ltr'><strong>.bcata</strong></span> <span class='ocrx_word' id='word_1_622' title='bbox 3106 3334 3435 3406; x_wconf 79' lang='lat' dir='ltr'><strong>ltadegunde</strong></span> <span class='ocrx_word' id='word_1_623' title='bbox 3480 3357 3723 3411; x_wconf 81' lang='lat' dir='ltr'><strong>manum,</strong></span> 
     </span>
    </p>
   </div>
   <div class='ocr_carea' id='block_1_79' title="bbox 2128 3424 3723 3493">
    <p class='ocr_par' dir='ltr' id='par_1_79' title="bbox 2128 3424 3723 3493">
     <span class='ocr_line' id='line_1_79' title="bbox 2128 3424 3723 3493; baseline 0.007 -17"><span class='ocrx_word' id='word_1_624' title='bbox 2128 3425 2194 3476; x_wconf 89' lang='lat' dir='ltr'><strong>ad</strong></span> <span class='ocrx_word' id='word_1_625' title='bbox 2228 3424 2401 3478; x_wconf 87' lang='lat' dir='ltr'><strong>locum</strong></span> <span class='ocrx_word' id='word_1_626' title='bbox 2436 3442 2603 3490; x_wconf 76' lang='lat' dir='ltr'><strong>usque</strong></span> <span class='ocrx_word' id='word_1_627' title='bbox 2646 3425 2971 3493; x_wconf 84' lang='lat' dir='ltr'><strong>perducitur.</strong></span> <span class='ocrx_word' id='word_1_628' title='bbox 3005 3427 3069 3480; x_wconf 79' lang='lat' dir='ltr'><strong>Et</strong></span> <span class='ocrx_word' id='word_1_629' title='bbox 3098 3430 3175 3481; x_wconf 88' lang='lat' dir='ltr'><strong>sic</strong></span> <span class='ocrx_word' id='word_1_630' title='bbox 3206 3430 3322 3483; x_wconf 82' lang='lat' dir='ltr'><strong>vale</strong></span> <span class='ocrx_word' id='word_1_631' title='bbox 3368 3431 3568 3485; x_wconf 81' lang='lat' dir='ltr'><strong>faciens</strong></span> <span class='ocrx_word' id='word_1_632' title='bbox 3599 3450 3723 3487; x_wconf 87' lang='lat' dir='ltr'><strong>unt-</strong></span> 
     </span>
    </p>
   </div>
   <div class='ocr_carea' id='block_1_80' title="bbox 2129 3516 3723 3590">
    <p class='ocr_par' dir='ltr' id='par_1_80' title="bbox 2129 3516 3723 3590">
     <span class='ocr_line' id='line_1_80' title="bbox 2129 3516 3723 3590; baseline 0.006 -20"><span class='ocrx_word' id='word_1_633' title='bbox 2129 3516 2303 3578; x_wconf 80' lang='lat' dir='ltr'><strong>nibus,</strong></span> <span class='ocrx_word' id='word_1_634' title='bbox 2352 3521 2700 3572; x_wconf 57' lang='lat' dir='ltr'><strong>etﬁsculans</strong></span> <span class='ocrx_word' id='word_1_635' title='bbox 2756 3519 2994 3588; x_wconf 83' lang='lat' dir='ltr'><strong>singulas</strong></span> <span class='ocrx_word' id='word_1_636' title='bbox 3042 3535 3307 3590; x_wconf 89' lang='lat' dir='ltr'><strong>quasque,</strong></span> <span class='ocrx_word' id='word_1_637' title='bbox 3356 3536 3566 3579; x_wconf 82' lang='lat' dir='ltr'><strong>rectusa</strong></span> <span class='ocrx_word' id='word_1_638' title='bbox 3609 3538 3723 3581; x_wconf 78' lang='lat' dir='ltr'><strong>est.</strong></span> 
     </span>
    </p>
   </div>
   <div class='ocr_carea' id='block_1_81' title="bbox 2127 3609 3723 3686">
    <p class='ocr_par' dir='ltr' id='par_1_81' title="bbox 2127 3609 3723 3686">
     <span class='ocr_line' id='line_1_81' title="bbox 2127 3609 3723 3686; baseline 0.008 -23"><span class='ocrx_word' id='word_1_639' title='bbox 2127 3609 2519 3678; x_wconf 79' lang='lat' dir='ltr'><strong>Obstrucmque</strong></span> <span class='ocrx_word' id='word_1_640' title='bbox 2564 3609 2710 3664; x_wconf 79' lang='lat' dir='ltr'><strong>aditu</strong></span> <span class='ocrx_word' id='word_1_641' title='bbox 2761 3626 2855 3680; x_wconf 91' lang='lat' dir='ltr'><strong>per</strong></span> <span class='ocrx_word' id='word_1_642' title='bbox 2901 3626 3057 3681; x_wconf 88' lang='lat' dir='ltr'><strong>quem</strong></span> <span class='ocrx_word' id='word_1_643' title='bbox 3115 3614 3351 3683; x_wconf 81' lang='lat' dir='ltr'><strong>ingressa</strong></span> <span class='ocrx_word' id='word_1_644' title='bbox 3402 3620 3590 3686; x_wconf 82' lang='lat' dir='ltr'><strong>fuerat,</strong></span> <span class='ocrx_word' id='word_1_645' title='bbox 3645 3619 3723 3676; x_wconf 83' lang='lat' dir='ltr'><strong>ibi</strong></span> 
     </span>
    </p>
   </div>
   <div class='ocr_carea' id='block_1_82' title="bbox 2128 3701 3052 3757">
    <p class='ocr_par' dir='ltr' id='par_1_82' title="bbox 2128 3701 3052 3757">
     <span class='ocr_line' id='line_1_82' title="bbox 2128 3701 3052 3757; baseline 0.001 -3"><span class='ocrx_word' id='word_1_646' title='bbox 2128 3716 2268 3754; x_wconf 87' lang='lat' dir='ltr'><strong>nunc</strong></span> <span class='ocrx_word' id='word_1_647' title='bbox 2295 3702 2519 3754; x_wconf 86' lang='lat' dir='ltr'><strong>orationi</strong></span> <span class='ocrx_word' id='word_1_648' title='bbox 2550 3716 2611 3754; x_wconf 84' lang='lat' dir='ltr'><strong>ac</strong></span> <span class='ocrx_word' id='word_1_649' title='bbox 2641 3701 2852 3756; x_wconf 87' lang='lat' dir='ltr'><strong>lectioni</strong></span> <span class='ocrx_word' id='word_1_650' title='bbox 2881 3710 3052 3757; x_wconf 81' lang='lat' dir='ltr'><strong>vat-at.</strong></span> 
     </span>
    </p>
   </div>
   <div class='ocr_carea' id='block_1_83' title="bbox 2202 3804 3715 3879">
    <p class='ocr_par' dir='ltr' id='par_1_83' title="bbox 2202 3804 3715 3879">
     <span class='ocr_line' id='line_1_83' title="bbox 2202 3804 3715 3879; baseline 0.006 -22"><span class='ocrx_word' id='word_1_651' title='bbox 2202 3804 2367 3858; x_wconf 79' lang='grc' dir='ltr'><strong>ΧΧΧ.</strong></span> <span class='ocrx_word' id='word_1_652' title='bbox 2416 3805 2525 3860; x_wconf 92' lang='lat' dir='ltr'><strong>lloc</strong></span> <span class='ocrx_word' id='word_1_653' title='bbox 2561 3820 2702 3859; x_wconf 85' lang='lat' dir='ltr'><strong>anno</strong></span> <span class='ocrx_word' id='word_1_654' title='bbox 2751 3804 2999 3861; x_wconf 78' lang='lat' dir='ltr'><strong>Tiberius</strong></span> <span class='ocrx_word' id='word_1_655' title='bbox 3046 3807 3337 3875; x_wconf 89' lang='lat' dir='ltr'><strong>imperator</strong></span> <span class='ocrx_word' id='word_1_656' title='bbox 3386 3809 3632 3879; x_wconf 69' lang='lat' dir='ltr'><strong>migratit</strong></span> <span class='ocrx_word' id='word_1_657' title='bbox 3682 3828 3715 3866; x_wconf 82' lang='lat' dir='ltr'><strong>a</strong></span> 
     </span>
    </p>
   </div>
   <div class='ocr_carea' id='block_1_84' title="bbox 2125 3895 3714 3966">
    <p class='ocr_par' dir='ltr' id='par_1_84' title="bbox 2125 3895 3714 3966">
     <span class='ocr_line' id='line_1_84' title="bbox 2125 3895 3714 3966; baseline 0.005 -17"><span class='ocrx_word' id='word_1_658' title='bbox 2125 3896 2343 3959; x_wconf 68' lang='lat' dir='ltr'><strong>Str-culo,</strong></span> <span class='ocrx_word' id='word_1_659' title='bbox 2380 3912 2627 3964; x_wconf 84' lang='lat' dir='ltr'><strong>maguum</strong></span> <span class='ocrx_word' id='word_1_660' title='bbox 2654 3895 2852 3949; x_wconf 87' lang='lat' dir='ltr'><strong>luctum</strong></span> <span class='ocrx_word' id='word_1_661' title='bbox 2883 3897 3189 3966; x_wconf 86' lang='lat' dir='ltr'><strong>relinquens</strong></span> <span class='ocrx_word' id='word_1_662' title='bbox 3221 3913 3302 3966; x_wconf 66' lang='lat' dir='ltr'><strong>pol</strong></span> <span class='ocrx_word' id='word_1_663' title='bbox 3327 3899 3428 3952; x_wconf 80' lang='lat' dir='ltr'><strong>ttlis</strong></span> <span class='ocrx_word' id='word_1_664' title='bbox 3468 3906 3534 3954; x_wconf 87' lang='lat' dir='ltr'><strong>de</strong></span> <span class='ocrx_word' id='word_1_665' title='bbox 3562 3902 3714 3957; x_wconf 74' lang='lat' dir='ltr'><strong>oltittt</strong></span> 
     </span>
    </p>
   </div>
   <div class='ocr_carea' id='block_1_85' title="bbox 2125 3986 3717 4063">
    <p class='ocr_par' dir='ltr' id='par_1_85' title="bbox 2125 3986 3717 4063">
     <span class='ocr_line' id='line_1_85' title="bbox 2125 3986 3717 4063; baseline 0.006 -24"><span class='ocrx_word' id='word_1_666' title='bbox 2125 4000 2241 4040; x_wconf 82' lang='lat' dir='ltr'><strong>siin.</strong></span> <span class='ocrx_word' id='word_1_667' title='bbox 2279 3986 2405 4039; x_wconf 81' lang='lat' dir='ltr'><strong>Erat</strong></span> <span class='ocrx_word' id='word_1_668' title='bbox 2444 3987 2587 4041; x_wconf 87' lang='lat' dir='ltr'><strong>enim</strong></span> <span class='ocrx_word' id='word_1_669' title='bbox 2645 4001 2868 4041; x_wconf 77' lang='lat' dir='ltr'><strong>summa:</strong></span> <span class='ocrx_word' id='word_1_670' title='bbox 2924 3987 3198 4054; x_wconf 86' lang='lat' dir='ltr'><strong>bonitatis,</strong></span> <span class='ocrx_word' id='word_1_671' title='bbox 3256 3990 3306 4042; x_wconf 87' lang='lat' dir='ltr'><strong>itt</strong></span> <span class='ocrx_word' id='word_1_672' title='bbox 3355 3991 3717 4063; x_wconf 73' lang='lat' dir='ltr'><strong>cleemosyais</strong></span> 
     </span>
    </p>
   </div>
   <div class='ocr_carea' id='block_1_86' title="bbox 2126 4068 3717 4149">
    <p class='ocr_par' dir='ltr' id='par_1_86' title="bbox 2126 4068 3717 4149">
     <span class='ocr_line' id='line_1_86' title="bbox 2126 4068 3717 4149; baseline -0.004 -19"><span class='ocrx_word' id='word_1_673' title='bbox 2126 4088 2404 4146; x_wconf 70' lang='lat' dir='ltr'><strong>pt-untptus</strong></span> <span class='ocrx_word' id='word_1_674' title='bbox 2429 4117 2443 4139; x_wconf 90' lang='lat'><strong>,</strong></span> <span class='ocrx_word' id='word_1_675' title='bbox 2472 4077 2523 4130; x_wconf 91' lang='lat' dir='ltr'><strong>itt</strong></span> <span class='ocrx_word' id='word_1_676' title='bbox 2568 4077 2783 4145; x_wconf 88' lang='lat' dir='ltr'><strong>judiciis</strong></span> <span class='ocrx_word' id='word_1_677' title='bbox 2807 4079 3005 4149; x_wconf 74' lang='lat' dir='ltr'><strong>justus,</strong></span> <span class='ocrx_word' id='word_1_678' title='bbox 3034 4068 3089 4133; x_wconf 86' lang='lat' dir='ltr'><strong>in</strong></span> <span class='ocrx_word' id='word_1_679' title='bbox 3129 4080 3422 4149; x_wconf 77' lang='lat' dir='ltr'><strong>judicaado</strong></span> <span class='ocrx_word' id='word_1_680' title='bbox 3460 4085 3717 4139; x_wconf 67' lang='lat' dir='ltr'><strong>catttfssi-</strong></span> 
     </span>
    </p>
   </div>
   <div class='ocr_carea' id='block_1_87' title="bbox 2126 4169 3714 4237">
    <p class='ocr_par' dir='ltr' id='par_1_87' title="bbox 2126 4169 3714 4237">
     <span class='ocr_line' id='line_1_87' title="bbox 2126 4169 3714 4237; baseline 0.006 -15"><span class='ocrx_word' id='word_1_681' title='bbox 2126 4184 2244 4222; x_wconf 90' lang='lat' dir='ltr'><strong>ntus</strong></span> <span class='ocrx_word' id='word_1_682' title='bbox 2270 4210 2285 4235; x_wconf 90' lang='lat'><strong>,</strong></span> <span class='ocrx_word' id='word_1_683' title='bbox 2311 4169 2509 4222; x_wconf 90' lang='lat' dir='ltr'><strong>nullum</strong></span> <span class='ocrx_word' id='word_1_684' title='bbox 2534 4169 2856 4237; x_wconf 68' lang='lat' dir='ltr'><strong>despiciens,</strong></span> <span class='ocrx_word' id='word_1_685' title='bbox 2905 4171 2998 4225; x_wconf 70' lang='grc' dir='ltr'><strong>ενα</strong></span> <span class='ocrx_word' id='word_1_686' title='bbox 3027 4188 3214 4227; x_wconf 89' lang='lat' dir='ltr'><strong>omnes</strong></span> <span class='ocrx_word' id='word_1_687' title='bbox 3243 4176 3293 4227; x_wconf 92' lang='lat' dir='ltr'><strong>in</strong></span> <span class='ocrx_word' id='word_1_688' title='bbox 3329 4175 3463 4227; x_wconf 83' lang='lat' dir='ltr'><strong>bona</strong></span> <span class='ocrx_word' id='word_1_689' title='bbox 3514 4177 3714 4231; x_wconf 82' lang='lat' dir='ltr'><strong>volun-</strong></span> 
     </span>
    </p>
   </div>
   <div class='ocr_carea' id='block_1_88' title="bbox 2125 4260 3715 4334">
    <p class='ocr_par' dir='ltr' id='par_1_88' title="bbox 2125 4260 3715 4334">
     <span class='ocr_line' id='line_1_88' title="bbox 2125 4260 3715 4334; baseline 0.006 -23"><span class='ocrx_word' id='word_1_690' title='bbox 2125 4268 2233 4311; x_wconf 88' lang='lat' dir='ltr'><strong>tate</strong></span> <span class='ocrx_word' id='word_1_691' title='bbox 2262 4260 2659 4327; x_wconf 84' lang='lat' dir='ltr'><strong>contplectens;</strong></span> <span class='ocrx_word' id='word_1_692' title='bbox 2692 4276 2879 4315; x_wconf 83' lang='lat' dir='ltr'><strong>omnes</strong></span> <span class='ocrx_word' id='word_1_693' title='bbox 2909 4262 3153 4330; x_wconf 83' lang='lat' dir='ltr'><strong>diligens,</strong></span> <span class='ocrx_word' id='word_1_694' title='bbox 3186 4267 3297 4331; x_wconf 85' lang='lat' dir='ltr'><strong>ipse</strong></span> <span class='ocrx_word' id='word_1_695' title='bbox 3339 4282 3406 4334; x_wconf 87' lang='lat' dir='ltr'><strong>qn</strong></span> <span class='ocrx_word' id='word_1_696' title='bbox 3446 4281 3551 4334; x_wconf 87' lang='lat' dir='ltr'><strong>que</strong></span> <span class='ocrx_word' id='word_1_697' title='bbox 3587 4269 3715 4321; x_wconf 85' lang='lat' dir='ltr'><strong>dili-</strong></span> 
     </span>
    </p>
   </div>
   <div class='ocr_carea' id='block_1_89' title="bbox 2124 4350 3715 4424">
    <p class='ocr_par' dir='ltr' id='par_1_89' title="bbox 2124 4350 3715 4424">
     <span class='ocr_line' id='line_1_89' title="bbox 2124 4350 3715 4424; baseline 0.008 -22"><span class='ocrx_word' id='word_1_698' title='bbox 2124 4350 2348 4419; x_wconf 82' lang='lat' dir='ltr'><strong>gebatur</strong></span> <span class='ocrx_word' id='word_1_699' title='bbox 2373 4351 2438 4403; x_wconf 87' lang='lat' dir='ltr'><strong>ab</strong></span> <span class='ocrx_word' id='word_1_700' title='bbox 2462 4350 2730 4405; x_wconf 87' lang='lat' dir='ltr'><strong>omnibus.</strong></span> <span class='ocrx_word' id='word_1_701' title='bbox 2758 4350 2861 4404; x_wconf 77' lang='lat' dir='ltr'><strong>ilic</strong></span> <span class='ocrx_word' id='word_1_702' title='bbox 2888 4368 3007 4407; x_wconf 88' lang='lat' dir='ltr'><strong>cum</strong></span> <span class='ocrx_word' id='word_1_703' title='bbox 3048 4367 3309 4423; x_wconf 55' lang='lat' dir='ltr'><strong>atgrotare</strong></span> <span class='ocrx_word' id='word_1_704' title='bbox 3350 4358 3623 4424; x_wconf 65' lang='lat' dir='ltr'><strong>«cpisset,</strong></span> <span class='ocrx_word' id='word_1_705' title='bbox 3654 4374 3715 4414; x_wconf 74' lang='lat' dir='ltr'><strong>et</strong></span> 
     </span>
    </p>
   </div>
   <div class='ocr_carea' id='block_1_90' title="bbox 2124 4442 3710 4517">
    <p class='ocr_par' dir='ltr' id='par_1_90' title="bbox 2124 4442 3710 4517">
     <span class='ocr_line' id='line_1_90' title="bbox 2124 4442 3710 4517; baseline 0.006 -22"><span class='ocrx_word' id='word_1_706' title='bbox 2124 4456 2183 4496; x_wconf 88' lang='lat' dir='ltr'><strong>se</strong></span> <span class='ocrx_word' id='word_1_707' title='bbox 2201 4442 2307 4511; x_wconf 89' lang='lat' dir='ltr'><strong>jam</strong></span> <span class='ocrx_word' id='word_1_708' title='bbox 2342 4444 2518 4498; x_wconf 89' lang='lat' dir='ltr'><strong>vivere</strong></span> <span class='ocrx_word' id='word_1_709' title='bbox 2540 4442 2874 4511; x_wconf 85' lang='lat' dir='ltr'><strong>desperaret,</strong></span> <span class='ocrx_word' id='word_1_710' title='bbox 2902 4448 3105 4498; x_wconf 84' lang='lat' dir='ltr'><strong>vocavit</strong></span> <span class='ocrx_word' id='word_1_711' title='bbox 3126 4448 3212 4513; x_wconf 76' lang='lat' dir='ltr'><strong>So,</strong></span> <span class='ocrx_word' id='word_1_712' title='bbox 3236 4447 3377 4500; x_wconf 88' lang='lat' dir='ltr'><strong>hiam</strong></span> <span class='ocrx_word' id='word_1_713' title='bbox 3403 4461 3596 4517; x_wconf 82' lang='lat' dir='ltr'><strong>august</strong></span> <span class='ocrx_word' id='word_1_714' title='bbox 3614 4468 3710 4517; x_wconf 63' lang='lat' dir='ltr'><strong>an,</strong></span> 
     </span>
    </p>
   </div>
   <div class='ocr_carea' id='block_1_91' title="bbox 439 4529 3717 4604">
    <p class='ocr_par' dir='ltr' id='par_1_91' title="bbox 439 4529 3717 4604">
     <span class='ocr_line' id='line_1_91' title="bbox 439 4529 3717 4604; baseline 0.002 -19"><span class='ocrx_word' id='word_1_715' title='bbox 439 4540 649 4599; x_wconf 84' lang='lat' dir='ltr'><strong>art-cpta</strong></span> <span class='ocrx_word' id='word_1_716' title='bbox 682 4530 925 4583; x_wconf 88' lang='lat' dir='ltr'><strong>manibus</strong></span> <span class='ocrx_word' id='word_1_717' title='bbox 957 4529 1177 4584; x_wconf 73' lang='lat' dir='ltr'><strong>caesarie</strong></span> <span class='ocrx_word' id='word_1_718' title='bbox 1204 4569 1218 4591; x_wconf 90' lang='lat'><strong>,</strong></span> <span class='ocrx_word' id='word_1_719' title='bbox 1243 4530 1440 4584; x_wconf 86' lang='lat' dir='ltr'><strong>collisit</strong></span> <span class='ocrx_word' id='word_1_720' title='bbox 1478 4545 1539 4585; x_wconf 89' lang='lat' dir='ltr'><strong>sc</strong></span> <span class='ocrx_word' id='word_1_721' title='bbox 1569 4530 1620 4583; x_wconf 91' lang='lat' dir='ltr'><strong>in</strong></span> <span class='ocrx_word' id='word_1_722' title='bbox 1666 4540 1888 4595; x_wconf 85' lang='lat' dir='ltr'><strong>terram,</strong></span> <span class='ocrx_word' id='word_1_723' title='bbox 1935 4532 2017 4585; x_wconf 71' lang='lat' dir='ltr'><strong>dL-</strong></span> <span class='ocrx_word' id='word_1_724' title='bbox 2049 4532 2099 4590; x_wconf 84' lang='lat' dir='ltr'><strong>D</strong></span> <span class='ocrx_word' id='word_1_725' title='bbox 2124 4532 2303 4585; x_wconf 86' lang='lat' dir='ltr'><strong>dicens</strong></span> <span class='ocrx_word' id='word_1_726' title='bbox 2329 4549 2339 4584; x_wconf 85' lang='lat'><strong><em>:</em></strong></span> <span class='ocrx_word' id='word_1_727' title='bbox 2372 4530 2509 4585; x_wconf 84' lang='lat' dir='ltr'><strong>Ecce</strong></span> <span class='ocrx_word' id='word_1_728' title='bbox 2532 4531 2642 4599; x_wconf 89' lang='lat' dir='ltr'><strong>jam</strong></span> <span class='ocrx_word' id='word_1_729' title='bbox 2673 4532 2948 4600; x_wconf 89' lang='lat' dir='ltr'><strong>impletum</strong></span> <span class='ocrx_word' id='word_1_730' title='bbox 2972 4534 3144 4588; x_wconf 68' lang='lat' dir='ltr'><strong>sentio</strong></span> <span class='ocrx_word' id='word_1_731' title='bbox 3169 4544 3376 4603; x_wconf 74' lang='lat' dir='ltr'><strong>tempus</strong></span> <span class='ocrx_word' id='word_1_732' title='bbox 3407 4538 3528 4590; x_wconf 68' lang='lat' dir='ltr'><strong>vitae</strong></span> <span class='ocrx_word' id='word_1_733' title='bbox 3548 4554 3717 4604; x_wconf 66' lang='lat' dir='ltr'><strong>mer;</strong></span> 
     </span>
    </p>
   </div>
   <div class='ocr_carea' id='block_1_92' title="bbox 437 4619 2019 4690">
    <p class='ocr_par' dir='ltr' id='par_1_92' title="bbox 437 4619 2019 4690">
     <span class='ocr_line' id='line_1_92' title="bbox 437 4619 2019 4690; baseline -0.001 -15"><span class='ocrx_word' id='word_1_734' title='bbox 437 4638 566 4677; x_wconf 78' lang='lat' dir='ltr'><strong>cens</strong></span> <span class='ocrx_word' id='word_1_735' title='bbox 595 4637 608 4674; x_wconf 87' lang='lat'><strong>:</strong></span> <span class='ocrx_word' id='word_1_736' title='bbox 648 4619 795 4675; x_wconf 88' lang='lat' dir='ltr'><strong>lleu!</strong></span> <span class='ocrx_word' id='word_1_737' title='bbox 824 4619 964 4672; x_wconf 88' lang='lat' dir='ltr'><strong>heul</strong></span> <span class='ocrx_word' id='word_1_738' title='bbox 1008 4619 1109 4672; x_wconf 93' lang='lat' dir='ltr'><strong>heu</strong></span> <span class='ocrx_word' id='word_1_739' title='bbox 1140 4620 1309 4684; x_wconf 90' lang='lat' dir='ltr'><strong>nobis,</strong></span> <span class='ocrx_word' id='word_1_740' title='bbox 1344 4622 1431 4689; x_wconf 89' lang='lat' dir='ltr'><strong>qui</strong></span> <span class='ocrx_word' id='word_1_741' title='bbox 1473 4622 1579 4676; x_wconf 89' lang='lat' dir='ltr'><strong>tale</strong></span> <span class='ocrx_word' id='word_1_742' title='bbox 1620 4622 1872 4675; x_wconf 83' lang='lat' dir='ltr'><strong>damnum</strong></span> <span class='ocrx_word' id='word_1_743' title='bbox 1900 4639 2019 4690; x_wconf 83' lang='lat' dir='ltr'><strong>per-</strong></span> 
     </span>
    </p>
   </div>
   <div class='ocr_carea' id='block_1_93' title="bbox 436 4710 2017 4784">
    <p class='ocr_par' dir='ltr' id='par_1_93' title="bbox 436 4710 2017 4784">
     <span class='ocr_line' id='line_1_93' title="bbox 436 4710 2017 4784; baseline 0.003 -19"><span class='ocrx_word' id='word_1_744' title='bbox 436 4715 579 4784; x_wconf 87' lang='lat' dir='ltr'><strong>pessi</strong></span> <span class='ocrx_word' id='word_1_745' title='bbox 604 4712 819 4767; x_wconf 86' lang='lat' dir='ltr'><strong>sumus!</strong></span> <span class='ocrx_word' id='word_1_746' title='bbox 854 4712 938 4767; x_wconf 90' lang='lat' dir='ltr'><strong>vel</strong></span> <span class='ocrx_word' id='word_1_747' title='bbox 979 4710 1213 4765; x_wconf 89' lang='lat' dir='ltr'><strong>licuisset</strong></span> <span class='ocrx_word' id='word_1_748' title='bbox 1244 4711 1389 4780; x_wconf 91' lang='lat' dir='ltr'><strong>prius</strong></span> <span class='ocrx_word' id='word_1_749' title='bbox 1420 4729 1607 4768; x_wconf 84' lang='lat' dir='ltr'><strong>causas</strong></span> <span class='ocrx_word' id='word_1_750' title='bbox 1639 4713 1937 4784; x_wconf 81' lang='lat' dir='ltr'><strong>inquirere,</strong></span> <span class='ocrx_word' id='word_1_751' title='bbox 1965 4727 2017 4769; x_wconf 89' lang='lat' dir='ltr'><strong>et</strong></span> 
     </span>
    </p>
   </div>
   <div class='ocr_carea' id='block_1_94' title="bbox 436 4802 2011 4874">
    <p class='ocr_par' dir='ltr' id='par_1_94' title="bbox 436 4802 2011 4874">
     <span class='ocr_line' id='line_1_94' title="bbox 436 4802 2011 4874; baseline -0.001 -13"><span class='ocrx_word' id='word_1_752' title='bbox 436 4807 514 4861; x_wconf 84' lang='lat' dir='ltr'><strong>sic</strong></span> <span class='ocrx_word' id='word_1_753' title='bbox 547 4806 614 4860; x_wconf 89' lang='lat' dir='ltr'><strong>de</strong></span> <span class='ocrx_word' id='word_1_754' title='bbox 645 4814 907 4874; x_wconf 90' lang='lat' dir='ltr'><strong>potestate</strong></span> <span class='ocrx_word' id='word_1_755' title='bbox 957 4811 1135 4859; x_wconf 87' lang='lat' dir='ltr'><strong>nostra</strong></span> <span class='ocrx_word' id='word_1_756' title='bbox 1182 4802 1367 4857; x_wconf 83' lang='lat' dir='ltr'><strong>luisset</strong></span> <span class='ocrx_word' id='word_1_757' title='bbox 1418 4804 1591 4857; x_wconf 88' lang='lat' dir='ltr'><strong>ablata</strong></span> <span class='ocrx_word' id='word_1_758' title='bbox 1635 4804 1751 4859; x_wconf 78' lang='lat' dir='ltr'><strong>b&#39;ec</strong></span> <span class='ocrx_word' id='word_1_759' title='bbox 1797 4805 2011 4861; x_wconf 87' lang='lat' dir='ltr'><strong>animal</strong></span> 
     </span>
    </p>
   </div>
   <div class='ocr_carea' id='block_1_95' title="bbox 440 4894 2016 4968">
    <p class='ocr_par' dir='ltr' id='par_1_95' title="bbox 440 4894 2016 4968">
     <span class='ocr_line' id='line_1_95' title="bbox 440 4894 2016 4968; baseline 0 -15"><span class='ocrx_word' id='word_1_760' title='bbox 440 4896 831 4968; x_wconf 87' lang='lat' dir='ltr'><strong>lnqttirentibns</strong></span> <span class='ocrx_word' id='word_1_761' title='bbox 862 4911 989 4950; x_wconf 86' lang='lat' dir='ltr'><strong>vero</strong></span> <span class='ocrx_word' id='word_1_762' title='bbox 1020 4894 1102 4949; x_wconf 92' lang='lat' dir='ltr'><strong>his</strong></span> <span class='ocrx_word' id='word_1_763' title='bbox 1131 4895 1219 4963; x_wconf 88' lang='lat' dir='ltr'><strong>qtti</strong></span> <span class='ocrx_word' id='word_1_764' title='bbox 1264 4894 1503 4961; x_wconf 87' lang='lat' dir='ltr'><strong>aderant,</strong></span> <span class='ocrx_word' id='word_1_765' title='bbox 1535 4895 1675 4964; x_wconf 81' lang='lat' dir='ltr'><strong>quod</strong></span> <span class='ocrx_word' id='word_1_766' title='bbox 1727 4907 1870 4951; x_wconf 89' lang='lat' dir='ltr'><strong>esset</strong></span> <span class='ocrx_word' id='word_1_767' title='bbox 1916 4899 2016 4953; x_wconf 91' lang='lat' dir='ltr'><strong>hoc</strong></span> 
     </span>
    </p>
   </div>
   <div class='ocr_carea' id='block_1_96' title="bbox 443 4984 2011 5057">
    <p class='ocr_par' dir='ltr' id='par_1_96' title="bbox 443 4984 2011 5057">
     <span class='ocr_line' id='line_1_96' title="bbox 443 4984 2011 5057; baseline 0.001 -18"><span class='ocrx_word' id='word_1_768' title='bbox 443 4989 654 5043; x_wconf 65' lang='lat' dir='ltr'><strong>uerbum</strong></span> <span class='ocrx_word' id='word_1_769' title='bbox 687 4985 826 5057; x_wconf 91' lang='lat' dir='ltr'><strong>quod</strong></span> <span class='ocrx_word' id='word_1_770' title='bbox 856 4986 1168 5054; x_wconf 87' lang='lat' dir='ltr'><strong>loquebatur</strong></span> <span class='ocrx_word' id='word_1_771' title='bbox 1195 5026 1210 5051; x_wconf 92' lang='lat'><strong>,</strong></span> <span class='ocrx_word' id='word_1_772' title='bbox 1242 4984 1514 5047; x_wconf 87' lang='lat' dir='ltr'><strong>respondit</strong></span> <span class='ocrx_word' id='word_1_773' title='bbox 1547 5000 1563 5038; x_wconf 90' lang='lat'><strong>:</strong></span> <span class='ocrx_word' id='word_1_774' title='bbox 1594 4984 1729 5039; x_wconf 78' lang='lat' dir='ltr'><strong>Ecce</strong></span> <span class='ocrx_word' id='word_1_775' title='bbox 1777 4987 2011 5042; x_wconf 89' lang='lat' dir='ltr'><strong>animam</strong></span> 
     </span>
    </p>
   </div>
   <div class='ocr_carea' id='block_1_97' title="bbox 509 5066 2012 5186">
    <p class='ocr_par' dir='ltr' id='par_1_97' title="bbox 509 5066 2012 5186">
     <span class='ocr_line' id='line_1_97' title="bbox 509 5066 2012 5186; baseline 0 -12"><span class='ocrx_word' id='word_1_776' title='bbox 509 5129 535 5156; x_wconf 76' lang='grc'><strong><em>⁸</em></strong></span> <span class='ocrx_word' id='word_1_777' title='bbox 561 5119 626 5174; x_wconf 84' lang='grc' dir='ltr'><strong>1ῐί</strong></span> <span class='ocrx_word' id='word_1_778' title='bbox 667 5119 960 5172; x_wconf 76' lang='lat' dir='ltr'><strong>manastica</strong></span> <span class='ocrx_word' id='word_1_779' title='bbox 991 5126 1136 5172; x_wconf 83' lang='lat' dir='ltr'><strong>veste</strong></span> <span class='ocrx_word' id='word_1_780' title='bbox 1181 5118 1361 5171; x_wconf 86' lang='lat' dir='ltr'><strong>donati</strong></span> <span class='ocrx_word' id='word_1_781' title='bbox 1414 5116 1465 5171; x_wconf 88' lang='lat' dir='ltr'><strong>in</strong></span> <span class='ocrx_word' id='word_1_782' title='bbox 1493 5117 1747 5171; x_wconf 82' lang='lat' dir='ltr'><strong>extremis</strong></span> <span class='ocrx_word' id='word_1_783' title='bbox 1788 5066 2012 5186; x_wconf 43' lang='lat' dir='ltr'><strong>apfiella.</strong></span> 
     </span>
    </p>
   </div>
   <div class='ocr_carea' id='block_1_98' title="bbox 438 5188 2007 5245">
    <p class='ocr_par' dir='ltr' id='par_1_98' title="bbox 438 5188 2007 5245">
     <span class='ocr_line' id='line_1_98' title="bbox 438 5188 2007 5245; baseline 0.001 -2"><span class='ocrx_word' id='word_1_784' title='bbox 438 5189 898 5244; x_wconf 74' lang='lat' dir='ltr'><strong>bantnrtnonachi</strong></span> <span class='ocrx_word' id='word_1_785' title='bbox 944 5189 1006 5239; x_wconf 87' lang='lat' dir='ltr'><strong>ad</strong></span> <span class='ocrx_word' id='word_1_786' title='bbox 1029 5189 1468 5241; x_wconf 66' lang='lat' dir='ltr'><strong>suecurtendum.</strong></span> <span class='ocrx_word' id='word_1_787' title='bbox 1504 5188 1828 5243; x_wconf 72' lang='lat' dir='ltr'><strong>l’muitentes</strong></span> <span class='ocrx_word' id='word_1_788' title='bbox 1883 5194 2007 5245; x_wconf 89' lang='lat' dir='ltr'><strong>olim</strong></span> 
     </span>
    </p>
   </div>
   <div class='ocr_carea' id='block_1_99' title="bbox 442 5259 2005 5327">
    <p class='ocr_par' dir='ltr' id='par_1_99' title="bbox 442 5259 2005 5327">
     <span class='ocr_line' id='line_1_99' title="bbox 442 5259 2005 5327; baseline 0.003 -18"><span class='ocrx_word' id='word_1_789' title='bbox 442 5263 490 5310; x_wconf 89' lang='lat' dir='ltr'><strong>in</strong></span> <span class='ocrx_word' id='word_1_790' title='bbox 524 5260 690 5314; x_wconf 67' lang='lat' dir='ltr'><strong>Gallia</strong></span> <span class='ocrx_word' id='word_1_791' title='bbox 725 5267 908 5310; x_wconf 82' lang='lat' dir='ltr'><strong>tonsus</strong></span> <span class='ocrx_word' id='word_1_792' title='bbox 956 5262 1113 5311; x_wconf 80' lang='lat' dir='ltr'><strong>fuisse</strong></span> <span class='ocrx_word' id='word_1_793' title='bbox 1144 5266 1367 5326; x_wconf 80' lang='lat' dir='ltr'><strong>patetex</strong></span> <span class='ocrx_word' id='word_1_794' title='bbox 1398 5273 1519 5311; x_wconf 90' lang='lat' dir='ltr'><strong>can.</strong></span> <span class='ocrx_word' id='word_1_795' title='bbox 1555 5259 1620 5311; x_wconf 73' lang='grc'><strong>12</strong></span> <span class='ocrx_word' id='word_1_796' title='bbox 1662 5260 1856 5314; x_wconf 88' lang='lat' dir='ltr'><strong>cencil.</strong></span> <span class='ocrx_word' id='word_1_797' title='bbox 1884 5266 2005 5327; x_wconf 76' lang='lat' dir='ltr'><strong>Aga-</strong></span> 
     </span>
    </p>
   </div>
   <div class='ocr_carea' id='block_1_100' title="bbox 437 5327 2005 5399">
    <p class='ocr_par' dir='ltr' id='par_1_100' title="bbox 437 5327 2005 5399">
     <span class='ocr_line' id='line_1_100' title="bbox 437 5327 2005 5399; baseline 0.004 -18"><span class='ocrx_word' id='word_1_798' title='bbox 437 5331 659 5389; x_wconf 83' lang='lat' dir='ltr'><strong>tbeusis.</strong></span> <span class='ocrx_word' id='word_1_799' title='bbox 684 5339 787 5383; x_wconf 88' lang='lat' dir='ltr'><strong>etc.</strong></span> <span class='ocrx_word' id='word_1_800' title='bbox 836 5329 963 5382; x_wconf 73' lang='lat' dir='ltr'><strong>Vide</strong></span> <span class='ocrx_word' id='word_1_801' title='bbox 1012 5327 1280 5381; x_wconf 76' lang='lat' dir='ltr'><strong>Sirmond.</strong></span> <span class='ocrx_word' id='word_1_802' title='bbox 1317 5329 1369 5381; x_wconf 85' lang='lat' dir='ltr'><strong>in</strong></span> <span class='ocrx_word' id='word_1_803' title='bbox 1416 5330 1511 5383; x_wconf 91' lang='lat' dir='ltr'><strong>lib.</strong></span> <span class='ocrx_word' id='word_1_804' title='bbox 1563 5344 1613 5382; x_wconf 83' lang='lat' dir='ltr'><strong>tv</strong></span> <span class='ocrx_word' id='word_1_805' title='bbox 1660 5331 2005 5399; x_wconf 65' lang='lat' dir='ltr'><strong>Apollinaris,</strong></span> 
     </span>
    </p>
   </div>
   <div class='ocr_carea' id='block_1_101' title="bbox 453 5418 711 5453">
    <p class='ocr_par' dir='ltr' id='par_1_101' title="bbox 453 5418 711 5453">
     <span class='ocr_line' id='line_1_101' title="bbox 453 5418 711 5453; baseline -0.008 0"><span class='ocrx_word' id='word_1_806' title='bbox 453 5418 588 5453; x_wconf 69' lang='lat' dir='ltr'><strong>&#39;I&#39;lSl.</strong></span> <span class='ocrx_word' id='word_1_807' title='bbox 623 5418 711 5451; x_wconf 78' lang='grc' dir='ltr'><strong>Ζι.</strong></span> 
     </span>
    </p>
   </div>
   <div class='ocr_carea' id='block_1_102' title="bbox 434 5399 2020 5537">
    <p class='ocr_par' dir='ltr' id='par_1_102' title="bbox 434 5399 2020 5537">
     <span class='ocr_line' id='line_1_102' title="bbox 434 5399 711 5453; baseline -0.011 1"><span class='ocrx_word' id='word_1_808' title='bbox 434 5420 462 5449; x_wconf 80' lang='lat' dir='ltr'><strong>t&#39;</strong></span> <span class='ocrx_word' id='word_1_809' title='bbox 488 5404 546 5449; x_wconf 62' lang='lat' dir='ltr'><strong>iis</strong></span> <span class='ocrx_word' id='word_1_810' title='bbox 576 5440 588 5453; x_wconf 89' lang='lat'><strong>.</strong></span> <span class='ocrx_word' id='word_1_811' title='bbox 622 5399 711 5451; x_wconf 68' lang='lat' dir='ltr'><strong>2i.</strong></span> 
     </span>
     <span class='ocr_line' id='line_1_103' title="bbox 470 5411 2020 5537; baseline -0.004 -14"><span class='ocrx_word' id='word_1_812' title='bbox 470 5411 718 5537; x_wconf 59' lang='lat' dir='ltr'><strong>’blApud</strong></span> <span class='ocrx_word' id='word_1_813' title='bbox 762 5467 1012 5520; x_wconf 71' lang='lat' dir='ltr'><strong>Pictavms</strong></span> <span class='ocrx_word' id='word_1_814' title='bbox 1061 5478 1262 5520; x_wconf 65' lang='lat' dir='ltr'><strong>samem</strong></span> <span class='ocrx_word' id='word_1_815' title='bbox 1309 5468 1471 5522; x_wconf 83' lang='lat' dir='ltr'><strong>Cruci</strong></span> <span class='ocrx_word' id='word_1_816' title='bbox 1518 5477 1817 5529; x_wconf 85' lang='lat' dir='ltr'><strong>sacratum,</strong></span> <span class='ocrx_word' id='word_1_817' title='bbox 1872 5475 2020 5533; x_wconf 75' lang='lat' dir='ltr'><strong>quod</strong></span> 
     </span>
    </p>
   </div>
   <div class='ocr_carea' id='block_1_103' title="bbox 433 5536 2019 5662">
    <p class='ocr_par' dir='ltr' id='par_1_103' title="bbox 433 5536 2019 5662">
     <span class='ocr_line' id='line_1_104' title="bbox 433 5536 2019 5662; baseline -0.001 -70"><span class='ocrx_word' id='word_1_818' title='bbox 433 5544 767 5662; x_wconf 54' lang='lat' dir='ltr'><strong>nttfneetiatii</strong></span> <span class='ocrx_word' id='word_1_819' title='bbox 804 5547 1004 5606; x_wconf 63' lang='lat' dir='ltr'><strong>perstat</strong></span> <span class='ocrx_word' id='word_1_820' title='bbox 1042 5539 1143 5593; x_wconf 87' lang='lat' dir='ltr'><strong>sub</strong></span> <span class='ocrx_word' id='word_1_821' title='bbox 1177 5538 1379 5608; x_wconf 77' lang='lat' dir='ltr'><strong>Regula</strong></span> <span class='ocrx_word' id='word_1_822' title='bbox 1409 5539 1465 5593; x_wconf 76' lang='lat' dir='ltr'><strong>S.</strong></span> <span class='ocrx_word' id='word_1_823' title='bbox 1501 5536 1797 5605; x_wconf 78' lang='lat' dir='ltr'><strong>Benedicti,</strong></span> <span class='ocrx_word' id='word_1_824' title='bbox 1826 5537 1889 5591; x_wconf 89' lang='lat' dir='ltr'><strong>dc</strong></span> <span class='ocrx_word' id='word_1_825' title='bbox 1910 5549 2019 5605; x_wconf 82' lang='lat' dir='ltr'><strong>quo</strong></span> 
     </span>
     <span class='ocr_line' id='line_1_105' title="bbox 433 5624 875 5662; baseline 0 -1"><span class='ocrx_word' id='word_1_826' title='bbox 433 5624 485 5661; x_wconf 79' lang='grc' dir='ltr'><strong>ιιι</strong></span> <span class='ocrx_word' id='word_1_827' title='bbox 514 5626 661 5662; x_wconf 59' lang='lat' dir='ltr'><strong>&quot;IIIIS</strong></span> <span class='ocrx_word' id='word_1_828' title='bbox 704 5628 733 5662; x_wconf 86' lang='lat' dir='ltr'><strong>ll</strong></span> <span class='ocrx_word' id='word_1_829' title='bbox 762 5628 875 5662; x_wconf 69' lang='lat' dir='ltr'><strong>lll&#39;ﬂ.</strong></span> 
     </span>
    </p>
   </div>
   <div class='ocr_carea' id='block_1_104' title="bbox 433 5624 875 5675">
    <p class='ocr_par' dir='ltr' id='par_1_104' title="bbox 433 5624 875 5675">
     <span class='ocr_line' id='line_1_106' title="bbox 433 5624 875 5675; baseline 0.002 -15"><span class='ocrx_word' id='word_1_830' title='bbox 433 5624 661 5663; x_wconf 72' lang='lat' dir='ltr'><strong>Interius</strong></span> <span class='ocrx_word' id='word_1_831' title='bbox 704 5624 875 5675; x_wconf 82' lang='lat' dir='ltr'><strong>plura.</strong></span> 
     </span>
    </p>
   </div>
   <div class='ocr_carea' id='block_1_105' title="bbox 507 5679 2053 5745">
    <p class='ocr_par' dir='ltr' id='par_1_105' title="bbox 507 5679 2053 5745">
     <span class='ocr_line' id='line_1_107' title="bbox 507 5679 2053 5745; baseline 0.001 -12"><span class='ocrx_word' id='word_1_832' title='bbox 507 5681 735 5745; x_wconf 57' lang='grc' dir='ltr'><em>εϐυιιιη</em></span> <span class='ocrx_word' id='word_1_833' title='bbox 778 5680 1021 5741; x_wconf 66' lang='lat' dir='ltr'><strong>hist-ila:</strong></span> <span class='ocrx_word' id='word_1_834' title='bbox 1067 5682 1141 5734; x_wconf 86' lang='lat' dir='ltr'><strong>uti</strong></span> <span class='ocrx_word' id='word_1_835' title='bbox 1189 5689 1375 5734; x_wconf 78' lang='lat' dir='ltr'><strong>Sancta</strong></span> <span class='ocrx_word' id='word_1_836' title='bbox 1412 5679 1608 5735; x_wconf 81' lang='lat' dir='ltr'><strong>ro‘itur</strong></span> <span class='ocrx_word' id='word_1_837' title='bbox 1655 5697 1775 5735; x_wconf 85' lang='lat' dir='ltr'><strong>cum</strong></span> <span class='ocrx_word' id='word_1_838' title='bbox 1811 5680 2053 5741; x_wconf 72' lang='lat' dir='ltr'><strong>Agnetc.</strong></span> 
     </span>
    </p>
   </div>
   <div class='ocr_carea' id='block_1_106' title="bbox 435 5734 2019 5811">
    <p class='ocr_par' dir='ltr' id='par_1_106' title="bbox 435 5734 2019 5811">
     <span class='ocr_line' id='line_1_108' title="bbox 435 5734 2019 5811; baseline 0.004 -10"><span class='ocrx_word' id='word_1_839' title='bbox 435 5734 813 5808; x_wconf 57' lang='lat' dir='ltr'><strong>abbatissa&#39;tll</strong></span> <span class='ocrx_word' id='word_1_840' title='bbox 845 5751 969 5810; x_wconf 82' lang='lat' dir='ltr'><strong>ldus</strong></span> <span class='ocrx_word' id='word_1_841' title='bbox 994 5734 1178 5811; x_wconf 68' lang='lat' dir='ltr'><strong>Maias.</strong></span> <span class='ocrx_word' id='word_1_842' title='bbox 1221 5734 1459 5808; x_wconf 78' lang='lat' dir='ltr'><strong>[labetur</strong></span> <span class='ocrx_word' id='word_1_843' title='bbox 1489 5734 1540 5809; x_wconf 88' lang='lat' dir='ltr'><strong>in</strong></span> <span class='ocrx_word' id='word_1_844' title='bbox 1562 5734 1813 5811; x_wconf 72' lang='lat' dir='ltr'><strong>‘Lctaaiis</strong></span> <span class='ocrx_word' id='word_1_845' title='bbox 1844 5734 2019 5809; x_wconf 43' lang='lat' dir='ltr'><strong>Plena</strong></span> 
     </span>
    </p>
   </div>
   <div class='ocr_carea' id='block_1_107' title="bbox 728 5859 847 5875">
    <p class='ocr_par' dir='ltr' id='par_1_107' title="bbox 728 5859 847 5875">
     <span class='ocr_line' id='line_1_109' title="bbox 728 5859 847 5875; baseline -0.008 0"><span class='ocrx_word' id='word_1_846' title='bbox 728 5859 778 5875; x_wconf 51' lang='grc' dir='ltr'><strong>λδ</strong></span> <span class='ocrx_word' id='word_1_847' title='bbox 836 5867 847 5874; x_wconf 84' lang='grc'><strong><em>-</em></strong></span> 
     </span>
    </p>
   </div>
   <div class='ocr_carea' id='block_1_108' title="bbox 2128 4623 3709 4697">
    <p class='ocr_par' dir='ltr' id='par_1_108' title="bbox 2128 4623 3709 4697">
     <span class='ocr_line' id='line_1_110' title="bbox 2128 4623 3709 4697; baseline 0.004 -21"><span class='ocrx_word' id='word_1_848' title='bbox 2128 4638 2265 4676; x_wconf 89' lang='lat' dir='ltr'><strong>nunc</strong></span> <span class='ocrx_word' id='word_1_849' title='bbox 2296 4637 2414 4675; x_wconf 91' lang='lat' dir='ltr'><strong>cum</strong></span> <span class='ocrx_word' id='word_1_850' title='bbox 2440 4623 2663 4676; x_wconf 86' lang='lat' dir='ltr'><strong>consilio</strong></span> <span class='ocrx_word' id='word_1_851' title='bbox 2689 4633 2776 4676; x_wconf 92' lang='lat' dir='ltr'><strong>tuo</strong></span> <span class='ocrx_word' id='word_1_852' title='bbox 2807 4625 3016 4694; x_wconf 83' lang='lat' dir='ltr'><strong>eligam,</strong></span> <span class='ocrx_word' id='word_1_853' title='bbox 3046 4627 3133 4694; x_wconf 87' lang='lat' dir='ltr'><strong>qtti</strong></span> <span class='ocrx_word' id='word_1_854' title='bbox 3166 4628 3473 4694; x_wconf 64' lang='lat' dir='ltr'><strong>reipublicae</strong></span> <span class='ocrx_word' id='word_1_855' title='bbox 3503 4645 3709 4697; x_wconf 74' lang='lat' dir='ltr'><strong>prmus-</strong></span> 
     </span>
    </p>
   </div>
   <div class='ocr_carea' id='block_1_109' title="bbox 2125 4716 3710 4791">
    <p class='ocr_par' dir='ltr' id='par_1_109' title="bbox 2125 4716 3710 4791">
     <span class='ocr_line' id='line_1_111' title="bbox 2125 4716 3710 4791; baseline 0.004 -22"><span class='ocrx_word' id='word_1_856' title='bbox 2125 4730 2182 4770; x_wconf 88' lang='lat' dir='ltr'><strong>se</strong></span> <span class='ocrx_word' id='word_1_857' title='bbox 2222 4716 2429 4770; x_wconf 65' lang='lat' dir='ltr'><strong>debeat.</strong></span> <span class='ocrx_word' id='word_1_858' title='bbox 2464 4718 2688 4784; x_wconf 84' lang='lat' dir='ltr'><strong>Oportet</strong></span> <span class='ocrx_word' id='word_1_859' title='bbox 2715 4719 2855 4771; x_wconf 85' lang='lat' dir='ltr'><strong>enim</strong></span> <span class='ocrx_word' id='word_1_860' title='bbox 2894 4734 3171 4773; x_wconf 74' lang='lat' dir='ltr'><strong>Strenuum</strong></span> <span class='ocrx_word' id='word_1_861' title='bbox 3198 4720 3346 4791; x_wconf 62' lang='lat' dir='ltr'><strong>eligi,</strong></span> <span class='ocrx_word' id='word_1_862' title='bbox 3378 4724 3467 4789; x_wconf 88' lang='lat' dir='ltr'><strong>qui</strong></span> <span class='ocrx_word' id='word_1_863' title='bbox 3501 4739 3595 4787; x_wconf 85' lang='lat' dir='ltr'><strong>pro</strong></span> <span class='ocrx_word' id='word_1_864' title='bbox 3622 4740 3710 4779; x_wconf 75' lang='lat' dir='ltr'><strong>nis</strong></span> 
     </span>
    </p>
   </div>
   <div class='ocr_carea' id='block_1_110' title="bbox 2122 4805 3711 4879">
    <p class='ocr_par' dir='ltr' id='par_1_110' title="bbox 2122 4805 3711 4879">
     <span class='ocr_line' id='line_1_112' title="bbox 2122 4805 3711 4879; baseline 0.005 -20"><span class='ocrx_word' id='word_1_865' title='bbox 2122 4807 2192 4859; x_wconf 88' lang='lat' dir='ltr'><strong>sit</strong></span> <span class='ocrx_word' id='word_1_866' title='bbox 2215 4805 2336 4860; x_wconf 88' lang='lat' dir='ltr'><strong>huic</strong></span> <span class='ocrx_word' id='word_1_867' title='bbox 2361 4808 2606 4873; x_wconf 76' lang='lat' dir='ltr'><strong>potestati</strong></span> <span class='ocrx_word' id='word_1_868' title='bbox 2642 4817 2693 4862; x_wconf 71' lang='grc' dir='ltr'><strong>ε.</strong></span> <span class='ocrx_word' id='word_1_869' title='bbox 2720 4812 2790 4862; x_wconf 80' lang='lat' dir='ltr'><strong>At</strong></span> <span class='ocrx_word' id='word_1_870' title='bbox 2823 4808 2910 4862; x_wconf 90' lang='lat' dir='ltr'><strong>illa</strong></span> <span class='ocrx_word' id='word_1_871' title='bbox 2951 4810 3255 4864; x_wconf 84' lang='lat' dir='ltr'><strong>Mauticiunt</strong></span> <span class='ocrx_word' id='word_1_872' title='bbox 3281 4814 3563 4879; x_wconf 88' lang='lat' dir='ltr'><strong>quemdam</strong></span> <span class='ocrx_word' id='word_1_873' title='bbox 3594 4816 3711 4869; x_wconf 65' lang='lat' dir='ltr'><strong>ele~</strong></span> 
     </span>
    </p>
   </div>
   <div class='ocr_carea' id='block_1_111' title="bbox 2121 4898 3706 4972">
    <p class='ocr_par' dir='ltr' id='par_1_111' title="bbox 2121 4898 3706 4972">
     <span class='ocr_line' id='line_1_113' title="bbox 2121 4898 3706 4972; baseline 0.006 -22"><span class='ocrx_word' id='word_1_874' title='bbox 2121 4899 2213 4965; x_wconf 79' lang='lat' dir='ltr'><strong>git,</strong></span> <span class='ocrx_word' id='word_1_875' title='bbox 2246 4899 2469 4953; x_wconf 85' lang='lat' dir='ltr'><strong>dicens:</strong></span> <span class='ocrx_word' id='word_1_876' title='bbox 2507 4898 2676 4955; x_wconf 79' lang='lat' dir='ltr'><strong>Valde</strong></span> <span class='ocrx_word' id='word_1_877' title='bbox 2728 4898 2977 4957; x_wconf 81' lang='lat' dir='ltr'><strong>strenuus</strong></span> <span class='ocrx_word' id='word_1_878' title='bbox 3005 4912 3060 4956; x_wconf 91' lang='lat' dir='ltr'><strong>et</strong></span> <span class='ocrx_word' id='word_1_879' title='bbox 3109 4918 3268 4969; x_wconf 77' lang='lat' dir='ltr'><strong>sagax</strong></span> <span class='ocrx_word' id='word_1_880' title='bbox 3314 4914 3397 4957; x_wconf 84' lang='lat' dir='ltr'><strong>est</strong></span> <span class='ocrx_word' id='word_1_881' title='bbox 3436 4905 3517 4957; x_wconf 90' lang='lat' dir='ltr'><strong>vir</strong></span> <span class='ocrx_word' id='word_1_882' title='bbox 3556 4905 3706 4972; x_wconf 74' lang='lat' dir='ltr'><strong>iste;</strong></span> 
     </span>
    </p>
   </div>
   <div class='ocr_carea' id='block_1_112' title="bbox 2121 4992 3701 5065">
    <p class='ocr_par' dir='ltr' id='par_1_112' title="bbox 2121 4992 3701 5065">
     <span class='ocr_line' id='line_1_114' title="bbox 2121 4992 3701 5065; baseline 0.006 -23"><span class='ocrx_word' id='word_1_883' title='bbox 2121 5007 2242 5043; x_wconf 90' lang='lat' dir='ltr'><strong>nam</strong></span> <span class='ocrx_word' id='word_1_884' title='bbox 2270 5001 2322 5045; x_wconf 91' lang='lat' dir='ltr'><strong>et</strong></span> <span class='ocrx_word' id='word_1_885' title='bbox 2348 4992 2541 5061; x_wconf 66' lang='lat' dir='ltr'><strong>sapius</strong></span> <span class='ocrx_word' id='word_1_886' title='bbox 2571 5002 2757 5047; x_wconf 85' lang='lat' dir='ltr'><strong>contra</strong></span> <span class='ocrx_word' id='word_1_887' title='bbox 2788 4995 3031 5049; x_wconf 89' lang='lat' dir='ltr'><strong>inimicos</strong></span> <span class='ocrx_word' id='word_1_888' title='bbox 3062 4995 3364 5064; x_wconf 62' lang='lat' dir='ltr'><strong>reipublicae</strong></span> <span class='ocrx_word' id='word_1_889' title='bbox 3396 4994 3656 5051; x_wconf 85' lang='lat' dir='ltr'><strong>dimicans</strong></span> <span class='ocrx_word' id='word_1_890' title='bbox 3681 5037 3701 5065; x_wconf 74' lang='lat'><strong>,</strong></span> 
     </span>
    </p>
   </div>
   <div class='ocr_carea' id='block_1_113' title="bbox 2117 5124 3708 5195">
    <p class='ocr_par' dir='ltr' id='par_1_113' title="bbox 2117 5124 3708 5195">
     <span class='ocr_line' id='line_1_115' title="bbox 2117 5124 3708 5195; baseline 0.003 -19"><span class='ocrx_word' id='word_1_891' title='bbox 2117 5124 2279 5188; x_wconf 90' lang='lat' dir='ltr'><strong>nicis,</strong></span> <span class='ocrx_word' id='word_1_892' title='bbox 2311 5140 2430 5192; x_wconf 75' lang='lat' dir='ltr'><strong>qua:</strong></span> <span class='ocrx_word' id='word_1_893' title='bbox 2461 5124 2529 5177; x_wconf 90' lang='lat' dir='ltr'><strong>ah</strong></span> <span class='ocrx_word' id='word_1_894' title='bbox 2558 5124 2787 5179; x_wconf 78' lang='lat' dir='ltr'><strong>Henrico</strong></span> <span class='ocrx_word' id='word_1_895' title='bbox 2823 5125 3101 5180; x_wconf 85' lang='lat' dir='ltr'><strong>Ludovico</strong></span> <span class='ocrx_word' id='word_1_896' title='bbox 3124 5124 3388 5181; x_wconf 83' lang='lat' dir='ltr'><strong>Castaneo</strong></span> <span class='ocrx_word' id='word_1_897' title='bbox 3416 5125 3583 5195; x_wconf 83' lang='lat' dir='ltr'><strong>episc.</strong></span> <span class='ocrx_word' id='word_1_898' title='bbox 3616 5125 3708 5180; x_wconf 75' lang='grc' dir='ltr'><strong>Ρὶ-</strong></span> 
     </span>
    </p>
   </div>
   <div class='ocr_carea' id='block_1_114' title="bbox 2113 5196 2771 5263">
    <p class='ocr_par' dir='ltr' id='par_1_114' title="bbox 2113 5196 2771 5263">
     <span class='ocr_line' id='line_1_116' title="bbox 2113 5196 2771 5263; baseline 0 -15"><span class='ocrx_word' id='word_1_899' title='bbox 2113 5196 2349 5263; x_wconf 79' lang='lat' dir='ltr'><strong>ctavensi</strong></span> <span class='ocrx_word' id='word_1_900' title='bbox 2381 5206 2502 5248; x_wconf 89' lang='lat' dir='ltr'><strong>sunt</strong></span> <span class='ocrx_word' id='word_1_901' title='bbox 2526 5196 2771 5263; x_wconf 72' lang='lat' dir='ltr'><strong>vulgabo.</strong></span> 
     </span>
    </p>
   </div>
   <div class='ocr_carea' id='block_1_115' title="bbox 2184 5262 3710 5339">
    <p class='ocr_par' dir='ltr' id='par_1_115' title="bbox 2184 5262 3710 5339">
     <span class='ocr_line' id='line_1_117' title="bbox 2184 5262 3710 5339; baseline 0.003 -22"><span class='ocrx_word' id='word_1_902' title='bbox 2184 5262 2211 5302; x_wconf 74' lang='grc' dir='ltr'>ἀ</span> <span class='ocrx_word' id='word_1_903' title='bbox 2236 5264 2424 5339; x_wconf 68' lang='lat' dir='ltr'><strong>Corb.,</strong></span> <span class='ocrx_word' id='word_1_904' title='bbox 2471 5262 2654 5333; x_wconf 68' lang='lat' dir='ltr'><strong>corpus</strong></span> <span class='ocrx_word' id='word_1_905' title='bbox 2683 5282 2713 5315; x_wconf 90' lang='lat' dir='ltr'><strong>a</strong></span> <span class='ocrx_word' id='word_1_906' title='bbox 2752 5267 2943 5339; x_wconf 78' lang='lat' dir='ltr'><strong>quibus</strong></span> <span class='ocrx_word' id='word_1_907' title='bbox 2960 5268 3191 5320; x_wconf 84' lang='lat' dir='ltr'><strong>ablutum</strong></span> <span class='ocrx_word' id='word_1_908' title='bbox 3242 5277 3336 5330; x_wconf 78' lang='lat' dir='ltr'><strong>est,</strong></span> <span class='ocrx_word' id='word_1_909' title='bbox 3368 5266 3590 5330; x_wconf 75' lang='lat' dir='ltr'><strong>aiebant,</strong></span> <span class='ocrx_word' id='word_1_910' title='bbox 3628 5268 3710 5321; x_wconf 75' lang='lat' dir='ltr'><strong>ira</strong></span> 
     </span>
    </p>
   </div>
   <div class='ocr_carea' id='block_1_116' title="bbox 2113 5336 2488 5397">
    <p class='ocr_par' dir='ltr' id='par_1_116' title="bbox 2113 5336 2488 5397">
     <span class='ocr_line' id='line_1_118' title="bbox 2113 5336 2488 5397; baseline 0 -8"><span class='ocrx_word' id='word_1_911' title='bbox 2113 5336 2353 5397; x_wconf 83' lang='lat' dir='ltr'><strong>candore,</strong></span> <span class='ocrx_word' id='word_1_912' title='bbox 2384 5346 2488 5389; x_wconf 87' lang='lat' dir='ltr'><strong>etc.</strong></span> 
     </span>
    </p>
   </div>
   <div class='ocr_carea' id='block_1_117' title="bbox 2189 5405 3011 5474">
    <p class='ocr_par' dir='ltr' id='par_1_117' title="bbox 2189 5405 3011 5474">
     <span class='ocr_line' id='line_1_119' title="bbox 2189 5405 3011 5474; baseline 0.001 -17"><span class='ocrx_word' id='word_1_913' title='bbox 2189 5415 2211 5474; x_wconf 57' lang='grc' dir='ltr'>ἐ</span> <span class='ocrx_word' id='word_1_914' title='bbox 2239 5405 2427 5471; x_wconf 85' lang='lat' dir='ltr'><strong>ldem.,</strong></span> <span class='ocrx_word' id='word_1_915' title='bbox 2454 5422 2652 5474; x_wconf 65' lang='lat' dir='ltr'><strong>aqua...</strong></span> <span class='ocrx_word' id='word_1_916' title='bbox 2694 5406 3011 5474; x_wconf 74' lang='lat' dir='ltr'><strong>splendtbat.</strong></span> 
     </span>
    </p>
   </div>
   <div class='ocr_carea' id='block_1_118' title="bbox 2192 5473 3702 5547">
    <p class='ocr_par' dir='ltr' id='par_1_118' title="bbox 2192 5473 3702 5547">
     <span class='ocr_line' id='line_1_120' title="bbox 2192 5473 3702 5547; baseline 0.002 -20"><span class='ocrx_word' id='word_1_917' title='bbox 2192 5473 2211 5513; x_wconf 72' lang='grc' dir='ltr'>ί</span> <span class='ocrx_word' id='word_1_918' title='bbox 2245 5475 2453 5547; x_wconf 81' lang='lat' dir='ltr'><strong>Regttt.,</strong></span> <span class='ocrx_word' id='word_1_919' title='bbox 2489 5477 2551 5527; x_wconf 81' lang='lat' dir='ltr'><strong>At</strong></span> <span class='ocrx_word' id='word_1_920' title='bbox 2582 5474 2674 5547; x_wconf 65' lang='lat' dir='ltr'><strong>illa</strong></span> <span class='ocrx_word' id='word_1_921' title='bbox 2705 5473 2758 5527; x_wconf 80' lang='lat' dir='ltr'><strong>nl</strong></span> <span class='ocrx_word' id='word_1_922' title='bbox 2782 5488 3070 5543; x_wconf 76' lang='lat' dir='ltr'><strong>rogaverat,</strong></span> <span class='ocrx_word' id='word_1_923' title='bbox 3103 5476 3339 5531; x_wconf 79' lang='lat' dir='ltr'><strong>cellulam</strong></span> <span class='ocrx_word' id='word_1_924' title='bbox 3361 5477 3702 5547; x_wconf 69' lang='lat' dir='ltr'><strong>prwparcril,</strong></span> 
     </span>
    </p>
   </div>
   <div class='ocr_carea' id='block_1_119' title="bbox 2114 5545 2892 5614">
    <p class='ocr_par' dir='ltr' id='par_1_119' title="bbox 2114 5545 2892 5614">
     <span class='ocr_line' id='line_1_121' title="bbox 2114 5545 2892 5614; baseline -0.004 -13"><span class='ocrx_word' id='word_1_925' title='bbox 2114 5547 2255 5614; x_wconf 78' lang='lat' dir='ltr'><strong>eique</strong></span> <span class='ocrx_word' id='word_1_926' title='bbox 2276 5561 2393 5597; x_wconf 82' lang='lat' dir='ltr'><strong>tunc</strong></span> <span class='ocrx_word' id='word_1_927' title='bbox 2418 5546 2544 5598; x_wconf 72' lang='lat' dir='ltr'><strong>dixit</strong></span> <span class='ocrx_word' id='word_1_928' title='bbox 2571 5561 2583 5596; x_wconf 92' lang='lat'>:</span> <span class='ocrx_word' id='word_1_929' title='bbox 2615 5545 2761 5605; x_wconf 70' lang='lat' dir='ltr'><strong>Ecce.</strong></span> <span class='ocrx_word' id='word_1_930' title='bbox 2789 5556 2892 5601; x_wconf 89' lang='lat' dir='ltr'><strong>etc.</strong></span> 
     </span>
    </p>
   </div>
   <div class='ocr_carea' id='block_1_120' title="bbox 2181 5615 3699 5689">
    <p class='ocr_par' dir='ltr' id='par_1_120' title="bbox 2181 5615 3699 5689">
     <span class='ocr_line' id='line_1_122' title="bbox 2181 5615 3699 5689; baseline -0.005 -19"><span class='ocrx_word' id='word_1_931' title='bbox 2181 5625 2205 5662; x_wconf 74' lang='grc' dir='ltr'><strong>Β</strong></span> <span class='ocrx_word' id='word_1_932' title='bbox 2230 5618 2317 5670; x_wconf 85' lang='lat' dir='ltr'><strong>Sic</strong></span> <span class='ocrx_word' id='word_1_933' title='bbox 2339 5616 2495 5689; x_wconf 49' lang='grc' dir='ltr'><strong>μοι-Ι).</strong></span> <span class='ocrx_word' id='word_1_934' title='bbox 2529 5615 2760 5689; x_wconf 72' lang='lat' dir='ltr'><strong>cttlelb.</strong></span> <span class='ocrx_word' id='word_1_935' title='bbox 2796 5633 2891 5681; x_wconf 89' lang='lat' dir='ltr'><strong>nt.;</strong></span> <span class='ocrx_word' id='word_1_936' title='bbox 2922 5628 2971 5671; x_wconf 84' lang='lat' dir='ltr'><strong>at</strong></span> <span class='ocrx_word' id='word_1_937' title='bbox 3014 5619 3223 5689; x_wconf 74' lang='lat' dir='ltr'><strong>Regm..</strong></span> <span class='ocrx_word' id='word_1_938' title='bbox 3257 5618 3363 5671; x_wconf 76' lang='lat' dir='ltr'><strong>Nos</strong></span> <span class='ocrx_word' id='word_1_939' title='bbox 3381 5618 3512 5671; x_wconf 69' lang='lat' dir='ltr'><strong>enim</strong></span> <span class='ocrx_word' id='word_1_940' title='bbox 3533 5634 3699 5685; x_wconf 69' lang='lat' dir='ltr'><strong>oper.</strong></span> 
     </span>
    </p>
   </div>
   <div class='ocr_carea' id='block_1_121' title="bbox 2110 5685 3687 5761">
    <p class='ocr_par' dir='ltr' id='par_1_121' title="bbox 2110 5685 3687 5761">
     <span class='ocr_line' id='line_1_123' title="bbox 2110 5685 3687 5761; baseline 0.004 -23"><span class='ocrx_word' id='word_1_941' title='bbox 2110 5696 2176 5761; x_wconf 73' lang='lat' dir='ltr'><strong>tet</strong></span> <span class='ocrx_word' id='word_1_942' title='bbox 2207 5685 2487 5761; x_wconf 72' lang='lat' dir='ltr'><strong>providere,</strong></span> <span class='ocrx_word' id='word_1_943' title='bbox 2513 5688 2621 5761; x_wconf 81' lang='lat' dir='ltr'><strong>qui_</strong></span> <span class='ocrx_word' id='word_1_944' title='bbox 2643 5696 2799 5738; x_wconf 66' lang='lat' dir='ltr'><strong>tanta:</strong></span> <span class='ocrx_word' id='word_1_945' title='bbox 2822 5685 3119 5744; x_wconf 69' lang='lat' dir='ltr'><strong>sublimi/ali</strong></span> <span class='ocrx_word' id='word_1_946' title='bbox 3146 5691 3363 5761; x_wconf 80' lang='lat' dir='ltr'><strong>adjnngi</strong></span> <span class='ocrx_word' id='word_1_947' title='bbox 3394 5690 3583 5761; x_wconf 74' lang='lat' dir='ltr'><strong>dignus</strong></span> <span class='ocrx_word' id='word_1_948' title='bbox 3602 5693 3687 5744; x_wconf 68' lang='lat' dir='ltr'><strong>sit.</strong></span> 
     </span>
    </p>
   </div>
   <div class='ocr_carea' id='block_1_122' title="bbox 2111 5757 3015 5816">
    <p class='ocr_par' dir='ltr' id='par_1_122' title="bbox 2111 5757 3015 5816">
     <span class='ocr_line' id='line_1_124' title="bbox 2111 5757 3015 5816; baseline 0.001 -3"><span class='ocrx_word' id='word_1_949' title='bbox 2111 5758 2303 5814; x_wconf 76' lang='lat' dir='ltr'><strong>C&#39;Jctct&#39;i</strong></span> <span class='ocrx_word' id='word_1_950' title='bbox 2331 5758 2579 5812; x_wconf 81' lang='lat' dir='ltr'><strong>entitlqu</strong></span> <span class='ocrx_word' id='word_1_951' title='bbox 2610 5757 2750 5814; x_wconf 80' lang='lat' dir='ltr'><strong>hunc</strong></span> <span class='ocrx_word' id='word_1_952' title='bbox 2776 5772 3015 5816; x_wconf 74' lang='lat' dir='ltr'><strong>versum.</strong></span> 
     </span>
    </p>
   </div>
  </div>
