3966 6348
195 383 293 436 597

1128 380 1444 436 HISTORIA
1486 379 1926 434 Fili-\NCOBUM.
1970 379 2170 434 LIBER
2211 381 2497 438 SEXTUS.

3332 384 3439 440 598

194 495 440 550 victorias
488 493 737 547 obtinuit.
771 492 894 545 liam
923 491 1074 548 enim
1098 490 1328 557 diccbat,
1364 502 1437 560 ιιι,
1465 493 1567 546 isto
1596 502 1766 544 traus-
1797 496 1843 551 Α
1875 492 2029 545 risios
2057 495 2301 549 transire.
2358 493 2474 560 Quo
2507 503 2811 551 transeunte
2839 506 2894 552 et
2938 499 3049 568 ipse
3078 499 3308 563 transiit,
3354 513 3436 555 at-

192 599 368 652 eunte,
422 586 580 651 huius
613 584 860 654 coniugio
886 591 1208 638 necteretur.
1239 583 1343 638 Sed
1366 584 1608 637 Tiberius
1627 591 1771 649 post-

192 694 347 747 quam
376 691 697 733 consensum
720 673 970 742 cognovit
993 672 1245 743 Angustze
1269 673 1336 727 de
1366 672 1521 739 hujus
1546 672 1765 725 eiectio-

191 785 277 833 ue,
299 766 463 838 jussit
492 767 738 821 exornari
766 764 927 817 tiliam
978 778 1127 816 suam
1151 764 1483 817 ornamentis
1516 763 1767 830 imperia-

187 860 327 914 libus
357 901 375 927 ,
403 872 457 913 et
492 867 680 912 vocato
710 855 986 919 Mauricio,
1015 855 1089 907 ait
1119 869 1135 906 :
1171 855 1305 907 Ecce
1352 868 1469 905 cum
1500 867 1764 907 consensu

188 952 406 1021 Sophia:
436 958 671 1019 auguste
712 948 779 1000 ad
823 946 1104 1013 imperium
1156 944 1368 1015 eligeris
1414 962 1426 995 :
1462 946 1514 997 iu
1562 960 1667 1013 quo
1708 953 1766 997 ut

188 1044 391 1098 firmior
431 1043 523 1104 sis,
548 1041 711 1094 filiam
765 1052 937 1093 meam
973 1036 1178 1090 tradam
1222 1036 1337 1089 tibi.
1371 1037 1436 1089 Et
1478 1038 1766 1091 accedente

188 1137 387 1206 puella,
411 1134 628 1188 tradidit
648 1146 766 1187 eain
791 1139 942 1198 pater
966 1128 1240 1195 Mauricio,
1286 1128 1468 1182 dicens
1506 1145 1519 1179 :
1549 1126 1631 1182 Sit
1670 1127 1763 1181 tibi

186 1228 467 1297 imperium
495 1239 677 1280 meum
716 1238 837 1277 cum
868 1221 967 1275 bac
1013 1220 1184 1290 puella
1230 1232 1564 1273 concessum.
1599 1216 1763 1273 Utere

184 1338 249 1377 eo
272 1320 383 1392 [ΑΙ.
408 1317 494 1390 ea]
548 1316 702 1382 felix,
743 1330 1052 1384 memorque
1083 1329 1296 1382 semper
1343 1321 1460 1367 esto
1491 1322 1547 1366 ut
1594 1312 1756 1379 requi-

188 1421 294 1464 tate
316 1420 371 1464 et
389 1408 588 1477 iustitia
607 1407 912 1461 delecteris.
944 1403 1106 1475 30h
1121 1404 1300 1459 Atille
1321 1413 1537 1472 accepta
1562 1403 1759 1471 puella,

183 1500 334 1554 duxit
361 1513 481 1553 eam
504 1499 569 1551 ad
598 1497 811 1549 domum
840 1510 1012 1558 suam,
1035 1505 1088 1548 et
1131 1503 1396 1547 transacta
1426 1491 1761 1546 solemnitate

187 1590 513 1657 nuptiarum,
538 1583 782 1640 Tiberius
807 1585 957 1638 obiit.
982 1584 1146 1654 igitur
1172 1583 1440 1637 celebrato
1463 1582 1668 1651 justitio
1690 1592 1715 1620 ι
1742 1623 1757 1649 ,

182 1680 471 1735 Mauricius
499 1678 715 1731 indutus
757 1675 1056 1729 diademate
1083 1684 1138 1728 et
1178 1689 1429 1742 purpura.
1460 1674 1525 1727 ad
1556 1673 1756 1727 circum

180 1770 479 1837 processit;
509 1767 924 1834 acciamatisque
971 1764 1073 1819 sibi
1116 1762 1378 1831 laudibus,
1416 1765 1618 1835 lat-gitis
1663 1780 1757 1835 po-

178 1863 301 1931 pulo
329 1860 659 1924 muneribus,
684 1861 736 1913 in
771 1858 993 1927 imperio
1024 1857 1394 1911 confirmatur.

248 1950 437 2007 XXXI.
473 1951 711 2020 Denique
760 1945 1091 2019 Cliiipericus
1149 1964 1241 2001 rex
1290 1947 1494 2017 legatos
1543 1947 1749 2013 nepotis

179 2046 259 2098 sui
316 2042 646 2097 Childe‘berti
716 2040 967 2109 suscepit,
1028 2040 1165 2093 inter
1214 2054 1347 2109 quos
1399 2038 1600 2107 primus
1637 2050 1751 2094 erat

180 2131 400 2206 Egidius
460 2128 776 2189 libemensis
823 2134 1141 2201 episcopus;
1192 2133 1381 2201 quibus
1427 2130 1751 2186 intromissis

174 2226 239 2280 ad
270 2242 473 2293 regem,
501 2226 620 2279 data
646 2223 987 2293 soggestione
1011 2265 1027 2289 ,
1053 2222 1301 2278 dixerunt
1332 2240 1347 2277 :
1385 2223 1571 2278 Pacem
1594 2239 1750 2292 quam

172 2332 296 2371 cum
325 2316 545 2370 domino
573 2325 753 2370 nostro
777 2323 966 2384 nepote
996 2326 1085 2369 tuo
1112 2315 1279 2369 fecisti
1303 2357 1316 2377 ,
1342 2316 1472 2383 petit
1500 2331 1529 2368 a
1559 2324 1611 2370 te
1638 2330 1751 2368 om-

168 2410 405 2461 nimodis
452 2407 792 2472 Clllheﬂ'ai'i;
822 2422 939 2460 cum
971 2405 1132 2461 fratre
1160 2418 1286 2460 vero
1320 2417 1412 2461 tuo
1446 2420 1627 2475 pacem
1658 2406 1751 2457 ita—

172 2502 297 2554 bere
318 2508 430 2552 'non
456 2508 648 2567 potest,
674 2499 793 2566 quia
816 2508 1021 2565 partem
1049 2494 1290 2551 Massilia:
1311 2496 1360 2551 ei
1387 2506 1502 2565 post
1524 2507 1746 2549 mvrtem

170 2590 389 2643 abstulit
415 2588 605 2657 patris,
641 2589 955 2657 fugacesque
984 2602 1109 2642 ειυς
1141 2586 1352 2652 retinet,
1387 2603 1484 2642 nec
1512 2601 1605 2642 eos
1634 2589 1749 2641 vult

172 2684 216 2736 ci
245 2682 547 2747 remittere;
601 2681 723 2736 ideo
748 2680 1120 2735 Cbildebertus
1148 2682 1325 2752 'uepos
1356 2692 1475 2735 tuus
1517 2682 1749 2736 ebarita-

172 2784 301 2836 tein,
335 2786 497 2840 quam
528 2782 671 2825 nunc
698 2782 870 2825 tecum
896 2771 1111 2836 retinet,
1145 2771 1348 2841 integre
1378 2772 1488 2826 vult
1509 2786 1745 2826 servare.

173 2862 237 2915 Et
274 2863 364 2915 ille
398 2880 411 2914 :
456 2861 511 2913 in
542 2861 741 2924 multis,
774 2860 945 2925 inquit
971 2901 986 2925 ,
1014 2860 1178 2914 frater
1207 2874 1355 2915 meus
1380 2858 1604 2914 accessit
1635 2860 1747 2913 cui-

171 2955 383 3021 pabilis.
414 2953 544 3007 Nam
573 2954 617 3006 si
648 2951 887 3005 ordinem
928 2952 1147 3006 rationis
1177 2951 1313 3005 filius
1345 2966 1494 3006 meus
1523 2950 1743 3005 Cbilde-

175 3048 360 3100 bertns
388 3043 645 3112 inquirat,
686 3052 966 3112 cognoscet
988 3043 1249 3112 protinus,
1283 3041 1422 3111 quod
1455 3040 1611 3110 hujus
1635 3042 1745 3097 col-

172 3138 315 3189 ludia
349 3148 499 3204 pater
543 3135 659 3204 ejus
716 3145 797 3187 est
848 3134 1173 3187 interfectus.
1221 3133 1345 3186 limo
1388 3148 1452 3184 eo
1508 3134 1742 3201 dicente,

1869 599 1972 651 que
2000 585 2065 637 ad
2115 586 2497 655 Miglidnnense
2543 596 2566 624 ε
2606 588 2765 657 305
2796 602 3025 643 rastrum
3064 590 3212 655 abiit,
3243 603 3435 646 cuncta

1870 675 2113 729 incendio
2138 676 2349 729 tradens
2378 685 2535 743 atque
2578 678 2877 731 devastatus.
2925 679 2991 733 Et
3016 680 3136 733 lieet
3163 682 3437 736 exercitus

1868 766 2076 831 nepotis
2096 770 2179 819 sui
2210 765 2274 818 ad
2307 781 2426 819 eum
2458 780 2563 819 non
2611 768 2861 830 veni-set,
2892 779 3063 821 tamen
3095 769 3256 825 duces
3280 779 3336 825 et
3362 773 3437 825 ie-

1865 854 1971 922 gati
1999 854 2114 921 eius
2138 869 2258 909 eum
2303 855 2417 923 ipso
2446 866 2617 908 erant.
2648 856 2797 911 Tunc
2847 859 2990 911 misit
3015 860 3225 914 nuntios
3252 861 3315 913 ad
3344 877 3433 915 su-

1868 945 2130 1012 pradictos
2158 946 2357 1011 duces,
2400 944 2583 998 dicens
2611 961 2627 999 :
2675 946 3009 1015 ingredimini
3044 947 3351 1013 Bituricum,
3380 960 3435 1003 ct

1864 1034 2184 1088 accedentes
2204 1050 2371 1102 usque
2395 1034 2460 1087 ad
2488 1034 2776 1099 civitatem,
2807 1047 3137 1091 sacramenta
3166 1037 3432 1093 fideiitatis

1864 1126 2061 1195 exigite
2088 1128 2155 1182 de
2187 1130 2403 1183 nomine
2457 1138 2658 1185 nostro.
2694 1131 2908 1186 Biturici
2961 1149 3088 1188 vero
3120 1149 3242 1187 cum
3273 1136 3432 1204 quin-

1863 1215 2034 1270 decim
2066 1218 2300 1273 millibus
2327 1219 2390 1272 ad
2417 1219 2807 1275 Mediolanense
2832 1218 2857 1257 ἀ
2882 1231 3111 1275 castrum
3134 1222 3430 1288 conﬂuunt,

1861 1307 2040 1375 ibique
2058 1320 2242 1363 contra
2274 1309 2601 1365 Desiderium
2625 1312 2811 1365 ducem
2834 1313 3126 1382 coniiigunt
3147 1331 3164 1381 ;
3187 1313 3431 1385 factaque

1861 1412 1941 1458 est
1968 1404 2037 1457 ibi
2067 1414 2274 1476 strages
2328 1420 2539 1474 magna,
2585 1406 2656 1460 ita
2706 1417 2760 1461 ut
2807 1407 2875 1461 de
2922 1416 3149 1478 utroque
3196 1410 3433 1466 exercitu

1859 1493 2086 1561 amplius
2114 1511 2271 1563 quam
2312 1506 2517 1565 septem
2548 1497 2709 1551 millia
2738 1499 3073 1553 cecidissent.
3108 1500 3278 1555 Duces
3299 1515 3433 1569 quo»

1859 1598 1963 1649 que
1991 1598 2110 1636 cum
2138 1585 2339 1654 reliqua
2366 1597 2514 1652 parte
2554 1586 2755 1655 populi,
2786 1586 2852 1641 ad
2879 1588 3146 1643 civitatem
3177 1605 3436 1657 pervene-

1860 1683 2020 1739 runt,
2062 1688 2247 1729 cuncta
2300 1677 2609 1745 diripientes
2662 1680 2741 1732 vel
2787 1677 3157 1747 devastantes;
3206 1681 3433 1753 talisque

1859 1764 2011 1833 depo,
2034 1768 2199 1820 uiatio
2230 1768 2497 1849 inibi‘acta
2531 1780 2630 1835 est,
2663 1773 2831 1839 qualis
2874 1790 2972 1829 nec
3013 1777 3300 1846 antiquitus
3343 1788 3429 1835 est

1787 1855 1832 1914 B
1863 1857 2038 1911 audita
2068 1859 2229 1914 τιή-δε
2259 1899 2277 1926 ,
2301 1869 2358 1914 ut
2386 1876 2483 1915 nec
2531 1863 2719 1917 domus
2750 1879 3083 1930 remaneret,
3116 1883 3213 1923 nec
3248 1869 3423 1933 vinea,

1857 1962 1952 2000 uec
1993 1949 2249 2014 arbores,
2300 1951 2393 2005 sed
2423 1961 2613 2006 cuncta
2658 1955 3014 2019 succideteut,
3052 1958 3418 2024 incenderent,

1854 2036 2212 2095 debellarent.
2256 2042 2383 2093 Nam
2440 2042 2585 2096 etab
2635 2044 2879 2099 ecclesiis
2929 2047 3230 2103 auferentes
3276 2065 3428 2107 sacra

1855 2130 2166 2197 ministeria,
2192 2133 2333 2200 ipsas
2355 2132 2599 2188 incendio
2619 2138 3050 2193 concremabant.
3074 2137 3426 2196 Guntcbram-

1856 2235 1956 2273 nus
1978 2236 2104 2274 vero
2132 2237 2224 2277 rex
2271 2239 2391 2277 cum
2419 2226 2656 2281 exercitu
2687 2236 2871 2282 contra
2900 2230 3116 2285 fratrem
3145 2247 3298 2285 suum
3330 2236 3430 2287 ad-

1855 2312 1999 2365 venit
2024 2322 2070 2375 ο,
2113 2322 2274 2366 totam
2307 2329 2454 2383 spem
2500 2315 2554 2368 in
2610 2315 2702 2371 Dei
2750 2318 2950 2387 judicio
3004 2322 3296 2378 coliocans.
3323 2323 3427 2391 Qui

1854 2399 1942 2455 die
1972 2417 2071 2454 una
2094 2400 2201 2468 jam
2229 2417 2467 2469 vespere,
2496 2406 2660 2458 misso
2687 2408 2942 2471 exercitu,
2993 2410 3275 2465 maximam
3305 2427 3424 2479 par-

1854 2502 1959 2547 tem
1981 2493 2047 2545 de
2070 2496 2302 2561 germani
2343 2494 2423 2547 sui
2463 2496 2699 2550 exercitu
2744 2496 3029 2554 inter’ecit.
3057 2500 3206 2555 Mane
3245 2515 3421 2559 autem

1851 2584 2294 2637 concurrentibus
2324 2584 2509 2653 legatis
2530 2624 2546 2649 ,
2579 2601 2761 2653 pacem
2795 2588 3057 2655 fecerunt,
3106 2594 3419 2659 pollicentes

1851 2673 1987 2727 aiter
2008 2674 2287 2739 alterutro,
2338 2684 2394 2729 ut
2423 2676 2677 2747 quidquid
2721 2680 3026 2735 sacerdotes
3055 2683 3138 2737 vel
3178 2685 3418 2740 seniores

1854 2764 2029 2832 populi
2052 2764 2369 2833 iudicarent,
2405 2782 2524 2834 pars
2551 2770 2685 2837 parti
2733 2782 3100 2840 componeret,
3158 2789 3278 2843 qua:
3308 2786 3418 2831 ter-

1851 2854 2053 2907 minum
2082 2854 2210 2923 legis
2250 2865 2593 2911 excesserat:
2620 2867 2674 2910 et
2695 2858 2771 2911 sic
2804 2873 2899 2926 pac
2923 2859 3006 2919 fici
3037 2862 3418 2919 discesserunt.

1849 2945 2181 3015 Cbilpericus
2224 2962 2348 3000 vero
2378 2962 2466 3001 rex
2497 2962 2617 3001 eum
2653 2950 2943 3004 exercitum
2990 2964 3140 3005 suum
3168 2968 3197 3007 a
3230 2955 3420 3021 praedis

1848 3052 2033 3092 arcere
2056 3054 2159 3091 non
2190 3049 2387 3106 posset,
2413 3039 2893 3109 Rhotomagensem
2921 3040 2941 3080 ί
2968 3044 3214 3097 comitem
3237 3045 3416 3113 gladio

1852 3129 2135 3184 trucidavit
2163 3146 2178 3195 ;
2216 3141 2268 3183 et
2297 3131 2373 3183 sic
2407 3130 2634 3184 Parisios
2670 3132 2842 3191 rediit,
2870 3146 3081 3187 omnem
3114 3132 3418 3203 relinquens

171 3230 395 3298 l‘gidius
416 3229 696 3295 episcopus
722 3227 795 3281 ait
830 3244 844 3280 :
877 3228 933 3280 Si
966 3242 1084 3280 cum
1117 3238 1308 3295 nepete
1346 3236 1431 3280 tuo
1459 3228 1745 3299 conjungc-
1774 3213 1821 3275 C
1855 3220 2107 3288 pra-dam,
2140 3220 2477 3287 captivosque
2521 3222 2785 3276 relaxans.
2817 3222 2883 3274 At
2912 3221 2995 3275 isti
3040 3225 3127 3291 qui
3161 3224 3417 3293 Biturigas

166 3320 267 3380 ris,
301 3330 354 3371 ct
386 3319 496 3387 ipse
523 3316 861 3386 coniungitur
886 3317 1012 3382 tibi;
1037 3327 1304 3371 commoto
1327 3319 1589 3383 exercitu,
1617 3319 1746 3372 uitio

170 3428 289 3477 qua:
312 3410 537 3463 debetur
559 3423 719 3477 super
744 3423 863 3462 eum
888 3408 1121 3462 velocius
1152 3408 1420 3462 inferetur.
1447 3408 1595 3475 Quod
1623 3425 1743 3463 cum

167 3501 475 3572 iuramento
539 3500 859 3564 firmassent,
935 3500 1253 3566 obsidesque
1312 3502 1447 3554 inter
1518 3516 1580 3556 se
1651 3501 1745 3555 de-

166 3595 399 3660 diSsent,
466 3594 846 3647 discesserunt.
924 3592 1082 3659 Igitur
1141 3593 1307 3645 lidens
1357 3595 1408 3646 in
1470 3594 1745 3662 promissis

164 3702 356 3739 eorum
384 3682 736 3750 Citiipericus,
767 3690 1039 3736 commoto
1069 3682 1213 3751 regni
1245 3685 1323 3734 sui
1355 3684 1612 3749 exercitu,
1649 3684 1745 3737 i’a-

163 3779 332 3830 risios
360 3777 549 3829 venit:
598 3775 684 3827 ubi
707 3789 825 3825 cum
856 3758 1173 3834 resedisset,
1230 3788 1476 3842 magnum
1533 3775 1744 3842 dispen-

166 3865 319 3918 dnun
363 3881 539 3917 rerum
600 3862 785 3916 inertiis
824 3863 1019 3916 intulit.
1064 3862 1302 3916 Berull'us
1332 3880 1458 3917 vero
1487 3864 1589 3917 dux
1620 3881 1740 3918 cum

163 3958 485 4020 Turouicis,
534 3955 778 4015 l’ictavis.
814 3953 1236 4022 Andcgavisque,
1268 3963 1421 4022 atque
1476 3953 1744 4008 Namneti-

161 4052 260 4111 eis,
297 4049 363 4101 ad
399 4047 680 4101 terminum
734 4046 1022 4099 Bituricum
1053 4046 1217 4098 venit.
1266 4045 1566 4099 Desiderius
1616 4061 1744 4101 vero

158 4153 211 4192 et
248 4140 543 4203 Biadaslex‘,
569 4154 688 4191 eam
722 4138 862 4190 omni
886 4138 1124 4190 exercitu
1156 4135 1444 4189 I'ruvincia:
1471 4137 1570 4190 sibi
1595 4150 1744 4190 cont-

158 4233 349 4284 missa:
379 4229 429 4294 δ,
457 4230 525 4281 ab
573 4230 671 4282 alia
724 4240 869 4295 parte
918 4228 1203 4281 Bituricum
1239 4228 1464 4290 vallant,
1521 4229 1742 4281 Inuitum

156 4333 437 4376 vastantes
490 4340 583 4390 per
614 4337 744 4389 quas
797 4330 1057 4375 venerunt
1102 4320 1364 4389 regiones.
1410 4319 1745 4387 Citiiperieus

152 4431 291 4471 vero
320 4416 479 4483 jussit
507 4416 819 4472 exercitum.
866 4414 952 4482 qui
981 4416 1045 4466 ad
1080 4428 1199 4466 cum
1232 4415 1491 4479 accessit,
1527 4429 1617 4477 per
1648 4413 1740 4465 Pa-

1849 3308 2185 3370 obsidebant,
2236 3320 2456 3375 accepto
2506 3308 2752 3360 mandato
2810 3317 2867 3361 ιιι
2917 3321 3310 3366 reverterentur
3348 3317 3414 3367 ad
3492 3358 3495 3361 .

1852 3397 2061 3467 propria
2087 3407 2256 3451 tantas
2282 3398 2694 3465 pr;cdas'sccum
2742 3399 3095 3464 sustulerunt,
3144 3414 3201 3455 ut
3240 3406 3416 3471 omnis

1848 3492 1994 3559 regio
2022 3490 2132 3559 illa,
2154 3492 2292 3546 unde
2314 3489 2515 3557 egressi
2553 3500 2695 3556 sunt,
2725 3492 2876 3547 valde
2909 3504 3180 3559 putaretur
3200 3510 3416 3551 evacua-

1850 3595 1923 3649 ta,
1951 3584 2033 3639 vel
2062 3583 2138 3655 υ.
2170 3582 2249 3653 et]
2298 3582 2365 3636 de
2395 3583 2719 3649 hominibus,
2749 3584 2829 3638 vel
2858 3585 2924 3639 de
2952 3586 3079 3654 ips‘s
3111 3589 3411 3656 pecoribus.

1852 3678 2125 3744 ingressus
2152 3690 2365 3744 quoque
2394 3675 2660 3729 exercitus
2689 3675 2945 3729 Desiderii
2975 3686 3131 3746 atque
3159 3679 3416 3735 Biadastis

1850 3782 1942 3833 per
1965 3766 2306 3828 Turouieum,
2342 3766 2603 3829 incendia,
2637 3768 2843 3833 prmdas
2867 3779 2919 3821 et
2966 3768 3245 3823 homicidia
3272 3780 3415 3825 tanta

1849 3864 2105 3922 fecerunt,
2140 3859 2277 3911 sicut
2323 3859 2665 3911 soletcontra
2724 3857 2964 3911 inimicos
3012 3860 3123 3913 fieri
3151 3878 3163 3924 ;
3195 3877 3317 3915 nam
3364 3875 3417 3917 et

1845 3947 2090 4015 captivos
2120 3947 2482 4008 abduxerunt,
2513 3947 2579 4000 de
2614 3946 2804 4014 quibus
2833 3949 2993 4018 306
3015 3950 3269 4016 spoliatos
3299 3954 3417 4021 plu.

1847 4039 2011 4092 rimus
2042 4049 2221 4105 postea
2248 4040 2581 4093 dimiserunt.
2607 4040 2932 4095 Subsecutus
2958 4051 3039 4094 est
3069 4044 3282 4097 morbus
3324 4060 3418 4112 pe-

1846 4143 2028 4181 corum
2063 4127 2199 4182 lianc
2235 4128 2461 4192 cladem,
2500 4131 2565 4181 ita
2597 4138 2656 4181 ut
2680 4128 2762 4181 vix
2818 4112 3027 4182 unicum
3077 4144 3416 4199 remaneret;

1848 4235 2145 4287 novumque
2169 4229 2310 4274 esset
2338 4220 2382 4272 si
2410 4220 2602 4287 aliquis
2647 4228 2738 4272 aut
2775 4220 3071 4285 iumentum
3102 4230 3126 4267 ε
3168 4222 3374 4277 videret
3401 4265 3415 4286 .

1849 4329 1939 4372 aui.
1979 4331 2224 4373 cerneret
2278 4319 2542 4371 buculam.
2592 4319 2695 4373 Sed
2750 4319 2872 4372 dum
2925 4317 3037 4372 inec
3085 4330 3415 4389 agerentur,

1847 4417 2221 4471 Gbiidebcrtus
2246 4431 2334 4469 rex
2365 4431 2483 4469 cum
2513 4416 2755 4470 exercitu
2811 4431 2910 4469 suo
2940 4430 3043 4471 uno
3089 4416 3137 4469 in
3185 4418 3301 4472 loco
3328 4435 3415 4473 re-

224 4624 251 4649 ι
286 4611 567 4667 Iustitium
593 4609 658 4663 ad
687 4611 883 4682 luctum
931 4608 1327 4682 designandum
1364 4609 1618 4682 adhibent
1648 4610 1734 4663 alii
1768 4583 1815 4639 θ
1843 4611 1993 4679 cujus
2023 4613 2166 4664 urbis
2196 4611 2469 4682 dioecesim
2497 4611 2644 4663 locus
2668 4612 2757 4665 ille
2786 4613 2944 4666 etiam
2974 4615 3131 4667 hodie.
3170 4618 3416 4682 pertinet,

149 4699 378 4751 quoque
401 4694 667 4743 auctores,
690 4682 827 4748 quod
861 4681 911 4733 in
946 4681 1165 4751 publicis
1190 4679 1416 4733 luctibus
1443 4679 1733 4747 justitium,

154 4750 204 4804 id
251 4750 345 4807 εει
398 4753 535 4818 juris
576 4752 783 4802 dici-udi
824 4750 1179 4813 intermissio,
1224 4751 1371 4815 quasi
1418 4751 1549 4817 juris
1579 4751 1736 4803 statio

144 4824 509 4878 indiceretur.
543 4820 702 4873 Addit
729 4821 918 4873 Paulus
952 4820 1094 4871 Diae.
1129 4821 1219 4871 iiii.
1265 4831 1320 4871 tu
1369 4821 1500 4873 liist.
1545 4820 1734 4889 Lang.,

141 4912 267 4959 cap.
314 4895 404 4956 l7,
437 4892 745 4944 Mauriciqu
787 4894 1008 4957 primum
1039 4906 1103 4943 ex
1133 4889 1439 4943 Graecorum
1467 4906 1661 4959 genere
1684 4892 1735 4943 in

145 4965 391 5029 imperio
416 4965 787 5016 confirmatum
823 4961 1005 5012 fuisse.

216 5036 243 5072 b
273 5033 418 5086 Cod.
447 5032 601 5085 Coib.
633 5048 731 5088 ιιι..
762 5031 1079 5081 runimissum
1115 5046 1207 5097 pro
1236 5031 1520 5097 commisso.
1570 5029 1729 5083 Corb.

141 5121 298 5165 vero.
337 5102 596 5155 communi
620 5102 837 5153 exercitu
865 5085 1148 5153 Provinciae
1168 5100 1261 5152 sibi
1300 5085 1587 5152 coni‘iitisso.

217 5185 240 5213 ε
277 5177 385 5230 Sic
434 5170 597 5226 Corb.
628 5171 713 5225 ltic
744 5179 798 5225 et
835 5184 956 5238 cap.
988 5170 1253 5238 sequenti.
1309 5168 1520 5221 Variant
1568 5169 1730 5223 etiam

138 5247 226 5299 alii
258 5246 492 5300 codices
532 5242 737 5308 scripti.
799 5242 1011 5308 Aliquot.
1055 5241 1196 5294 enim
1251 5241 1446 5291 habent
1478 5238 1733 5292 Mecledou

137 5332 299 5369 neme
354 5330 482 5366 cum
534 5313 799 5378 plerisque
826 5313 1002 5374 editis,
1035 5326 1132 5378 pro
1170 5325 1273 5377 quo
1315 5311 1365 5361 in
1397 5310 1548 5361 L‘oib.
1579 5327 1654 5372 a.,
1678 5319 1733 5363 ct

132 5390 366 5453 quidem
422 5383 639 5450 antiqua
672 5399 868 5453 inanti,
922 5383 1298 5453 posituutest,
1352 5378 1729 5453 Merloloneuse.

135 5449 259 5510 Bec.
298 5467 361 5509 et
414 5449 628 5520 iiegm.,
658 5451 1046 5504 Mededonciise.
1072 5452 1176 5505 Sed
1209 5453 1270 5503 iis
1302 5449 1547 5501 omnibus
1590 5450 1730 5503 desi-

129 5542 335 5591 gnatur
398 5524 739 5577 bielodununt
791 5523 1065 5591 Senonum
1108 5522 1358 5588 oppdum
1390 5538 1425 5581 ,‘
1459 5520 1508 5571 iit
1556 5521 1727 5572 insula

132 5590 423 5665 Sequana;
448 5594 699 5659 positum,
733 5596 887 5661 vulgo
934 5590 1109 5665 Alcimi
1134 5633 1148 5653 ,
1179 5592 1585 5665 tptodteuipure
1606 5591 1729 5643 .lulti

126 5661 375 5723 tjmsaris
402 5664 517 5733 jam
573 5664 784 5715 celebre
812 5673 953 5725 erat;
988 5664 1167 5727 ibique
1192 5661 1564 5733 (litiidebertns
1590 5677 1726 5733 grex,

124 5730 451 5793 Cblwinvéi
482 5733 656 5801 Magni
690 5735 847 5795 liiius,
870 5736 1222 5799 episc.ipaii:ttt
1251 5735 1429 5783 sedent
1481 5730 1731 5783 instituis-

125 5825 226 5879 set,
262 5812 321 5865 ni
354 5807 664 5861 obstitisset
693 5808 796 5858 Lco
818 5802 1141 5857 Seunncttsis
1184 5801 1636 5867 uictropoiitanzts,
1666 5801 1737 5851 :ui

1845 4682 2116 4755 liabeiitus
2140 4697 2199 4755 ea
2229 4683 2294 4734 de
2326 4697 2384 4734 re
2424 4681 2616 4755 Leonis
2644 4683 2924 4755 epistolam
2943 4725 2957 4748 ,
2984 4686 3072 4737 tibi
3100 4681 3236 4740 isttttl
3269 4691 3419 4755 oppi.

1844 4752 1967 4803 dunt
1998 4750 2378 4805 Medeclonense
2406 4762 2461 4805 et
2489 4751 2780 4803 Medeclone
2805 4754 2854 4804 iu
2877 4766 3027 4807 sexto
3055 4771 3180 4808 casu
3203 4750 3415 4812 dicitur.

1916 4822 2242 4892 augenda.
2275 4820 2620 4892 Cnrb.,ABec.
2654 4833 2707 4875 et
2752 4821 2903 4875 Cotb.
2949 4840 3043 4887 m.,
3076 4829 3317 4892 quamvis
3365 4830 3417 4882 in

1848 4890 2435 4964 editisMecledoneuse
2482 4890 2768 4964 habeatur.
2799 4892 2893 4945 ilic
2939 4896 3078 4945 enim
3096 4890 3417 4964 designatur

1849 4961 2223 5020 Mediolanum,
2253 4962 2392 5028 quod
2427 4962 2584 5014 hodie
2624 4961 2936 5028 Magdunuut
2968 4967 3034 5014 ad
3065 4961 3290 5019 Averain
3320 4970 3418 5020 iiu-

1846 5031 1991 5084 vium
2024 5036 2073 5082 in
2120 5031 2311 5083 finibus
2361 5031 2651 5094 Biturigum
2678 5073 2691 5095 ,
2728 5033 2880 5100 vulgo
2928 5028 3418 5091 Mehurﬁsur-Yéure

1835 5101 2161 5167 appellatur,
2206 5110 2261 5152 ut
2300 5102 2650 5155 observarunt
2699 5103 2796 5153 viri
2842 5103 3035 5155 eruditi
3091 5103 3331 5160 Valesius
3353 5119 3415 5162 et

1835 5172 2093 5245 tluintins.
2152 5171 2268 5245 .la_tn
2318 5182 2614 5245 utrumque
2653 5186 2845 5222 nomen
2897 5171 3125 5245 habebat
3172 5186 3413 5245 tempore

1842 5241 2087 5301 ⁸ιιίιιιιιίιιί,
2124 5254 2178 5293 ιιι
2209 5240 2321 5307 ipse
2352 5250 2530 5290 mouet
2560 5240 2654 5291 Lb.
2688 5252 2766 5300 tu,
2796 5256 2913 5303 cap.
2947 5242 3032 5295 53.

1890 5320 1912 5346 θ
1932 5311 2145 5364 Scilicet
2161 5325 2324 5378 prope
2346 5309 2702 5373 iiic'odununt,
2728 5310 2813 5362 ubi
2834 5310 3414 5369 GuntcltramnnsClul-

1834 5379 1997 5438 t‘erici
2027 5384 2316 5435 exercitum
2346 5380 2665 5449 proﬂigtvit.
2699 5380 2867 5434 Duces
2898 5397 3023 5435 vero
3050 5400 3234 5437 eorum
3266 5385 3407 5449 apud

1834 5451 2099 5521 Bituriges
2128 5450 2489 5522 decertabant,
2532 5465 2695 5519 prope
2726 5452 3076 5507 Mediolanum
3098 5493 3114 5518 ,
3147 5468 3239 5506 seu
3274 5453 3410 5522 Mag—

1833 5520 2055 5595 tinuum,
2088 5522 2227 5595 quod
2257 5537 2287 5573 a
2318 5520 2575 5595 Magdntto
2602 5525 2666 5573 ad
2700 5523 2963 5595 Auget'em
3011 5532 3064 5578 et
3085 5538 3113 5576 a
3143 5520 3406 5593 Magdunb

1833 5594 1896 5645 ad
1931 5594 2159 5659 Ligerim
2186 5590 2612 5657 distinguendum
2641 5601 2741 5645 est.

1912 5661 2105 5716 fliiditi
2133 5664 2353 5730 aliquot,
2395 5661 2815 5731 liltotangcnsem.

1903 5740 1932 5779 ε
1955 5733 2104 5786 Colb.
2138 5748 2215 5796 a.,
2238 5734 2531 5795 juvcncmu.
