3966 6348
503 410 609 468 7.39

1503 408 1561 466 s.
1603 368 1931 466 cnsconu
1976 405 2279 463 EPISCOPI
2320 401 2750 460 TURONENSIS

3680 406 3784 459 il'tt

497 526 709 584 sidebet
736 534 782 577 κ.
828 523 994 579 Nocte
1017 532 1191 580 autem
1236 525 1463 593 quadam
1492 534 1760 579 commoto
1800 525 2036 579 exercitu
2065 562 2079 585 ,
2118 531 2156 580 Α
2189 530 2376 588 tusqne
2407 518 2627 584 pedibus
2657 531 2775 585 ejus
2819 514 3026 570 veniam
3060 514 3337 585 ﬂagitavit,
3368 516 3453 570 cui
3483 530 3574 571 rex
3603 518 3782 572 παρη-

496 632 749 687 maguum
817 628 1060 671 murmur
1125 627 1311 670 contra
1371 616 1616 686 Egidlum
1664 616 1980 686 episcopum
2032 625 2088 669 ct

497 709 659 763 duces
681 709 821 779 regis
846 709 1020 764 minor
1046 709 1270 779 populus
1312 709 1557 774 elevavit,
1585 724 1645 763 ac
1667 706 1951 763 vociferari
1981 722 2089 761 coc-

496 800 603 866 pit,
636 807 693 853 ct
738 799 948 868 publice
993 799 1361 868 proclamare:
1394 799 1670 853 Tollantur
1718 814 1748 861 θ
1785 800 1917 853 faeie
1946 797 2090 866 regis

498 893 588 962 qui
620 908 842 962 regnum
864 894 980 962 ejus
1011 892 1338 948 venumdant
1360 933 1373 955 ,
1398 892 1645 945 civitates
1676 891 1820 945 illius
1848 892 2091 945 domina-

500 985 633 1040 tioni
674 985 896 1040 alterius
926 984 1182 1049 subdunt,
1218 983 1470 1053 populum
1525 984 1691 1050 ipsius
1725 982 1982 1051 principis
2013 981 2091 1035 al-

500 1077 669 1132 terius
694 1076 987 1131 ditionibus
1020 1077 1258 1134 tradunt.
1320 1077 1451 1129 Dum
1505 1076 1618 1129 lucc
1641 1085 1697 1131 et
1753 1076 1836 1130 his
1892 1075 2090 1129 similia

498 1166 851 1222 vociferando
903 1166 1226 1236 proferrent,
1256 1164 1400 1219 facto
1434 1180 1613 1230 mane,
1641 1164 1979 1232 apprehenso
2005 1179 2090 1216 ar-

503 1274 714 1314 morum
769 1268 1069 1329 apparatu,
1127 1258 1192 1311 ad
1242 1258 1534 1311 tentorium
1570 1256 1721 1327 regis
1784 1266 2088 1324 pr0pcrant,

499 1349 708 1406 scilicet
759 1361 817 1404 ut
847 1350 1200 1420 apprehensis
1250 1349 1506 1421 episcopo
1552 1357 1607 1403 et
1655 1347 1991 1412 senioribus,
2041 1346 2103 1400 vi.

499 1444 907 1512 opprimerent,
959 1440 1277 1498 verberibus
1305 1441 1614 1506 efﬁcerent,
1644 1440 1836 1509 gladiis
1890 1441 2091 1493 lacera-

500 1544 642 1590 rent.
673 1535 792 1602 Quo
820 1545 1118 1604 comperto,
1150 1533 1401 1589 sacerdos
1449 1532 1625 1603 fugam
1666 1531 1801 1595 iniit,
1835 1544 2087 1584 ascenso-

500 1642 605 1697 que
639 1627 820 1697 equite
863 1626 939 1702 [1.
967 1624 1129 1698 equo]
1155 1627 1224 1682 ad
1271 1626 1455 1681 urbem
1488 1626 1755 1695 prepriam
1785 1624 1972 1680 tendit.
2025 1628 2092 1677 At

500 1721 728 1789 populus
753 1720 843 1774 ille
864 1735 986 1774 eum
1016 1719 1253 1773 clamore
1275 1718 1621 1788 sequebatur,
1656 1715 1947 1785 projiciens
1973 1724 2093 1784 post

500 1828 629 1867 eum
656 1811 880 1880 lapides,
911 1825 1273 1880 evomensque
1296 1810 1563 1865 convicia.
1600 1808 1720 1863 Fuit
1747 1818 1871 1861 tunc
1898 1806 1948 1860 ci
1978 1808 2091 1860 haec

2193 620 2328 675 tum,
2362 610 2548 679 inquit,
2585 618 2636 661 te
2692 606 2854 661 redde
2902 607 3195 676 paulisper,
3222 607 3394 662 donec
3438 609 3552 663 visa
3601 612 3782 679 regina

2192 696 2749 767 conveniat“qua|iter
2790 697 2854 750 ad
2901 696 2949 765 ej
2977 712 3019 749 is
3067 696 3293 765 gratiam
3348 699 3660 764 revertaris,
3696 703 3782 754 cui

2193 795 2417 848 multum
2450 792 2714 847 inveniris
2745 806 2865 846 esse
2895 792 3200 857 culpabilis.
3234 796 3303 847 At
3333 793 3444 861 ille,
3477 805 3533 848 ut
3557 806 3673 849 erat
3705 796 3783 849 in-

2191 892 2379 939 cautus
2422 898 2485 937 ac
2515 883 2664 946 levis,
2700 884 2749 935 in
2794 883 2897 936 hoc
2930 882 3133 947 lidens,
3161 883 3301 953 quod
3354 886 3494 956 regis
3540 901 3781 956 praesen-

2194 975 2320 1028 tiatn
2340 975 2788 1042 meruisset,rege
2807 971 3038 1027 l'arisius
3056 976 3431 1039 revertente,d
3446 992 3486 1029 te
3506 978 3785 1031 Dominico

2192 1066 2245 1120 in
2272 1066 2495 1120 ecclesia
2522 1076 2705 1120 sancta
2731 1065 2930 1132 regina:
2956 1066 3180 1135 pedibus
3206 1069 3555 1137 provolvitur,
3571 1070 3783 1124 veniant

2192 1159 2509 1228 deprecans.
2567 1161 2635 1213 At
2680 1158 2764 1211 illa
2786 1158 3068 1230 jl’rendens
3097 1170 3150 1214 et
3180 1174 3466 1216 exsecraris
3504 1172 3783 1228 aSpcctum

2192 1253 2330 1320 ejus,
2357 1266 2383 1303 a
2409 1265 2467 1305 se
2500 1251 2712 1319 repulit,
2736 1250 2973 1318 fusisque
3001 1250 3359 1323 lacrymis,ait
3386 1270 3398 1306 :
3424 1253 3489 1308 Et
3518 1254 3640 1322 quia
3680 1270 3785 1307 non

2192 1354 2366 1399 exstat
2397 1343 2463 1398 de
2497 1344 2638 1409 liliis,
2670 1344 2759 1413 qui
2797 1344 3034 1397 criminis
3064 1345 3165 1397 mei
3189 1360 3379 1399 causas
3408 1346 3660 1415 inquirat,
3690 1347 3785 1413 tibi

2192 1454 2307 1504 eas,
2324 1438 2448 1492 .lesu
2466 1438 2711 1501 Domine,
2730 1437 3073 1505 inquirendas
3094 1438 3391 1491 committo,
3410 1438 3788 1507 PrOSlralmluc

2193 1531 2415 1601 pedibus
2440 1532 2599 1600 regis,
2626 1531 2821 1599 adjecit
2847 1547 2859 1581 τ
2891 1529 2980 1587 Vae
3005 1529 3293 1600 milti,qu:c
3324 1531 3478 1585 video
3506 1532 3785 1585 inimicum

2191 1640 2395 1694 meum,
2422 1635 2474 1679 et
2507 1623 2637 1678 nihil
2669 1623 2716 1678 ei
2750 1623 3045 1692 praaxaleo'.
3080 1622 3229 1677 Tunc
3260 1625 3474 1692 repulso
3511 1640 3574 1677 eo
3605 1640 3632 1675 a
3666 1624 3789 1677 ineo

2192 1728 2404 1782 sancto,
2453 1718 2734 1772 Missarum
2783 1716 3043 1771 solemnia
3102 1715 3372 1770 celebrata
3423 1726 3567 1769 sunt.
3625 1717 3791 1784 Igitur

2189 1823 2410 1879 egresso
2430 1823 2554 1878 rege
2573 1823 2694 1861 cum
2723 1808 2904 1878 regina
2927 1806 2997 1861 de
3018 1806 3244 1861 ecclesia
3268 1816 3473 1873 sancta,
3495 1807 3792 1861 Leuda~tvs

451 1978 460 1988 .
502 1917 659 1958 eausa
685 1902 1177 1975 prmsidium,quod
1210 1901 1265 1955 bi
1288 1909 1501 1970 paratos
1522 1900 1728 1969 equites
1776 1896 1882 1970 [AL
1902 1897 2095 1968 equosl
2129 1909 2171 1968 Β
2198 1915 2365 1970 usque
2392 1899 2457 1955 ad
2490 1902 2720 1969 plateam
2753 1908 2837 1954 est
2887 1907 3202 1968 prosccutus
3226 1937 3240 1963 ,
3277 1899 3557 1967 inopinatis
3584 1899 3713 1967 quid
3739 1902 3795 1953 ei

504 2010 608 2048 non
640 1994 929 2048 habebant.
964 1994 1219 2048 Attamen
1265 1992 1478 2047 lassatis
1504 1992 1774 2046 sociorum
1802 1987 1982 2060 equis,
2004 2005 2097 2044 so-

503 2085 585 2139 lus
626 2084 893 2152 pertendit
922 2083 1207 2153 episcopus
1232 2122 1247 2148 ,
1274 2091 1423 2135 tanto
1453 2083 1644 2136 timore
1675 2081 2011 2150 perterritus,
2037 2088 2094 2133 ut

503 2190 663 2229 unam
700 2175 927 2244 caligam
949 2175 1018 2230 de
1064 2173 1202 2242 pede
1236 2173 1473 2241 elap-am
1503 2171 1756 2240 colligere
1785 2186 1891 2225 non
1940 2184 2094 2225 cura-

506 2275 587 2319 ret
616 2281 629 2317 :
658 2272 713 2317 et
736 2265 814 2319 sic
839 2279 1010 2332 usque
1036 2264 1310 2318 civitatem
1340 2264 1585 2332 veniens,
1613 2278 1673 2319 se
1717 2262 1851 2317 intra
1907 2278 2093 2317 muro-

506 2370 624 2410 rum
653 2356 1036 2412 Niemensium
1068 2369 1221 2425 septa
1250 2354 1533 2410 conclusit.

576 2491 791 2550 XXX".
822 2494 962 2549 Ante
988 2506 1187 2563 paucos
1212 2501 1390 2549 autem
1419 2505 1633 2548 menses
1664 2489 1959 2545 Leudastes
1985 2490 2015 2528 ιν
2039 2489 2092 2545 in

505 2586 837 2642 Turonicum
877 2602 998 2641 eum
1045 2597 1319 2656 pracepto
1346 2586 1485 2654 regis
1511 2584 1746 2645 advenit,
1770 2592 1830 2637 ut
1869 2598 2091 2638 uxorem

505 2676 788 2748 reciperet,
820 2675 999 2746 ibique
1024 2685 1469 2731 commoraretur.
1495 2674 1601 2730 Sed
1633 2682 1689 2728 et
1716 2675 1870 2728 nobis
1894 2672 2093 2741 episto-

504 2768 609 2824 lam
665 2767 1007 2825 sacerdotum
1051 2782 1217 2823 manu
1263 2768 1619 2837 subscriptam
1682 2766 1899 2830 detulit,
1933 2775 1992 2820 ut
2039 2766 2092 2822 in

504 2860 937 2915 communionem
967 2858 1318 2928 reciperetur.
1361 2858 1465 2917 Sed
1491 2858 1746 2929 quoniam
1779 2857 1984 2913 litteras
2008 2871 2095 2913 re-

505 2944 642 3019 gina:
660 2963 769 3005 non
791 2947 1041 3015 vidimus,
1056 2951 1209 3015 cuius
1223 2962 1385 3004 causa
1411 2948 1642 3004 maxime
1665 2963 1693 3003 a
1712 2948 2095 3004 communione

507 3049 748 3097 remotus
773 3039 969 3105 fuerat,
999 3041 1170 3107 ipsum
1203 3039 1448 3109 recipere
1473 3037 1679 3106 distuli,
1708 3039 1894 3096 dicens
1920 3056 1932 3093 :
1958 3039 2093 3095 Cum

507 3133 704 3204 regina:
734 3131 1042 3191 mandatum
1072 3144 1385 3202 suscepere,
1417 3142 1542 3187 tunc
1570 3146 1693 3186 eum
1725 3134 1964 3201 recipere
1987 3131 2095 3186 non

508 3223 781 3280 morabor.
815 3223 1025 3279 Interea
1055 3222 1121 3279 ad
1150 3236 1268 3281 eam
1317 3223 1519 3293 dirigo;
1551 3238 1671 3294 quae
1719 3223 1849 3276 mihi
1896 3221 2100 3292 scripta

507 3317 731 3383 remisit,
760 3314 945 3372 dicens
971 3314 1327 3384 :Compressa
1354 3329 1384 3368 a
1410 3315 1591 3370 multis
1613 3315 1759 3370 aliud
1790 3315 2094 3370 facerenon
2124 3300 2168 3361 C

509 3406 679 3474 potui,
714 3405 817 3462 nisi
852 3416 908 3463 ut
956 3421 1078 3461 eum
1125 3406 1287 3477 307
1333 3406 1484 3461 abire
1527 3407 1889 3477 permitterem
1917 3423 1929 3459 :
1956 3422 2100 3462 nunc

508 3509 685 3557 autem
736 3514 901 3568 1⁸080,
926 3508 987 3554 ιιι
1036 3512 1223 3567 pacem
1256 3508 1399 3553 tuam
1447 3514 1554 3553 non
1605 3508 1898 3564 mereatur,
1927 3513 2102 3568 neque

506 3592 750 3660 eulogias
778 3590 846 3645 de
887 3605 1051 3647 manu
1079 3599 1167 3645 tua
1195 3591 1456 3660 suscipiat
1479 3632 1496 3659 ,
1529 3590 1703 3646 donec
1728 3606 1758 3644 a
1790 3591 1942 3647 nobis
1972 3593 2100 3663 quid

509 3683 594 3752 agi
622 3681 840 3747 debeat,
873 3682 1084 3752 plenius
1131 3689 1506 3751 pet-tractetur.
1540 3683 1610 3737 At
1632 3698 1734 3752 ego
1767 3682 1879 3738 lure
1906 3684 2101 3755 scripta

512 3774 789 3844 relegens,
822 3774 977 3829 timui
1027 3788 1095 3829 ne
1149 3773 1573 3839 interﬁceretur;
1618 3777 1985 3847 aceersitoque
2014 3792 2103 3831 so-

512 3879 639 3919 cert)
665 3863 785 3932 ejus
816 3864 931 3934 base
960 3863 1011 3919 ei
1056 3863 1305 3930 innotui,
1336 3863 1630 3919 obsecrans
1681 3873 1737 3918 ut
1781 3880 1841 3919 se
1887 3876 2101 3920 cautum

514 3955 787 4020 redderet,
813 3955 985 4011 donec
1029 3958 1229 4027 regina:
1275 3957 1489 4031 animus
1534 3955 1810 4011 leniretur.
1859 3958 1964 4012 Sed
2012 3959 2101 4014 ille

514 4047 797 4103 consilium
847 4063 1058 4115 meum,
1089 4049 1232 4118 quod
1281 4063 1378 4119 pro
1407 4048 1502 4104 Dei
1547 4049 1741 4105 intuitu
1790 4051 2099 4121 simpliciter

514 4140 808 4205 insinuari,
828 4140 1016 4197 dolose
1061 4141 1364 4213 suscipiens
1383 4182 1396 4207 ,
1423 4157 1545 4197 cum
1572 4144 1748 4200 adhuc
1778 4147 1932 4201 nobis
1960 4157 2105 4202 esset

516 4233 789 4300 inimicus,
818 4235 992 4290 noluit
1035 4249 1195 4305 agere
1239 4251 1361 4305 qum.
1408 4238 1652 4292 mandavi
1679 4256 1692 4291 :
1718 4237 2105 4309 impletumqne

513 4336 599 4383 est
646 4327 782 4383 illud
826 4324 1193 4398 proverbium,
1222 4328 1363 4399 quod
1416 4331 1699 4400 quemdam
1749 4347 1936 4387 senem
1983 4347 2105 4388 nar-

516 4429 725 4474 rantem
767 4420 946 4476 audivi
974 4438 988 4477 :
1019 4440 1043 4474 ι
1074 4423 1265 4478 Amico
1306 4422 1635 4493 inimicoque
1665 4423 1863 4479 bonum
1890 4440 2107 4494 semper

523 4511 701 4577 pra-be
726 4510 1035 4590 consilium,
1064 4513 1188 4581 quia
1213 4512 1419 4568 amicus
1439 4515 1660 4584 accipit,
1682 4515 1934 4573 inimicus
1962 4533 2108 4590 sper-

521 4604 620 4652 nit.
647 4617 671 4651 ι
692 4584 887 4668 διιῐεῖο
914 4617 1050 4672 ergo
1072 4602 1175 4658 hoc
1199 4604 1448 4669 consilio,
1478 4607 1551 4660 ad
1580 4621 1758 4677 regem
1784 4584 2104 4685 dirigit,'qni

2193 1991 2491 2058 accideret;
2522 1990 2824 2059 domosque
2870 1990 3236 2060 negotiantum
3288 1990 3631 2055 circumiens,
3665 2008 3791 2059 spe-

2194 2084 2305 2139 cies
2350 2084 2592 2151 rimatur,
2620 2091 2902 2153 argentum
2950 2092 3157 2152 pensat,
3185 2091 3347 2152 atque
3390 2084 3596 2139 diversa
3628 2100 3794 2139 orna-

2195 2184 2374 2230 menta
2407 2173 2688 2246 prospicit,
2722 2173 2908 2229 dicens
2936 2192 2950 2228 :
2978 2174 3102 2229 Ilaec
3144 2183 3199 2228 et
3239 2176 3351 2230 lucc
3381 2176 3542 2248 308
3569 2192 3793 2246 compa-

2168 2265 2345 2330 ‘rabo,
2371 2264 2493 2333 quia
2528 2266 2753 2320 multum
2782 2266 2911 2319 mihi
2938 2281 3123 2321 aurum
3151 2276 3535 2337 argentumque
3563 2270 3791 2323 resedit.

2194 2356 2296 2411 Ista
2349 2357 2441 2412 illo
2487 2358 2721 2425 diocnlc,
2763 2360 2942 2415 subito
2982 2362 3331 2417 advenientes
3372 2362 3569 2432 regina:
3611 2366 3817 2432 pucri,’

2196 2452 2479 2507 voluerunt
2523 2467 2646 2506 cum
2701 2454 2905 2509 vincire
2952 2454 3177 2510 eatenis.
3224 2453 3319 2510 Ille
3348 2470 3476 2509 vero
3504 2459 3797 2526 cvaginato

2196 2542 2398 2612 gladio,
2421 2558 2584 2596 unmn
2611 2548 2891 2609 verberat‘;
2920 2545 3107 2613 reliqui
3141 2545 3338 2603 exinde
3369 2550 3618 2603 succensi
3644 2549 3797 2615 felle,

2196 2633 2546 2703 apprehensis
2578 2635 2774 2704 [parmis
2814 2644 2868 2689 ct
2912 2636 3106 2706 gladiis
3144 2652 3307 2706 super
3337 2651 3460 2692 cum
3495 2636 3795 2695 irrueruut.

2196 2726 2274 2782 Ex
2330 2726 2523 2795 quibus
2574 2743 2711 2781 unus
2768 2728 2964 2782 librans
3026 2730 3211 2793 ictum,
3238 2729 3529 2786 maximam
3578 2741 3793 2800 partem

2195 2821 2392 2889 capitis
2436 2822 2552 2888 ejus
2578 2836 2608 2874 a
2643 2821 2848 2891 capillis
2877 2830 2930 2876 et
2961 2831 3083 2877 cute
3128 2823 3349 2879 detexit.
3400 2824 3642 2893 Cumque
3694 2839 3795 2894 per

2197 2920 2416 2980 pontem
2466 2913 2614 2967 urbis
2663 2914 2901 2984 fugeret,
2928 2917 3114 2987 elapso
3156 2917 3296 2974 inter
3338 2918 3477 2974 duos
3511 2934 3665 2984 axes,
3696 2920 3797 2989 qui

2199 3014 2419 3071 pontem
2461 3004 2688 3074 faciunt,
2726 3008 2896 3077 pede,
2925 3007 3143 3063 cili-aeta
3183 3024 3471 3081 oppressus
3507 3019 3590 3066 est
3635 3009 3799 3075 tibia,

2201 3093 2481 3164 ligatisque
2512 3106 2634 3165 post
2681 3108 2888 3165 tergum
2918 3098 3201 3165 manibus,
3233 3100 3492 3154 custodia:
3518 3114 3674 3153 mane
3699 3115 3799 3168 pa-

2202 3191 2320 3252 tur;
2348 3185 2612 3256 ju-sitque
2641 3204 2730 3242 rex
2761 3197 2817 3242 ut
2842 3202 3233 3245 susentaretur
3259 3190 3287 3227 ά
3320 3205 3348 3245 a
3379 3191 3618 3259 medicis,
3646 3207 3797 3261 quo-

2200 3275 2443 3345 adusque
2488 3277 2557 3332 ab
2606 3277 2687 3332 his
2726 3280 2921 3335 ictibus
2953 3290 3194 3350 sanatus,
3225 3282 3478 3338 diuturno
3523 3284 3797 3352 supplicio

2202 3367 2556 3423 cruciaretur.
2585 3369 2690 3424 Sed
2721 3386 2842 3426 cum
2870 3373 2933 3426 ad
2965 3364 3145 3426 villam
3174 3374 3408 3428 liscalem
3438 3374 3625 3431 ductus
3649 3375 3798 3428 luis-

2202 3467 2318 3524 set,
2349 3466 2406 3513 et
2452 3462 3006 3529 computrescentibus
3052 3462 3219 3533 plagis
3267 3472 3560 3519 extremam
3607 3475 3802 3533 ageret

2202 3548 2389 3617 vitam,
2415 3550 2567 3620 jussu
2599 3555 2798 3621 regium
2846 3540 2896 3608 in
2950 3563 3145 3610 terram
3177 3556 3454 3626 proj'citur
3482 3558 3797 3625 resupinus,

2203 3644 2483 3712 positoque
2511 3643 2869 3698 adcervivem
2903 3647 3018 3715 ejus
3068 3657 3219 3705 recte
3264 3648 3554 3715 inunctis»,
3582 3651 3647 3704 ab
3687 3651 3803 3703 alii

2202 3735 2253 3790 ei
2281 3735 2457 3805 gulam
2487 3737 2773 3793 verberant
2800 3747 2850 3805 ο,
2876 3738 3060 3809 sicque
3085 3753 3299 3810 semper
3336 3744 3594 3811 perﬁdam
3624 3757 3803 3810 age.:s

2206 3830 2391 3896 vitam,
2419 3830 2561 3902 justa
2589 3841 2765 3888 morte
2794 3834 2983 3888 linivit.

2278 3959 2517 4020 XXXIII.
2536 3964 2689 4018 Anno
2706 3979 2847 4020 nono
2862 3962 3193 4021 Childebcrti
3209 3967 3347 4038 regis
3362 3977 3571 4037 partem
3595 3968 3801 4024 Massi-

2203 4051 2291 4107 lia:
2321 4052 2754 4112 Gunlehramuus
2777 4071 2871 4111 rex
2899 4047 3002 4127 ipsi
3029 4059 3210 4127 nepoti
3236 4077 3332 4114 suo
3361 4060 3576 4115 refudit.
3604 4060 3801 4131 Legati

2208 4146 2463 4216 principis
2488 4146 2780 4218 Cliilperici
2821 4150 2887 4205 de
2927 4151 3201 4221 llispaniis
3229 4154 3481 4223 regressi,
3515 4158 3807 4211 nuntiave—

2206 4251 2397 4294 verunt
2429 4241 2755 4308 provinciam
2795 4242 3153 4311 Carpitaniam
3194 4243 3211 4283 ί
3248 4248 3483 4315 graviter
3508 4261 3539 4301 a
3575 4247 3810 4303 locustis

2207 4328 2371 4385 fuisse
2419 4342 2703 4401 vaStatam,
2742 4334 2812 4389 ita
2847 4345 2902 4389 ut
2946 4350 3052 4391 non
3101 4337 3282 4403 arbor,
3313 4354 3417 4394 non
3461 4340 3652 4402 vinea,
3687 4356 3808 4396 non

2206 4422 2361 4491 silva,
2391 4440 2498 4479 non
2530 4426 2733 4482 fructus
2761 4428 2974 4496 aliquis,
2992 4438 3085 4483 aut
3110 4430 3399 4501 quidquam
3421 4431 3590 4486 viride
3620 4447 3808 4485 rema-

2210 4529 2384 4583 neret,
2416 4521 2559 4590 quod
2584 4538 2688 4576 non
2707 4539 2734 4575 ει
2754 4522 2974 4578 locustis
3000 4535 3361 4581 everteretur.
3394 4527 3622 4581 Aiebam
3652 4528 3811 4583 enim

2212 4609 2516 4665 inimicitias
2564 4611 2704 4681 illas,
2734 4628 2855 4681 qmc
2899 4612 3041 4669 inter
3085 4613 3486 4670 Leuvichildum
3530 4627 3588 4672 et
3628 4618 3814 4673 lilium

450 4724 455 4729 ι
525 4699 651 4745 tunc
679 4706 800 4746 cum
831 4694 1071 4747 exercitu
1118 4693 1171 4747 in
1220 4709 1356 4766 pago
1385 4695 1755 4765 Bliglidunensi
1788 4708 1810 4736 ε
1843 4671 2063 4772 degebat
2090 4718 2106 4755 :
2142 4671 2185 4728 θ
2211 4715 2366 4754 suum
2393 4702 2805 4771 pullulaverant,
2824 4704 3175 4762 vehementer
3196 4710 3401 4778 augeri.
3419 4708 3557 4765 Lues
3583 4727 3819 4782 quoque

521 4784 951 4855 deprecatusque
978 4793 1062 4839 est
1090 4786 1364 4855 populum,
1394 4797 1453 4841 ut
1478 4790 1589 4858 regi
1618 4804 1806 4858 preces
1836 4791 2104 4860 tunderet,

519 4890 575 4933 ut
619 4879 737 4950 ejus
795 4881 1137 4950 przcsentiam
1190 4893 1513 4939 mereretur.
1571 4883 1901 4953 Depreeante
1948 4887 2108 4956 igitur

516 4972 663 5026 omni
709 4973 927 5042 populo.
956 4988 1049 5028 rex
1079 4986 1139 5028 se
1169 4970 1455 5028 videndum
1487 4973 1542 5029 ei
1568 4977 1814 5047 praebuit.
1858 4974 2103 5032 Prostra-

590 5146 798 5223 f_Ilat_id
847 5149 1051 5223 procul,
1084 5150 1159 5204 uti
1217 5150 1427 5209 videtur
1448 5193 1467 5216 .
1492 5168 1520 5207 a
1570 5154 1683 5208 suis
1717 5154 1971 5211 fratribus
1992 5198 2007 5223 ,
2041 5169 2099 5213 ut

590 5166 618 5183 -
651 5166 798 5202 uano
884 5166 1051 5215 rocur,
1084 5166 1159 5204 ιιιι
1217 5166 1427 5209 videtur
1448 5193 1467 5216 .
1492 5168 1520 5207 a
1570 5168 1683 5208 suis
1717 5166 1971 5211 tratribus
1992 5198 2007 5223 ,
2041 5169 2099 5213 ut

518 5212 820 5298 Chilperico
846 5166 995 5286 furta
1042 5230 1255 5298 pactum
1302 5226 1572 5295 suppetias
1603 5225 1803 5294 ferret,
1832 5239 1924 5283 aut
1952 5239 2101 5286 certe

520 5286 1007 5360 ut_bel|i_eventnui
1034 5286 1421 5360 specularetur:

587 5356 615 5395 ι’
649 5357 748 5437 Qui
777 5373 939 5428 supra
968 5356 1157 5437 li_b_.'v,
1189 5378 1306 5437 cap.
1332 5364 1402 5420 49
1432 5374 1485 5421 et
1510 5366 1601 5433 50,
1645 5370 1810 5423 multa
1841 5369 2100 5426 a«lve:sus

516 5425 857 5512 Gregorium;
882 5433 1214 5512 machinatus
1258 5425 1609 5512 lucrabatur!
1657 5454 1916 5495 accusans
1958 5425 2097 5512 quod

518 5501 758 5568 reginam
787 5501 1046 5556 ndulterin
1076 5502 1327 5569 pollutam
1354 5501 1473 5560 esse
1502 5508 1742 5564 dixisset.

597 5580 619 5607 ⁸
647 5571 795 5625 Coll).
817 5587 891 5647 τι.)
915 5571 1343 5639 Melodonneure;
1370 5576 1515 5644 Dee,
1538 5577 1949 5647 Megledunetrse.
1971 5582 2100 5639 Vide

520 5653 639 5708 cap.
672 5644 898 5705 pra'ced.

592 5710 617 5745 δ
649 5710 739 5766 Sc
786 5714 968 5790 (ξαππς
1014 5711 1192 5790 C_o_lh.,
1222 5727 1520 5783 sanciretur;
1552 5718 1794 5790 plerique
1820 5723 1944 5777 editi
1978 5737 2101 5778 cum

519 5776 671 5843 ML,
701 5786 1005 5851 sludcrclur,
1045 5786 1092 5838 id
1124 5776 1200 5839 est
1235 5776 1532 5842 curaretur.

592 5858 620 5885 ε
646 5853 864 5923 Regum
890 5858 1163 5925 immenso,
1193 5858 1368 5931 gladio
1410 5860 1521 5929 ejus
1569 5861 1741 5931 gulam
1782 5866 2096 5920 transverbc~

2214 4796 2381 4862 lttagis
2411 4794 2463 4849 in
2491 4793 2598 4851 illis
2630 4796 2875 4866 ptrtibus
2912 4800 3142 4856 szcviens
3192 4805 3358 4857 multa
3400 4803 3514 4858 loca
3558 4804 3821 4861 devasta.

2214 4884 2308 4940 bat
2338 4895 2388 4950 ε,
2412 4888 2504 4942 sed
2532 4888 2764 4943 maxime
2793 4889 2933 4959 apud
2971 4891 3155 4945 urbem
3184 4891 3585 4949 Narbonensem
3618 4892 3644 4931 ι·
3672 4901 3817 4952 vati-

2209 4979 2330 5034 dius
2377 4982 2733 5057 desaeviebat,
2761 4997 2814 5042 et
2852 4988 2962 5058 jam
3011 4990 3171 5046 tertio
3216 5007 3377 5061 anno,
3410 4994 3551 5063 quod
3598 4996 3819 5054 ibidem

2206 5175 2396 5303 ἓωιιᾨ.
2442 5167 2690 5236 per/ictam
2734 5169 2928 5226 ducem
2971 5172 3143 5242 quoad
3182 5175 3308 5228 vixit
3352 5175 3531 5243 ruam,
3566 5194 3677 5231 eam
3734 5182 3825 5235 sic

2248 5253 2348 5290 mm
2377 5275 2390 5289 .

2248 5253 2390 5290 ηιυη.

2285 5304 2303 5343 ί
2342 5308 2646 5386 Qarpitania
2678 5321 2947 5386 parserat
2976 5316 3184 5386 veteris
3213 5317 3504 5386 provincia:
3532 5318 3824 5373 Tarraco-

2210 5380 2414 5456 nensis,
2440 5379 2491 5433 in
2524 5398 2589 5435 co
2612 5379 2779 5456 tractu
2807 5384 3059 5456 llasrtelltaj
3084 5379 3256 5452 nova},
3283 5389 3369 5441 ubi
3396 5404 3535 5443 nunc
3569 5406 3691 5456 pars
3721 5407 3826 5447 est

2208 5447 2465 5529 {algarriaa
2497 5461 2571 5529 _et
2618 5452 2853 5520 regionis
2902 5455 2953 5529 lg
2996 5447 3252 5529 λΜηητΙιεξ
3274 5473 3463 5514 versus
3493 5447 3696 5529 Tagum
3760 5476 3831 5519 et

2207 5520 2400 5641 :ilialm,
2424 5521 2575 5588 cujus
2595 5532 2753 5591 caput
2772 5535 2891 5579 erat
2912 5526 3179 5598 Toletum,
3201 5520 3329 5584 urbs
3353 5530 3432 5583 vel
3456 5546 3557 5586 suo
3572 5520 3837 5590 immitte

2240 5609 2268 5642 c
2290 5607 2319 5642 e
2338 5606 2454 5643 ms.

2209 5668 2307 5781 se;
2342 5662 2430 5714 Sic
2461 5661 2649 5733 Ilegm.
2679 5662 2780 5717 Alii
2807 5706 2821 5731 ,
2851 5683 2941 5735 per
2968 5666 3083 5722 loca
3112 5670 3245 5723 enim
3276 5672 3383 5740 rjus
3412 5673 3520 5726 lues
3550 5677 3835 5749 uastabat,

2265 5748 2317 5781 ll.

2280 5798 2304 5835 ¹ι
2335 5800 2511 5881 Narbo
2556 5805 2779 5881 aliarque
2809 5808 2966 5863 urbes
3012 5809 3359 5881 Septimauize
3393 5823 3515 5868 tunc
3546 5822 3839 5881 temporis

2210 5869 2475 5947 Hispania:
2505 5869 2892 5947 tribucbantur,
2928 5882 3067 5950 quod
3093 5869 3438 5955 Wisigutthis
3466 5869 3769 5955 parerent.
