3966 6348
500 385 607 443 ωδ

1464 385 1521 439 S.
1565 383 1893 441 CREGORII
1936 377 2239 436 EPISCOPI
2283 376 2716 435 τυῐιοΝιςηδις
2784 411 2787 414 -

3643 376 3759 433 MM

497 496 752 566 expulsus
780 503 881 556 est,
911 493 993 547 vel
1027 501 1291 561 receptus.
1337 494 1575 547 Clericus
1617 495 1831 562 quidam
1864 490 2068 546 exstitit
2098 493 2141 543 Α
2173 496 2445 556 totumque
2474 503 2670 554 corpus
2702 499 2933 543 tremore
2965 489 3329 557 quatiebatur;
3357 490 3450 544 sed
3480 499 3534 544 et
3558 506 3756 547 manus

494 603 560 643 ex
588 584 979 640 Cenomannica
1022 586 1173 647 urbe,
1202 585 1506 639 luxuriosus
1537 586 1720 648 nimis,
1752 594 2063 647 amatorque

495 680 800 742 mulierum,
825 686 880 732 et
900 677 1037 747 gulae
1063 690 1125 730 ac
1154 675 1537 737 fornicationis,
1561 677 1812 741 omnique
1841 676 2060 727 immun-

494 770 640 824 ditirc
685 770 841 824 valde
876 768 1103 822 deditus.
1157 766 1254 821 llic
1302 766 1508 819 mulieri
1544 766 1649 837 [AL
1682 764 1942 837 mulieris]
1972 780 2063 819 cu-

490 856 704 928 jusdam
758 858 953 927 saepius
1000 866 1175 911 scorto
1220 857 1566 921 commixtus,
1617 872 1824 910 comam
1876 858 2064 923 rapitis

497 950 746 1015 totondit,
790 946 1101 1018 mutatoque
1128 947 1265 1002 virili
1311 949 1491 1003 habitu
1524 958 1575 1012 ο,
1602 962 1780 1002 secum
1824 950 1874 1000 in
1905 948 2063 1002 aliam

493 1040 762 1093 civitatem
812 1039 1053 1105 deduxit,
1081 1049 1141 1093 ut
1167 1037 1399 1107 suspicio
1446 1038 1691 1091 adulterii
1739 1038 2062 1101 auferretur,

490 1145 612 1186 cum
654 1133 791 1186 inter
829 1130 1125 1199 incognitos
1159 1129 1477 1185 devenisset.
1524 1130 1650 1184 Erat
1688 1129 1830 1183 enim
1875 1131 2064 1183 mulier

493 1226 721 1292 ingenua
765 1238 982 1292 genere,
1005 1232 1061 1277 et
1106 1222 1174 1277 de
1221 1223 1375 1275 bonis
1401 1229 1515 1274 orta
1543 1220 2063 1288 parentibus'Com-

493 1323 646 1381 perte
688 1324 864 1367 autem
918 1324 1037 1382 post
1083 1313 1198 1367 dies
1247 1313 1441 1366 multos
1496 1311 1773 1379 propinqui
1802 1312 1917 1378 ejus
1944 1327 2063 1380 qua:

494 1414 612 1457 acta
660 1403 893 1466 fuerant,
940 1402 1009 1456 ad
1051 1403 1408 1456 ulciscendam
1457 1402 1806 1455 humilitatem
1852 1400 2063 1469 generis

488 1493 574 1545 sui
618 1493 854 1546 velocius
898 1502 1204 1560 properant,
1239 1502 1618 1559 repertumque
1662 1492 1915 1546 clericum
1948 1492 2062 1543 vin-

489 1594 635 1636 etum
678 1584 934 1638 custodite
962 1584 1297 1651 mancipant;
1331 1583 1604 1636 mulierem
1636 1596 1761 1634 vero
1790 1581 1891 1649 igni
1927 1596 2059 1633 con-

494 1683 734 1727 suntunt.
771 1675 854 1736 Et,
882 1674 1019 1727 sicut
1047 1674 1192 1740 cogit
1237 1674 1350 1725 auri
1399 1686 1546 1725 sacra
1593 1671 1782 1734 fames,
1808 1670 2057 1723 clericum

491 1767 592 1817 sub
619 1764 791 1831 pretio
816 1765 1106 1819 venuodari
1139 1774 1444 1829 procurant,
1464 1778 1525 1815 ea
1552 1762 1803 1814 videlicet
1833 1760 2057 1824 ratione,

489 1868 548 1911 ut
577 1868 665 1911 aut
690 1868 834 1911 esset
861 1857 951 1925 qui
983 1856 1289 1919 redimeret,
1314 1866 1407 1908 aut
1435 1866 1579 1908 certe
1604 1855 1756 1907 morti
1783 1855 2057 1907 addicere-

490 1959 577 2002 tur
615 1948 900 2002 obnoxius.
941 1946 1179 2014 Cumque
1213 1946 1327 1999 hinc
1348 1945 1595 1999 Etherio
1613 1946 1863 2013 episcopo
1888 1944 2059 1997 delata

486 2039 740 2105 fuissent,
769 2036 1126 2092 misericordia
1177 2045 1355 2090 motus
1374 2075 1390 2101 ,
1420 2036 1558 2089 datis
1596 2035 1778 2103 viginti
1809 2033 1987 2087 aureis
2010 2032 2057 2097 ll,

486 2144 608 2182 eum
650 2129 717 2181 ab
750 2127 1044 2181 imminenti
1074 2127 1273 2181 exemit
1318 2127 1558 2179 interitu.
1594 2124 1753 2191 lgitttr
1783 2134 2060 2201 postquam

488 2223 610 2273 vitae
632 2220 857 2273 donatus
881 2230 983 2281 est,
1003 2219 1203 2284 profert
1228 2232 1287 2271 se
1309 2219 1600 2270 litterarum
1623 2230 1741 2269 esse
1764 2216 2060 2287 doctorem,

491 2313 805 2378 promittens
849 2310 1137 2372 sacerdoti,
1164 2309 1306 2376 quod
1354 2310 1398 2361 si
1448 2309 1495 2361 ei
1545 2322 1739 2376 pueros
1769 2308 2059 2376 delegaret,

489 2408 754 2475 perfectos
802 2420 896 2459 eos
949 2406 999 2457 in
1053 2405 1245 2458 litteris
1299 2403 1563 2457 redderet.
1624 2402 1847 2456 Gavisus
1877 2404 2058 2456 auditu

485 2496 759 2558 sacerdos,
785 2511 976 2563 pueros
999 2492 1228 2548 civitatis
1254 2493 1493 2559 collegit,
1525 2492 1732 2559 ipsique
1754 2492 1964 2559 delegat
1993 2492 2057 2545 ad

486 2588 810 2642 docendum.
846 2586 1081 2652 Denique
1108 2600 1229 2639 cum
1257 2583 1365 2650 jam
1395 2584 1745 2635 honoraretur
1772 2596 1801 2632 a
1830 2582 2055 2641 civibus,

485 2687 544 2733 et
569 2676 798 2747 pontifex
818 2679 863 2730 ci
882 2676 1076 2743 aliquid
1100 2685 1258 2729 terra:
1280 2675 1661 2739 vinearumque
1692 2672 1906 2740 largitus
1931 2674 2059 2726 fuiso

488 2781 673 2834 set,ac
702 2784 794 2835 per
813 2768 1001 2821 domos
1018 2779 1292 2835 parentum
1324 2766 1483 2834 312
1509 2780 1689 2818 eorum
1704 2778 1838 2831 quos
1853 2762 2060 2816 erudie-

487 2861 602 2921 bat,
629 2859 962 2919 invitaretur,
994 2871 1244 2910 reversus
1273 2854 1336 2908 ad
1366 2857 1643 2917 vomitum,
1665 2854 1822 2907 unius
1855 2852 2059 2920 pueruli

485 2959 744 3010 matrem,
779 2948 1057 3001 immemor
1102 2943 1389 2999 anterioris
1438 2943 1674 3012 injurize,
1707 2943 2055 3011 concupiscit.

487 3043 643 3110 Quod
666 3058 786 3097 cum
817 3041 1001 3109 pudica
1036 3040 1151 3091 viro
1182 3039 1372 3092 mulier
1412 3039 1758 3099 declarasset,
1790 3034 2057 3102 conjuncti

483 3144 732 3201 parentes
757 3134 870 3199 ejus
889 3130 1217 3201 gravissimis
1233 3129 1485 3182 clericum
1519 3127 1799 3182 tormentis
1826 3125 2058 3179 subden-

2171 580 2371 648 absqne
2420 582 2618 635 virtute
2665 590 2838 645 erant,
2872 591 2926 633 et
2955 596 3074 646 qua:
3115 581 3361 647 Optabam
3392 582 3614 642 implere
3644 599 3754 635 non

2171 682 2406 737 poteram
2433 690 2447 721 :
2477 685 2597 723 cum
2628 685 2759 723 vero
2805 685 2993 723 manus
3038 671 3427 736 deposuissem,
3461 671 3592 723 nihil
3625 673 3754 724 mali

2169 762 2460 814 sentiebam
2482 762 2721 814 Omnino.
2756 760 2990 827 Cognovi
3018 760 3160 813 enim
3190 759 3438 824 quoniam
3469 770 3642 813 tecum
3665 769 3755 812 est

2173 852 2446 918 Dominus,
2470 867 2535 905 eo
2566 852 2704 920 quod
2733 869 2837 904 non
2869 851 3011 920 potui
3039 852 3236 920 aliquid
3261 850 3357 903 tibi
3381 866 3596 905 nocere.
3624 851 3753 904 lltnc

2168 960 2233 998 eo
2261 945 2493 1009 dicente,
2523 945 2668 999 flevit
2708 947 2979 1007 sacerdos,
3016 945 3298 1014 imponens
3341 945 3609 999 silentium
3640 946 3754 997 cle-

2168 1038 2298 1100 rico,
2333 1053 2684 1106 reversusque
2710 1037 2927 1091 donmm
2970 1052 3139 1090 creua:
3159 1037 3447 1090 discubuit.
3476 1037 3587 1103 Qua
3616 1052 3751 1091 exa-

2164 1137 2272 1187 cta,
2305 1129 2357 1181 itt
2387 1138 2553 1180 strato
2576 1143 2673 1181 suo
2700 1129 2898 1196 quievit
2921 1171 2937 1195 ,
2969 1127 3169 1182 habens
3196 1129 3333 1183 circa
3367 1128 3560 1182 lectum
3591 1145 3750 1182 suum

2168 1217 2361 1269 multos
2407 1217 2629 1270 lectulos
2670 1216 2985 1270 clericorum
3025 1226 3074 1269 ε.
3123 1216 3359 1285 Denique
3410 1217 3568 1270 difﬁsi
3598 1218 3649 1268 hi
3680 1218 3749 1272 de

2171 1307 2330 1377 313
2359 1308 2574 1371 clerico,
2609 1323 2701 1373 per
2722 1322 2784 1361 se
2814 1307 2962 1361 nefas
2986 1308 3242 1372 perficere
3271 1308 3586 1377 cogitantes,
3610 1324 3748 1361 nova

2165 1407 2472 1463 argumenta
2504 1396 2888 1458 machinantur,
2919 1413 3014 1465 per
3040 1413 3182 1465 quze,
3207 1408 3297 1450 aut
3325 1413 3446 1451 eum
3470 1399 3519 1451 vi
3544 1401 3748 1453 exstin-

2163 1499 2413 1558 guerent,
2438 1500 2531 1542 attt
2557 1499 2703 1543 certe
2731 1490 2957 1553 crimen,
2988 1506 3093 1558 quo
3131 1506 3160 1543 a
3193 1490 3493 1545 sacerdotio
3521 1491 3747 1546 divelle-

2166 1589 2344 1639 retur,
2374 1578 2735 1647 imponerent.
2794 1578 2997 1633 Interea
3052 1581 3445 1648 quiescentibus
3494 1584 3745 1649 cunctis,

2166 1672 2339 1724 media
2372 1672 2486 1725 fere
2535 1681 2691 1726 nocte
2737 1674 3039 1727 Cubiculum
3087 1674 3381 1727 sacerdotis
3425 1677 3746 1743 irrumpunt,

2164 1763 2523 1815 exclamantes
2574 1777 2705 1816 voce
2758 1770 2975 1833 magna,
3010 1775 3169 1834 atque
3194 1767 3428 1821 dicentes
3462 1768 3657 1821 vidisse
3684 1784 3746 1823 se

2091 1861 2135 1918 Β
2164 1852 2440 1904 mulierem
2470 1868 2497 1903 a
2530 1854 2779 1917 cubiculo
2808 1856 3012 1921 egredi,
3046 1858 3319 1925 ipsamque
3353 1859 3423 1910 ob
3452 1859 3551 1911 hoc
3576 1859 3744 1911 dimi-

2163 1945 2319 2004 sisse,
2349 1944 2474 1997 dum
2505 1944 2571 1997 ad
2602 1946 2908 2012 episcOpmn
2962 1946 3325 2002 festinassent.
3362 1949 3425 2002 Et
3454 1965 3584 2003 sane
3618 1966 3744 2017 pars

2164 2035 2278 2087 haec
2308 2032 2332 2070 ἀ
2364 2045 2416 2087 et
2444 2036 2723 2089 consilium
2753 2036 2947 2091 diaboli
2982 2039 3118 2105 fuit,
3149 2050 3204 2092 ut
3250 2040 3302 2092 in
3335 2039 3423 2091 tali
3454 2051 3609 2093 aetate
3634 2043 3745 2093 cri~

2163 2141 2285 2178 men
2318 2128 2651 2193 imponerent
2676 2129 2961 2191 sacerdoti,
2988 2132 3074 2198 qui
3106 2141 3245 2184 erat.
3266 2132 3376 2184 fere
3406 2135 3739 2200 septuaginta

2162 2230 2442 2267 annorum.
2474 2216 2579 2269 Nec
2606 2231 2755 2269 mora
2777 2258 2793 2280 ,
2824 2218 3112 2286 conjuncto
3146 2233 3335 2281 ,secum
3370 2224 3555 2275 iterum
3588 2232 3741 2276 ante-

2160 2305 2307 2359 dicto
2336 2305 2550 2370 clericn,
2580 2308 2827 2376 alligatur
2870 2310 3123 2365 sacerdos
3152 2314 3356 2367 catenis
3381 2315 3448 2366 ab
3475 2314 3592 2383 ejus
3623 2332 3741 2368 tua-

2163 2396 2339 2459 nibus,
2372 2397 2438 2450 de
2466 2397 2616 2466 cujus
2646 2399 2787 2451 collo
2822 2401 3017 2467 smpius
3064 2404 3275 2455 vincula
3307 2403 3647 2466 discusserat,
3680 2416 3739 2459 et

2162 2488 2342 2541 ardua:
2365 2489 2624 2543 CUSlOdilB
2669 2490 2998 2556 mancipatur
3026 2491 3094 2543 ab
3117 2506 3202 2555 eo,
3230 2508 3387 2561 quem
3415 2493 3481 2546 de
3508 2495 3742 2548 caeno-is

2161 2579 2467 2633 carceribus
2495 2582 2804 2648 p'erumque
2832 2580 3169 2635 liberaverat.
3200 2588 3266 2636 At
3293 2584 3379 2637 ille
3404 2600 3738 2654 cognoscens

2161 2672 2407 2725 inimicos
2435 2672 2535 2725 sibi
2563 2673 2909 2728 vehementer
2937 2674 3246 2738 invaluisse,
3283 2675 3488 2730 Domini
3522 2676 3739 2730 miseri-

2161 2763 2396 2815 cordiam
2432 2775 2551 2815 cum
2596 2763 2849 2833 lacrytnis
2876 2765 2926 2816 in
2958 2765 3161 2817 vincula
3191 2778 3495 2834 compactos
3525 2779 3738 2821 exorat.

2164 2853 2279 2905 Mox
2311 2853 2683 2920 opprimuntur
2710 2868 2900 2908 somno
2929 2856 3200 2917 custodes,
3229 2857 3517 2925 Solutisque
3547 2859 3741 2912 divini-

2163 2951 2246 2995 ltts
2277 2942 2485 3004 vinclis,
2516 2942 2583 2995 de
2611 2943 2847 2997 custodia
2881 2947 3123 3011 procedit
3154 2946 3422 3010 innoxius,
3454 2949 3739 3001 noxiorum

2161 3034 2621 3102 frequentissimus
2640 3035 2891 3088 liberator
2913 3052 2928 3089 :
2949 3036 3141 3091 deinde
3157 3037 3412 3105 dilapsus,
3432 3041 3495 3090 ad
3517 3055 3739 3105 regnum

2161 3124 2548 3179 Guntchramni
2577 3127 2714 3195 regis
2743 3110 2972 3180 transiit.
3006 3130 3121 3192 Quo
3151 3130 3479 3193 discedente,
3516 3132 3743 3187 liberius

484 3214 607 3291 tos,
637 3226 943 3279 interimere
991 3215 1290 3277 voluerunt.
1344 3223 1511 3286 Quem
1564 3220 1815 3276 sacerdos
1864 3220 2054 3291 iterum
2083 3214 2267 3285 Ciam
2295 3215 2567 3284 conjuncti
2616 3218 2869 3273 satellites
2913 3220 2977 3273 ad
3025 3236 3202 3290 regem
3229 3223 3583 3290 Cliilpericmn
3621 3241 3743 3293 pro-

483 3312 845 3368 misericordia
888 3324 1064 3364 motus
1083 3352 1099 3366 .
1130 3312 1445 3378 castigatum
1478 3310 1657 3363 verbis
1688 3308 1896 3362 lenibus
1924 3308 2057 3361 Iibe»

484 3402 659 3465 ravit,
694 3402 989 3470 honorique
1020 3400 1271 3453 restituit.
1303 3399 1408 3453 Sed
1444 3414 1592 3452 meus
1630 3399 1759 3453 latva
1788 3413 2054 3464 nunquam

484 3496 550 3547 ad
581 3495 873 3549 bonitatem
905 3490 1079 3559 potuit
1120 3491 1386 3555 inclinari,
1420 3492 1512 3543 sed
1561 3491 1735 3555 potius
1765 3490 1936 3542 factus
1977 3499 2057 3543 est

484 3585 602 3652 ejus
627 3584 893 3645 inimicus,
924 3600 953 3637 a
982 3600 1086 3651 quo
1114 3584 1309 3649 Stcpius
1336 3583 1507 3635 fuerat
1545 3581 1611 3635 de
1651 3591 1820 3633 morte
1847 3580 2056 3635 redem-

485 3684 629 3742 ptus.
668 3672 997 3741 Conjunctus
1039 3682 1119 3725 est
1148 3672 1288 3724 enim
1320 3670 1695 3723 arclndiacono
1723 3669 1972 3733 civitatis,
2004 3679 2059 3723 et

484 3780 548 3821 se
577 3766 883 3834 episcopatu
924 3765 1138 3831 digntnn
1174 3764 1467 3828 proferens,
1506 3764 1812 3829 cpi-copam
1843 3763 2059 3816 molitur

484 3857 751 3913 occidere.
791 3857 1093 3923 Loczltoque
1130 3854 1347 3918 clerico,
1376 3857 1468 3919 'qui
1511 3869 1633 3907 cum
1674 3852 1902 3920 bipenne
1941 3868 2059 3917 per-

483 3956 709 4011 cuteret,
738 3949 836 4018 ip-i
876 3948 1068 4016 ubique
1105 3948 1432 4011 discurrunt,
1463 3947 1765 4009 mussitant,
1797 3946 2058 3999 amicitias

483 4042 619 4095 clam
645 4041 862 4107 illigant,
887 4041 1157 4106 proferunt
1186 4036 1425 4106 prmmia,
1442 4037 1556 4113 ptsi
1581 4037 1833 4091 sacerdos
1858 4037 2053 4100 obiret,

485 4134 599 4201 ipse
624 4133 953 4188 succederet.
981 4132 1087 4187 Sed
1118 4132 1482 4185 misericordia
1517 4131 1723 4183 Domini
1752 4131 2058 4198 anticipavit

480 4239 664 4278 eorum
695 4223 1002 4291 perfidiam,
1035 4220 1511 4289 crudelitatemque
1547 4221 1847 4288 iniquorum
1880 4219 2054 4271 hemi-

480 4331 606 4370 num
635 4315 801 4371 veloci
835 4314 1029 4379 pietate
1060 4312 1333 4383 repressit.
1381 4311 1477 4371 Die
1513 4325 1641 4365 vero
1671 4326 1777 4379 quo
1805 4309 2056 4363 sacerdos

479 4406 753 4471 operarios
788 4406 837 4454 iu
869 4418 995 4469 agro
1025 4410 1403 4470 aggregaverat
1430 4401 1495 4452 ad
1522 4401 1866 4462 sulcamlum,
1897 4399 2055 4453 cleri-

478 4508 573 4555 cus
608 4492 908 4546 antedictos
950 4509 1073 4545 cum
1113 4493 1285 4545 securi
1332 4491 1669 4559 prosequitur
1716 4490 2052 4544 sacerdotem

2162 3318 2349 3376 perant
2395 3324 2490 3375 pro
2536 3310 2842 3375 episc0patu
2892 3313 3161 3379 petendo,
3196 3316 3355 3367 tnttlta
3406 3317 3628 3369 crimina
3672 3318 3743 3370 de

2159 3399 2410 3466 episcopo
2459 3402 2875 3468 proloquentes,
2929 3405 3187 3459 addentes
3231 3408 3446 3461 istazln
3496 3408 3597 3462 hoc
3646 3426 3742 3462 Ut-

2160 3508 2376 3561 gnosce,
2404 3508 2496 3547 rex
2542 3494 2923 3563 gloriosissime
2946 3536 2959 3559 ,
2990 3512 3113 3549 vera
3140 3512 3257 3551 esse
3288 3500 3399 3552 han:
3448 3514 3567 3568 qua!
3609 3502 3742 3553 diei-

2162 3598 2300 3647 mus,
2330 3585 2449 3650 quia
2496 3595 2720 3639 mortem
2772 3601 2865 3649 pro
2913 3588 3206 3642 sceleribus
3234 3590 3422 3645 timens
3464 3593 3529 3644 ad
3561 3593 3743 3645 fratris

2163 3675 2235 3726 tui
2288 3674 2496 3727 transiit
2525 3689 2769 3742 regnum.
2810 3676 2961 3741 Quod
3005 3679 3093 3732 ille
3138 3695 3240 3731 non
3273 3676 3517 3745 credens,
3547 3685 3645 3736 bos
3676 3686 3739 3737 εισι

2159 3766 2425 3820 civitatem
2473 3767 2645 3821 redire
2669 3768 2837 3835 jubet.
2894 3769 3025 3823 Dum
3080 3772 3192 3824 base
3225 3787 3531 3841 agerentur,
3563 3780 3739 3831 ωαξςεὶ

2159 3862 2305 3914 cives
2332 3862 2400 3915 de
2424 3862 2652 3930 pastoris
2698 3863 2957 3926 absentia,
2998 3874 3383 3933 cognoscentes
3414 3868 3588 3919 ontnia
3621 3884 3741 3934 qua:

2160 3950 2225 4004 de
2251 3965 2317 4005 eo
2346 3963 2459 4005 acta
2492 3952 2703 4006 fuerant
2740 3968 2833 4020 per
2875 3953 3123 4007 invidiam
3152 3964 3206 4008 et
3236 3956 3514 4007 avaritiam
3551 3971 3741 4024 perpe-

2161 4050 2322 4104 trata,
2352 4043 2746 4108 apprehensum
2774 4058 2894 4096 cum
2942 4045 3167 4098 satellite
3196 4045 3629 4099 areliidiaconutn
3657 4048 3739 4099 iu-

2154 4133 2309 4199 juria:
2348 4133 2660 4197 subdentes,
2692 4136 2760 4188 ad
2795 4151 2972 4203 regem
3020 4138 3309 4204 petierunt,
3339 4148 3395 4191 ut
3439 4140 3740 4205 reciperent

2158 4226 2488 4278 sacerdotem
2522 4243 2697 4280 suum.
2734 4231 2799 4279 At
2851 4244 2943 4282 rex
2978 4228 3178 4293 legatos
3228 4229 3374 4282 fratri
3406 4232 3505 4281 suo
3536 4230 3738 4299 dirigit,

2158 4332 2403 4371 aSSorens
2433 4318 2562 4369 nihil
2585 4332 2642 4369 se
2663 4317 2902 4370 criminis
2928 4318 2978 4370 in
3003 4318 3261 4385 episcopo
3284 4321 3570 4386 reperisse.
3589 4318 3739 4373 Tunc

2159 4406 2588 4460 Guntcliramuus
2636 4421 2726 4460 rex
2755 4449 2771 4474 ,
2803 4419 2859 4461 ut
2882 4418 2997 4463 erat
3030 4408 3288 4477 benignus
3318 4419 3372 4467 et
3403 4409 3641 4475 proauus
3671 4412 3737 4465 ad

2158 4498 2392 4551 miserati
2417 4504 2543 4561 tum,
2570 4496 2731 4549 multa
2776 4498 2823 4551 ei
2857 4512 3078 4551 munera
3125 4498 3370 4563 contulit,
3397 4498 3532 4552 dans
3575 4499 3739 4553 etiam

478 4582 610 4637 nihil
653 4582 727 4635 de
773 4582 854 4636 his
881 4583 1092 4646 peoiius
1142 4583 1420 4637 scientem.
1469 4582 1704 4636 Tandem
1751 4583 1910 4652 igitur
1940 4584 2052 4635 hate
2084 4588 2133 4647 Ι)
2160 4589 2412 4654 epistolas
2455 4602 2550 4655 per
2584 4602 2769 4640 onmes
2794 4587 3077 4656 episcopos
3109 4589 3255 4657 regni
3286 4589 3391 4649 sui,
3421 4600 3476 4641 ut
3505 4593 3740 4659 peregri-

476 4676 763 4745 advertcns
789 4692 804 4729 :
829 4674 968 4741 Quid
1014 4686 1098 4745 tu,
1125 4675 1317 4741 inquit,
1368 4690 1454 4727 me
1501 4674 1756 4731 attentius
1786 4688 1905 4727 cum
1954 4673 2052 4727 hac

476 4767 708 4834 hipenue
740 4766 1112 4833 prosequeris?
1160 4768 1228 4819 At
1266 4765 1354 4819 i'le
1399 4768 1591 4819 timore
1622 4764 1956 4831 perterritus.
1984 4765 2047 4815 ad

474 4871 645 4925 genua
673 4856 767 4911 viri
810 4856 1156 4923 provolvitur,
1187 4856 1374 4911 dicens
1400 4873 1415 4909 :
1437 4855 1613 4910 Fortis
1641 4867 1779 4917 esui,
1802 4857 2052 4912 sacerdos

476 4946 748 5024 Det-Nam
778 4948 921 5011 scias
947 4962 1031 5003 me
1058 4947 1314 5019 emissum
1338 4948 1405 5001 ab
1426 4946 1803 5013 archidiacono
1823 4961 1886 4999 ac
1916 4961 2052 5014 pra--

470 5046 713 5105 ceptore,
744 5048 801 5099 ut,
830 5049 881 5093 te
908 5039 1082 5098 securi
1116 5048 1472 5107 percuterem.
1523 5036 1675 5104 Quod
1704 5052 1824 5090 cum
1854 5039 2049 5105 stemus

475 5129 662 5201 facere.
684 5130 993 5195 voluissem,
1016 5140 1071 5186 et
1096 5132 1258 5185 ictum
1280 5131 1472 5190 dextra
1495 5142 1751 5199 suspensa
1776 5130 2044 5195 librarem,

474 5218 790 5287 tegebantur
814 5221 1048 5276 tenebris
1067 5222 1207 5277 oculi
1234 5222 1365 5298 mei,
1382 5231 1435 5276 et
1454 5236 1613 5289 aures
1636 5221 2043 5291 obserabantur,

471 5392 603 5448 teris
648 5394 898 5447 omnibus
951 5395 1197 5457 habetur,
1241 5393 1364 5448 dicit
1398 5394 1592 5460 pariter
1634 5393 1700 5445 de
1749 5392 1802 5446 S.
1834 5393 2046 5446 Tctrico

470 5464 638 5529 episc.
692 5465 1042 5532 Lingonensi,
1072 5469 1338 5535 cujus.....
1372 5465 1667 5535 memoriam
1711 5463 1951 5528 fecimus;
1979 5464 2046 5517 de

469 5549 578 5607 quo
608 5547 780 5607 tamen
810 5538 945 5600 apud
972 5553 1090 5586 eum
1135 5534 1585 5607 nillilittveuitur.

486 5602 505 5678 ξ
542 5612 568 5678 ξ
605 5605 817 5678 llegtn.,
851 5616 1141 5669 mutatoque
1170 5604 1383 5671 fentineo
1412 5604 1587 5655 habitu
1615 5603 1665 5654 in
1696 5602 1912 5655 virii'eiu.

542 5667 572 5711 ³⁸
605 5667 741 5726 Idem
773 5679 963 5736 codex,
996 5667 1267 5738 ornent-eis.

548 5750 571 5785 ι
597 5742 750 5809 Juxta
779 5760 1039 5809 canonum
1086 5743 1476 5817 przescriptum,
1507 5742 1592 5817 qui
1627 5743 1807 5801 volunt
1837 5743 2041 5814 cpisco:

2157 4699 2280 4736 num
2326 4683 2503 4751 aliquo
2537 4692 2560 4719 ε
2586 4697 2682 4751 pro
2730 4681 2823 4735 Dei
2869 4682 3057 4735 intuitu
3106 4682 3532 4735 consolarentur.
3576 4681 3741 4752 315

2155 4776 2305 4827 Tunc
2356 4773 2671 4827 circumiens
2717 4771 2998 4833 civitates,
3046 4780 3188 4827 tanta
3235 4772 3281 4825 ei
3312 4786 3341 4823 a
3373 4772 3739 4826 sacerdotibus

2158 4866 2249 4918 Dei
2278 4865 2467 4917 collata
2502 4872 2643 4927 sunt,
2678 4872 2783 4914 tam
2826 4864 2876 4913 in
2923 4863 3161 4915 vestibus
3187 4876 3344 4927 quam
3396 4861 3447 4914 in
3498 4874 3738 4933 auro,nt

2152 4958 2236 5010 vix
2268 4955 2466 5010 civitati
2512 4971 2630 5022 qua:
2661 4961 2931 5007 meruerat
2963 4961 3141 5022 posset
3180 4952 3395 5018 inferri;
3428 4954 3736 5022 impletum-

2153 5067 2256 5120 que
2284 5059 2365 5103 est
2403 5048 2531 5103 illud
2561 5047 2701 5116 quod
2747 5047 2822 5099 ait
2872 5048 3195 5113 Apostolus:
3223 5046 3358 5111 Quia
3407 5046 3737 5116 diligentibus

2150 5143 2316 5196 Deum
2365 5141 2537 5195 omnia
2579 5148 2888 5193 concurrunt
2934 5139 2988 5191 in
3029 5138 3214 5191 borium
3259 5138 3436 5209 (Rom.
3466 5153 3584 5201 vm,
3615 5139 3735 5208 28).

2150 5236 2280 5291 Nam
2334 5235 2456 5288 l.uic
2501 5231 2862 5303 peregrinatio
2903 5231 3114 5284 divitias
3161 5231 3357 5296 attulit,
3386 5238 3442 5285 et
3485 5233 3733 5287 exsdium

2152 5404 2248 5454 pos
2294 5402 2504 5452 Semper
2533 5385 2729 5438 habere
2772 5397 2951 5435 secum
3010 5391 3170 5454 testes
3204 5383 3715 5454 prival'nsuu‘non-

2149 5449 2497 5518 versationis,
2530 5472 2649 5508 ean.
2700 5454 2827 5506 Cum
2868 5464 3105 5521 pastorts,
3138 5449 3309 5519 2,7qtt.
3342 5453 3393 5503 7.
3429 5451 3525 5503 Adi
3563 5449 3724 5518 Crcg.

2152 5529 2215 5581 M.
2254 5528 2347 5580 lib.
2400 5541 2470 5588 tv,
2502 5528 2658 5592 epist.
2694 5522 2782 5577 44.
2824 5524 3206 5592 Concellaneos
3256 5521 3489 5588 appellat
3532 5523 3734 5591 Synod,

2149 5601 2300 5649 liom.
2333 5599 2382 5649 in
2415 5591 2569 5649 causa
2600 5593 2932 5661 Symmachi,
2958 5591 3129 5644 Gru‘ci
3157 5610 3251 5662 syu
3290 5595 3441 5646 cllus.

2221 5667 2243 5702 ιι
2285 5681 2293 5713 :
2323 5667 2480 5726 a~in.,
2512 5664 2575 5715 Et
2606 5665 2816 5717 insania:
2843 5680 2961 5732 pars
2987 5662 3116 5714 Ita'r.

2223 5750 2242 5773 ‘-‘
2280 5740 2423 5803 Bcc.,
2452 5735 2666 5803 aliquid.
