3966 6348
215 472 323 530 (.05

1150 473 1467 530 HISTORIA
1502 470 1947 528 FRANCURUII.
1992 474 2193 531 LIBER
2232 478 2515 535 SEXTUS.

3364 483 3481 541 ιω

211 601 351 654 opes
393 586 587 639 multas
638 583 858 639 invexit.
914 584 1155 640 Postha-c
1202 588 1509 655 regrediens
1538 603 1567 639 a
1599 587 1802 641 civibus
1832 592 1882 649 Α
1908 591 2093 645 ιιι-Ιςριη
2126 591 2414 647 Arvernam
2446 592 2706 659 residens,
2726 593 2984 663 judicium
3015 604 3305 656 emanaret.
3332 598 3476 653 scili-

212 695 337 731 cum
373 680 460 729 tali
490 677 692 730 honore
720 688 1004 744 susceptus
1031 689 1134 736 est.
1159 688 1215 731 ut
1245 693 1353 747 pra:
1371 678 1566 745 gaudio
1590 676 1802 743 flerent,

210 779 269 823 ct
300 768 679 822 lienedicerent
713 768 878 821 Deum
904 812 916 836 ,
949 784 1039 839 qm
1072 771 1283 823 tattdcm
1330 770 1571 824 ecclesia:
1601 780 1804 824 tantum

212 861 453 915 restituit
481 860 835 915 sacerdotem.

292 951 559 1006 XXXVII.
594 952 885 1019 Lupcntius
915 960 939 989 ι
968 968 1096 1006 vero
1143 952 1307 1007 abbas
1352 952 1586 1007 basilicae
1633 953 1802 1006 sancti

214 1041 419 1096 Privati
454 1042 702 1111 martyris
734 1042 881 1096 urbis
914 1038 1269 1107 Gabalitanis,
1291 1056 1319 1093 a
1355 1040 1693 1095 Urunictiilde
1721 1056 1806 1096 re.

215 1134 342 1202 gina
375 1134 668 1187 arcessitus
688 1172 703 1198 ,
733 1132 976 1185 advenit.
1003 1132 1275 1185 Incusatus
1300 1132 1441 1184 enim
1462 1172 1478 1199 ,
1505 1142 1562 1186 ut
1592 1131 1765 1186 ferunt
1784 1172 1801 1196 ,

214 1225 393 1278 fuerat
420 1224 489 1277 ab
515 1222 829 1277 Innocentio
878 1221 1198 1290 supradicta:
1228 1221 1374 1275 urbis
1402 1222 1600 1276 comite
1620 1263 1635 1289 ,
1662 1222 1803 1291 quod

213 1314 498 1383 profanum
513 1312 714 1382 aliquid
729 1312 915 1367 effatus
929 1314 995 1367 de
1008 1313 1191 1383 regina
1207 1313 1410 1368 fuisset.
1425 1314 1530 1368 Sed
1546 1315 1803 1369 discussis

213 1405 420 1468 causis,
449 1420 568 1457 cum
603 1404 733 1457 nihil
765 1404 1085 1457 de'crimiuc
1118 1403 1411 1471 majestatis
1439 1406 1688 1459 conscius
1714 1421 1803 1459 es-

216 1509 300 1553 set
332 1500 610 1561 inventus,
644 1499 919 1553 discedere
950 1499 1127 1563 jussus
1168 1484 1271 1551 es!
1303 1499 1493 1551 Verum
1539 1498 1627 1551 ubi
1664 1499 1799 1551 viam

214 1604 440 1657 carpere
464 1590 646 1657 coepit,
674 1592 868 1643 iterum
902 1588 969 1642 ab
999 1589 1269 1643 antedirto
1293 1591 1490 1642 comite
1519 1601 1725 1656 captus,
1748 1600 1803 1643 et

212 1684 283 1736 ad
316 1684 669 1737 Ponticonem
694 1684 870 1736 villam
902 1683 1183 1745 deductus,
1211 1682 1392 1734 multis
1423 1682 1696 1749 suppliciis
1721 1690 1803 1735 est

214 1774 475 1840 affectus;
509 1775 868 1838 dimissusque
916 1775 1106 1827 iterum
1137 1782 1194 1827 ut
1222 1774 1455 1837 rediret,
1489 1786 1610 1826 cum
1640 1787 1802 1839 super

215 1869 461 1919 Axonam
495 1864 709 1918 fluvium
750 1866 1037 1918 tentorium
1071 1865 1608 1925 tetcndissct,iterum
1637 1864 1795 1918 irruit

1904 692 1989 734 cet
2020 692 2074 737 ut
2102 685 2402 751 parochias,
2429 700 2561 755 quas
2592 701 2857 753 nunquam
2887 685 3091 740 Rutena
3121 686 3360 741 Ecclesia
3395 694 3477 743 te-

1906 775 2087 828 nui~se
2117 777 2475 837 recolebatur.
2505 779 2767 845 reciperet
2809 794 2822 831 :
2870 779 3010 846 quod
3044 778 3113 831 ita
3146 778 3338 833 factum
3368 791 3474 834 est.

1977 864 2217 920 XXXIX.
2270 867 2538 936 liemigius
2570 878 2592 904 ο
2629 869 2915 937 Biturigum
2963 869 3246 939 episcopus
3289 871 3421 923 obiit
3459 887 3474 922 :

1906 955 2057 1023 cujus
2088 964 2209 1024 post
2240 960 2519 1011 transitum
2548 960 2694 1026 gravi
2725 959 2971 1016 incendio
3003 975 3123 1028 pars
3153 961 3378 1013 maxima
3403 960 3478 1013 εἴα

1904 1046 2090 1100 vitatis
2117 1058 2350 1100 cremata
2379 1057 2479 1112 est,
2509 1049 2688 1114 ibique
2716 1048 2734 1088 ε
2768 1052 2853 1103 illa
2882 1066 3000 1119 quae
3030 1050 3305 1104 bostilitati
3330 1065 3478 1104 rese-

1904 1136 2114 1201 derant,
2145 1138 2436 1205 perierunt.
2465 1138 2707 1193 Posthzec
2735 1140 2998 1208 Sulpicius
3023 1141 3074 1195 in
3106 1140 3220 1208 ipsa
3249 1139 3379 1193 urbe
3407 1139 3475 1191 ad

1904 1229 2698 1293 sacerdotium,Guntchramno
2720 1246 2843 1301 rege
2872 1231 3101 1297 favente,
3125 1230 3473 1300 pra-eligitur.

1904 1322 2034 1376 Nam
2064 1338 2183 1377 cum
2212 1323 2359 1377 multi
2390 1338 2611 1377 munera
2639 1323 2910 1388 offerrent,
2936 1325 3048 1376 limc
3080 1338 3169 1375 rex
3202 1323 3475 1389 episcOpa-

1906 1424 2012 1468 tum
2035 1416 2396 1482 quaerentibus
2423 1414 2760 1481 respondisse
2789 1414 2955 1467 fertur
2985 1428 2998 1464 :
3028 1411 3141 1465 Non
3173 1420 3256 1463 est
3284 1411 3476 1477 princi-

1906 1518 2062 1577 patus
2096 1507 2264 1561 nostri
2295 1506 2647 1568 consuetudo,
2670 1506 3024 1559 sacierdmium
3050 1502 3353 1556 venundare
3378 1502 3479 1552 sub

1907 1600 2108 1666 pretio,
2140 1600 2232 1653 sed
2279 1614 2378 1653 nec
2408 1610 2642 1652 vestrum
2674 1614 2794 1651 cum
2828 1598 3061 1666 praemiis
3101 1607 3411 1662 comparare
3458 1609 3475 1643 :

1906 1710 1971 1749 ne
2002 1707 2053 1749 et
2084 1710 2179 1749 nos
2206 1686 2536 1764 turpislucri
2580 1695 2795 1748 infamia
2825 1705 3088 1753 uotemur,
3112 1701 3166 1747 et
3192 1707 3285 1743 vos
3325 1691 3476 1759 Mago

1904 1788 2104 1842 Simoni
2151 1788 2553 1855 eomparemiui.
2598 1787 2699 1841 Sed
2746 1785 2901 1855 juxta
2950 1786 3039 1839 Dei
3092 1782 3474 1849 prmscientiam

1913 1879 2178 1946 Sulpicius
2205 1877 2357 1931 vobis
2385 1877 2481 1930 crit
2514 1877 2815 1945 episcopus.
2847 1877 2908 1929 Et
2943 1877 3019 1933 sic
3058 1874 3121 1925 ad
3170 1875 3473 1926 clericatum

214 1946 381 2023 super
407 1972 530 2011 eum
565 1958 812 2011 inimicus
842 1960 979 2026 ejus.
1011 1958 1176 2027 Cujus
1206 1959 1255 2011 vi
1286 1959 1525 2027 oppressi
1553 1970 1799 2027 amputa-
1834 1944 1878 2003 Β
1904 1944 2196 2031 deductus,
2221 1967 2585 2034 episcopatum
2617 1965 2855 2020 ecclesiae
2878 1964 3192 2028 supradictae
3221 1961 3473 2030 suscepi'.

215 2059 323 2102 tum
356 2061 516 2118 caput
547 2052 598 2103 in
634 2051 841 2104 coleum
873 2060 1150 2105 oneratum
1199 2051 1461 2118 lapidibus
1503 2051 1711 2119 posuit,
1741 2061 1796 2107 et

212 2139 421 2194 flumini
471 2142 649 2205 dedit;
698 2143 958 2206 reliquum
992 2155 1120 2194 vero
1162 2155 1359 2209 corpus
1399 2142 1634 2194 vinctum
1672 2155 1794 2194 cum

211 2246 348 2284 saxo
400 2231 662 2285 immersit
707 2232 922 2299 gurgiti.
954 2232 1079 2285 Post
1108 2232 1223 2285 dies
1254 2247 1382 2285 vero
1409 2247 1604 2300 paucos
1636 2247 1797 2299 appav

216 2326 329 2377 ruit
361 2324 676 2392 quibusdam
713 2325 1012 2391 pastoribus
1033 2365 1049 2389 ,
1077 2333 1131 2376 et
1160 2325 1238 2376 sic
1267 2332 1571 2377 extractum
1618 2338 1647 2376 a
1693 2322 1796 2377 llu-

212 2414 362 2468 mine
391 2414 680 2481 scpttltttim
706 2413 1010 2467 mandatum
1042 2422 1142 2467 est.
1164 2413 1267 2469 Sed
1290 2414 1424 2467 dum
1454 2414 1797 2469 necessitates

217 2503 421 2560 funeris
450 2516 785 2573 pararentur,
815 2516 865 2559 et
899 2506 1234 2572 ignoraretur
1258 2506 1377 2574 quis
1402 2516 1548 2560 esset
1572 2520 1603 2561 e
1630 2521 1796 2576 popu-

212 2596 284 2660 lo,
319 2600 615 2661 prrrsertim
659 2610 777 2649 cum
827 2604 989 2663 caput
1028 2597 1254 2650 truncati
1299 2612 1405 2649 non
1446 2598 1795 2665 inveniretur,

211 2690 393 2742 subito
436 2689 731 2742 adveniens
761 2689 936 2755 aquila
968 2689 1161 2742 levavit
1185 2690 1393 2744 culeum
1434 2705 1463 2743 a
1505 2691 1667 2744 fundo
1698 2691 1797 2746 fiu-

210 2780 395 2843 minis,
419 2788 473 2833 et
492 2784 631 2845 «ripre
662 2778 940 2846 deposuit:
969 2780 1401 2849 adttiirantcsqtte
1427 2782 1515 2850 qui
1545 2781 1792 2849 aderant,

209 2869 551 2937 apprehenso
577 2870 763 2933 culeo,
791 2870 915 2922 dum
959 2870 1180 2924 sollicite
1210 2871 1337 2940 quid
1368 2872 1670 2927 contineret
1712 2874 1796 2928 in-

208 2962 453 3030 quirunt,
484 2971 645 3028 caput
677 2962 903 3015 truncati
933 2964 1222 3031 reperiunt,
1248 2973 1302 3017 et
1322 2963 1399 3016 sic
1425 2980 1545 3017 cum
1578 2965 1796 3033 reliquis

215 3050 446 3103 artubus
474 3060 556 3103 est
585 3048 874 3118 Sejiultum.
902 3050 1031 3104 Nam
1066 3053 1239 3106 ferunt
1268 3050 1406 3106 nunc
1435 3061 1490 3107 et
1518 3054 1692 3109 lumen
1719 3052 1800 3110 ibi

208 3142 465 3195 divinitus
493 3156 751 3209 apparere
781 3159 793 3194 :
823 3153 875 3196 et
904 3143 948 3195 si
1000 3142 1240 3196 infirmus
1269 3144 1331 3197 ad
1365 3145 1503 3199 hunc
1534 3147 1792 3201 tumulum

208 3234 441 3288 fideliter
463 3233 777 3300 deprecatus
809 3234 995 3301 fuerit,
1023 3244 1237 3303 accepta
1281 3236 1539 3303 sospitate
1568 3238 1791 3294 recedit.

282 3323 570 3378 XXXVIII.
598 3325 931 3379 Theodosius
958 3324 984 3364 ιι
1025 3326 1348 3381 Rutenorum
1379 3330 1680 3399 episcopus,
1702 3332 1793 3400 qui
1820 3316 1869 3380 C

209 3424 401 3469 sancto
433 3416 694 3469 Dalmatio
732 3416 893 3488 315
932 3427 1284 3481 successerat,
1314 3418 1455 3475 diem
1497 3420 1628 3475 obiit
1675 3439 1690 3477 :
1742 3425 1793 3476 in

206 3523 313 3575 qua
345 3507 570 3561 ecclesia
605 3507 867 3561 intantum
899 3523 995 3577 pro
1026 3507 1335 3577 episc0patu
1377 3509 1701 3566 intentiones
1741 3522 1797 3566 et

206 3598 463 3653 scandala
492 3610 605 3651 orta
638 3599 1040 3662 convaluerunt,
1076 3610 1128 3654 ut
1172 3615 1305 3668 pene
1348 3603 1514 3657 sacris
1558 3603 1798 3658 ministec

206 3690 415 3743 riorum
444 3689 585 3742 vasis
624 3700 678 3743 et
720 3690 866 3743 omni
916 3690 1165 3744 facultate
1206 3692 1414 3746 meliori
1457 3694 1792 3749 nudaretur:

204 3792 585 3837 verumtamen
615 3783 993 3836 Transohadus
1026 3783 1305 3853 presbyter
1335 3784 1591 3854 rejicitur,
1618 3794 1672 3839 et
1704 3784 1794 3838 In-

205 3874 498 3928 nocentius
526 3885 547 3912 ε
584 3874 1017 3930 Gabalitauorum
1050 3890 1230 3929 comes
1257 3877 1470 3945 eligitur
1495 3878 1560 3930 ad
1589 3880 1797 3944 episco-

213 3977 438 4035 patum,
469 3968 765 4035 0pitulante
797 3968 1133 4022 Brunichilde
1164 3970 1365 4037 regina.
1391 3969 1497 4023 Sed
1523 3982 1800 4040 assumpto

206 4058 569 4126 episcopatu,
615 4058 894 4113 confestim
940 4057 1242 4113 Ursicinum
1288 4059 1601 4115 Cadurcinre
1649 4062 1797 4117 urbis

207 4149 531 4217 episcOpum
582 4148 845 4203 lacessere
890 4150 1083 4217 cmpit,
1116 4149 1489 4220 dicens,quia
1538 4151 1801 4207 ditnceses

213 4238 448 4293 Itutena:
478 4239 727 4294 Ecclesia:
754 4238 961 4293 debitas
988 4240 1262 4294 retineret.
1291 4239 1441 4296 Unde
1469 4242 1662 4297 factum
1693 4253 1798 4309 est,

210 4339 277 4384 ut
308 4330 563 4385 diuturna
594 4330 893 4385 intentione
922 4330 1214 4399 gliscente,
1246 4342 1363 4400 post
1391 4333 1593 4402 aliquot
1629 4349 1801 4391 annos

208 4419 541 4489 conjunctus
562 4420 876 4487 metr0polis
896 4418 921 4456 ἀ
945 4435 1064 4475 cum
1094 4421 1203 4474 suis
1227 4420 1639 4490 provincialibus
1658 4423 1799 4492 apud

285 4565 315 4593 ι
353 4555 463 4610 Hoc
491 4565 647 4624 caput
674 4555 823 4609 deest
852 4557 901 4609 in
932 4556 1069 4609 ναι..
1100 4556 1260 4611 Curb.
1284 4566 1337 4609 et
1364 4556 1513 4611 Colb.
1539 4573 1591 4614 a.
1612 4558 1666 4613 S.
1698 4558 1802 4613 Lu-

208 4628 391 4696 pentii
420 4641 606 4694 corpus
638 4627 983 4679 Catalaunum‘
1013 4627 1171 4680 allato
1200 4650 1205 4659 -
1235 4667 1251 4691 ,
1278 4627 1330 4679 in
1359 4628 1585 4682 ecclesia
1615 4630 1801 4686 cathe-

204 4697 356 4751 ιιι-³Ιί
395 4708 660 4750 servatum
687 4706 769 4749 est
797 4710 964 4765 usque
987 4698 1051 4749 ad
1078 4712 1273 4750 annum
1309 4698 1467 4761 1667,
1493 4713 1597 4765 quo
1626 4703 1799 4754 eccle-

208 4770 295 4822 sia
326 4766 553 4821 fulmine
572 4767 661 4819 die
684 4766 748 4820 I9
768 4766 1002 4837 Januarii
1025 4768 1124 4819 icta
1150 4767 1517 4834 conflagravit.
1534 4768 1799 4837 simulque

204 4852 392 4892 sacrae
415 4837 798 4905 reliqui:c,qu:e
824 4836 892 4891 ibi
920 4837 1287 4899 servabantur,
1304 4846 1631 4906 consumpta:
1652 4849 1795 4893 sunt.

206 4910 357 4973 Qum
388 4922 511 4959 vero
542 4908 939 4974 superfuerunt,
963 4921 1085 4959 o<sa
1106 4907 1310 4959 scilicet
1336 4909 1610 4971 semiusta,
1639 4918 1694 4962 et
1722 4909 1799 4963 ci-

208 4992 409 5039 neres,
430 4992 455 5029 ε
476 4978 580 5029 mul
610 4989 854 5044 congesta
886 4978 937 5029 in
969 4977 1117 5029 theca
1144 4989 1486 5030 asservantur
1514 4991 1658 5032 retro
1690 4996 1801 5031 ma-

202 5050 303 5119 jus
337 5048 530 5119 altare.
559 5047 772 5119 Festum
806 5046 945 5119 beaii
983 5046 1222 5119 Lupentii
1255 5047 1450 5119 ibidem
1478 5047 1567 5119 die
1598 5065 1645 5101 xi
1678 5048 1797 5107 Kal.

204 5116 539 5174 Novembris
567 5118 776 5179 colitur,
801 5118 1098 5182 dEciturque
1130 5117 1285 5184 Vulgo
1308 5118 1438 5171 saint
1468 5116 1713 5172 Louvent.

282 5188 315 5226 ι’
348 5186 535 5253 Neque
562 5189 662 5241 hoc
689 5200 839 5249 caput
869 5194 1040 5240 ex~tat
1066 5185 1116 5239 in
1143 5187 1327 5244 Corb.,
1354 5188 1465 5239 \‘at.
1494 5197 1547 5240 et
1572 5189 1724 5241 Colb.
1747 5204 1799 5243 a.

212 5261 295 5313 De
332 5258 403 5311 S.
432 5256 711 5321 Dalmatia,
740 5258 973 5310 Theodo
995 5257 1027 5309 ii
1060 5258 1121 5309 eli
1147 5259 1321 5311 ctioae
1351 5268 1403 5309 et
1431 5256 1797 5325 Transohado,

199 5329 335 5383 vide
370 5342 530 5390 supra
580 5329 672 5381 lib.
700 5343 747 5391 ι’,
796 5343 912 5395 cap.
957 5328 1046 5381 47.
1089 5327 1465 5380 Transoliadus
1507 5328 1700 5380 dicitur
1748 5328 1800 5380 in

198 5400 374 5456 Calh.
409 5413 496 5466 im.
530 5399 911 5463 Trusobalaus;
962 5399 1011 5451 in
1066 5397 1275 5466 lingun,
1318 5398 1698 5463 Teucobaldus;
1746 5400 1799 5452 ιιι

197 5473 361 5533 aliis,
398 5465 745 5521 Trasobadus.

274 5551 303 5580 ε
344 5540 404 5591 Is
436 5539 567 5606 ipse,
591 5540 659 5593 de
688 5553 793 5607 quo
821 5553 940 5606 cap.
966 5537 1195 5607 prteced.
1222 5548 1272 5591 et
1303 5536 1396 5592 lib.
1421 5552 1472 5600 χ,
1497 5551 1615 5604 cap.
1638 5536 1691 5591 8.

267 5607 303 5649 δ
341 5609 445 5665 Sic
468 5610 618 5662 Colb.
650 5606 723 5661 ηιξ
752 5618 807 5663 et
836 5606 1047 5675 Regm.,
1079 5623 1195 5676 quae
1234 5618 1313 5660 est
1358 5608 1562 5661 sincera
1615 5606 1791 5660 lectio.
1834 5650 1841 5655 .

195 5683 277 5736 Ita
333 5679 491 5734 enim
541 5679 824 5747 Gregorius
853 5690 906 5731 et
934 5680 1019 5730 alii
1052 5692 1298 5731 anetores
1324 5676 1440 5746 ejus
1472 5680 1567 5730 aevi
1601 5677 1798 5731 habent

195 5769 301 5817 pro
334 5751 787 5813 Mr'170})0ffl(llfll8.
823 5749 949 5800 Vide
980 5747 1145 5802 Cone.
1182 5748 1350 5799 l’aris.
1386 5764 1439 5800 Ill
1459 5788 1474 5811 ,
1506 5764 1621 5801 can.
1650 5751 1714 5807 8,
1746 5757 1800 5801 et

190 5819 462 5880 Ilarculfl
495 5818 764 5872 formulas.
791 5820 942 5873 Unde
973 5820 1110 5871 male
1132 5820 1267 5882 apnzl
1299 5820 1494 5871 Chesn.
1520 5831 1571 5870 et
1599 5819 1800 5883 aliquot

190 5897 348 5949 alios
380 5888 557 5943 ed.st
578 5931 593 5950 ,
626 5890 1055 5954 meiropolitauis;
1090 5890 1278 5944 melius
1311 5890 1583 5952 nonnulli,
1617 5898 1801 5942 metro-

1904 2062 1998 2116 Est
2026 2060 2166 2115 enim
2199 2060 2279 2113 vir
2307 2059 2459 2112 valde
2491 2059 2717 2122 nobilis,
2744 2066 2797 2110 et
2823 2058 2888 2111 de
2920 2056 3103 2125 primis
3134 2055 3473 2109 senatoribus

1903 2152 2216 2217 Galliarum,
2240 2154 2291 2205 in
2320 2151 2508 2206 litteris
2531 2153 2665 2206 bene
2694 2151 2933 2205 eruditus
2962 2150 3261 2213 rhetoricis,
3290 2150 3338 2201 in
3363 2164 3473 2201 mc.-

1902 2245 2050 2299 tricis
2067 2258 2196 2297 vero
2218 2244 2422 2296 artibus
2446 2242 2573 2295 nulli
2598 2242 2882 2296 secundus.
2902 2242 2997 2294 llic
3017 2241 3277 2310 synodum
3303 2240 3475 2305 illam,

1901 2334 2053 2400 cujus
2096 2348 2259 2401 supra
2304 2331 2671 2397 meminimus,
2709 2346 2806 2401 pro
2849 2329 3115 2400 parocbiis
3157 2327 3473 2384 Cadurcinis

1904 2424 2017 2478 fieri
2048 2424 2399 2476 commonu't.

1972 2513 2084 2568 XL.
2114 2513 2341 2583 Legatus
2363 2528 2510 2579 vero,
2527 2512 2723 2581 Oppila
2742 2511 2974 2575 nomine,
2993 2508 3063 2564 de
3091 2508 3359 2575 Hispaniis
3379 2508 3473 2561 ad-

1901 2607 2069 2669 venit,
2096 2604 2260 2658 multa
2295 2619 2519 2658 munera
2549 2604 2709 2675 316
2738 2601 3040 2671 Chilperico
3068 2602 3174 2667 regi
3201 2600 3477 2655 deferens.

1899 2694 2145 2749 Timebat
2166 2695 2307 2747 enim
2331 2708 2426 2749 rex
2450 2692 2827 2761 Hispanorum,
2843 2708 2908 2744 ne
2932 2688 3298 2743 Childebertus
3318 2703 3472 2742 excr-

1899 2786 2065 2839 citnm
2095 2784 2162 2838 ad
2193 2783 2550 2838 ulciscendam
2580 2782 2781 2837 sororis
2808 2796 2918 2835 sua!
2948 2780 3193 2847 iniuriam
3230 2793 3473 2832 commo-
3504 2822 3505 2825 η

1899 2883 2051 2930 veret
2081 2892 2093 2926 :
2129 2876 2249 2943 quia
2282 2873 2653 2928 Leuvichildus
2695 2871 3083 2939 apprehensum
3117 2868 3281 2922 filium
3313 2882 3469 2923 suum

1901 2966 2392 3035 Hermenegildum,
2411 2967 2494 3034 qui
2520 2979 2759 3019 sort-rem
2778 2973 2803 3011 ιι
2822 2962 3145 3017 Childeberti
3168 2968 3476 3030 acceperat,

1899 3067 2189 3114 retruscrat
2216 3058 2267 3112 in
2296 3056 2611 3117 custoaiam.
2636 3055 2759 3121 ipsa.
2776 3054 2994 3107 muliere
3018 3067 3137 3106 cum
3164 3050 3365 3105 Grzecis
3387 3064 3477 3105 rc-

1900 3150 2043 3205 licta.
2063 3151 2226 3219 Igitur
2246 3164 2362 3203 cum
2395 3149 2482 3202 die
2507 3159 2692 3202 sancto
2714 3146 2931 3200 Pascha:
2961 3143 3047 3197 hic
3076 3144 3282 3212 legatus
3300 3142 3469 3196 1‘nro~

1900 3243 1983 3297 nis
2026 3242 2356 3303 advenisset,
2379 3238 2635 3295 sciscitati
2667 3250 2881 3299 sumus,
2911 3245 3084 3289 utrum
3118 3246 3314 3291 nostra:
3342 3235 3473 3289 reli-

1899 3333 2071 3402 gionis
2117 3342 2278 3387 esset.
2316 3330 2607 3397 Respondit
2654 3329 2769 3397 ipso
2814 3342 2874 3383 se
2919 3327 3020 3382 hoc
3062 3326 3283 3382 credere
3326 3325 3477 3395 quod

1898 3422 2147 3477 catholici
2191 3420 2437 3476 credunt.
2483 3418 2687 3473 Exinde
2733 3418 3030 3487 procedens
3077 3418 3352 3472 nobiscum
3400 3416 3466 3471 ad

1897 3512 2213 3573 ecclesiam,
2262 3511 2535 3565 Missarum
2590 3508 2867 3564 solemnia.
2895 3507 3095 3572 tenuit;
3145 3508 3237 3562 sed
3294 3523 3475 3574 neque
3553 3526 3559 3532 ·

1900 3617 2081 3671 pacem
2110 3617 2230 3657 cum
2262 3602 2456 3656 nostris
2490 3600 2631 3664 fecit,
2685 3615 2857 3669 neque
2896 3600 2962 3654 de
3012 3599 3286 3653 sacrificiis
3317 3611 3470 3653 com-

1899 3692 2187 3746 municaa'it
2232 3691 2281 3744 ιι.
2334 3690 2719 3761 Cognitumque
2787 3702 2869 3745 est
2942 3690 3275 3745 mendacium
3349 3705 3477 3744 esse

1898 3781 2040 3849 quod
2098 3780 2304 3834 dixerat
2346 3794 2405 3834 se
2448 3794 2569 3835 esse
2614 3778 2958 3834 catholicum.
3006 3779 3362 3834 Nihilominus
3400 3785 3467 3835 ad

1899 3871 2198 3926 convivium
2265 3871 2516 3926 invitatus
2585 3872 2773 3925 adfuit.
2829 3868 3070 3939 Cumque
3114 3885 3214 3939 ego
3267 3870 3472 3924 solliei-

1901 3975 1984 4018 tus
2043 3965 2365 4032 requirerem
2412 3964 2536 4031 quid
2601 3964 2862 4026 crederet,
2916 3963 3247 4032 respondit:
3297 3962 3471 4018 Credo

1900 4056 2109 4111 Patrem
2157 4064 2212 4109 et
2250 4055 2439 4109 Filium
2481 4065 2534 4109 et
2573 4054 2827 4123 Spiritum
2867 4064 3125 4109 sanctum
3159 4054 3315 4109 unius
3352 4068 3474 4109 esse

1900 4150 2130 4202 virtutis.
2155 4147 2248 4199 (‘ui
2275 4160 2375 4215 ego
2400 4147 2648 4212 respondi
2675 4163 2687 4198 :
2716 4146 2773 4202 Si
2807 4147 2939 4212 luee,
2958 4158 3011 4200 ut
3037 4147 3471 4209 asseris,credis.

1902 4255 2020 4309 quae
2050 4236 2256 4293 obstitit
2282 4250 2441 4291 causa
2472 4247 2527 4290 ut
2556 4236 2624 4290 de
2663 4237 2969 4299 sacrificiis,
2994 4251 3115 4305 qua:
3146 4234 3257 4291 Deo
3291 4234 3470 4290 oleri~

1902 4344 2052 4394 mus,
2074 4326 2474 4383 communicare
2500 4324 2779 4380 differres?
2811 4324 2877 4379 Et
2904 4325 2995 4380 ille
3028 4343 3041 4379 :
3073 4326 3239 4394 Quia,
3266 4326 3469 4395 inquit,
3557 4366 3564 4373 .

1902 4420 2138 4477 Gloriam
2189 4433 2291 4474 non
2336 4422 2480 4473 recte
2524 4415 2886 4485 respondetis;
2919 4431 3039 4470 nam
3065 4414 3223 4486 juxta
3246 4416 3470 4471 Paulum

1905 4557 2181 4625 ριιιὶιηηιιε.
2202 4551 2252 4606 Is
2279 4562 2392 4609 erat
2413 4549 2677 4625 Sulpicius
2697 4549 2947 4625 Severus,
2967 4562 3034 4603 ex
3064 4564 3181 4625 cap.
3206 4540 3469 4625 sequenti,

1905 4618 1971 4680 de
1994 4642 2097 4695 quo
2124 4625 2216 4678 lib.
2253 4640 2285 4695 x7
2307 4664 2326 4695 ,
2349 4638 2469 4691 cap.
2492 4619 2581 4675 26.
2609 4618 2880 4695 Parochiir
2913 4620 3158 4695 vero,_de
3186 4622 3379 4695 quibus
3408 4623 3470 4676 lis

1826 4687 1878 4745 Β
1906 4687 2245 4755 movebatur,
2276 4694 2381 4747 illae
2416 4687 2610 4756 erant,
2640 4699 2697 4743 ut
2722 4691 3019 4758 suspicatur
3047 4687 3319 4756 Valesius,
3350 4707 3471 4759 qua!

1903 4764 2181 4819 Arisitensi
2227 4763 2554 4830 episcopatui
2602 4760 2868 4815 attributa:
2916 4759 3143 4823 fuerant,
3172 4762 3240 4814 de
3278 4760 3471 4829 quibus

1900 4850 2056 4901 supra
2088 4835 2177 4887 Ιιὶ).
2204 4848 2252 4897 ν,
2280 4846 2396 4897 cap.
2414 4831 2473 4903 κδ.

1976 4896 1999 4942 ξ
2033 4905 2193 4958 Deest
2221 4896 2379 4956 etiam
2409 4902 2506 4955 hoc
2534 4908 2695 4967 caput
2719 4900 2768 4954 in
2798 4897 2985 4960 Corb.,
3012 4896 3129 4950 Vat.
3157 4906 3211 4952 et
3234 4898 3386 4952 Colb.
3414 4914 3465 4953 a.

1905 4974 2045 5030 Idem
2076 4974 2295 5027 antistes
2319 4974 2417 5025 sub
2446 4971 2670 5024 Remedii
2699 4971 2913 5022 nomine
2942 4967 3256 5033 subscripsit
3276 4969 3469 5023 Conci-

1902 5047 1974 5099 lio
2005 5046 2203 5099 Mzitisc.
2239 5058 2288 5106 ι,
2318 5057 2456 5094 anno
2489 5041 2610 5092 53L
2644 5039 2765 5105 Ejus
2802 5048 2856 5091 et
2885 5036 3212 5091 successoris
3239 5039 3321 5091 sui
3355 5039 3468 5095 Vita

1905 5116 2130 5168 habetur
2176 5115 2226 5166 in
2278 5110 2602 5163 l’atriarcltio
2651 5108 2993 5168 Bituriceusi.
3021 5122 3139 5175 cap.
3172 5107 3239 5161 26
3278 5120 3332 5164 et
3374 5108 3464 5173 27,

1904 5195 2047 5237 tonio
2077 5184 2115 5236 Il
2150 5181 2398 5236 BibliOtlt.
2424 5193 2572 5231 nova:
2603 5175 2822 5230 L-ibbei.

1979 5252 1997 5290 ί
2034 5251 2238 5321 Ibique,
2262 5262 2390 5309 etc..
2418 5260 2591 5321 usque
2611 5247 2688 5321 ad
2704 5248 2989 5321 perierunt,
3016 5246 3219 5302 desunt
3237 5247 3289 5302 in
3316 5248 3479 5318 Coll),

1904 5339 1978 5377 m.
2004 5325 2069 5375 At
2092 5317 2213 5374 Cas.
2243 5322 2399 5372 habet
2422 5317 2688 5370 hostilitati
2714 5319 3017 5370 restiterant.

1894 5422 1904 5430 -
1974 5403 1999 5441 ε
2034 5390 2320 5461 luguudem
2347 5386 2597 5461 Sigiherti
2629 5387 2814 5439 filiam.

1974 5462 2000 5500 h
2032 5453 2266 5517 Observa
2292 5453 2526 5511 nomium
2557 5459 2824 5531 hominem
2846 5497 2859 5516 ,
2892 5457 2978 5524 qui
3018 5470 3139 5510 cum
3180 5453 3347 5531 sacris
3382 5453 3469 5531 in-

1906 5532 2196 5595 terfuisset,
2230 5532 2293 5584 iis
2324 5543 2427 5581 non
2460 5528 2882 5595 participaverat,
2912 5523 3010 5582 nec
3039 5540 3217 5592 pacem
3251 5526 3316 5575 ab
3346 5523 3473 5576 aliis

1906 5604 2146 5658 fidelibus
2175 5608 2469 5667 acet-perat.
2496 5598 2682 5651 Missas
2707 5611 2881 5650 autem
2910 5606 3109 5656 tenere,
3130 5595 3266 5667 idem
3281 5602 3377 5667 est
3405 5608 3474 5645 ac

1905 5674 2033 5743 ipsis
2077 5662 2356 5743 interesse.
2397 5684 2460 5743 ex
2511 5668 2723 5743 can._47
2776 5667 2980 5720 Concil.
3010 5662 3345 5743 Agatheusis,
3379 5672 3471 5714 aut

1905 5734 2070 5807 certe,
2094 5744 2135 5795 si
2168 5742 2235 5795 de
2262 5740 2538 5793 sacerdote
2567 5736 2819 5807 habeatur
2840 5749 3037 5796 sermo,
3060 5734 3479 5807 cascelebrare,

1906 5826 1963 5867 ut
2015 5801 2067 5867 iri
2098 5812 2312 5879 .Iiegula
2363 5808 2421 5879 S.
2545 5805 2975 5879 liettedicti,_cap.
3132 5801 3267 5860 Vide
3306 5802 3471 5859 Curti.

1911 5889 2077 5947 Bona,
2098 5885 2168 5937 lib
2194 5872 2232 5934 ἰ
2252 5882 2376 5934 lter.
2408 5877 2812 5945 Liturgic.,cap.
2838 5872 2892 5933 '2,
2917 5888 2970 5925 u.
2994 5877 3051 5926 ti.
