3966 6348
509 462 611 516 ill?

1486 460 1539 515 3.
1582 458 1901 516 σιιιςδυιιιι
1945 452 2251 515 ΕΡΙΒΩΟΡΙ
2287 458 2714 515 TCRUNENSIS

3652 448 3755 508 ωε

502 578 802 645 aposlo'lttm
822 576 1164 631 nosdicimus
1192 596 1202 628 :
1233 572 1409 630 Gloria
1436 577 1544 631 Deo
1565 578 1701 630 Patri
1727 592 1821 647 per
1844 575 2069 641 Filium;
2103 575 2150 633 Α
2178 577 2379 644 Spiritu
2412 585 2619 643 sancto,
2652 576 2753 631 sub
2782 574 2999 629 Joannis
3036 588 3193 628 manu
3242 573 3619 643 baptizaretur.
3655 573 3761 631 Hie

504 683 598 724 ros
645 676 825 723 autem
860 668 1038 724 dicitis
1080 685 1092 721 :
1138 667 1315 722 Gloria
1348 668 1489 723 Patri
1520 679 1573 724 et
1605 670 1740 724 Filio
1769 678 1823 724 et
1853 670 2075 739 Spiritui

504 770 720 824 sancto;
763 774 886 815 cum
932 758 1183 815 doctores
1211 762 1555 815 ecclesiarum
1583 762 1807 817 doceant
1828 805 1840 823 ,
1868 762 2078 817 Patrem

506 864 603 918 [er
642 850 835 917 Filium
878 854 1179 907 nuntiatum
1219 852 1387 909 fuisse
1433 857 1484 907 in
1532 856 1750 918 mundo,
1783 857 1919 910 sicut
1967 857 2080 922 ipse

507 930 705 995 Patllus
734 944 809 996 ait
836 959 851 996 :
888 942 1015 1016 Regi
1042 957 1213 997 autem
1242 946 1543 998 oraculorum
1574 946 1874 1011 inmortali,
1905 947 2078 1000 inrisi-

506 1030 619 1096 bt'li,
641 1032 736 1083 soli
762 1030 869 1085 Deo
895 1031 1059 1087 honor
1081 1043 1125 1087 et
1154 1036 1321 1103 gloria
1349 1038 1399 1086 in
1431 1038 1618 1088 strcula
1649 1036 1971 1102 swculorum,
1994 1052 2083 1102 per

506 1116 682 1172 losum
713 1119 970 1175 Christum
1002 1121 1273 1177 Dominum
1304 1132 1531 1178 nostrum
1560 1122 1609 1192 (I
1647 1123 1781 1178 Tim.
1815 1139 1853 1191 t,
1881 1126 1987 1192 l7).
2020 1126 2082 1178 Et

507 1222 613 1276 ego
631 1209 881 1278 respondi
915 1223 931 1262 :
965 1211 1178 1265 Patrem
1206 1225 1303 1281 per
1330 1212 1523 1267 Filium
1553 1214 1922 1268 annuntiatum
1953 1214 2083 1268 nulli

509 1300 777 1355 catholico
804 1315 925 1359 ate
954 1299 1281 1372 incognitum
1326 1319 1475 1372 reor;
1520 1307 1613 1361 sed
1659 1308 1737 1363 sic
1781 1306 2085 1375 prmdicavit

510 1389 721 1451 Patren
767 1395 822 1447 In
872 1395 1096 1458 saeclo,
1141 1405 1199 1450 ut
1246 1408 1299 1453 et
1343 1412 1407 1454 se
1448 1378 1733 1454 viriutibus
1774 1400 2083 1455 ostenderet

510 1478 700 1535 Deum.
730 1481 837 1537 Duo
884 1495 1062 1539 autem
1103 1486 1242 1542 Patri
1291 1488 1407 1544 lucc
1451 1491 1739 1546 necessitas
1767 1491 1865 1546 fuit
1896 1491 2084 1545 Filium

510 1572 753 1629 mittendi
801 1573 872 1630 ad
916 1578 1104 1644 terras,
1137 1590 1189 1633 ιιι
1234 1580 1542 1637 ostenderet
1591 1582 1757 1637 Deum
1803 1598 1818 1637 :
1866 1592 1922 1637 ut
1964 1584 2084 1652 quia

510 1663 739 1718 mundus
764 1666 1096 1734 patriarehis,
1119 1678 1170 1721 et
1202 1670 1492 1739 prophetis,
1512 1679 1674 1740 atque
1699 1672 1796 1738 ipsi
1826 1671 1980 1726 latori
2013 1672 2087 1727 le-

509 1753 591 1821 gis
618 1769 733 1811 non
745 1756 1068 1823 crediderat,
1087 1758 1275 1815 saltem
1300 1761 1384 1816 vel
1416 1762 1552 1817 Filio
1570 1763 1836 1820 crederet.
1857 1763 2087 1833 Ideoque

510 1855 728 1900 necesse
755 1856 838 1900 est
856 1891 870 1913 ,
904 1858 959 1901 ut
991 1848 1099 1909 sub
1119 1849 1509 1920 signiﬁcatione
1537 1866 1891 1921 personarum
1921 1854 2081 1925 317

2177 679 2271 731 est,
2296 671 2387 737 ait,
2415 668 2462 721 F
2466 671 2581 724 ilius
2611 687 2752 724 meus
2796 668 3033 734 dilectus,
3065 669 3116 722 in
3156 684 3258 738 quo
3303 668 3425 722 bene
3468 670 3763 739 complacui

2180 756 2370 825 (Matth
2431 772 2553 821 nu,
2585 756 2662 827 5).
2690 759 2847 818 Certe
2891 758 2934 811 si
2983 756 3242 825 oppilatas
3292 756 3455 811 habes
3496 773 3674 823 aures,
3704 770 3762 813 ut

2184 849 2283 901 ista
2314 864 2418 903 non
2449 851 2652 913 audias,
2679 849 2839 904 crede
2870 851 3121 919 apostolis
3148 849 3273 917 quid
3305 850 3466 922 318
3498 852 3548 904 in
3580 864 3769 906 monte

2184 938 2470 1000 audierint,
2495 954 2614 993 cum
2646 939 3023 1007 trmliguratus
3046 937 3202 994 Jesus
3234 940 3284 993 in
3314 942 3478 1009 gloria
3512 942 3765 1011 loquere-

2185 1037 2269 1083 tur
2294 1042 2414 1084 cum
2462 1032 2640 1101 Moyse
2669 1042 2721 1085 et
2755 1032 2921 1086 llelia.
2958 1030 3158 1100 Nempe
3202 1032 3267 1086 de
3315 1033 3453 1088 nube
3485 1035 3767 1102 splendida

2185 1121 2342 1174 Pater
2367 1121 2443 1173 ait
2470 1137 2484 1175 :
2519 1121 2620 1174 llic
2646 1132 2717 1175 est
2747 1121 2791 1174 Γ
2792 1123 2913 1176 ilius
2944 1139 3081 1176 meus
3108 1122 3457 1188 charissimus,
3478 1124 3643 1190 ipsum
3670 1143 3769 1176 uu-

2185 1212 2288 1267 dite
2320 1212 2406 1281 (Il
2434 1211 2545 1267 Pet.
2580 1228 2614 1275 l,
2646 1212 2751 1285 ιτ).
2780 1213 2857 1268 Ad
2884 1215 2998 1269 haec
3028 1213 3312 1269 hrcreticus
3338 1216 3610 1284 respondit
3636 1234 3649 1268 :
3674 1217 3766 1270 Ni-

2188 1304 2262 1357 hil
2294 1304 2346 1358 in
2379 1303 2461 1358 his
2492 1307 2813 1359 testimoniis
2847 1307 3005 1360 Pater
3032 1307 3100 1361 tle
3136 1306 3300 1376 gloria
3345 1306 3579 1375 loquitur
3609 1307 3765 1374 Filii,

2187 1394 2287 1449 nisi
2315 1404 2518 1448 tantum
2551 1396 2720 1462 ipsum
2747 1395 2939 1450 Fil'um
2973 1406 3251 1451 monstrat.
3280 1395 3336 1450 Et
3362 1410 3462 1466 ego
3493 1414 3507 1451 :
3536 1398 3591 1452 Si
3619 1398 3767 1452 enim

2188 1485 2289 1540 ista
2319 1486 2399 1541 sic
2429 1486 2657 1555 recipis,
2687 1486 2956 1556 proferam
2988 1488 3079 1543 tibi
3110 1488 3254 1542 aliud
3284 1488 3683 1555 testimonium,
3714 1490 3769 1543 in

2186 1589 2295 1645 quo
2319 1576 2474 1632 Pater
2496 1577 2725 1633 reddidit
2750 1577 2941 1633 Filium
2974 1578 3285 1649 gloriosum.
3309 1578 3565 1635 Veniente
3585 1590 3766 1635 autem

2190 1666 2416 1723 Domino
2444 1668 2510 1723 ad
2542 1669 2863 1737 passionem,
2882 1684 3004 1723 cum
3036 1669 3126 1725 ille
3151 1669 3220 1724 di«
3240 1678 3390 1724 cret:
3429 1669 3583 1724 Pater
3609 1671 3769 1740 glori-

2190 1760 2289 1826 ﬁca
2316 1760 2511 1815 Filium
2541 1772 2711 1827 tuum,
2746 1773 2801 1816 ut
2834 1761 3002 1816 Filius
3028 1771 3145 1817 tuus
3175 1763 3467 1833 gloriﬁcetd
3500 1774 3547 1817 te
3582 1762 3765 1832 (Joan.

2191 1866 2323 1919 xvu,
2342 1851 2428 1919 1),
2452 1852 2578 1922 quid
2604 1854 2651 1907 ei
2679 1852 2839 1909 Pater
2858 1853 3133 1922 respondit
3160 1854 3226 1907 de
3254 1854 3427 1919 εωΙοῖ
3452 1855 3632 1908 Nonne
3653 1857 3725 1909 ait
3752 1873 3769 1911 :

511 1931 676 2002 gloria
704 1932 863 1990 detur
886 1935 1013 1991 Deo.
1042 1939 1273 1997 Dicimus
1298 1955 1464 2012 ergo:
1492 1940 1671 1996 Gloria
1704 1943 1810 1998 Deo
1835 1943 1974 1997 Patri
1996 1945 2085 2013 qui
2120 1933 2163 1993 Β
2195 1941 2258 1995 Et
2307 1943 2611 2013 glori/iram,
2642 1952 2689 1996 et
2734 1944 2918 1997 iterum
2962 1944 3257 2014 gloriﬁcabo
3304 1943 3481 2013 (Joou.
3515 1960 3609 2005 ιιι,
3638 1946 3772 2015 Ε’«Ἧ

512 2021 657 2077 misit
689 2023 879 2081 Fil'um
906 2042 923 2093 ;
950 2028 1121 2097 gloria
1152 2026 1262 2083 Deo
1292 2031 1445 2097 Filio,
1474 2033 1561 2101 qui
1592 2035 1848 2102 sanguine
1877 2050 1977 2089 suo
2004 2050 2087 2090 κιθ-
2143 2035 2147 2040 ’

512 2111 680 2166 tle—Tt
710 2117 1001 2183 mundum;
1030 2119 1198 2187 gloria
1232 2121 1340 2176 Deo
1366 2123 1589 2191 Spiritui
1619 2137 1827 2191 sancto,
1851 2128 1938 2195 qui
1969 2143 2090 2180 sau-

512 2205 706 2261 etillcat
738 2207 1007 2263 hmuiuem
1032 2211 1143 2275 jam
1171 2213 1526 2283 redemptum.
1552 2215 1681 2270 Nam
1715 2225 1770 2271 tu
1799 2221 1885 2287 qui
1916 2219 2050 2273 dicis
2070 2260 2088 2287 ,

513 2294 691 2349 Gloria
724 2296 864 2351 Patri
899 2314 994 2367 per
1021 2300 1247 2367 Filium,
1276 2302 1468 2359 adimis
1492 2306 1713 2373 gloriam
1744 2309 1907 2376 Filio;
1938 2312 2090 2380 quasi

512 2384 627 2452 ipse
672 2403 773 2441 nou
822 2390 889 2443 sit
932 2391 1195 2459 gloriosus
1241 2384 1361 2449 cum
1415 2396 1592 2464 Pa3re,
1626 2411 1904 2469 propterea
1949 2401 2088 2471 quod

513 2495 635 2535 eum
685 2484 1016 2539 ωιιιικιιὶεινιι
1063 2488 1115 2540 in
1159 2489 1379 2543 mundo.
1410 2491 1698 2558 Nuntiavit,
1733 2503 1790 2548 ut
1833 2495 2086 2560 diximus,

514 2572 682 2630 D'Jius
710 2574 921 2631 Patrem
948 2578 1001 2632 in
1050 2578 1270 2646 mundo,
1305 2582 1397 2637 sed
1424 2584 1572 2637 multi
1600 2600 1702 2639 non
1727 2586 2085 2651 crediderunt,

512 2662 726 2718 dicente
742 2660 947 2720 Joanne
978 2668 1302 2738 evangelista
1327 2686 1342 2724 :
1372 2667 1441 2724 In
1465 2688 1559 2725 sua
1583 2681 1606 2709 ⁸
1634 2676 1843 2744 proprio
1871 2675 2025 2743 venit,
2044 2685 2091 2729 et

512 2752 594 2804 sui
624 2769 736 2807 cum
766 2771 873 2809 non
898 2768 1211 2827 receperunt.
1240 2760 1497 2830 Quotquot
1527 2774 1696 2817 autem
1736 2780 1849 2819 eum
1889 2781 2091 2833 recepe-

512 2851 664 2909 runt,
692 2846 832 2899 dedit
867 2847 942 2901 eis
980 2860 1279 2918 potestatem
1309 2853 1445 2919 ﬁlios
1475 2853 1564 2908 Dei
1594 2855 1740 2923 ﬁeri,
1767 2857 1847 2912 his
1869 2859 1956 2927 qui
1984 2874 2090 2911 crc-

513 2932 643 2987 dtmt
689 2935 744 2988 its
789 2938 993 2992 notitiae
1028 2940 1141 3009 ejus
1188 2939 1364 3011 (locu.
1398 2958 1434 3007 ι,
1469 2944 1558 3009 Η,
1591 2945 1699 3016 12).
1728 2946 1857 3002 Nam
1904 2957 1960 3003 ttt
2000 2950 2090 3019 qui

516 3025 685 3081 Paulo
708 3030 948 3097 τψοιιοιο
968 3031 1214 3102 derogas,
1233 3044 1285 3090 et
1310 3049 1527 3091 sensum
1556 3039 1669 3108 ejus
1691 3055 1791 3093 non
1816 3039 2086 3110 intelligis,

520 3118 735 3188 percipe
757 3133 916 3190 quam
959 3134 1113 3177 caute
1156 3125 1481 3201 loquilurhet
1509 3127 1659 3195 juxta
1687 3129 1794 3196 ΙΑΙ.
1827 3128 1994 3202 iuste}
2036 3140 2092 3187 ut

516 3210 756 3278 recipere
783 3213 902 3281 quis
932 3222 1131 3281 potest,
1158 3216 1375 3272 adverte
1402 3220 1628 3285 qualiter
1660 3222 1903 3286 praedicat
1952 3223 2091 3278 inter

2194 2032 2330 2087 Ecce
2356 2032 2496 2087 enim
2528 2033 2687 2087 Pater
2715 2034 2978 2102 glttrilicat
3005 2050 3123 2087 cum
3152 2036 3359 2103 propria
3394 2051 3540 2100 voce,
3566 2046 3617 2090 et
3640 2047 3693 2090 tu
3720 2038 3771 2090 ei

2193 2123 2415 2189 gloriam
2445 2124 2657 2179 conaris
2686 2124 2962 2179 adimere?
2986 2126 3316 2179 Voluntatem
3349 2127 3559 2195 quidem
3591 2138 3770 2181 osten-

2194 2210 2278 2265 dis
2300 2253 2318 2277 ,
2343 2212 2439 2267 sed
2468 2222 2705 2281 potestas
2738 2213 2877 2268 milla
2906 2213 3158 2282 suppetit.
3182 2216 3309 2268 Nam
3341 2216 3428 2285 qui
3463 2215 3606 2270 Pauli
3635 2231 3769 2285 apu-

2192 2301 2313 2357 stoli
2340 2311 2623 2357 accusator
2641 2304 2846 2370 existis,
2870 2303 2991 2358 audi
3025 2306 3196 2374 ipsum
3250 2308 3360 2361 imo
3401 2304 3666 2361 Christum
3715 2309 3771 2363 in

2193 2393 2310 2461 ipso
2341 2392 2647 2463 loquentem
2683 2408 2696 2446 :
2733 2394 2909 2448 Omnis
2939 2396 3113 2465 lngua
3144 2396 3466 2462 conﬁteatur,
3497 2400 3614 2466 quia
3658 2398 3769 2450 Do-

2191 2484 2361 2538 minus
2387 2484 2538 2538 Iesus
2567 2483 2801 2539 Christus
2832 2485 2881 2539 in
2910 2486 3075 2554 gloria
3103 2496 3174 2539 est
3206 2486 3296 2539 Dei
3327 2485 3500 2539 Patris
3543 2486 3769 2555 (Philip.

2192 2591 2252 2642 tt,
2278 2578 2558 2647 ll).QUod
2589 2577 2635 2632 si
2666 2593 2806 2631 nunc
2836 2579 3130 2641 communis
3152 2587 3235 2632 est
3254 2593 3373 2632 cum
3402 2576 3556 2631 Patre
3576 2580 3768 2646 gloria,

2190 2678 2247 2723 et
2287 2669 2341 2721 in
2383 2669 2495 2739 ipsa
2541 2682 2643 2738 qua
2687 2682 2827 2722 nunc
2870 2669 3023 2723 Pater
3062 2679 3142 2721 est
3182 2667 3343 2737 gloria
3382 2678 3766 2731 commoratur,

2192 2758 2420 2828 qualiter
2443 2774 2565 2815 eum
2594 2768 2646 2812 ιιι
2678 2760 2827 2826 quasi
2858 2759 3137 2826 ing'oriutu
3168 2760 3509 2812 cdmnoras?
3541 2758 3644 2811 Aul
3666 2773 3769 2812 cur

2194 2865 2298 2904 non
2332 2850 2433 2905 erit
2464 2849 2511 2903 ei
2544 2848 2811 2905 rrddeuda
2844 2848 3010 2919 gloria
3042 2851 3177 2903 inter
3210 2851 3449 2903 homines
3473 2892 3486 2916 ,
3516 2849 3605 2919 qui
3651 2851 3769 2917 pari

2190 2940 2357 3009 gloria
2385 2954 2504 2995 cum
2540 2939 2695 2994 Patre
2726 2951 2908 3009 regnat
2956 2940 3006 2993 in
3050 2941 3234 2995 θα·Ιίςῖ
3269 2940 3600 2993 Conﬁtentur
3637 2956 3769 3009 ergo

2192 3032 2461 3089 Christum
2490 3032 2679 3088 Filium
2711 3032 2803 3086 D.i
2836 3032 2999 3087 Deum
3026 3047 3243 3107 rerum;
3255 3029 3483 3099 Ideoque
3508 3032 3626 3101 quia
3652 3031 3767 3085 dei.

2204 3133 2283 3178 tas
2313 3138 2436 3189 una,
2462 3138 2562 3178 una
2593 3124 2694 3178 erit
2721 3132 2774 3178 et
2801 3123 2988 3193 gloria.
3019 3124 3258 3177 Posthzec
3283 3122 3407 3177 dato
3438 3122 3671 3187 silentio,
3700 3122 3765 3176 ab

2193 3214 2541 3270 altercatione
2560 3225 2823 3268 cessatum
2850 3223 2948 3268 est.
2974 3213 3065 3268 Ille
3086 3228 3297 3282 quoque
3317 3213 3381 3267 ad
3403 3210 3764 3281 Chilpericum

515 3311 699 3367 gemes
732 3303 1051 3369 incredulas,
1069 3317 1120 3358 ut
1153 3306 1282 3360 ntuli
1312 3322 1445 3361 Otttts
1475 3324 1636 3377 grave
1659 3312 1899 3367 videatur
1920 3313 2087 3379 impn-
2113 3288 2165 3354 Ο
2196 3318 2375 3370 regem
2406 3304 2701 3364 accedens,
2733 3302 2926 3356 oblatis
2959 3302 3266 3356 muneribus
3297 3318 3416 3371 qua:
3444 3317 3536 3356 rex
3570 3302 3764 3371 llispa-

515 3407 666 3456 uere,
695 3392 828 3447 sicut
859 3410 927 3464 qu
953 3397 1173 3451 busdam
1200 3397 1333 3453 dicit
1362 3416 1375 3453 :
1411 3398 1513 3453 Lac
1542 3399 1567 3440 δ
1597 3404 1735 3457 vobis
1764 3420 1935 3470 pO'tttu
1967 3405 2111 3463 dedi,

516 3500 621 3538 non
654 3497 821 3540 rscam
860 3498 883 3540 ε
920 3490 1143 3541 nondum
1184 3492 1319 3544 enim
1356 3495 1619 3559 poteratis,
1651 3495 1741 3548 sed
1786 3512 1879 3550 nec
1918 3499 2088 3553 adhuc

514 3579 719 3643 quidem
747 3579 952 3646 potestis
980 3579 1030 3645 (1
1064 3578 1183 3633 Cor.
1218 3595 1307 3646 ιιι,
1336 3582 1421 3650 2).
1452 3580 1796 3653 Perfertornm
1824 3597 1895 3640 est
1923 3589 2055 3642 enim

517 3665 713 3717 solidus
750 3666 891 3719 cibus
931 3664 1090 3732 (Ileb.
1124 3682 1173 3732 ν,
1210 3668 1319 3739 Μ).
1351 3670 1455 3725 Sed
1485 3682 1536 3726 et
1562 3674 1678 3727 aliis
1707 3673 1835 3729 dicit
1875 3693 1889 3731 :
1939 3676 2089 3730 Nihil

518 3756 657 3809 rubis
682 3759 982 3824 pedicari,
1014 3760 1111 3813 nisi
1140 3758 1423 3826 Christum,
1454 3772 1501 3815 et
1542 3765 1673 3818 hunc
1702 3767 2004 3834 crucifixum
2035 3767 2089 3836 (I

520 3844 641 3900 Cor.
670 3862 730 3907 tt.
756 3847 839 3916 Ξ).
864 3847 1012 3903 Nunc
1038 3861 1213 3904 autem
1240 3852 1364 3921 quid
1402 3853 1500 3918 vis,
1527 3868 1562 3907 ο
1590 3863 1642 3909 ιιι
1673 3854 1942 3923 heretico,
1966 3862 2087 3926 quia

518 3938 714 4003 Paulus
741 3939 1011 3996 Christum
1043 3949 1244 3997 tantum
1273 3944 1582 3999 crueilisum
1622 3947 1928 4015 prmdicavit
1950 3992 1962 4010 .
1992 3965 2084 4003 ro-

518 4032 819 4087 surresisse
844 4041 900 4087 tu
926 4033 1169 4088 dubitas?
1194 4034 1426 4093 Adverso
1456 4038 1630 4105 potius
1658 4038 1917 4094 cautelam
1949 4040 2087 4108 ejus,

519 4131 574 4177 et
600 4124 721 4178 vide
743 4123 1016 4188 astutiam,
1038 4124 1166 4195 quid
1191 4124 1312 4181 aliis
1330 4125 1481 4191 dicit,
1502 4143 1636 4197 quos
1663 4129 1986 4185 robustiores
2012 4131 2088 4185 vi-

517 4214 678 4270 debat
702 4213 757 4271 in
784 4214 888 4271 lida
919 4235 935 4272 :
961 4213 1032 4271 Et
1055 4217 1121 4281 si,
1150 4218 1340 4289 inquit,
1368 4219 1597 4275 novimus
1627 4219 1886 4275 Christum
1915 4232 1936 4259 ε
1972 4239 2090 4275 cru-

517 4306 744 4377 riﬂzlm,
768 4324 903 4363 nunc
927 4321 1089 4364 autem
1128 4312 1243 4382 jam
1271 4327 1373 4366 non
1402 4316 1629 4367 norimus
1655 4312 1741 4382 (ΙΙ
1770 4313 1955 4379 Conv,
1976 4314 2086 4382 16).

520 4396 665 4468 Nega
690 4411 820 4470 ergo
847 4408 901 4453 tu
930 4411 1209 4456 accusatur
1238 4402 1417 4467 Pauli,
1449 4406 1493 4458 si
1539 4413 1681 4458 tanta
1727 4415 1958 4459 mentem
1988 4406 2087 4461 de-

522 4488 715 4541 mentia
744 4489 905 4555 cepit,
926 4488 1047 4555 quia
1078 4505 1175 4545 nec
1198 4493 1483 4547 cruciﬁxus
1506 4503 1607 4547 est.
1634 4496 1758 4558 Sed,
1782 4511 1982 4562 qureso,
2004 4512 2088 4551 re-

524 4574 702 4643 linque
719 4577 908 4641 ista,“
935 4581 1058 4635 audi
1083 4582 1363 4641 consilium
1393 4585 1619 4640 melius:
1649 4588 1841 4642 adhibe
1867 4590 2084 4660 collyria

519 4666 689 4719 oculis
720 4666 904 4734 lippis,
929 4676 982 4721 et
1013 4668 1183 4725 lucem
1215 4672 1608 4737 praedicationis
1636 4678 1939 4743 apostolica:
1968 4694 2086 4746 per-

519 4754 655 4819 cipe.
701 4754 1003 4810 Secundum
1056 4756 1296 4812 homines
1338 4761 1477 4816 enim
1530 4763 1844 4831 loquebatur
1893 4764 2086 4835 Paulus

523 4845 797 4913 humilius,
818 4856 870 4901 ut
898 4861 992 4903 eos
1018 4849 1085 4902 ad
1114 4850 1356 4907 celsioris
1382 4854 1501 4907 lidei
1533 4853 1737 4925 fastigia
1766 4856 2085 4926 sublevaret,

517 4939 658 4992 sicut
682 4939 806 4994 alibi
836 4942 911 4994 ait
943 4958 955 4993 :
992 4941 1239 4996 Omnibus
1268 4947 1439 4999 omnia
1464 4948 1631 5015 factus
1658 4966 1801 5013 sum,
1831 4962 1885 5004 ut
1914 4969 2085 5008 omnes

518 5032 862 5098 Iurrifarerem
912 5030 965 5103 (1
991 5032 1107 5088 Cor.
1140 5050 1212 5099 rx,
1239 5036 1355 5105 22).
1386 5037 1628 5108 Nunquid
1660 5041 1816 5093 homo
1845 5044 2082 5100 mortalis

522 5135 628 5171 nou
656 5129 738 5173 est
767 5120 988 5175 daturus
1016 5123 1239 5189 gloriam
1271 5124 1348 5179 Ftl
1375 5142 1431 5190 o,
1459 5142 1614 5195 quem
1649 5130 1761 5197 ipse
1793 5132 1947 5187 Pater
1977 5149 2078 5187 non

517 5209 723 5273 semel,
745 5210 839 5263 sed
866 5210 947 5264 bis
977 5221 1031 5265 et
1061 5213 1215 5267 tertio
1239 5216 1551 5285 gloriﬁcavit
1576 5237 1605 5271 c
1632 5223 1801 5276 (mlo?
1832 5226 2079 5279 Ausculta

515 5300 641 5368 quid
663 5300 730 5354 de
758 5303 905 5355 castis
936 5301 1186 5372 loquitur,
1207 5318 1324 5359 eum
1356 5308 1495 5362 idem
1524 5310 1706 5377 Filius,
1727 5311 2082 5370 descendente

653 5435 743 5490 Sic
768 5433 953 5515 _quh.,
1008 5437 1329 5515 Bee.,__CoIb_,
1364 5441 1623 5515 a._,_Ct_un.
1652 5456 1705 5515 e.
1744 5455 1798 5496 et
1845 5445 2031 5511 Regni.
2062 5462 2075 5510 ;

517 5503 603 5558 alii
633 5521 737 5559 non
768 5503 961 5560 habent
987 5524 1102 5561 sua.
1150 5508 1213 5562 Et
1242 5508 1375 5563 infra
1417 5509 1575 5565 Corb.
1600 5523 1653 5566 et
1689 5514 1898 5582 Regum,
1923 5503 2077 5585 quot;

521 5586 635 5642 quot
660 5592 793 5638 eum,
824 5587 925 5630 etc.

587 5643 615 5681 δ
642 5646 763 5699 Haec
790 5645 969 5725 verba,
994 5647 1257 5725 usquead
1273 5648 1400 5702 nihil
1419 5650 1576 5717 vobis,
1596 5652 1788 5707 desunt
1811 5652 1863 5707 in
1883 5652 2074 5723 Corb.,

519 5724 641 5780 uiue
667 5727 743 5768 est
778 5716 1054 5779 scriptoris
1079 5716 1314 5770 amissio.

592 5792 615 5820 °
658 5782 793 5836 Editi
812 5826 825 5845 ,
850 5782 1027 5838 Iesum
1045 5786 1317 5839 Christum.

587 5845 613 5888 ⁸
657 5854 867 5924 “eum,
895 5857 1155 5926 clari/iret.
1185 5858 1249 5914 Et
1279 5858 1433 5927 infra,
1462 5860 1851 5929 clariﬁcavi..."
1879 5865 2072 5926 clari/i-

2193 3408 2384 3446 nnrum
2416 3392 2653 3456 miserat,
2678 3392 2729 3445 in
2762 3391 3063 3460 llispauiam
3094 3401 3177 3446 est
3208 3406 3497 3451 re.ressus.

2262 3479 2396 3533 XLI.
2429 3482 2714 3548 Comperto
2731 3489 2901 3534 autl'm
2932 3479 3261 3548 Chilpericus
3288 3496 3377 3535 res
3410 3481 3548 3550 quod
3579 3480 3752 3536 Gunt-

2190 3576 2479 3628 ebramnus
2525 3572 2686 3627 frater
2725 3572 2841 3641 ejus
2884 3586 3005 3625 eum
3044 3570 3384 3626 Childeberto
3435 3581 3627 3639 nepote
3666 3589 3766 3626 suo

2193 3681 2375 3736 pacem
2410 3668 2629 3732 iecerat,
2658 3675 2709 3719 et
2738 3664 2998 3727 civitates,
3031 3680 3163 3733 quas
3190 3664 3448 3719 violenter
3468 3665 3763 3728 inraserat,

2190 3758 2237 3811 ei
2270 3758 2425 3810 simul
2462 3756 2659 3810 vellent
2685 3756 2913 3820 auferre,
2942 3770 3062 3809 cum
3095 3755 3340 3810 omnibus
3367 3756 3632 3809 thesauris
3652 3757 3767 3808 suis

2192 3849 2244 3902 in
2294 3848 2737 3903 Cameracensem
2780 3848 2962 3902 urbem
3015 3848 3291 3913 discessit,
3333 3858 3385 3901 et
3422 3849 3598 3902 omnia
3645 3864 3766 3911 qua

2192 3938 2383 3993 melius
2414 3939 2608 3992 habere
2634 3947 2894 4008 potuerat,
2920 3952 3101 3993 secum
3127 3938 3265 3992 tulit.
3298 3940 3541 4008 Misitque
3564 3939 3633 3992 ad
3662 3941 3763 3993 du-

2190 4043 2281 4083 ces
2311 4038 2365 4083 et
2392 4031 2616 4084 comites
2645 4030 2918 4083 civitatum
2952 4031 3168 4083 nuntios
3188 4070 3202 4094 ,
3231 4040 3288 4083 ut
3315 4044 3495 4083 tuuros
3536 4044 3760 4094 eotnpo-

2192 4134 2383 4177 nerent
2413 4122 2644 4187 urbium,
2694 4137 2885 4190 resque
2931 4136 3055 4176 suas
3084 4137 3205 4176 cum
3234 4123 3493 4175 uxoribus
3534 4130 3587 4175 et
3638 4120 3763 4175 ﬁliis

2192 4216 2327 4273 intra
2360 4232 2635 4273 murorum
2666 4219 2986 4273 munimenta
3016 4218 3414 4281 concluderent,
3448 4228 3606 4285 atque
3634 4216 3761 4284 ipsi,

2191 4309 2237 4362 si
2276 4309 2567 4363 necessitas
2598 4308 2852 4378 exigeret,
2899 4317 3257 4377 repugnarent
3285 4308 3526 4373 viriliter,
3569 4320 3635 4359 ne
3683 4307 3762 4359 eis

2194 4414 2317 4467 pars
2362 4400 2586 4453 adre-rso
2628 4408 2877 4463 noceret,
2923 4400 3047 4451 illud
3097 4398 3431 4451 atltlcnszlit
3467 4398 3513 4451 si
3560 4394 3759 4464 aliquid

2191 4490 2553 4561 perdideritis,
2587 4506 2707 4543 cum
2737 4490 2806 4544 de
2837 4490 3064 4543 inimicis
3090 4490 3252 4559 319
3283 4490 3617 4551 ulciscemur,
3642 4502 3758 4539 tua-

2189 4580 2306 4651 jura
2346 4582 2702 4649 cunquiretis;
2747 4582 2987 4635 nesciens
3021 4582 3372 4646 patratinncm
3414 4578 3759 4631 victoriarum

2195 4676 2244 4727 iu
2292 4688 2447 4726 manu
2496 4672 2585 4725 Dei
2635 4673 2946 4725 consistere.
2999 4672 3199 4726 Deinde
3246 4670 3440 4738 saepius
3463 4669 3761 4723 exercitum

2193 4774 2513 4826 cnuumnvct,
2567 4773 2618 4815 et
2667 4763 2855 4817 iterum
2908 4762 3041 4815 inira
3093 4762 3371 4816 terminum
3423 4761 3763 4829 requiescere

2187 4855 2357 4922 jubet.
2394 4852 2484 4906 llis
2522 4852 2707 4907 diebus
2737 4853 2786 4906 ei
2831 4853 2969 4904 lilius
3012 4860 3167 4904 natus
3199 4860 3300 4915 est,
3333 4865 3493 4917 quem
3546 4848 3601 4902 in
3632 4850 3763 4903 villa

2191 4943 2573 4998 Victoriaceusi
2605 4952 2627 4980 ο
2662 4943 2863 4997 nutrire
2913 4942 3188 5011 praecepit,
3247 4942 3430 4994 dicens
3458 4956 3473 4994 :
3500 4940 3575 4993 Ne
3624 4940 3765 4995 forte

2187 5038 2313 5092 dum
2332 5037 2539 5103 publice
2554 5036 2776 5099 videtur,
2793 5034 2990 5102 aliquid
3017 5033 3139 5086 mali
3168 5034 3465 5087 iucurratet
3478 5032 3762 5086 moriatur.

2260 5127 2417 5181 XLII.
2450 5125 2823 5180 Childcbertus
2850 5141 2974 5179 vero
2998 5140 3087 5177 rex
3124 5125 3172 5176 iu
3205 5124 3405 5178 Italiam
3435 5124 3582 5177 abiit.
3609 5123 3762 5191 Quod

2190 5234 2307 5273 cum
2356 5217 2629 5271 audissent
2672 5215 3004 5273 Langobardi
3040 5213 3083 5281 ί,
3136 5216 3381 5269 timentes
3425 5229 3490 5269 ne
3532 5215 3598 5268 ab
3644 5215 3762 5283 ejus

2188 5313 2424 5366 exemita
2470 5307 2826 5375 caaderentur,
2874 5308 3223 5363 subdiderunt
3270 5322 3329 5363 se
3374 5308 3563 5362 ditioni
3610 5308 3758 5377 cjus,

2187 5443 2379 5564 “20]”
2413 5510 2611 5579 Belgio.
2644 5508 2732 5562 ubi
2777 5509 2986 5579 occisus
3015 5506 3184 5561 fuerat
3214 5507 3514 5579 δὶκῗδθτίηδ
3545 5522 3611 5561 ⁸⁸
3659 5509 3757 5562 m”

2183 5596 2236 5634 lt’
2259 5596 2376 5647 cap.
2411 5578 2578 5632 υιιςιτ
2586 5580 2705 5632 ilius
2732 5588 2907 5632 autem
2937 5578 3222 5645 Chilperici
3269 5578 3353 5632 hic
3401 5588 3754 5645 memoratus,

2184 5650 2516 5729 postmodum
2544 5650 2842 5705 Chlotarius
2881 5648 3055 5702 dictus
3092 5658 3196 5713 est,
3229 5658 3283 5702 et
3328 5648 3461 5717 patri
3491 5648 3545 5700 in
3589 5663 3759 5715 regno

2181 5730 2577 5844 sueuiieit'ariis
2618 5787 2945 5842 Cltildcberti
2978 5789 3028 5840 in
3075 5786 3280 5841 [talium
3320 5786 3757 5856 expeditionibus

2182 5860 2375 5915 Paulus
2403 5858 2546 5915 Diac.
2583 5859 2672 5915 lib.
2707 5874 2781 5926 ill,
2812 5874 2929 5926 cap.
2965 5859 3027 5911 l7
3063 5868 3117 5912 et
3149 5873 3298 5926 seqq.
3331 5859 3546 5913 Exstant
3586 5872 3650 5912 ea
3683 5857 3757 5913 de
