3966 6348
311 451 416 504 ιου

1211 446 1533 505 HISTORIA
1577 443 2019 501 FRANCOIIUM.
2068 443 2271 499 LIBER
2310 443 2605 501 SEXTUS.

3497 448 3601 505 410

307 567 477 622 niulta
530 565 579 621 ei
625 566 818 620 dantes
863 578 1109 629 munera,
1158 578 1222 617 ac
1254 564 1625 631 promittentes
1666 576 1725 614 se
1768 560 1903 629 parti
1936 564 1983 624 Λ
2013 558 2099 624 lis,
2129 558 2448 629 scribasque
2473 557 2847 613 incommodis.
2871 558 2989 627 Quo
3013 558 3287 629 defuncto,
3321 562 3601 628 liliuscius

305 657 427 728 ejus
470 671 595 711 esse
639 657 822 711 lideles
869 663 1030 725 atque
1068 654 1369 724 subjectus;
1406 654 1734 722 palrztli‘que
1779 666 1901 706 cum

310 752 394 804 his
416 750 667 804 erunibus
689 764 809 819 qua:
840 748 1003 804 voluit
1034 765 1148 814 rex,
1176 748 1228 801 in
1258 748 1458 803 Gallias
1487 758 1569 801 est
1598 761 1900 816 regressus,

314 852 479 908 atque
528 842 823 895 exercitum
892 842 1221 907 commoveri
1287 843 1542 909 pracepit
1572 882 1586 903 ,
1640 856 1799 908 quem
1850 839 1903 893 in

311 931 631 1001 Hispaniam
659 932 814 1001 dirigi
842 930 1042 999 jussit,
1072 933 1165 986 sed
1198 932 1401 1000 quievit.
1432 941 1482 984 ιι.
1536 932 1619 985 Ab
1673 932 1902 999 impera-

322 1038 440 1079 tore
493 1036 674 1080 antem
725 1026 985 1080 Mauricio
1030 1035 1155 1079 ante
1194 1025 1290 1080 Iros
1327 1040 1495 1079 annos
1523 1028 1902 1096 quinquaginta

314 1118 486 1173 millia
518 1119 814 1173 solidorum
842 1126 1147 1184 acceperat,
1177 1128 1231 1171 ut
1258 1116 1634 1187 Langobardos
1661 1120 1728 1172 de
1756 1119 1905 1171 Italia

314 1209 647 1266 extruderet.
680 1209 878 1264 Audito
914 1217 1092 1262 autem
1142 1208 1452 1276 imperator,
1487 1208 1628 1277 quod
1671 1223 1791 1262 cum
1824 1209 1906 1262 bis

314 1305 370 1356 in
403 1316 535 1370 pace
579 1301 898 1369 coniunctus
944 1311 1061 1366 est,
1110 1299 1389 1365 pecuniam
1438 1302 1747 1365 repetebat:
1798 1300 1895 1353 sed

316 1394 425 1452 hic.
458 1394 597 1447 Ildus
626 1409 654 1446 a
685 1393 889 1447 solatiis
914 1434 929 1459 ,
958 1407 1025 1447 ne
1074 1406 1389 1462 responsum
1422 1392 1638 1461 quidem
1672 1406 1767 1461 pro
1800 1391 1902 1445 hac

315 1500 378 1541 re
407 1487 577 1540 voluit
603 1487 851 1540 reddere.

388 1577 577 1633 XLIII.
620 1577 675 1630 In
704 1575 927 1631 Gallicia
976 1574 1001 1613 δ
1033 1591 1245 1645 quoque
1290 1590 1445 1631 nova:
1479 1590 1564 1629 res
1592 1585 1724 1630 acta:
1756 1585 1906 1633 sunt.

316 1686 436 1738 qua:
459 1669 776 1738 desuperius
806 1678 828 1706 ο
861 1670 1171 1723 memorabo
1198 1679 1318 1721 itur.
1351 1666 1513 1736 lgitUr
1539 1682 1657 1721 cum
1689 1667 1905 1722 Ilrrme~

319 1762 587 1831 negildus,
616 1762 752 1816 sicut
773 1776 930 1828 supra
953 1761 1186 1813 diximus
1217 1756 1267 1822 ά,
1301 1759 1435 1827 patri
1470 1759 1710 1809 infensus
1736 1766 1906 1824 esset,

318 1862 374 1907 et
404 1856 456 1907 in
485 1852 704 1907 civitate
735 1853 963 1921 quadam
998 1850 1264 1919 llispaniae
1294 1864 1415 1903 cum
1446 1848 1672 1916 ennjuge
1703 1846 1908 1903 reside-

2010 651 2267 705 Euriclius
2296 649 2625 705 Leuvicliildi
2677 650 2816 722 regis
2863 651 3125 707 amicitias
3171 658 3407 724 expetit;
3438 657 3597 710 doto-

2007 756 2130 807 qne,
2156 750 2212 794 ut
2235 750 2390 810 pater
2410 740 2629 807 fecerat,
2652 750 3006 806 sacramento,
3036 758 3252 812 regnum
3274 743 3598 802 Gallicien-o

2007 831 2265 900 suscepit.
2300 831 2411 884 lIoc
2442 846 2567 885 vero
2597 843 2736 885 anno
2763 842 3018 899 cognatus
3048 834 3163 902 ejus
3193 835 3395 890 Audica
3425 834 3476 903 ιι,
3507 842 3596 906 qui

2005 934 2247 975 Sororem
2291 920 2437 974 illius
2489 920 2865 991 desponsatam
2912 923 3159 988 habebat,
3196 941 3315 979 cum
3360 931 3600 983 exercitu

2011 1014 2172 1078 venit,
2206 1013 2711 1085 appreltensuuique
2739 1016 2989 1071 clericum
3030 1014 3043 1053 ί
3077 1016 3219 1084 facit,
3255 1034 3316 1073 ac
3338 1018 3592 1073 diacona--

2010 1118 2092 1157 ius
2122 1102 2233 1157 sive
2274 1106 2593 1175 presbyterii
2643 1099 2702 1161 εἴ
2740 1108 2938 1177 imponi
2977 1108 3235 1163 honorem
3262 1111 3453 1180 jubet:
3486 1115 3600 1180 ipse

2008 1207 2136 1246 vero
2162 1204 2379 1260 accepta
2410 1194 2583 1249 soceri
2630 1196 2711 1249 sui
2751 1212 2918 1253 uxore
2951 1201 3000 1263 1,
3028 1200 3347 1256 Galliciensc
3378 1218 3601 1272 regnum

2006 1286 2254 1341 obtinuit.
2292 1286 2669 1343 Leuvicliildus
2724 1304 2850 1343 vero
2893 1291 3056 1344 lilium
3099 1308 3254 1345 suum
3309 1294 3596 1348 llermcne-

2006 1376 2209 1446 gildutn
2237 1377 2400 1446 cepit,
2436 1388 2489 1431 et
2518 1393 2699 1433 secum
2730 1396 2897 1449 usque
2926 1381 3170 1437 Toletum
3202 1383 3443 1450 adduxit,
3472 1402 3601 1439 enn-

2009 1479 2270 1524 ttcmnans
2301 1486 2422 1525 eum
2462 1472 2684 1541 emilio;
2715 1490 2936 1531 uxorem
2982 1487 3156 1530 tamen
3191 1480 3304 1545 e,us
3337 1495 3364 1531 a
3398 1478 3602 1535 Graecis

2007 1564 2218 1627 eripere
2250 1578 2356 1615 non
2392 1564 2585 1631 putuit.

2084 1653 2263 1708 XLIV.
2308 1656 2552 1711 Locusta:
2594 1672 2807 1728 quoque
2849 1658 2918 1713 de
2951 1660 3251 1729 Carpitania
3287 1662 3552 1729 provincia
3581 1706 3597 1730 ,

2008 1758 2168 1813 quam
2201 1761 2294 1833 pqr
2313 1747 2546 1816 quinque
2564 1758 2905 1804 Vastaverant
2933 1765 3121 1816 annos,
3151 1753 3249 1805 hoc
3276 1768 3415 1807 anno
3439 1756 3596 1826 321

2012 1851 2330 1905 progressae,
2361 1852 2719 1908 aggeremque
2745 1840 3015 1909 publicum
3049 1852 3312 1911 tenentes,
3340 1844 3405 1898 ad
3437 1850 3598 1899 aliam

320 1956 422 2011 ret,
456 1943 653 1997 solatio
684 1936 851 1996 fretus
882 1939 1243 2009 imperatoris,
1274 1948 1432 2008 atque
1464 1939 1684 1993 Miroiiis
1720 1946 1743 1974 ο
1774 1938 1901 1991 Gal—
1939 1934 1981 1991 Β
2011 1940 2070 1981 SC
2097 1929 2454 1997 lll‘OVIHCiaIII,
2488 1945 2607 1999 qua?
2633 1931 2755 1984 huic
2780 1932 2949 1986 vicina
2979 1942 3097 1986 erat
3128 1934 3436 2003 provincim,
3470 1953 3598 1989 cnn-

323 2037 558 2091 Iiciensis
608 2034 771 2105 regis,
826 2042 1027 2103 patrem
1079 2032 1144 2085 ad
1192 2047 1250 2085 se
1280 2044 1399 2085 cum
1431 2032 1671 2085 exercitu
1722 2029 1908 2084 venire

320 2127 596 2197 cognovit,
631 2125 1021 2194 consiliumque
1047 2108 1173 2176 iniit
1215 2120 1445 2190 qualiter
1472 2121 1776 2174 venientem
1820 2129 1912 2173 aut

325 2220 657 2289 repelleret,
706 2228 800 2273 aut
848 2225 1099 2272 necaret:
1129 2213 1375 2269 nesciens
1426 2213 1591 2268 miser
1633 2213 1893 2282 judicium

326 2315 423 2369 sibi
455 2314 738 2368 imminere
759 2311 1025 2376 divinum,
1048 2311 1135 2377 qui
1164 2319 1346 2363 eontra
1376 2310 1694 2379 genitorem,
1725 2320 1913 2375 quant-

327 2407 453 2460 Iibet
511 2406 849 2469 Itrereticum,
899 2402 1021 2457 talia
1073 2401 1352 2470 cogitaret.
1406 2398 1600 2453 Ilabito
1644 2413 1771 2466 ergo
1805 2405 1911 2449 tra-

325 2509 490 2565 cratu,
534 2499 604 2554 de
653 2496 833 2551 multis
879 2497 1113 2549 virorum
1159 2493 1394 2546 millibus
1446 2497 1716 2544 trecentos
1767 2488 1912 2542 viros

324 2590 487 2659 elegit
515 2597 781 2653 armatos,
813 2596 865 2641 et
909 2585 1043 2639 intra
1093 2592 1327 2637 castrum
1382 2579 1543 2635 OaSCI‘
1571 2576 1617 2643 ί,
1666 2577 1827 2648 320
1858 2577 1911 2631 in

324 2682 479 2752 cujus
506 2677 736 2755 ecclesia
768 2676 941 2732 fontes
969 2674 1222 2729 divinitus
1253 2671 1613 2738 complentur,
1647 2669 1906 2724 includit:

325 2786 383 2827 ut
412 2771 625 2826 scilicet
652 2768 824 2835 primo
858 2766 1058 2834 impetu
1087 2763 1153 2817 ab
1184 2763 1270 2817 bis
1302 2772 1453 2831 pater
1485 2759 1696 2815 territus
1724 2774 1785 2813 ac
1809 2758 1910 2812 las-

338 2871 508 2925 satus,
541 2858 752 2913 [acilius
780 2858 849 2911 ab
871 2853 1108 2908 inferiori
1155 2866 1338 2915 manu,
1365 2866 1481 2919 qua:
1513 2858 1630 2903 emt
1661 2847 1908 2917 plurima,

328 2957 657 3010 vinceretur.
692 2950 926 3020 Denique
965 2949 1046 3002 bis
1081 2946 1223 3000 dolis
1253 2942 1633 2998 Lcuviiliildus
1682 2958 1768 2996 rex
1821 2956 1913 2994 co—

326 3047 508 3117 gnitis,
534 3044 859 3114 cogitatione
891 3039 1119 3093 maxima
1147 3037 1413 3106 fatigatur.
1441 3036 1529 3103 Si,
1566 3035 1758 3104 inquit,
1788 3034 1912 3087 illuc

328 3158 446 3199 cum
489 3137 639 3196 omni
689 3136 924 3192 exercitu
968 3133 1183 3196 abiero,
1237 3131 1590 3199 conglobatus
1637 3129 1687 3181 in
1744 3143 1906 3181 unum

328 3234 596 3290 exercitus
626 3228 1057 3285 adversariorum
1082 3222 1280 3293 jaculis
1308 3220 1679 3275 crudelissime
1706 3219 1911 3273 saucia-

2017 2019 2274 2073 lUICI‘UIlI.
2326 2020 2505 2086 Quare
2553 2022 2780 2091 Spatium
2826 2022 2880 2076 in
2918 2032 3133 2078 centum
3160 2021 3187 2062 κ
3216 2025 3597 2097 quinquaginta

2014 2114 2323 2167 extenditur
2355 2113 2518 2168 millia
2552 2115 2862 2184 longitudo;
2892 2116 3118 2171 latitudo
3147 2132 3276 2172 vero
3304 2119 3354 2172 in
3383 2128 3598 2175 centum

2016 2205 2249 2259 ιιιίΙΙιιμιε
2299 2205 2635 2259 terminatur.
2681 2206 2792 2260 lloc
2840 2222 2981 2261 anno
3014 2208 3177 2261 multa
3230 2210 3469 2277 prodigia
3496 2226 3592 2278 ap-

2015 2307 2309 2366 paruerunt
2353 2298 2403 2351 iii
2440 2297 2652 2364 Galliis,
2690 2299 3123 2369 vastationesque
3173 2302 3354 2357 multa:
3385 2304 3597 2359 fuerunt

2014 2388 2066 2441 in
2115 2389 2331 2457 populo.
2376 2389 2504 2443 Nam
2555 2389 2739 2443 mense
2780 2389 3036 2446 Januario
3083 2406 3223 2446 rosa:
3264 2395 3392 2446 visa:
3434 2406 3594 2457 siml;

2019 2477 2163 2531 circa
2189 2478 2356 2531 solem
2385 2493 2596 2547 quoque
2624 2476 2856 2532 circulus
2882 2494 3105 2549 magnus
3125 2481 3390 2549 apparuit,
3422 2481 3597 2536 diver-

2013 2567 2090 2622 sis
2122 2568 2394 2623 coloribus
2422 2569 2633 2635 mistus,
2662 2580 2715 2623 ut
2747 2571 2883 2623 solet
2907 2570 2957 2623 in
2985 2569 3077 2623 illo
3106 2572 3340 2625 caelestis
3364 2573 3455 2626 iris
3486 2590 3597 2625 .nn-

2016 2657 2129 2713 bitu
2184 2658 2356 2728 pluvia
2388 2659 2697 2714 discedente
2738 2656 2754 2697 ι
2789 2662 3094 2715 monstrari.
3130 2662 3322 2716 Pruina
3367 2669 3599 2730 graviter

2016 2750 2201 2804 vineas
2253 2749 2492 2815 exussit;
2545 2761 2833 2818 tempestas
2882 2752 3047 2808 etiam
3089 2754 3369 2808 subsecuta
3416 2757 3600 2810 vincas

2014 2853 2333 2913 segetesque
2370 2860 2464 2912 per
2496 2845 2722 2914 plurima
2755 2844 2869 2901 loca
2900 2847 3148 2913 vastavit,
3176 2848 3448 2903 residuum
3480 2866 3599 2917 quo-

2015 2951 2118 3004 que
2162 2936 2441 3005 grandinis
2486 2938 2705 2993 siccitas
2760 2940 3021 2994 immensa
3067 2943 3420 3010 consumpsit.
3478 2943 3590 2997 Exi-

2015 3040 2258 3098 gunsquc
2310 3028 2512 3083 fructus
2558 3031 2609 3084 iit
2655 3029 2921 3099 aliquibus
2951 3032 3123 3086 vineis
3170 3034 3337 3096 visus,
3390 3034 3438 3086 iti
3474 3033 3594 3087 aliis

2017 3136 2144 3174 vero
2172 3122 2367 3185 nullus,
2403 3122 2471 3175 ita
2504 3132 2559 3175 ut
2588 3122 2707 3175 irati
2736 3133 2921 3176 tontra
2955 3123 3121 3177 Deum
3152 3124 3419 3190 homines,
3453 3136 3599 3184 pate-

2016 3214 2081 3268 l‘ai
2104 3216 2169 3269 tis
2200 3215 2436 3269 aditibus
2461 3217 2759 3281 vinearum,
2796 3231 2987 3283 pecora
3019 3217 3102 3271 vel
3122 3217 3389 3286 jumenta,
3424 3220 3592 3272 intro-

332 3337 435 3381 tur.
485 3324 545 3381 Si
576 3338 703 3378 vero
753 3336 874 3376 cum
921 3320 1101 3387 paucis
1142 3317 1327 3371 vadam
1354 3356 1369 3380 ,
1409 3314 1644 3368 virorum
1692 3312 1909 3367 fortium
1940 3320 1986 3382 ρ
2020 3307 2315 3369 mitterent,
2359 3308 2544 3361 noxias
2593 3307 2692 3361 sibi
2740 3308 3104 3363 immiscentes
3150 3308 3331 3363 miseri
3369 3326 3552 3378 preces
3579 3351 3596 3375 ,

332 3430 547 3471 manum
577 3427 784 3483 nequeo
811 3424 1065 3480 superare
1090 3424 1104 3473 ;
1137 3418 1312 3462 tamen
1336 3422 1456 3459 cum
1481 3404 1729 3459 omnibus
1752 3404 1839 3457 ibo
1862 3412 1913 3456 ε.

331 3510 397 3565 Et
438 3508 704 3563 accedens
739 3506 804 3558 ad
839 3505 1013 3558 locum
1064 3504 1208 3556 viros
1261 3500 1532 3569 pr0iriiit,
1570 3508 1916 3566 castrumque

334 3598 658 3663 renibussit,
687 3601 829 3650 sicut
868 3595 979 3664 jam
1021 3593 1267 3662 superius
1297 3602 1647 3645 memoratum
1676 3602 1775 3646 est.
1813 3591 1915 3645 Pa-

332 3704 467 3748 trata
494 3703 707 3761 quoque
733 3688 978 3753 victoria,
1011 3691 1262 3756 cognovit
1291 3684 1545 3739 Mironem
1576 3698 1755 3753 regem
1788 3697 1919 3737 con-

332 3796 409 3842 tra
455 3801 516 3841 se
573 3799 692 3839 cum
746 3781 985 3838 exercitu
1072 3778 1308 3834 residere
1383 3778 1500 3845 Quo
1548 3776 1914 3846 circumdato,

334 3887 671 3935 sacramenta
700 3874 865 3945 exigit
892 3874 990 3929 sibi
1041 3872 1093 3927 in
1125 3884 1397 3942 posterum
1444 3871 1559 3926 fore
1592 3872 1824 3927 fidelem.
1851 3873 1917 3927 Et

332 3972 406 4029 sic
448 3972 594 4027 datis
641 3968 741 4023 sibi
788 3966 1017 4022 invicem
1069 3965 1405 4029 muneribus,
1452 3966 1813 4032 unusquisque
1846 3964 1913 4017 ad

336 4064 546 4134 propria
570 4071 653 4116 est
680 4074 976 4130 regressus.
1009 4057 1113 4112 Sed
1144 4056 1276 4110 Miro
1300 4067 1579 4124 postquam
1610 4057 1659 4108 in
1690 4055 1915 4124 patriam

339 4156 517 4216 rediit,
552 4170 657 4206 non
686 4152 882 4205 mullos
915 4160 1034 4218 post
1073 4148 1189 4201 dies
1218 4162 1510 4201 conversus
1541 4149 1604 4198 ad
1638 4147 1916 4211 lectulum,

335 4248 494 4303 obiit:
518 4248 816 4300 inlirmatus
842 4244 986 4299 enim
1014 4242 1081 4295 ab
1124 4242 1275 4311 aquis
1304 4240 1571 4309 Ilispanim
1603 4239 1776 4294 fuerat
1806 4255 1918 4293 ma-

341 4441 396 4479 re
420 4425 621 4490 aliquot
653 4422 915 4491 epistolae,
945 4436 1064 4489 qua:
1091 4420 1247 4474 edita:
1269 4429 1392 4491 sunt
1418 4436 1446 4471 a
1480 4420 1677 4472 (Ilieso.
1708 4431 1758 4473 et
1793 4419 1919 4475 Fre-

342 4497 569 4557 Iiero,'iu
595 4490 789 4564 quibus
818 4493 1101 4546 Mauricius
1131 4490 1347 4564 etcjus
1378 4490 1612 4558 pra-lecti
1642 4491 1709 4543 de
1751 4491 1920 4545 Fran-

343 4571 436 4629 cis.
464 4562 630 4634 quasi
653 4566 719 4617 de
745 4563 956 4617 violata:
984 4563 1104 4634 Iidei
1126 4562 1235 4634 reis
1262 4564 1919 4634 conqueruutur._AutIia-

341 4639 448 4689 rius
471 4631 619 4701 ιζιεμί
647 4635 784 4688 lilius
812 4643 936 4686 tune
959 4632 1098 4701 apud
1123 4632 1499 4700 Langobardos
1525 4631 1800 4700 regnabat,
1825 4635 1916 4701 qui

344 4706 556 4759 Flavius
589 4708 650 4758 ob
677 4705 977 4775 dignitatem
1024 4702 1318 4775 appellatus
1350 4712 1463 4775 est;
1495 4702 1742 4770 istudque
1786 4720 1918 4772 prw-
1955 4702 1999 4760 D

344 4794 521 4831 nomen
550 4774 999 4841 subseduentibus
1025 4774 1238 4840 regibus
1264 4774 1439 4840 gentis
1461 4787 1571 4825 sua:
1598 4776 1914 4841 transmisit,

344 4858 395 4900 ut
425 4850 589 4901 relerl
619 4845 809 4899 Paulus
836 4842 982 4896 Diae.
1012 4844 1102 4896 lib.
1136 4858 1213 4905 tu,
1240 4859 1359 4910 cap.
1388 4842 1474 4895 I6.

288 4955 303 4961 ι
376 4928 435 5038 bi
479 4918 697 4985 Regum,
736 4916 826 4968 sed
858 4916 1027 4969 nescio
1054 4931 1154 4982 qua
1183 4916 1245 4966 de
1284 4929 1435 4969 causa
1465 4914 1731 4967 remansit.
1782 4912 1922 4966 Nam

344 5004 373 5037 α
410 5026 423 5038 .

344 5004 373 5037 α

412 5057 438 5095 δ
479 5058 669 5121 Corb.,
699 5054 851 5110 Coll).
882 5064 934 5109 et
961 5054 1147 5119 Freh.,
1179 5054 1375 5108 Gallia.
1402 5054 1528 5107 Bad.
1560 5055 1774 5122 melius,
1804 5054 1922 5109 Cal-

348 5128 487 5181 latia.
702 5156 705 5157 ν
1651 5139 1654 5142 ’

415 5211 436 5236 ο
476 5198 703 5263 Gallice,
729 5199 969 5259 dessem;
999 5194 1135 5247 unde
1160 5196 1312 5250 Colb.
1340 5211 1391 5248 ρ.
1426 5194 1584 5249 liabet
1608 5196 1842 5265 inferius.

413 5269 438 5306 ἀ
480 5270 598 5324 Lib.
633 5285 686 5330 v,
718 5283 837 5334 cap.
868 5269 959 5328 59,
993 5266 1132 5334 quod
1165 5267 1304 5318 vide.
1340 5267 1476 5320 Urbs
1502 5266 1588 5319 bic
1621 5276 1906 5321 memorata

347 5351 426 5394 εει
452 5340 701 5409 llispalis,
730 5339 817 5391 cui
846 5346 969 5390 time
997 5346 1222 5404 pra-crat
1251 5338 1533 5409 episcopus
1555 5338 1612 5389 ὃ.
1648 5336 1912 5409 Leander,

346 5414 409 5464 ad
436 5406 708 5466 Tiberium
736 5410 867 5476 imp.
896 5409 1118 5477 legatus,
1150 5418 1205 5461 ut
1243 5421 1400 5476 Opem
1436 5406 1693 5462 adversus
1721 5406 1913 5461 Leuvi-

342 5483 538 5551 gildum
566 5479 898 5551 imploraret.

416 5562 442 5591 ο
484 5555 531 5605 Is
555 5561 672 5607 erat
698 5549 1011 5613 catholicus,
1048 5557 1194 5615 patre
1222 5548 1387 5615 ipsius
1418 5564 1537 5601 cum
1569 5558 1673 5600 tota
1706 5548 1915 5601 Suevo-

345 5637 459 5676 rum
480 5631 664 5692 gente,
680 5621 765 5675 cui
790 5622 1104 5692 imperabat,
1140 5635 1233 5692 per
1255 5620 1536 5673 Martintnn
1565 5620 1903 5672 Domiensem

343 5697 407 5746 ad
459 5690 616 5747 tidem
664 5701 864 5744 rectam
907 5690 1161 5743 adducto.
1206 5690 1436 5743 Joannes
1486 5692 1823 5752 Biclarensis,
1855 5702 1909 5744 et

348 5763 576 5817 Isidorus
601 5764 846 5831 vulgatus
894 5759 945 5813 in
976 5762 1243 5815 Chronico
1279 5762 1517 5816 scribunt
1557 5762 1812 5816 Mironem
1861 5764 1908 5815 in

347 5832 634 5957 hcmt'giltli
656 5831 911 5889 auxilium
933 5834 1241 5901 accessisse,
1268 5833 1531 5902 vitamque
1556 5833 1754 5888 liniisse
1776 5834 1914 5902 apud

398 5922 498 5957 tﬁilit
524 5922 616 5957 ιω.

374 5905 616 5975 Ιοδνςιῑίιιι.

2020 3411 2178 3470 atque
2204 3401 2441 3456 dicentes
2479 3415 2495 3455 :
2532 3399 2810 3469 Nunquam
2855 3400 2907 3454 in
2934 3400 3031 3471 Itis
3064 3401 3233 3455 vineis
3264 3402 3464 3471 palmes
3499 3418 3594 3455 na-

2018 3506 2197 3549 scatur
2228 3494 2279 3548 in
2323 3495 2735 3563 sempiternum.
2777 3495 3013 3549 Arbores
3063 3511 3211 3560 vero,
3259 3512 3375 3565 quae
3416 3511 3603 3550 mense

2018 3584 2159 3640 Julio
2207 3600 2360 3654 poma
2414 3587 2766 3655 protulerant,
2809 3601 2993 3641 mense
3043 3586 3350 3657 Septembri
3400 3589 3604 3641 fructus

2019 3676 2153 3732 alios
2188 3678 2493 3732 ediderunt.
2529 3678 2745 3732 Morbus
2785 3691 3037 3747 pecorum
3078 3679 3297 3733 iteratus
3348 3679 3603 3746 invaluit,

2020 3768 2090 3823 ita
2124 3779 2179 3823 ut
2211 3771 2297 3823 vix
2325 3768 2614 3839 quidquam
2648 3778 2978 3824 remaneret.

2090 3881 2251 3937 XLV.
2293 3873 2513 3938 Interim
2554 3883 2961 3939 advenientibus
2991 3884 3243 3940 Kalendis
3273 3885 3605 3955 Septembri-

2018 3975 2141 4045 bus,
2171 3976 2494 4031 Gottliorum
2527 3992 2718 4043 magna
2769 3976 2966 4047 legatio
2996 3979 3063 4031 ad
3114 3994 3292 4045 regem
3336 3978 3604 4047 Chilperi-

2018 4081 2138 4121 cum
2170 4068 2394 4120 accedit.
2428 4068 2545 4135 Ipse
2571 4084 2696 4122 vero
2721 4066 2831 4135 jam
2866 4082 3140 4135 regressus
3174 4069 3421 4132 Parisios,
3452 4069 3607 4122 [allii-

2020 4158 2118 4211 lias
2149 4158 2339 4210 multas
2366 4157 2433 4211 de
2463 4157 2709 4211 domibus
2751 4156 3021 4211 liscaliiius
3051 4167 3087 4192 υτ
3111 4159 3309 4211 aul’erri
3340 4161 3615 4227 prmcipit,

2018 4256 2073 4301 et
2102 4248 2151 4300 iu
2184 4247 2435 4316 plaustris
2476 4248 2765 4315 componi;
2818 4246 3013 4300 multos
3061 4263 3274 4316 quoque
3322 4249 3509 4303 [lentes
3552 4264 3615 4305 et

2096 4418 2116 4457 τ
2159 4419 2259 4474 Alii
2291 4418 2459 4483 Osset,
2491 4433 2585 4473 St'll
2631 4419 2792 4481 User;
2823 4430 3054 4472 (-aSIrnm
3107 4429 3220 4472 erat
3258 4435 3321 4473 ex
3371 4420 3601 4476 adverso

2022 4490 2275 4559 IIispalis,
2307 4491 2433 4546 olim
2466 4507 2493 4543 a
2521 4490 2779 4544 Romanis
2805 4489 2952 4542 Julia
2981 4490 3279 4544 Constantia
3308 4490 3530 4546 dictum.

2095 4574 2119 4609 8
2164 4563 2350 4626 Corin,
2376 4562 2488 4627 ibit,
2519 4577 2614 4628 pro
2641 4561 2750 4613 ivit.

2098 4634 2123 4668 ιι
2168 4632 2331 4697 Edit.,
2364 4633 2595 4685 Auduca.
2635 4631 2821 4701 licgm.
2849 4644 3043 4685 nomen
3079 4646 3184 4685 non
3214 4631 3487 4701 exprimit.

2102 4711 2117 4739 ι
2164 4703 2396 4756 Isidorus
2423 4705 2475 4755 iit
2499 4703 2784 4765 Chronico,
2817 4703 3138 4755 Enboricum
3170 4705 3490 4756 monachum
3528 4702 3619 4756 faue.

2025 4785 2166 4826 ctttm
2202 4776 2253 4826 Ill
2279 4773 2603 4826 titunasterio
2626 4773 2936 4827 damnatum
2966 4775 3033 4826 ab
3057 4774 3257 4826 Audica
3288 4776 3445 4827 luisse
3476 4774 3605 4827 seri-

2027 4845 2122 4898 liit.
2152 4844 2293 4896 Idem
2324 4847 2481 4896 relert
2506 4844 2874 4911 Leuvigildum
2900 4842 3094 4896 Snevis
3118 4843 3311 4905 bellum
3339 4846 3615 4909 intulisse,

2029 4921 2080 4967 itt
2110 4931 2215 4983 quo
2248 4926 2413 4967 victus
2444 4915 2664 4976 Audica,
2700 4912 3015 4983 presbyterii
3056 4912 3235 4965 ol'licio
3264 4916 3601 4982 mancipatus

2029 4997 2130 5048 est,
2156 5002 2258 5051 quo
2287 4994 2435 5052 pacto
2457 4983 2751 5036 Sueviirum
2784 4982 3062 5049 imperium
3089 4984 3137 5034 iti
3171 4983 3437 5051 IliSpaniis
3460 4986 3607 5038 delc-

2032 5066 2141 5108 lutn
2176 5058 2286 5107 ῑωι.
2319 5055 2452 5107 Vide
2475 5053 2628 5106 .Ioan.
2662 5053 2850 5105 liii-lar.
2883 5052 3223 5107 CIlrtllIICllm.

2107 5128 2121 5175 l
2169 5124 2467 5194 Siseguntia
2511 5123 2761 5176 nimirum
2803 5123 3023 5177 Mirunis
3081 5138 3247 5180 tuere
3281 5165 3296 5190 ,
3340 5140 3405 5181 ex
3449 5125 3604 5180 Joan.

2030 5196 2220 5248 Biclar.
2249 5196 2537 5247 Llironico.

2096 5266 2118 5301 λ
2162 5266 2214 5317 In
2247 5265 2379 5318 Cod.
2410 5264 2572 5317 Corb.
2606 5264 2757 5317 deest
2792 5273 3010 5319 centum.

2102 5336 2110 5372 1
2159 5335 2288 5389 Cod.
2320 5336 2498 5396 Coll»,
2527 5335 2878 5389 descendente.

2093 5416 2130 5443 τε
2165 5406 2330 5474 Hujus
2385 5405 2484 5458 loci
2518 5410 2802 5459 occasione
2833 5408 2899 5459 de
2931 5407 3176 5460 domibus
3202 5405 3601 5467 ﬁscalibusragit

2021 5477 2263 5541 Valesius
2309 5478 2401 5530 lib.
2460 5491 2537 5530 si.
2592 5479 2785 5529 lterum
2839 5476 3106 5541 Francic.,
3155 5477 3333 5543 aitque
3387 5486 3597 5528 veteres

2017 5549 2312 5603 Germanos
2367 5562 2471 5599 non
2524 5549 2703 5611 nrbes,
2754 5547 2847 5599 sed
2900 5549 3049 5599 villas
3099 5557 3152 5598 et
3185 5549 3324 5597 vicos
3358 5546 3600 5600 ltabiti-e

2018 5621 2387 5683 eousttevisse,
2441 5621 2717 5683 inquibus
2774 5633 2921 5669 suam
2975 5618 3198 5684 quisipse
3228 5616 3499 5677 familiam,
3547 5624 3604 5671 et

2021 5706 2185 5760 pecus
2215 5690 2666 5757 quamplurimum
2714 5699 2941 5757 poterat,
2976 5688 3173 5738 alebat.
3200 5685 3602 5760 ANosrriﬂauteiu

2023 5757 2196 5829 reges,
2231 5776 2379 5813 more
2425 5760 2524 5811 hoc
2575 5769 2803 5819 retento,
2833 5760 3137 5823 complures
3162 5757 3425 5823 ejusmodi
3451 5764 3603 5813 villas

2026 5836 2342 5893 habuerunt,
2378 5846 2470 5896 per
2501 5840 2668 5882 tutum
2711 5842 2931 5894 regnum
2979 5842 3214 5893 sparsas,
3274 5831 3344 5882 ita
3380 5839 3435 5883 nt
3468 5847 3599 5881 nttn~

2029 5918 2187 5969 quam
2217 5902 2328 5955 lere
2380 5908 2529 5955 extra
2566 5914 2686 5953 suas
2728 5899 2937 5959 domos,
2988 5897 3149 5952 etiam
3196 5902 3249 5955 in
3300 5900 3611 5971 itineribus,
