3966 6348
356 365 419 424 ιι
428 368 450 420 1

1345 370 1403 428 S.
1445 367 1775 426 GREGORII
1819 367 2120 424 EPIStTOPi
2160 365 2591 423 TURONENSIS

3517 372 3622 427 412

357 481 595 539 nolentes
622 479 791 540 abire,
819 496 872 534 in
920 480 1216 536 custodiam
1262 481 1466 536 retrudi
1514 481 1694 551 jussit,
1728 491 1788 535 ut
1834 495 1927 534 eos
1959 484 2005 539 Λ
2033 493 2145 531 mas
2167 488 2220 531 et
2247 477 2453 541 oscula,
2485 492 2605 529 cuiu
2652 480 2719 530 dc
2760 486 2911 545 porta
2941 478 3309 548 egrederetur,
3345 496 3454 533 uno
3503 497 3625 538 car-

354 569 559 624 facilius
603 584 723 629 cum
779 570 885 625 ﬁlia
933 566 1295 628 transmittere
1335 584 1535 642 posset.
1580 575 1709 625 Nam
1763 572 1940 626 ferunt.

301 660 306 671 '
354 661 551 713 multos
576 660 674 715 sibi
714 663 784 715 ob
817 662 951 716 hanc
984 665 1392 717 amaritudinem
1422 666 1586 717 vitam
1634 664 1821 732 laqueo
1847 678 1940 716 ex-

355 752 595 816 torsisse,
625 752 750 806 dum
779 754 844 808 de
877 756 1184 824 parentibus
1234 755 1466 825 propriis
1496 756 1692 809 auferri
1737 762 1940 807 metue-

354 839 504 895 bant.
536 842 895 912 Separabatur
919 857 1094 901 autem
1126 846 1266 901 ﬁlius
1297 863 1324 899 a
1350 860 1521 914 patre,
1558 858 1729 901 mater
1751 862 1779 900 a
1810 846 1937 915 ﬁlia,

353 938 407 983 et
432 945 552 984 cum
580 933 725 1000 gravi
752 935 951 1001 gemitu
981 950 1042 988 ac
1067 936 1531 989 maledictionibus
1558 935 1937 1000 discedebant;

354 1031 640 1093 tantusque
670 1027 913 1094 planctus
956 1030 1005 1080 in
1039 1030 1168 1082 urbe
1194 1029 1356 1098 322
1408 1028 1669 1081 Parisiaca
1702 1036 1838 1095 erat,
1886 1036 1941 1079 ut

352 1115 587 1182 plauctui
615 1129 1012 1185 compararetur
1038 1120 1311 1189 1E3yptio.
1357 1119 1502 1173 Multi
1533 1135 1661 1173 vero
1689 1120 1942 1173 meliores

354 1216 480 1259 natu
512 1216 537 1243 ⁸
558 1251 572 1274 ,
603 1209 691 1278 qui
717 1210 767 1263 vi
789 1211 1247 1279 compellebantur
1278 1211 1449 1274 abire,
1481 1216 1796 1263 testamenta
1826 1223 1946 1264 con-

354 1298 628 1366 diderunt,
672 1317 865 1373 resque
918 1319 1043 1359 suas
1096 1304 1336 1359 ecclesiis
1392 1304 1734 1371 deputantes,
1785 1310 1944 1372 atque

353 1402 617 1461 potentes,
654 1406 709 1449 ut
737 1412 855 1449 cum
888 1398 941 1450 in
975 1398 1254 1466 llispanias
1291 1398 1463 1467 puella
1502 1397 1803 1458 introisset,
1831 1407 1943 1449 sta-

355 1481 449 1537 tim
478 1494 791 1540 tes1aincnta
820 1486 929 1552 illa,
973 1502 1222 1558 tanquam
1266 1488 1311 1541 si
1338 1487 1447 1556 jaui
1493 1497 1678 1541 essent
1721 1488 1940 1554 sepulti,

357 1585 750 1630 reserarentur.
785 1578 992 1632 Interea
1024 1580 1178 1646 legati
1229 1580 1368 1648 regis
1412 1577 1739 1632 Cbi'deberti
1799 1578 1944 1631 Pari-

354 1666 465 1719 sios
516 1666 869 1732 advenerunt,
921 1679 1288 1723 contestantes
1337 1670 1645 1736 Chilperico
1699 1669 1831 1735 regi,
1887 1679 1942 1721 ut

354 1757 489 1811 nihil
519 1758 587 1812 de
616 1759 937 1823 civitatibus,
966 1774 1095 1829 quas
1118 1761 1186 1814 de
1219 1775 1380 1829 regno
1407 1761 1571 1828 patris
1594 1758 1675 1813 sui
1703 1759 1937 1823 tenebat,

2042 585 2186 623 ruca:
2216 567 2437 622 eﬁ'racto
2462 584 2582 629 axe,
2611 583 2799 623 omnes
2828 569 3125 623 Mala-hora
3167 571 3415 626 dixerunt
3442 590 3454 625 :
3484 573 3626 642 quod

2041 673 2069 711 a
2098 660 2415 728 quibusdam
2461 675 2561 729 pro
2615 660 2855 728 auspicio
2894 656 3208 730 susceptum
3238 673 3337 716 est.
3393 664 3630 734 Denique

2046 749 2162 804 haec
2191 752 2259 806 de
2290 752 2509 805 Parisiis
2555 767 2860 822 progressa,
2901 761 3091 806 octavo
3121 754 3187 808 ab
3219 755 3349 808 urbe
3380 755 3630 813 milliario

2042 844 2268 898 tentoria
2304 844 2391 911 ﬁgi
2434 846 2706 913 pramepit.
2747 846 3038 915 Surgentes
3068 848 3211 901 enim
3243 847 3625 921 quinquaginta

2041 937 2139 990 viri
2182 937 2251 991 de
2312 946 2502 1003 nocte,
2545 938 2893 1006 apprehensis
2937 948 3150 993 centum
3198 941 3467 1009 equitibus
3512 941 3624 1012 [ΑΙ.

2041 1027 2213 1099 equis]
2240 1030 2475 1097 optimis,
2508 1030 2834 1096 totidemque
2875 1029 3040 1084 frenis
3077 1034 3273 1095 aureis,
3310 1047 3372 1086 ac
3418 1033 3655 1088 duabus

2041 1120 2247 1174 catenis
2278 1122 2504 1190 magnis,
2535 1121 2602 1175 ad
2635 1119 3040 1175 Childebertum
3073 1136 3253 1193 regem
3285 1123 3407 1193 fuga
3436 1125 3627 1194 dilapsi

2041 1210 2311 1263 abierunt.
2365 1211 2470 1265 Sed
2513 1216 2568 1265 et
2598 1225 2693 1278 per
2741 1217 2909 1264 totum
2954 1211 3056 1265 iter
3084 1228 3203 1266 cum
3239 1215 3342 1266 labi
3394 1217 3511 1269 uuis
3533 1230 3629 1284 po.

2043 1300 2254 1364 luisset,
2287 1299 2592 1368 elTugiebat,
2622 1300 2800 1354 ferens
2845 1316 3029 1356 secum
3074 1318 3194 1371 qua:
3247 1307 3486 1373 arripere
3535 1322 3630 1375 po-

2043 1392 2251 1447 tuisset.
2284 1396 2579 1461 Apparatus
2618 1409 2831 1463 quoque
2866 1410 3089 1464 magnus
3118 1410 3368 1465 expensa:
3399 1396 3425 1433 ά
3453 1400 3520 1452 de
3545 1400 3631 1452 di-

2044 1484 2215 1537 versis
2240 1483 2542 1538 civitatibus
2586 1485 2639 1538 in
2684 1486 2877 1541 itinere
2920 1498 3275 1556 congregatus
3300 1497 3407 1554 est,
3439 1491 3492 1544 in
3521 1506 3631 1561 quo

2044 1570 2174 1625 nihil
2211 1573 2279 1626 de
2308 1572 2436 1628 ﬁsco
2477 1589 2574 1627 suo
2622 1589 2715 1628 rex
2742 1574 2856 1628 dari
2887 1578 3157 1645 praecepit,
3205 1578 3305 1631 nisi
3332 1580 3531 1633 omnia
3562 1582 3631 1636 de

2043 1678 2333 1733 pauperum
2364 1664 2691 1734 conjecturis
2731 1674 2777 1719 θ.
2812 1665 2920 1721 Sed
2961 1668 3216 1736 quoniam
3250 1669 3487 1737 suspicio
3515 1682 3631 1727 erat

2042 1753 2154 1821 regi
2184 1792 2201 1817 ,
2232 1769 2299 1807 ne
2328 1755 2494 1809 frater
2514 1765 2605 1808 aut
2632 1769 2798 1824 nepos
2827 1756 3036 1826 aliquas
3083 1757 3303 1812 insidias
3335 1761 3522 1827 puellae
3572 1762 3627 1816 in

354 1848 613 1916 auferret,
659 1862 748 1906 aut
793 1852 859 1921 de
891 1854 1156 1907 thesauris
1185 1850 1303 1921 ejus
1334 1853 1384 1903 in
1415 1850 1596 1918 aliquo
1632 1852 1789 1902 tiliaui
1824 1865 1939 1903 mu-
1970 1848 2016 1907 Β
2042 1844 2126 1898 via
2160 1856 2426 1912 pararent.
2461 1846 2711 1900 vallatam
2758 1847 2826 1901 ab
2879 1849 3119 1904 exercitu
3174 1865 3394 1921 pergere
3438 1851 3624 1922 jussit.

353 1950 587 2006 nerarct,
632 1958 693 1995 ac
730 1959 832 1997 non
882 1944 1165 2011 mancipia,
1198 1958 1303 1995 non
1346 1943 1551 2010 equites
1582 1940 1692 2012 [Αἰ.
1726 1939 1939 2012 equos],

354 2034 603 2101 noujuga
637 2035 826 2099 boum,
876 2051 1047 2103 neque
1081 2035 1283 2103 aliquid
1334 2033 1704 2102 hujuscemodi
1754 2034 1821 2086 de
1862 2032 1945 2086 bis

353 2123 576 2175 auderet
604 2124 888 2192 attingere.
922 2124 995 2177 De
1044 2124 1237 2191 quibus
1316 2124 1504 2192 legatis
1551 2139 1712 2175 unum
1769 2123 1946 2177 ferunt

353 2215 487 2267 t'lam
518 2214 918 2282 interemptum,
962 2214 1058 2269 sed
1105 2216 1343 2269 nescitur
1370 2230 1399 2267 a
1427 2230 1551 2283 quo.
1590 2214 1836 2282 Suspicio
1868 2223 1947 2267 ta-

356 2319 479 2358 men
512 2307 820 2358 vertebatur
843 2306 906 2359 ad
940 2320 1143 2375 regem.
1177 2306 1501 2360 Promittens
1522 2320 1650 2360 vero
1678 2306 1944 2374 Chilperi-

356 2410 454 2447 cus
480 2409 570 2453 rex
605 2395 735 2449 nihil
768 2396 834 2450 de
865 2396 947 2450 his
984 2398 1316 2466 contingere,
1349 2400 1663 2451 convocatis
1701 2399 1944 2451 meliori-

355 2486 454 2547 bus
482 2487 725 2554 Francis,
759 2490 1084 2559 reliquisque
1119 2491 1383 2551 lidelibus,
1417 2490 1628 2558 nuptias
1652 2493 1945 2546 celebravit

356 2578 476 2635 tiliae
506 2595 616 2632 sua}
661 2579 705 2636 δ,
757 2580 1078 2650 'l‘raditaque
1111 2582 1297 2650 legatis
1329 2582 1670 2647 Getthorum,
1721 2596 1945 2650 magnos

360 2670 408 2722 ei
444 2669 723 2722 thesauros
775 2670 951 2737 dedit;
981 2671 1075 2724 sed
1119 2679 1175 2725 et
1221 2685 1393 2725 mater
1449 2671 1564 2739 ejus
1626 2673 1943 2726 immensum

354 2765 563 2833 pondus
589 2767 701 2819 auri
728 2768 1060 2836 argentique,
1093 2767 1205 2820 sive
1236 2767 1675 2820 vestimentorum
1706 2768 1943 2837 protulit,

359 2861 429 2909 ita
472 2870 529 2911 ut
556 2859 739 2912 videns
772 2860 885 2913 bare
908 2876 1023 2925 rex,
1055 2858 1184 2912 nihil
1214 2859 1313 2912 sibi
1360 2860 1679 2914 remansisse
1712 2869 1943 2927 putare'.

357 2950 527 3018 Quem
550 2965 776 3007 cernens
798 2952 980 3022 regina
1003 2961 1350 3015 commotum,
1390 2964 1649 3004 conversa
1680 2950 1745 3005 ad
1777 2951 1944 3005 Fran-

354 3054 470 3103 cas,
502 3039 572 3093 ita
606 3041 720 3097 ait:
754 3040 829 3093 Ne
880 3041 1096 3109 putetis,
1149 3054 1182 3093 ο
1226 3041 1349 3103 viri,
1404 3040 1695 3108 quidquam
1747 3041 1833 3095 hic
1878 3041 1945 3097 de

357 3131 624 3187 thesauris
672 3135 998 3187 anterioruiu
1058 3149 1239 3201 regum
1298 3132 1501 3187 haberi.
1556 3134 1745 3187 Omnia
1801 3135 1942 3189 enim

2052 1940 2213 1993 Erant
2242 1950 2417 1992 autem
2468 1955 2588 1993 cum
2622 1955 2685 1994 ea
2721 1941 2816 1995 viri
2862 1941 3126 2011 magniﬁci
3160 1958 3175 1996 :
3226 1944 3368 1999 Βυὺο
3394 1944 3523 2009 dux,
3572 1948 3629 1998 ti-

2051 2026 2153 2081 lius
2194 2029 2563 2092 Mummoleui,
2613 2044 2735 2083 cum
2776 2046 2966 2098 uxore,
3000 2032 3150 2099 quasi
3200 2038 3631 2105 paranympiius;

2050 2119 2436 2189 Domegiselus,
2486 2129 2541 2173 ct
2583 2121 2953 2187 Ansoualdus;
2989 2123 3164 2192 major
3210 2126 3401 2179 donius
3450 2134 3630 2180 autem

1992 2272 2017 2303 ³
2046 2211 2256 2269 Waddo
2289 2210 2334 2280 τ,
2365 2213 2454 2283 qui
2494 2213 2619 2268 olim
2651 2214 2994 2270 Santonicum
3024 2226 3234 2270 rexerat
3270 2219 3580 2272 comitatum
3611 2236 3629 2274 :

2047 2303 2311 2372 reliquum
2341 2319 2469 2358 vero
2491 2306 2676 2372 vulgus
2705 2320 2867 2374 super
2896 2316 3122 2374 quatuor
3144 2308 3306 2361 millia
3339 2320 3474 2363 erat.
3514 2309 3628 2364 Ca:-

2048 2398 2144 2451 teri
2176 2406 2351 2452 autem
2394 2397 2557 2452 duces
2582 2411 2634 2452 et
2664 2401 2939 2453 camerarii
2986 2408 3047 2467 8,
3072 2401 3160 2471 qui
3191 2416 3311 2455 cum
3352 2417 3413 2456 ea
3444 2419 3630 2473 prope-

2048 2495 2322 2553 raverant,
2369 2488 2436 2542 de
2468 2488 2682 2542 Pictavo
2729 2491 2957 2559 regressi
2994 2500 3151 2555 sunt;
3204 2492 3289 2545 isti
3344 2508 3473 2547 vero
3532 2496 3628 2549 iter

2047 2580 2411 2647 conficientes,
2442 2580 2735 2649 pergebant
2763 2592 2821 2635 ut
2865 2592 3129 2651 poterant.
3162 2582 3265 2638 Per
3303 2601 3460 2654 quam
3488 2586 3629 2640 viain

2051 2680 2196 2725 tanta
2226 2673 2422 2740 spolia,
2454 2682 2721 2741 tantaeque
2743 2674 2936 2743 prmdai
2965 2672 3121 2728 facta:
3159 2684 3305 2739 sunt,
3347 2688 3402 2729 ut
3427 2678 3513 2730 vix
3542 2693 3628 2732 va-

2050 2764 2192 2818 leant
2234 2766 2502 2828 enarrari;
2536 2782 2657 2820 nam
2709 2767 2988 2835 hospitiola
3036 2783 3325 2836 pauperum
3356 2771 3627 2839 exspolia-

2050 2858 2199 2921 bant,
2231 2858 2416 2911 vineas
2456 2857 2832 2922 devastabaut,
2866 2858 2939 2911 ita
2991 2868 3047 2912 ut
3092 2859 3274 2913 incisis
3317 2861 3629 2914 caudicibus

2050 2964 2168 3004 cum
2203 2948 2318 3003 uvis
2356 2946 2385 2985 ιι
2426 2948 2718 3016 auferrent,
2751 2949 2989 3004 levantes
3020 2963 3231 3017 pecora,
3263 2950 3345 3005 vel
3375 2950 3629 3019 quidquid

2049 3039 2290 3094 invenire
2328 3039 2644 3108 potuissent,
2677 3039 2919 3109 nihilque
2953 3054 3047 3109 per
3097 3040 3238 3094 viam
3281 3057 3382 3109 qua
3419 3041 3627 3110 gradie-

2050 3131 2244 3211 baptur
2283 3132 2680 3201 relinquentes;
2714 3132 3098 3201 impletumque
3142 3140 3226 3188 est
3252 3135 3394 3202 quod
3424 3134 3628 3188 dictum

355 3241 476 3294 qua:
498 3227 738 3299 cein'tis,
772 3225 838 3279 de
868 3241 984 3280 mea
1032 3227 1361 3294 proprietate
1402 3226 1577 3278 oblata
1632 3233 1777 3289 sunt,
1824 3226 1943 3295 quia
1975 3220 2020 3282 C
2052 3230 2134 3275 cst
2158 3237 2251 3290 per
2281 3221 2397 3275 λος-1
2443 3223 2755 3290 prophetam
2790 3239 2804 3274 :
2839 3221 3117 3277 Ilesiduum
3156 3224 3364 3277 locusta
3410 3226 3628 3278 comedit

355 3318 484 3372 mibi
514 3319 932 3387 gloriosissimus
978 3334 1067 3373 rex
1108 3318 1273 3370 multa
1325 3318 1548 3387 largitus
1578 3326 1682 3372 cst.
1737 3317 1804 3371 Et
1845 3333 1945 3385 ego

355 3410 605 3463 nonnulla
630 3410 697 3464 de
728 3410 942 3479 proprio
968 3409 1285 3476 cougrrgavi
1335 3409 1515 3462 labore
1549 3418 1607 3473 ε,
1641 3417 1697 3463 et
1740 3408 1806 3463 de
1851 3408 1948 3464 do-

356 3501 527 3552 utilius
551 3500 681 3553 mihi
709 3500 1003 3560 concessis,
1041 3511 1145 3552 tam
1174 3503 1238 3552 de
1268 3500 1529 3553 fructibus
1560 3514 1719 3567 quam
1753 3499 1820 3554 de
1852 3502 1947 3553 tri-

354 3587 514 3654 butis;
545 3590 773 3658 plurima
799 3593 1058 3658 reparavi.
1093 3589 1197 3644 Sed
1248 3601 1303 3643 et
1352 3605 1445 3642 Vtts
1494 3592 1803 3658 plerumque
1860 3607 1945 3647 me

352 3681 658 3735 muneribus
689 3682 879 3735 vestris
927 3680 1159 3743 ditastis,
1207 3680 1275 3734 de
1305 3680 1500 3748 quibus
1526 3691 1650 3734 sunt
1684 3682 1786 3734 ista
1826 3696 1945 3748 quae

354 3784 497 3824 nunc
523 3786 704 3832 coram
739 3770 971 3836 videtis;
1003 3782 1131 3823 nam
1160 3772 1244 3823 hic
1294 3771 1360 3823 de
1419 3772 1685 3825 thesauris
1718 3771 1944 3836 publicis
1994 3814 2009 3817 κ

354 3861 486 3916 nihil
521 3861 767 3915 habetur.
819 3859 886 3913 Et
917 3862 993 3915 sic
1021 3861 1231 3914 animus
1263 3860 1406 3931 regis
1433 3862 1647 3915 delusus
1670 3871 1773 3915 est.
1812 3861 1941 3915 Nam

352 3965 496 4008 tanta
525 3954 623 4009 fuit
647 3955 927 4009 multitudo
958 3970 1160 4019 rerum,
1203 3965 1260 4007 ut
1304 3969 1495 4008 aurum
1527 3964 1941 4023 argentumque,

351 4060 405 4100 et
434 4048 637 4116 reliqua
666 4054 1004 4110 ornamenta,
1053 4047 1439 4116 quinquaginta
1499 4046 1731 4115 plaustra
1792 4048 1939 4099 leva-

350 4149 489 4193 rent.
521 4139 709 4193 Franci
758 4153 887 4192 vero
930 4138 1094 4191 multa
1125 4138 1285 4209 323
1320 4152 1538 4192 munera
1578 4137 1891 4191 obtulerunt
1924 4153 1938 4191 :

348 4229 440 4282 alii
466 4244 676 4294 aurum,
696 4230 787 4284 alii
812 4238 1115 4298 argentum,
1137 4230 1605 4297 uouuulliequites
1628 4227 1703 4302 [Ι.
1723 4224 1938 4299 equos],

349 4321 587 4389 plerique
617 4324 958 4387 vestimenta,
990 4330 1045 4377 et
1074 4322 1443 4390 unusquisque
1486 4330 1542 4375 ut
1574 4324 1745 4390 potuit
1773 4322 1941 4376 dona-

350 4412 516 4467 tivum
540 4412 710 4469 dedit.
733 4412 851 4467 Jam
879 4429 1009 4468 vero
1038 4412 1359 4467 valefaciens
1386 4413 1587 4482 puella,
1619 4423 1738 4482 post
1768 4413 1940 4482 lacry-

351 4575 788 4659 comnia.ne[ent;
822 4568 1110 4659 eanuibus
1139 4568 1241 4621 sibi
1283 4568 1498 4649 suisque
1523 4569 1719 4659 .omnia
1761 4567 1929 4649 ferme
1959 4600 2013 4659 Β

351 4638 851 4706 suppeditabantur.
884 4640 951 4693 Ibi
978 4639 1120 4693 enim
1149 4649 1302 4692 erant
1336 4639 1709 4707 agricultores,
1735 4640 1929 4691 vinito-

352 4724 461 4774 res,
493 4720 755 4776 pastores,
788 4712 964 4778 coqui,
999 4712 1248 4777 pistores,
1279 4718 1409 4770 etc.,
1441 4710 1525 4774 qui
1558 4724 1712 4761 suum
1735 4710 1931 4778 quique

350 4793 486 4845 Opus
514 4782 855 4844 excreebant,
906 4782 1086 4847 illique
1132 4779 1333 4833 servili
1366 4780 1508 4832 cales
1558 4782 1672 4832 sive
1728 4790 1930 4847 regates

350 4850 698 4915 dicebantur;
730 4866 861 4918 quos
880 4851 967 4904 alii
993 4848 1240 4918 familiam
1277 4848 1621 4915 dominicam,
1649 4849 1736 4902 alii
1771 4852 1927 4903 inini-

351 4921 599 4976 steriales
628 4916 802 4990 regius
855 4916 1214 4989 appell-bant.
1276 4920 1341 4973 Iis
1391 4930 1496 4973 tam
1551 4920 1711 4984 villis,
1767 4936 1928 4987 quum

352 4990 658 5044 hominibus
708 5002 970 5058 prteeraut
1011 4992 1297 5045 domestici
1350 4992 1491 5059 regis
1546 5005 1925 5057 nonnunquam

349 5064 511 5116 etiam
542 5061 770 5129 majores
798 5064 989 5116 domus
1017 5064 1163 5127 dicti,
1187 5063 1277 5129 qui
1304 5076 1368 5115 eo
1396 5064 1719 5128 potentiores
1748 5070 1920 5126 erant,

348 5148 456 5199 quo
487 5132 720 5198 pluribus
754 5136 890 5185 villis
924 5134 1381 5194 perliciebantur;
1416 5132 1700 5199 unicuique
1744 5140 1920 5185 autent

349 5206 490 5255 Villa:
521 5218 649 5255 suus
677 5217 791 5255 erat
826 5214 1157 5269 procurator,
1192 5213 1342 5256 actor
1386 5203 1687 5255 dominicus
1718 5201 1917 5265 dictus,

348 5274 434 5339 qui
462 5274 758 5327 domestico
787 5275 1080 5341 subjectus,
1114 5273 1211 5339 ipsi
1247 5274 1504 5326 rationein
1538 5274 1763 5326 reddere
1786 5284 1925 5325 tene-

348 5345 521 5397 butur.
552 5344 708 5398 Tales
729 5359 878 5397 erant
907 5359 1088 5411 regum
1121 5355 1421 5397 uostromm
1447 5344 1681 5407 lautiliac,
1714 5360 1777 5395 ex
1806 5345 1923 5409 qui-

349 5416 448 5467 bus
473 5414 802 5482 Cliilpcricus
823 5416 943 5481 jure
978 5431 1075 5469 Stto
1107 5422 1282 5480 utens,
1316 5418 1509 5468 inultos
1536 5414 1697 5466 etiam
1730 5414 1923 5465 invitos

347 5482 401 5537 iu
429 5485 730 5554 Hispaniain
768 5487 915 5539 abire
944 5488 1141 5556 coegit.

423 5551 557 5625 f'Sic
583 5558 917 5619 dicebautur,
950 5575 980 5625 q
1026 5551 1327 5623 {dignitate
1372 5554 1544 5621 aliqua
1588 5561 1679 5605 aut
1731 5551 1924 5619 opibus

349 5624 654 5695 pollebant;
685 5624 1060 5695 nonnunquam
1091 5628 1252 5681 etiam
1296 5629 1515 5695 majores
1552 5634 1693 5686 nutu,
1724 5632 1817 5673 aut
1844 5639 1923 5675 se.

350 5699 519 5751 nium
574 5699 1014 5762 appellabantur;
1070 5708 1124 5750 ct
1171 5695 1473 5748 econtrario
1527 5696 1745 5746 minores
1800 5701 1924 5744 nutu

350 5769 438 5833 qui
482 5767 610 5820 nihil
650 5786 809 5838 supra
861 5771 1102 5837 plebeios
1152 5767 1439 5821 habebant.
1494 5765 1622 5819 Vidi:
1679 5764 1919 5819 Glossnr.

354 5839 559 5907 CJI’S“.

2050 3331 2199 3367 eruca
2232 3313 2277 3379 ί,
2303 3326 2348 3368 et
2374 3316 2633 3367 residuum
2658 3329 2825 3369 eruat
2872 3315 3088 3367 comedit
3132 3315 3370 3380 bruchus,
3420 3327 3467 3370 et
3504 3318 3627 3370 resi-

2049 3407 2206 3461 duum
2238 3407 2411 3461 bruchi
2439 3408 2653 3461 comedit
2700 3408 2878 3477 rubigo
2922 3406 3059 3478 (Joel
3088 3424 3133 3472 t,
3181 3408 3263 3479 4).
3311 3409 3384 3462 lta
3428 3418 3483 3463 et
3527 3411 3629 3464 hoc

2048 3508 2225 3554 actum
2255 3509 2340 3556 est
2377 3510 2641 3567 tempore.
2672 3497 2834 3569 324
2863 3507 2920 3551 ιιι
2960 3498 3229 3554 residuum
3262 3500 3461 3567 pruinae
3505 3518 3627 3570 pro-

2049 3600 2248 3648 tereret
2278 3600 2589 3659 tempestas,
2633 3601 2687 3644 et
2719 3590 2990 3643 residuum
3025 3590 3353 3657 tempestatis
3377 3603 3629 3648 exureret

2048 3680 2286 3747 siccitas,
2318 3688 2374 3735 et
2395 3681 2664 3734 residuum
2693 3680 2950 3734 siccitatis
2971 3681 3205 3734 auferret
3232 3680 3522 3735 hostilitas.

2120 3772 2302 3826 XLVI.
2361 3772 2454 3827 His
2497 3773 2675 3842 itaque
2725 3786 2845 3826 cum
2892 3773 2989 3827 hac
3030 3773 3205 3841 prtuda
3260 3774 3626 3845 pergentibus,

2046 3865 2404 3935 Chilpericus,
2438 3863 2578 3919 Nero
2623 3866 2791 3920 nostri
2831 3866 3085 3933 temporis
3138 3875 3191 3920 et
3239 3867 3503 3932 Herodes,
3555 3870 3624 3923 ad

2049 3956 2232 4010 villam
2289 3953 2595 4019 Calensem,
2657 3969 2778 4024 qua:
2841 3953 3003 4008 diSIat
3054 3954 3122 4009 ab
3172 3955 3301 4009 urbe
3357 3955 3627 4012 Parisiaca

2046 4046 2196 4116 quasi
2253 4053 2467 4098 centum
2517 4044 2728 4108 stadiis,
2780 4044 3035 4112 accedit,
3089 4045 3269 4115 ibique
3314 4048 3628 4103 venationes

2046 4145 2286 4192 exercet.
2317 4136 2556 4201 Quadam
2600 4151 2728 4191 vero
2770 4137 2856 4190 die
2899 4151 3179 4206 regressus
3223 4139 3289 4193 de
3317 4140 3625 4208 venatione,

2042 4230 2154 4300 jam
2182 4229 2509 4285 subobscura
2539 4237 2715 4294 nocte,
2743 4228 2868 4283 dum
2898 4227 2966 4284 de
2996 4244 3135 4298 equo
3157 4230 3540 4299 susciperetur,
3572 4243 3627 4287 et

2044 4338 2204 4378 unam
2233 4337 2450 4377 manum
2481 4336 2645 4390 super
2676 4321 2947 4391 scapulam
2974 4321 3125 4389 pueri
3153 4324 3430 4388 retineret,
3459 4322 3624 4378 adve-

2045 4415 2198 4471 niens
2224 4413 2438 4483 quidam
2467 4426 2590 4468 eum
2617 4412 2797 4467 cultro
2838 4410 3067 4481 percutit
3098 4410 3200 4467 sub
3221 4412 3495 4475 ascellam.
3527 4412 3624 4470 ite-

2112 4567 2141 4608 ιι
2184 4568 2314 4621 Vide
2337 4582 2456 4635 cap.
2487 4566 2665 4620 9'Iibri
2696 4564 2994 4635 sequentis.

2108 4650 2131 4678 ο
2176 4641 2229 4691 In
2261 4641 2422 4693 ωσι-1).
2448 4638 2598 4692 deest
2619 4637 2812 4689 labore.

2105 4707 2131 4746 ἀ
2193 4710 2382 4779 Regni.
2427 4717 2484 4763 et
2527 4707 2767 4773 Chesn.,
2822 4715 2870 4762 et
2919 4720 3256 4777 expertem...

2122 4798 2135 4830 1
2166 4820 2180 4832 .

2039 4790 2157 4888 “'0‘
2176 4850 2227 4903 ld
2254 4858 2338 4903 est
2362 4846 2845 4903 contributiouibus
2869 4862 2961 4902 seu
2983 4844 3245 4910 collectis,
3278 4845 3617 4913 potissimum

2032 4937 2151 4989 qute
2177 4934 2327 4974 extra
2357 4918 2597 4989 ordinem
2628 4918 2823 4989 ﬁebant
2854 4934 2866 4968 :
2892 4918 3049 4989 _alias
3094 4916 3617 4989 co_njecto_diceban-

2036 4985 2140 5052 tur,
2171 5003 2224 5042 ut
2254 4992 2502 5043 observat
2526 4987 2903 5056 Biguoniusad
2942 4988 3034 5041 lib.
3068 4985 3378 5056 auarculfi,
3408 5001 3529 5054 cap.
3558 4987 3615 5042 3.

2107 5061 2125 5100 ί
2166 5060 2318 5114 Coll).
2351 5076 2422 5112 ni.
2444 5068 2498 5113 et.
2517 5054 2614 5111 Ch'.
2636 5058 2732 5122 al.,
2768 5055 2987 5114 Watdo:
3007 5059 3215 5125 liegm.,
3244 5054 3463 5120 Wardo,‘
3494 5056 3623 5111 Bec.

2037 5131 2246 5186 Waldo.
2278 5130 2333 5183 In
2377 5130 2553 5182 indice
2574 5128 2809 5191 capitqu
2838 5128 2990 5181 (λιιι).
3021 5142 3096 5188 2..
3128 5124 3371 5179 Walado.

2101 5211 2129 5249 tt
2169 5200 2506 5253 (lauierarios
2527 5197 2746 5252 eosdem
2778 5212 2839 5251 ac
2880 5196 3236 5252 cubicularios
3282 5196 3448 5251 fuisse
3491 5209 3624 5250 ceu-

2029 5282 2111 5325 set
2141 5271 2426 5338 Biguouius
2475 5270 2529 5321 in
2579 5266 2797 5321 formul.
2848 5266 2917 5338 23
2948 5267 3040 5320 lib.
3076 5282 3092 5338 t
3122 5265 3377 5338 Marcelli.
3416 5265 3615 5319 Eorum

2035 5336 2221 5395 officia
2263 5341 2579 5393 Iliucmarus
2607 5339 2828 5397 exponit
2865 5336 2949 5391 his
2979 5337 3201 5390 verbis:
3254 5336 3328 5390 De
3357 5337 3624 5389 honestate

2030 5428 2148 5465 vero
2175 5411 2369 5481 palatii,
2400 5426 2487 5463 seu
2510 5408 2798 5481 specialiter
2828 5416 3126 5481 ornamento
3156 5407 3341 5481 regali,
3384 5422 3476 5458 nec
3515 5423 3628 5481 non,

2033 5493 2076 5536 et
2102 5476 2338 5534 de'douic
2381 5479 2567 5533 annuis
2619 5478 2857 5539 militum,
2914 5476 3103 5544 ubique
3147 5478 3259 5530 cibo
3307 5490 3350 5530 et
3375 5485 3495 5544 potu
3545 5477 3621 5529 vel

2030 5554 2191 5621 equis,
2244 5550 2311 5602 ad
2330 5553 2556 5616 reginam
2585 5549 2968 5621 prazcip‘ueuet
3002 5545 3091 5599 sub
3120 5546 3232 5621 ipso
3277 5547 3343 5600 ad
3384 5560 3618 5621 camera-

2033 5616 2165 5675 rium
2191 5622 2492 5689 pertinebat,
2528 5629 2631 5671 etc.
2691 5618 2819 5671 Vide
2869 5616 3083 5689 Tiliutn.
3141 5616 3412 5673 Falcetuin
3460 5616 3605 5687 Orig,

2035 5695 2123 5747 lib.
2152 5688 2201 5750 ιζ
2235 5706 2351 5755 cap.
2385 5692 2469 5751 11,
2493 5699 2547 5743 et
2577 5690 2828 5757 tlangium
2863 5689 2916 5741 in
2945 5688 3241 5743 Glo.~sario.

2042 5800 2055 5809 ρ
2105 5760 2132 5798 ιι
2171 5761 2356 5825 (ιλιι-θη
2390 5760 2634 5815 culicibus
2660 5758 2875 5813 cunctis.

2111 5832 2125 5871 ί
2182 5832 2367 5897 (20th.,
2399 5845 2575 5899 crugo.

3297 4714 3625 4778 congregata:
