3966 6348
418 372 519 429 “5

419 485 518 542 XX
534 480 599 540 V.
645 484 718 536 De
737 484 912 552 spoliis
964 480 1235 551 Murilriﬁ.

416 555 630 610 XXVI.
681 550 828 617 Quod
857 550 1221 606 Gundomldus
1255 552 1484 603 civitates
1527 550 1781 602 circumit.

1407 366 1466 423 S.
1507 363 1836 422 GREGDRII
1881 362 2188 418 EPISCOII
2232 361 2662 419 τυιιυθῐιεδδιε

3563 350 3668 401 Uti

713 624 787 696 De
811 625 1004 696 injuria
1054 621 1307 696 .iIagnuI/i
1339 621 1485 692 [Nisa
1513 622 1584 696 al,
1620 617 1871 690 AginuI/i]
1903 619 2148 687 episcopi.

415 693 700 750 XXVIII.
741 691 890 761 Quoi!
919 691 1163 748 exercitus
1193 691 1361 745 iname
1390 691 1622 743 arcessit.

417 765 633 818 XXIX.
686 764 760 818 De
808 766 1018 818 interim
1077 761 1324 826 Ebernlﬁ.

648 834 724 909 De
753 836 930 909 legalis
951 832 1298 909 gundovildi.
1365 902 1396 909 __
1539 899 1542 902 ᾔ
1631 899 1639 909 _

417 903 632 960 XXXI.
683 905 758 959 De
782 902 1008 970 reliquiis
1033 904 1196 957 sanct‘
1229 902 1396 972 Sergii
1429 902 1686 970 martyris.

417 975 668 1031 XXXII.
715 975 790 1029 De
815 977 932 1028 aliis
963 973 1286 1028 Gtmdoraldi
1317 973 1524 1041 legatis.

420 1044 704 1100 XXXIII.
758 1047 906 1110 Quod
943 1042 1295 1099 Chitdeherms
1325 1038 1391 1094 ad
1424 1040 1863 1095 Guntchranmum
1893 1047 2130 1107 patruum
2157 1053 2308 1090 suum
2339 1038 2491 1091 venit.

419 1115 688 1171 XXXIV.
745 1115 896 1179 Quod
925 1113 1299 1168 Gundovaldus
1329 1112 1589 1166 Convenas
1632 1112 1778 1164 obiit.

418 1185 654 1240 XXXV.
710 1186 784 1240 De
811 1186 1022 1240 basilica
1051 1187 1212 1237 sam'ti
1256 1182 1504 1236 Vincentii
1535 1183 1773 1250 niartyris
1804 1180 2111 1246 :tgcnncnsis
2142 1188 2354 1234 vastata.

420 1255 689 1310 XXXVI.
734 1255 810 1309 De
829 1257 1166 1310 collocatione
1197 1251 1520 1307 Gundoraldi
1557 1268 1670 1305 cum
1702 1255 1944 1307 ererritu.

419 1324 732 1380 XXXVII.
780 1325 854 1378 Be
890 1325 1020 1378 bello
1045 1337 1221 1378 contra
1260 1345 1280 1375 ι.
1293 1325 1447 1377 rbem.

422 1394 759 1450 XXXVIII.
797 1395 870 1448 De
895 1397 1103 1448 interitu
1148 1393 1490 1448 Gundovaldi.

421 1464 687 1536 XXXIX.
738 1465 811 1518 De
836 1466 1036 1520 ‘nteritu
1060 1465 1329 1536 Sagitturt'i
1351 1461 1575 1535 ep'scopi
1602 1472 1649 1513 et
1681 1458 1974 1514 Mummoli.

420 1535 540 1590 XL.
603 1538 677 1592 De
703 1537 952 1590 thesauris
984 1535 1275 1589 Mummoli.

614 1607 688 1661 De
729 1609 952 1677 gigante.

423 1675 605 1729 XLII.
651 1674 745 1730 οἱ
777 1674 960 1730 uirtute
988 1675 1150 1729 sancti
1195 1674 1426 1728 Martini.

421 1745 640 1800 XLIII.
689 1746 764 1799 De
797 1747 1061 1800 Desiderio
1105 1757 1151 1799 et
1179 1745 1243 1798 de
1281 1744 1535 1799 Wadone.

423 1813 627 1886 XLIV.
677 1817 751 1870 De
788 1818 1001 1871 muliere
1027 1815 1347 1886 pytltouissa.

422 1883 605 1958 ,δέ
646 1887 720 1958 De
743 1888 880 1958 fame
908 1883 1034 1940 avni
1057 1883 1344 1958 presenti}.

424 1955 629 2010 XLVI.
677 1955 752 2010 De
785 1959 990 2011 interitu
1027 1955 1406 2023 Chrislopliori.

425 2024 518 2081 XL
535 2026 660 2082 VII.
707 2027 781 2082 De
806 2029 935 2082 bello
955 2026 1090 2081 civili
1139 2036 1249 2082 nter
1272 2026 1395 2079 cives
1421 2023 1721 2079 Turon'cos.

1057 2193 1343 2206 #-

1354 2323 1835 2431 LIBER
1911 2320 2771 2444 SEPTIMUS,

3182 2193 3466 2203 __._.._.
3473 2192 3697 2209 ...ι’-..ι

497 2558 660 2630 329
702 2555 742 2611 Ι.
777 2555 924 2610 Licet
951 2563 976 2591 ⁸
1007 2553 1074 2608 sit
1125 2551 1356 2607 studium
1404 2549 1681 2604 historiam
1731 2546 2012 2617 prosequi,
2048 2550 2097 2610 Α
2124 2546 2387 2615 integram
2416 2545 2744 2601 detulerunt.
2771 2547 3010 2612 Quodam
3055 2559 3232 2604 autem
3267 2562 3526 2620 tempore,
3558 2553 3709 2610 febre

430 2666 588 2722 quam
621 2649 855 2719 priorum
902 2646 1156 2700 librorum
1189 2644 1320 2698 ordo
1365 2643 1614 2713 reliquit,
1646 2651 1821 2694 tamen
1871 2641 2016 2708 prius

430 2743 601 2813 aliqua
647 2740 715 2796 de
759 2740 897 2795 beati
946 2738 1110 2793 Salvii
1139 2736 1375 2806 episcopi
1411 2736 1559 2790 obitu
1589 2733 1832 2803 exposcit
1873 2733 2012 2802 loqui

429 2833 662 2898 devotio,
690 2834 781 2903 qui
812 2833 913 2887 hoc
941 2846 1082 2886 anno
1110 2829 1311 2884 obiisse
1342 2828 1595 2897 probatur
1621 2826 1670 2880 δ.
1707 2826 1802 2880 llic
1837 2826 2012 2891 eiiiin,
2039 2859 2044 2863 ρ

428 2932 488 2978 ιιι
525 2923 640 2993 ipse
683 2920 884 2976 referre
909 2927 1030 2975 erat
1075 2919 1288 2986 solitus,
1332 2918 1421 2971 diu
1453 2917 1505 2970 in
1547 2916 1729 2969 habitu
1775 2929 1832 2968 8.1
1851 2915 2015 2968 culari

429 3020 805 3074 commoratus,
838 3025 958 3065 cum
995 3009 1264 3079 joiliciltus
1294 3008 1473 3062 siet-uti
1503 3006 1800 3061 mundiutes
1828 3018 2018 3058 causas

433 3114 511 3161 est
557 3112 884 3158 exsecutus:
934 3115 1205 3170 nunquam
1259 3112 1433 3152 tamen
1483 3115 1544 3152 se
1596 3097 1648 3152 in
1697 3096 1778 3150 his
1821 3111 2018 3149 concu-

435 3193 704 3266 piscentiis
731 3193 994 3264 obligans,
1025 3192 1218 3260 quibus
1257 3189 1654 3243 adofescentum
1689 3185 1901 3239 animus
1929 3202 2016 3238 so—

434 3287 557 3342 litus
583 3294 668 3341 est
713 3284 994 3354 implicati.
1027 3283 1142 3336 lam
1176 3297 1298 3336 cum
1344 3280 1508 3335 divini
1541 3278 1857 3350 spirameuti
1887 3277 2020 3331 odor

432 3379 642 3434 interna
689 3377 956 3432 viscerum
988 3377 1291 3446 attigisset,
1326 3373 1507 3428 relicta
1546 3373 1789 3428 saeculari
1832 3371 2021 3426 militia

437 3471 824 3540 monasterium
857 3470 1144 3539 expetivit,
1199 3467 1567 3536 intellexitque
1613 3465 1693 3519 vir
1736 3481 1848 3535 tam
1899 3475 2022 3518 tunc

438 3563 698 3616 divinitati
727 3561 958 3627 deditus,
984 3561 1174 3614 melius
1196 3574 1316 3613 esse
1339 3559 1412 3612 uti
1445 3567 1752 3626 paupertate
1775 3571 1894 3609 cum
1928 3555 2018 3610 Dei

439 3652 648 3716 timore,
677 3666 838 3720 quam
863 3651 1044 3705 εωρυιι
1089 3647 1364 3719 pereuntis
1394 3647 1538 3702 lucra
1569 3645 1762 3701 sectari
1791 3663 1803 3699 :
1836 3645 1886 3700 io
1918 3661 2024 3715 quo

441 3741 767 3795 monasterio
795 3740 886 3795 ditt
918 3740 1018 3796 sub
1048 3739 1227 3809 regula
1252 3754 1280 3792 a
1314 3738 1548 3808 patribus
1582 3738 1819 3790 instituta
1847 3753 2024 3790 versa-

441 3833 523 3884 tus
553 3840 654 3885 est.
685 3829 799 3886 Jam
829 3844 958 3884 vero
997 3846 1117 3884 cum
1161 3830 1215 3884 in
1259 3831 1453 3885 rubere
1483 3830 1587 3898 iuaj
1617 3829 1672 3882 eri
1719 3836 1824 3882 tam
1870 3830 2025 3883 intel-

2121 2639 2282 2692 nimia
2313 2638 2626 2700 exhaustus,
2655 2639 2882 2692 anhelus
2920 2639 3134 2708 jacebat
3163 2641 3214 2694 in
3247 2642 3467 2707 lectulo;
3498 2653 3554 2698 et
3582 2662 3710 2702 ecce

2120 2729 2296 2784 subito
2342 2744 2536 2798 magno
2577 2729 2777 2782 lumine
2809 2730 3001 2783 cellula
3030 2731 3316 2786 clarificatt
3360 2740 3709 2794 contremuit.

2121 2821 2191 2874 At
2219 2820 2309 2874 ille
2337 2821 2578 2874 extensis
2608 2821 2674 2873 ad
2720 2821 2916 2874 CtBiUltt
2967 2823 3210 2876 manibus
3253 2840 3372 2876 cum
3417 2832 3712 2893 gratiamin

2121 2913 2358 2974 actione,
2386 2912 2633 2981 spiritum
2659 2911 2950 2967 exhalavit.
2981 2911 3137 2966 Misto
3163 2930 3376 2984 quoque
3403 2917 3561 2987 331
3595 2921 3715 2972 uln-

2123 3004 2230 3056 latu
2275 3003 2523 3056 monachi
2569 3018 2690 3074 eum
2739 3002 2906 3071 ipsius
2953 3003 3208 3072 genitrice
3237 3021 3432 3072 corpus
3473 3007 3716 3064 defuncti
3799 2999 3802 3004 ’

2123 3095 2436 3161 extrahunt,
2465 3075 2598 3165 ath
2624 3094 2858 3161 diluunt,
2895 3096 3223 3151 veSIimeutis
3268 3095 3522 3161 induunt,
3549 3107 3606 3152 et
3639 3100 3715 3155 fe-

2125 3199 2270 3242 retro
2311 3199 2717 3256 su,.erponunt,
2763 3199 2920 3255 atque
2967 3189 3017 3242 in
3065 3189 3346 3258 psallentio
3375 3192 3609 3253 lletuquc
3642 3191 3716 3244 la-

2126 3279 2338 3334 bentem
2378 3282 2597 3350 exigunt
2627 3288 2862 3333 noctein.
2895 3279 3046 3334 Mane
3089 3290 3267 3334 autem
3316 3279 3478 3346 facto,
3515 3282 3716 3339 funeris

2125 3373 2302 3427 officio
2331 3383 2650 3442 praeparato,
2676 3387 2874 3438 Corpus
2906 3374 3106 3426 moveri
3133 3375 3297 3442 coepit
3327 3375 3376 3427 in
3404 3375 3626 3430 feretro.
3656 3378 3718 3430 lit

2126 3477 2252 3518 ecce
2294 3464 2448 3516 malis
2479 3461 2908 3528 rubesceuttbus,
2940 3464 3019 3517 vir
3056 3465 3205 3532 quasi
3248 3464 3315 3520 de
3341 3467 3488 3535 gravi
3521 3481 3717 3520 Somno

2127 3556 2431 3621 suscitatus,
2464 3558 2753 3619 excutitur,
2795 3557 3104 3624 apertisque
3148 3557 3336 3625 oculis,
3370 3568 3424 3612 et
3471 3560 3720 3613 manibus

2129 3648 2256 3701 elev.
2282 3649 2370 3707 tis,
2395 3648 2504 3700 ait:
2531 3647 2575 3701 0
2601 3647 2825 3702 Domine
2848 3648 3174 3726 misericors,
3203 3649 3328 3717 quid
3359 3649 3528 3703 fecisti
3562 3651 3718 3714 mihi,

2131 3748 2186 3791 ιιι
2233 3754 2318 3793 me
2358 3738 2412 3792 in
2463 3740 2604 3792 hunc
2652 3740 2997 3793 tenebrosum
3043 3739 3327 3794 mundana:
3377 3742 3722 3795 habitationis

2133 3831 2306 3884 locum
2350 3830 2524 3885 redire
2557 3832 2921 3899 permitteres,
2953 3847 3074 3884 cum
3106 3831 3235 3885 mihi
3279 3832 3470 3886 melior
3493 3844 3640 3887 esset
3669 3838 3724 3886 in

443 3921 612 3975 lectus
653 3937 812 3991 quam
857 3920 1029 3976 anatis
1058 3933 1277 3976 cvccms
1318 3929 1494 3986 esset,
1525 3919 1774 3974 defuncto
1811 3920 2020 3984 abbate,
2057 3933 2102 3992 Β
2128 3921 2268 3976 coelo
2301 3931 2382 3973 tua
2435 3920 2824 3979 misericordia.
2859 3937 3017 3991 quam
3069 3922 3224 3978 istius
3268 3924 3452 3977 mundi
3487 3926 3592 3978 vita
3630 3941 3722 3979 ne-

443 4014 530 4080 qui
565 4011 689 4069 huic
729 4022 990 4069 mona~tet
1005 4013 1056 4069 io
1087 4019 1348 4084 praeerat,
1379 4010 1556 4078 alendi
1601 4012 1775 4082 gregis
1805 4011 2030 4080 suscipit

444 4103 708 4171 oflicium;
749 4115 804 4161 et
846 4105 936 4176 qui
984 4120 1044 4160 se
1091 4103 1265 4175 magis
1314 4104 1565 4158 fratribus
1617 4101 1882 4173 pubticum
1932 4119 2030 4172 pio

446 4196 606 4266 330
649 4200 986 4252 correCtione
1036 4196 1264 4253 reddere
1306 4194 1598 4260 debuerat,
1652 4195 1712 4248 fit
1756 4205 2032 4264 assumpto

449 4289 650 4344 honore
697 4290 975 4346 remotior.
1025 4290 1176 4347 Illico
1229 4290 1333 4346 sibi
1388 4289 1732 4346 secretiorem
1784 4289 2031 4344 cellulam

448 4381 654 4444 quierit.
688 4379 820 4434 Nam
863 4381 916 4435 in
963 4381 1163 4450 priore,
1205 4390 1262 4435 ut
1303 4379 1418 4448 ipse
1456 4379 1762 4444 asserebat,
1806 4379 2034 4447 amplius

451 4485 608 4536 quam
641 4485 831 4526 novem
861 4473 1066 4527 vicibus
1099 4473 1265 4526 nimia
1292 4485 1485 4525 exesus
1527 4472 1848 4524 abstinentia
1875 4511 1890 4536 ,
1925 4471 2034 4538 pel-

453 4563 556 4612 lem
606 4562 848 4629 corporis
886 4562 1199 4616 demutavit.
1249 4562 1488 4630 Denique
1537 4577 1759 4627 accepo
1809 4564 2033 4626 honore,

453 4665 575 4704 cum
608 4651 661 4705 in
702 4651 801 4707 hac
845 4655 1151 4710 contentius
1182 4654 1506 4723 parcitnouia
1559 4655 1784 4707 orationi
1830 4665 1882 4708 et
1930 4655 2037 4709 lec-

455 4744 586 4798 tloui
633 4743 878 4810 vacaret,
920 4746 1048 4801 illud
1098 4748 1412 4817 plerumque
1461 4747 1798 4809 revolvebat,
1846 4746 2037 4800 melius

456 4835 555 4888 tibi
599 4834 747 4900 fieri,
776 4836 822 4892 si
864 4846 1010 4892 esset
1051 4838 1191 4892 inter
1231 4839 1520 4900 monachos
1563 4839 1826 4901 occultus,
1874 4852 2034 4906 quam

459 4941 653 4982 nomen
685 4930 950 4999 acceperit
978 4929 1186 4985 abbatis
1209 4928 1261 4983 in
1295 4929 1538 4998 populos.
1571 4929 1708 4994 Quid
1743 4927 1926 4996 plura?
1957 4928 2041 4981 ln-

459 5018 688 5072 rluditur
717 5021 1018 5076 valedicens
1045 5022 1315 5085 fratribus,
1347 5020 1556 5089 sibique
1583 5019 1711 5088 ipsis
1741 5017 2042 5074 taledicen-

460 5108 620 5162 tibus.
656 5108 712 5162 In
751 5125 853 5178 qua
892 5111 1186 5168 inclusione
1228 5113 1278 5166 in
1312 5113 1458 5167 outni
1488 5111 1844 5177 absttnctttia,
1875 5114 2041 5182 magis

462 5215 621 5266 quam
653 5199 800 5268 prius
827 5213 1046 5272 egerat,
1079 5214 1481 5259 commoratur:
1513 5205 1736 5258 studens
1769 5219 1863 5271 pro
1908 5203 2053 5273 cha-_

2132 4013 2425 4082 «ptissana?
2473 4014 2823 4081 Stupentibus
2871 4024 3046 4067 autem
3093 4015 3226 4080 suis,
3273 4025 3328 4069 et
3377 4015 3504 4070 inte.
3523 4033 3720 4085 rogati-

2135 4109 2295 4173 tibus,
2327 4109 2451 4178 quid
2485 4109 2641 4162 fuerit
2674 4109 2780 4163 tale
2810 4109 3145 4180 prodigium,
3177 4109 3306 4165 nihil
3339 4111 3722 4183 interroganti-

2134 4201 2234 4255 bus
2262 4202 2351 4256 ille
2392 4201 2690 4270 respondit.
2725 4202 2963 4268 Surgens
2991 4213 3171 4256 autem
3211 4202 3280 4256 de
3323 4203 3545 4265 feretro,
3592 4204 3723 4257 nihil

2135 4291 2261 4346 mali
2290 4292 2529 4347 sentiens
2553 4291 2622 4346 de
2651 4291 2992 4346 incommodo
3017 4307 3122 4361 quo
3149 4293 3512 4356 laboraverat,
3547 4294 3726 4346 triduo

2135 4383 2336 4451 absque
2365 4381 2470 4437 cibi
2513 4396 2576 4436 ac
2606 4379 2782 4449 poculi
2815 4381 3047 4449 perstitit
3091 4383 3371 4436 alimento.
3403 4382 3498 4437 Die
3545 4395 3725 4436 autem

2135 4464 2316 4537 tertio,
2347 4472 2658 4527 convocatis
2684 4468 2960 4526 monachis
2985 4481 3042 4526 et
3068 4483 3259 4537 matre,
3287 4472 3360 4526 ait
3393 4488 3406 4524 :
3443 4473 3660 4536 Audite,
3694 4490 3728 4526 υ

2137 4563 2506 4630 dilectissimi,
2537 4572 2592 4617 et
2623 4564 2920 4634 intelligite,
2957 4564 3079 4633 quia
3121 4563 3255 4617 nihil
3300 4572 3385 4618 est
3420 4564 3562 4632 quod
3602 4580 3728 4618 cere

2137 4656 2264 4711 uitis
2293 4655 2347 4710 iu
2391 4656 2494 4710 hoc
2533 4655 2766 4721 mundo;
2797 4656 2890 4710 sed
2923 4667 3078 4719 sunt,
3110 4655 3266 4723 juxta
3309 4655 3358 4708 id
3391 4657 3533 4724 quod
3575 4657 3726 4710 Sato-

2139 4762 2262 4802 ntou
2310 4749 2570 4817 propheta
2613 4746 2838 4810 cecinit,
2880 4747 3066 4800 Omnia
3108 4747 3303 4800 vanitas
3333 4745 3533 4817 (Hrcle.
3565 4764 3611 4813 ι,
3644 4748 3726 4816 ‘2).

2141 4838 2288 4895 Felix
2319 4846 2401 4892 est
2445 4837 2619 4902 cnim,
2651 4839 2739 4906 qui
2783 4852 2845 4890 ea
2889 4851 3049 4905 agere
3081 4847 3258 4906 potest
3304 4837 3356 4890 in
3404 4837 3626 4903 saeculo,
3673 4848 3732 4890 ut

2140 4932 2366 5003 gloriam
2400 4931 2492 4985 Dei
2529 4945 2751 4985 cernere
2777 4939 3044 4983 mereatur
3070 4929 3121 4982 in
3153 4929 3312 4983 coelo.
3346 4928 3560 4983 Etcum
3609 4929 3730 4984 huic

2142 5025 2379 5089 diceret,
2412 5021 2664 5076 dubitare
2691 5023 2854 5091 cmpit
2898 5033 3073 5075 utrum
3123 5023 3430 5090 loqueretur
3470 5023 3734 5090 amplius,

2143 5131 2211 5170 an
2232 5118 2433 5170 sileret.
2453 5115 2571 5180 Quo
2589 5123 2818 5180 tacente,
2840 5115 3132 5180 implicitus
3149 5113 3375 5166 fratrum
3399 5115 3649 5179 precibus
3671 5125 3730 5166 ut

2144 5209 2272 5278 quid
2299 5207 2520 5262 vidisset
2543 5214 2844 5274 expolieret
2864 5245 2880 5270 ,
2909 5206 2984 5259 ait
3009 5221 3023 5258 :
3052 5205 3188 5258 Cum
3214 5220 3302 5259 me
3329 5213 3453 5258 ante
3478 5207 3575 5260 bos
3601 5223 3734 5274 qua-

467 5294 642 5346 rit.itis
671 5293 952 5364 obsequio,
987 5306 1044 5350 ut
1069 5312 1190 5351 cum
1220 5299 1448 5366 quisque
1473 5297 1701 5352 venisset
1730 5307 2041 5360 extraneus,
2073 5303 2118 5361 (ζ
2150 5311 2270 5354 tuor
2294 5299 2410 5353 dies
2446 5299 2893 5353 contreiniscente
2922 5297 3111 5350 cellula
3152 5297 3457 5352 exanimem
3501 5299 3731 5362 vidistis,

463 5393 519 5437 et
541 5385 838 5440 orationem
871 5387 1159 5453 tribueret,
1193 5398 1245 5442 et
1275 5390 1514 5458 eulogias
1539 5389 1705 5457 gratia
1734 5389 2044 5454 plenissima

466 5475 831 5533 ministraret:
861 5494 980 5548 qua:
1009 5482 1189 5534 multis
1218 5481 1444 5536 infirmis
1473 5485 1785 5549 plerumque
1817 5478 2044 5533 salutem

538 5623 566 5688 fl
598 5616 757 5672 Deest
787 5617 892 5674 hoc
915 5627 1075 5688 caput
1103 5619 1154 5672 in
1185 5618 1336 5674 Colb.
1361 5635 1391 5673 a
1419 5629 1471 5673 et
1501 5617 1619 5672 Vat.

541 5685 570 5722 δ
597 5688 802 5742 Colitur
828 5691 916 5744 die
958 5685 1023 5744 l—d
1063 5687 1411 5756 Septembris.
1447 5689 1734 5757 Gregorius
1778 5688 1911 5742 infra
1945 5690 2039 5743 lib.

472 5768 596 5821 Vttl,
626 5773 746 5825 Cap.
768 5758 866 5825 ‘22,
902 5761 1062 5812 habet
1091 5775 1105 5811 '.
1143 5760 1262 5812 I‘ost
1311 5761 1498 5812 obitum
1528 5763 1687 5811 sumit
1722 5759 1917 5822 Saleii,
1951 5761 2043 5811 liae

479 5844 613 5881 anno
643 5831 865 5899 (scilicet
907 5829 1063 5897 58"),
1111 5827 1439 5885 Desiderith
1471 5830 1816 5897 Allichsl‘us
1849 5847 2040 5896 quaeo-

2151 5397 2516 5461 apprebensus
2537 5405 2566 5442 a
2584 5389 2792 5443 duobus
2805 5388 3003 5456 angelis
3024 5389 3076 5442 in
3098 5392 3358 5443 cmlorum
3371 5390 3586 5444 excelsa
3603 5392 3733 5444 sob-

2153 5483 2291 5539 latus
2319 5499 2461 5549 sum,
2507 5484 2576 5536 ita
2612 5491 2790 5536 utnon
2813 5482 2986 5536 solum
3012 5482 3113 5536 hoc
3136 5483 3433 5552 squalidum
3451 5483 3728 5546 saeculum,

2158 5640 2252 5690 pus
2288 5621 2436 5672 datus
2476 5631 2568 5682 est.
2604 5620 2735 5672 lline
2773 5618 2974 5685 aliquot
3019 5619 3207 5672 saltem
3259 5621 3532 5672 mensibus
3582 5621 3739 5672 sedes

2157 5709 2376 5764 vacasse
2397 5691 2615 5764 «licenda
2637 5701 2738 5743 est.
2769 5691 2907 5744 tuter
2930 5704 3209 5759 atrumque
3233 5693 3472 5745 nonnulli
3493 5707 3567 5745 εει
3585 5695 3736 5745 ibunt

2161 5763 2502 5816 'l'ltcoltttluni
2551 5764 2773 5815 sedisse.
