3966 6348
320 364 419 421 νιιῖ

1222 362 1537 420 HISTORIA
1584 364 2025 420 FRANCURU“.
2069 362 2266 418 l.'BER
2301 364 2639 421 SEPTIMUS

3486 373 3592 424 Δίίὸ

325 502 507 540 verum
540 485 702 539 etiam
745 486 913 539 solem
961 500 1025 539 ac
1073 484 1284 547 lunam,
1327 486 1494 538 nubes
1521 493 1577 537 et
1612 483 1783 536 sidera
1814 480 1912 533 sub
1945 479 1983 535 Δ
2018 478 2150 531 riam
2181 479 2423 535 scribens
2454 490 2525 533 att
2556 477 2603 543 δ,
2638 479 2723 531 uhi
2768 479 2831 532 de
2864 480 3059 537 virtute
3090 492 3245 552 atque
3288 487 3453 557 gloria
3499 493 3586 549 Ιιο,

325 583 552 651 pedibus
601 582 797 635 habere
839 591 1076 648 putarem
1113 597 1125 634 :
1168 580 1363 635 deinde
1407 594 1500 646 per
1544 588 1750 647 portam
1796 577 1911 628 luce

326 675 428 728 ista
459 672 744 726 clariorem
777 671 1110 724 introductus
1137 685 1253 723 sum
1282 670 1333 723 in
1365 669 1491 723 illttd
1520 666 1907 733 habitaculum,

326 763 377 817 itt
422 779 532 831 quo
572 778 737 817 omne
768 760 1123 830 pavimentum
1163 770 1273 814 erat
1302 759 1452 827 quasi
1486 772 1673 812 aurum
1720 771 1908 825 arget»

326 864 545 922 tumque
574 852 825 915 renitens,
863 851 949 904 lux
977 849 1279 916 ineffabilis,
1309 847 1604 916 amplitudo
1635 848 1909 902 inenarra-

326 944 476 1007 bilis;
504 957 665 1011 quam
692 942 765 996 ita
795 941 1077 997 multitudo
1104 940 1385 1012 promiscui
1414 954 1575 995 sexus
1600 940 1872 993 obtexerat
1892 977 1907 1002 ,

327 1044 383 1089 ut
419 1034 693 1103 longitudo
731 1047 796 1088 ac
841 1030 1072 1088 latitudo
1116 1040 1343 1085 caterva:
1383 1045 1601 1098 prorsus
1642 1028 1905 1097 pervideri

326 1141 428 1192 non
476 1125 663 1193 possit.
697 1123 937 1189 Cumque
982 1121 1137 1175 nobis
1166 1121 1249 1174 via
1291 1122 1429 1175 inter
1467 1119 1904 1186 comprimentes,

326 1220 390 1271 ab
416 1217 499 1271 bis
528 1216 618 1286 qui
648 1214 1028 1282 praecedebant
1054 1214 1281 1282 angelis,
1328 1220 1627 1281 pararetur,
1662 1210 1909 1278 perveni-

327 1323 439 1361 mus
468 1307 534 1361 ad
569 1308 741 1359 locum
767 1345 782 1368 ,
813 1319 969 1372 quem
996 1307 1107 1373 jitn
1140 1304 1209 1357 de
1258 1303 1549 1372 longinquo
1579 1300 1909 1366 contempla-

326 1400 549 1451 bamur:
581 1398 633 1450 in
666 1411 769 1466 quo
799 1395 1225 1464 superpendebat
1254 1395 1420 1448 nubes
1447 1396 1589 1447 omni
1626 1394 1744 1447 luce
1777 1393 1909 1447 luci-

326 1490 458 1555 dior,
478 1486 530 1541 in
550 1501 655 1555 quo
680 1501 782 1539 nou
801 1485 907 1550 sol,
936 1499 1039 1537 non
1068 1485 1209 1549 luna,
1232 1500 1336 1539 non
1361 1493 1566 1539 astrum
1590 1484 1738 1538 cerni
1762 1492 1906 1551 pote-

324 1592 422 1644 rat,
444 1580 539 1633 srd
563 1593 722 1648 super
748 1577 831 1633 his
850 1577 1099 1631 omnibus
1123 1577 1347 1631 naturali
1375 1576 1494 1631 luce
1522 1575 1852 1644 splendidius
1879 1583 1904 1613 ι

322 1672 633 1740 effulgebat,
662 1677 716 1723 et
740 1682 839 1722 vox
867 1667 1189 1736 procedebat
1209 1667 1276 1721 de
1300 1666 1443 1720 nube
1468 1675 1719 1735 tanquam
1744 1667 1905 1739 332

325 1779 419 1815 vox
448 1776 709 1828 aquarum
760 1760 1069 1814 multarum.
1119 1758 1191 1813 lbi
1240 1757 1398 1813 etiam
1441 1772 1529 1813 me
1566 1766 1903 1825 peccatoiem

2016 584 2203 622 norum
2237 586 2441 624 meumr
2470 580 2590 625 est:
2630 589 2647 621 t
2686 572 2816 637 Qum
2845 574 2944 626 sibi
2986 577 3209 645 quisque
3254 581 3421 637 facilia
3456 584 3593 642 factu

2014 670 2194 729 putat.
2229 678 2384 731 atquo
2426 665 2606 719 animo
2650 666 2890 734 accipit:
2925 683 3085 735 supra
3124 685 3216 735 ea,
3260 677 3416 729 veluti
3467 680 3587 736 ficta

2014 769 2109 820 pro
2141 754 2287 808 falsis
2318 756 2483 809 ducit.
2514 774 2533 807 ι
2573 757 2699 809 Nam
2746 767 2911 812 testor
2943 758 3104 813 Deum
3136 761 3590 836 omnipotentem,

2011 846 2132 914 quia
2175 846 2243 901 ab
2288 849 2455 914 ipsius
2497 863 2590 901 ore
2636 849 2794 918 333
2826 852 3002 903 omnia
3052 868 3168 921 quae
3199 859 3385 923 retuli,
3416 860 3593 917 audita

1960 933 1977 946 ⁸
2011 936 2252 1003 cognovi.
2289 936 2415 989 Post
2460 937 2683 989 multum
2711 953 2839 991 vero
2871 950 3079 1007 tempus
3129 942 3242 1009 ipse
3291 946 3373 999 vir
3407 949 3593 1006 beatus

2010 1025 2198 1077 ('CiililJ
2233 1040 2327 1078 sua
2361 1036 2653 1089 extractus,
2686 1028 2765 1106 ad.
2793 1030 3155 1099 episc0patum
3196 1035 3420 1103 electus,
3456 1039 3593 1093 invi-

2010 1124 2094 1168 tus
2122 1125 2205 1169 est
2234 1118 2510 1170 ordinatus
2538 1133 2551 1170 ε
2585 1118 2634 1171 itt
2677 1136 2804 1184 quo,
2841 1130 2900 1174 ttt
2948 1123 3156 1189 Opinor,
3189 1126 3455 1182 derintntn
3500 1145 3593 1184 an-

2011 1220 2135 1256 num
2164 1221 2282 1259 cum
2313 1218 2527 1276 ageret,
2562 1208 2921 1263 invalescente
2952 1214 3089 1279 apud
3126 1216 3464 1284 Albigvnscm
3500 1238 3592 1273 ur-

2009 1294 2130 1348 bem
2162 1294 2461 1363 inguinurio
2494 1301 2704 1361 morbo,
2733 1310 2788 1353 et
2825 1304 3051 1356 maxima
3078 1304 3189 1370 jam
3219 1320 3369 1374 parte
3402 1310 3469 1365 tle
3502 1327 3592 1378 po-

2008 1386 2131 1460 pulo
2158 1388 2252 1441 illo
2278 1388 2548 1454 defuncta,
2589 1404 2708 1443 cum
2735 1390 2845 1459 jam
2890 1394 3040 1459 pauci
3072 1395 3139 1447 de
3180 1396 3382 1451 civibus
3424 1416 3590 1453 rema-

2008 1488 2226 1543 nerent,
2256 1480 2339 1533 vir
2370 1480 2576 1542 beatus,
2609 1490 2856 1551 tanquam
2889 1483 3059 1538 bonus
3091 1496 3290 1555 pastor,
3325 1507 3590 1559 nunquam

2005 1570 2074 1627 ab
2101 1569 2192 1625 ille
2219 1570 2337 1625 loco
2367 1573 2623 1627 recedere
2665 1574 2861 1638 voluit,
2907 1576 3000 1630 sed
3034 1593 3248 1647 semper
3276 1582 3591 1638 hortabatur

2006 1674 2100 1717 eos
2124 1656 2216 1730 qui
2248 1662 2642 1729 relicti'erant,
2674 1667 2901 1719 orationi
2944 1668 3272 1732 incumbere.
3306 1687 3369 1726 ac
3398 1676 3589 1742 vigiliis

2010 1752 2269 1807 instanter
2300 1753 2564 1815 insiSIere,
2596 1764 2649 1808 et
2684 1756 2819 1821 bona
2863 1773 3076 1827 semper
3107 1770 3211 1814 tam
3256 1763 3306 1816 in
3336 1767 3589 1833 operibus

329 1853 597 1907 humiliter
626 1850 931 1904 salutabant
965 1850 1063 1903 viri
1098 1849 1151 1903 in
1184 1859 1334 1905 veste
1362 1849 1680 1906 sacerdotali
1705 1864 1768 1904 ac
1795 1864 1889 1905 src-
1936 1843 1982 1908 Β
2004 1854 2161 1910 (illam
2192 1841 2243 1895 in
2273 1842 2596 1911 οοὲίωῑίοηθ
2626 1858 2863 1910 Versa".
2891 1846 3077 1901 (licens
3102 1866 3114 1901 ε
3150 1849 3273 1907 Haec
3298 1854 3462 1920 agite,
3497 1866 3585 1922 ut,

324 1946 521 2007 rulari,
567 1957 706 2010 quos
754 1940 881 1994 mihi
924 1940 1017 2010 qui
1064 1938 1469 2008 praecedebant,
1518 1948 1904 1997 enarraverunt

324 2048 441 2087 esse
466 2040 731 2101 martyres
757 2045 818 2085 ac
844 2030 1203 2098 confessores,
1228 2042 1362 2099 quos
1389 2028 1476 2083 hic
1506 2043 1715 2083 summo
1744 2042 1903 2083 exco-

325 2125 482 2176 limus
513 2122 790 2177 famulatu.
820 2120 976 2175 Stans
1012 2121 1171 2189 igitur
1215 2121 1267 2174 in
1313 2120 1433 2174 loco
1471 2119 1523 2172 in
1572 2132 1678 2187 quo
1717 2117 1901 2187 jussus

326 2228 435 2269 sum
453 2256 468 2280 ,
496 2213 706 2281 operuit
733 2226 818 2265 tne
845 2212 976 2264 odor
1001 2211 1178 2267 nimia:
1204 2209 1502 2274 suavitatis,
1526 2209 1598 2263 ita
1629 2218 1688 2263 ut
1712 2210 1779 2264 ab
1804 2209 1901 2265 huc

326 2306 586 2360 suavitate
635 2303 889 2369 refectus,
938 2302 1141 2357 nullum
1181 2301 1355 2357 adhuc
1391 2301 1568 2357 cibum
1615 2310 1903 2370 potumque

326 2397 648 2450 desiderem.
699 2396 762 2449 Et
800 2395 976 2447 audivi
1022 2408 1203 2449 vocem
1247 2393 1553 2448 dicentem:
1587 2392 1945 2471 Revertatur_

327 2492 412 2544 bic
458 2490 511 2542 in
544 2489 795 2543 saeculum
821 2531 835 2555 ,
866 2487 1117 2556 quoniam
1161 2485 1496 2540 necessarius
1532 2495 1613 2539 est
1660 2484 1902 2539 ecclesiis

324 2579 547 2633 nostris.
585 2579 695 2632 Vox
727 2578 871 2632 enim
910 2576 1246 2642 audiebatur,
1292 2591 1412 2629 nam
1461 2575 1550 2642 qui
1601 2575 1901 2645 loqueretur

326 2671 539 2739 penitus
566 2670 712 2724 cerni
750 2685 852 2723 non
902 2668 1130 2737 poterat.
1168 2669 1231 2721 Et
1271 2682 1370 2737 ego
1415 2676 1711 2734 prostratus
1740 2681 1901 2734 super

328 2768 689 2836 pavimentum
714 2805 730 2827 ,
772 2779 891 2820 cum
938 2762 1061 2817 fletu
1103 2762 1341 2817 dicebam
1375 2778 1389 2815 :
1426 2762 1570 2815 lleu!
1620 2760 1753 2814 hcul
1802 2761 1903 2815 Do-

328 2860 501 2915 mine!
530 2874 625 2913 cur
652 2858 778 2911 milii
811 2857 926 2911 lucc
952 2855 1260 2919 ostendisti,
1289 2854 1335 2909 si
1362 2854 1430 2910 ab
1456 2852 1541 2907 his
1569 2852 1900 2908 frustrandus

328 2951 504 3004 erant!
544 2948 680 3002 Ecce
712 2946 870 3001 hodie
899 2945 1048 3015 ejicis
1079 2960 1163 3000 me
1196 2962 1222 2996 a
1254 2942 1388 2999 facie
1422 2954 1506 2997 tua
1528 2983 1545 3009 ,
1576 2951 1632 2996 ut
1662 2952 1904 3021 revertar

329 3040 389 3094 ad
417 3040 672 3095 smculum
707 3038 913 3108 fragile,
943 3047 996 3092 et
1027 3038 1130 3092 buc
1161 3036 1297 3089 ultra
1327 3035 1506 3090 redire
1534 3050 1639 3089 non
1672 3034 1898 3087 valeam.

331 3131 420 3197 Nc,
449 3145 657 3200 quaeso,
698 3128 945 3192 Domine,
977 3126 1188 3185 auferas
1230 3123 1647 3181 misericordiam
1697 3134 1837 3178 tuam
1870 3138 1901 3176 a

2004 1930 2047 1985 si
2079 1945 2173 1985 νος
2206 1931 2345 1987 Deus
2371 1933 2437 1987 de
2468 1932 2568 1987 hoc
2604 1936 2805 1989 mundo
2835 1937 3065 2006 migrare
3098 1942 3359 2005 voluerit,
3391 1961 3494 1998 non
3530 1946 3583 2000 in

1999 2019 2288 2088 judicium,
2316 2022 2415 2077 sed
2457 2023 2509 2076 in
2539 2025 2773 2093 requiem
2820 2028 3041 2082 introire
3074 2031 3304 2096 possitis.
3335 2031 3465 2087 Cum
3492 2049 3585 2090 att-

2004 2122 2109 2171 tcm
2130 2150 2147 2177 ,
2177 2124 2235 2165 ut
2266 2112 2450 2181 credo,
2493 2113 2602 2180 jam
2647 2115 2924 2171 revelante
2965 2119 3209 2185 Domino,
3239 2132 3447 2191 tempus
3476 2142 3586 2181 Sua)

2004 2202 2297 2257 vocationis
2326 2212 2672 2272 agnosceret,
2706 2205 2821 2273 ipse
2850 2206 2951 2260 sibi
2993 2209 3324 2279 sarcofagum
3365 2229 3583 2283 compu-

2002 2293 2143 2356 suit,
2176 2308 2371 2363 corpus
2401 2293 2599 2361 abluit,
2631 2306 2835 2349 vestem
2870 2295 3071 2362 induit,
3103 2310 3156 2355 et
3200 2303 3277 2354 sic
3322 2305 3583 2360 intentum

2002 2399 2216 2454 semper
2240 2386 2378 2441 C(Bio
2405 2385 2615 2440 beatum
2658 2387 2903 2457 spiritum
2933 2391 3221 2446 exhalavit.
3259 2392 3377 2449 Fuit
3405 2408 3582 2451 autem

2010 2492 2214 2547 tnagtue
2261 2478 2580 2543 sanctitatis,
2630 2480 2967 2553 minimteque
3018 2486 3342 2553 cupiditatis,
3391 2505 3580 2547 aurum

2006 2584 2273 2638 nunquam
2307 2571 2504 2623 habere
2534 2572 2738 2626 volens.
2769 2571 2899 2625 Nam
2930 2576 2974 2629 si
3007 2584 3225 2631 coaetus
3257 2581 3582 2648 accepisset,

2004 2664 2244 2731 protinus
2293 2663 2614 2731 pauperibus
2644 2664 2922 2732 erogabat.
2968 2666 3134 2735 Cujus
3176 2678 3413 2739 tempore
3457 2686 3582 2726 cum

2005 2752 2321 2807 Mummolus
2380 2755 2635 2820 patricius
2689 2756 2885 2810 multos
2938 2759 3182 2826 captivus
3230 2760 3298 2814 ab
3343 2776 3403 2815 ea
3455 2766 3584 2817 urbe

2004 2844 2279 2911 duxisset,
2312 2856 2626 2912 prosecutus
2656 2846 2744 2902 ille
2771 2862 2957 2904 omnes
2986 2849 3234 2905 redemit.
3266 2852 3587 2920 Tautatnque

2005 2939 2053 2992 ei
2090 2939 2345 2992 DOiuinus
2375 2942 2601 3008 gratiam
2631 2956 2750 2996 cum
2784 2945 2980 3013 p0pnlo
3008 2944 3103 3000 illo
3145 2950 3355 3011 trtbuit,
3390 2958 3446 3002 ut
3485 2964 3591 3018 ψει

2005 3032 2161 3083 etiam
2192 3031 2279 3101 qtti
2318 3035 2555 3100 captivus
2585 3034 2889 3099 duxerant,
2924 3045 2977 3090 et
3006 3037 3073 3091 de
3103 3038 3274 3107 pretio
3314 3044 3361 3095 ei
3393 3056 3585 3097 concea

2005 3121 2229 3189 tierent,
2272 3132 2327 3179 et
2375 3124 2424 3177 in
2471 3126 2673 3194 reliquo
2721 3138 3065 3183 munerarent
3094 3140 3116 3167 ο
3147 3146 3162 3183 :
3189 3140 3241 3185 et
3284 3134 3363 3187 sic
3402 3135 3586 3202 patriai

332 3240 433 3289 nte,
464 3222 560 3280 sed
592 3222 852 3289 deprecor
880 3228 938 3274 ut
984 3218 1259 3287 permittas
1304 3231 1390 3271 me
1421 3216 1507 3270 hic
1545 3215 1806 3279 habizare,
1838 3228 1905 3271 ne
1932 3213 1978 3279 ο
2008 3226 2118 3266 suae
2148 3215 2385 3281 captivos
2416 3215 2647 3270 libertati
2677 3218 2914 3285 pristina:
2947 3222 3285 3276 restauravit.
3317 3224 3593 3295 Multaque

334 3315 455 3370 illuc
491 3311 746 3367 decidens
785 3325 1022 3381 peream.
1072 3307 1138 3362 Et
1180 3307 1256 3361 ait
1295 3322 1395 3361 vox
1437 3321 1554 3376 qua:
1594 3305 1905 3372 loquebatur

331 3402 454 3457 mihi
476 3418 494 3455 ι
528 3401 675 3455 Vade
704 3401 755 3453 in
788 3412 937 3468 pace.
970 3398 1079 3467 Ego
1108 3396 1248 3450 enim
1278 3408 1397 3450 sum
1429 3403 1608 3449 custos
1642 3402 1782 3460 tuus,
1810 3394 1907 3448 de-

330 3509 427 3548 nec
458 3491 714 3548 reducam
744 3498 794 3544 te
832 3490 883 3542 in
925 3489 1065 3542 hunc
1100 3486 1299 3541 locum.
1328 3485 1479 3540 Tunc
1508 3484 1726 3538 relictus
1752 3498 1782 3538 a
1808 3498 1905 3538 co-

330 3582 547 3640 mitibus
575 3563 728 3647 meis,
752 3578 1083 3634 descendens
1111 3590 1232 3631 cum
1259 3574 1408 3639 ﬂetu,
1437 3588 1533 3641 per
1569 3583 1774 3644 portam
1804 3586 1905 3642 qua

329 3675 602 3745 ingressus
639 3670 873 3735 fueram,
917 3669 1019 3723 huc
1061 3682 1178 3722 sum
1222 3680 1517 3736 regressus.
1564 3664 1689 3719 llaec
1726 3678 1795 3719 eo
1833 3666 1908 3719 ιο.

329 3775 545 3835 quente,
575 3761 910 3831 stupentibus
946 3758 1157 3829 cunctis
1198 3757 1290 3829 qui
1334 3755 1591 3822 aderant,
1620 3756 1781 3825 cmpit
1809 3754 1909 3809 ite-

330 3874 443 3911 rum
472 3865 696 3911 sanctus
726 3852 818 3910 Dei
847 3867 967 3906 cum
1010 3850 1259 3921 lacrymis
1286 3848 1503 3904 dicere:
1542 3847 1627 3903 Va:
1659 3847 1788 3902 mihi
1818 3848 1909 3917 qui

330 3952 432 4004 tale
461 3947 776 4020 mysterium
804 3958 964 3999 auSus
993 3959 1108 3999 sum
1143 3942 1405 3999 revelare.
1436 3940 1577 3997 Ecce
1605 3941 1747 3995 enim
1776 3940 1911 3995 odor

331 4040 621 4105 suavitatis,
653 4052 809 4107 quem
840 4037 908 4092 de
935 4036 1053 4091 loco
1080 4041 1267 4089 sancto
1293 4033 1610 4100 hauseram,
1637 4039 1691 4085 et
1721 4030 1773 4085 in
1802 4044 1910 4100 quo

333 4148 425 4201 per
450 4132 553 4185 hoc
592 4129 823 4184 triduum
868 4127 986 4181 sine
1027 4125 1137 4179 ullo
1168 4124 1288 4179 cibo
1316 4134 1551 4194 potuque
1581 4130 1909 4177 sustentatus

333 4239 449 4279 sum
470 4264 487 4289 ,
518 4221 748 4278 recessit
770 4235 801 4273 a
828 4234 937 4274 me.
982 4218 1088 4273 Sed
1117 4225 1174 4275 et
1202 4218 1378 4287 lingua
1408 4231 1525 4271 mea
1553 4214 1802 4285 gravibus
1827 4223 1912 4269 est

338 4327 522 4386 operta
571 4314 903 4380 vulneribus,
951 4320 1005 4368 et
1052 4311 1122 4365 ita
1177 4308 1490 4375 tumefacta,
1539 4317 1596 4362 ut
1643 4321 1802 4362 omne
1848 4320 1909 4362 os

334 4425 509 4465 meum
539 4407 780 4463 videatur
810 4405 1055 4475 implere.
1100 4404 1163 4459 Et
1190 4404 1304 4458 scio
1329 4402 1453 4468 quia
1487 4413 1592 4454 non
1624 4399 1719 4453 fuit
1748 4399 1909 4453 bene-

336 4500 585 4569 placitum
611 4497 837 4553 Domino
868 4496 977 4551 Deo
1005 4508 1148 4561 meo,
1182 4504 1241 4548 ut
1271 4495 1386 4548 haec
1413 4506 1605 4547 arcana
1638 4490 1912 4559 vulgaren-

2005 3304 2073 3359 de
2103 3304 2205 3359 hoc
2232 3306 2345 3359 viro
2372 3305 2508 3359 bona
2534 3306 2711 3361 audivi
2739 3325 2750 3359 :
2784 3309 2877 3363 sed
2904 3308 3033 3364 dum
3075 3310 3141 3364 ad
3180 3312 3415 3369 historian
3436 3330 3586 3384 cmp-

2006 3404 2115 3450 tu.u
2139 3396 2330 3451 reverti
2358 3397 2539 3468 cupio,
2566 3397 2795 3467 plurima
2827 3404 3198 3470 praetermitto.

2081 3552 2141 3605 ll.
2181 3551 2437 3607 Defuncto
2463 3554 2619 3623 igitur
2645 3553 2970 3624 Chilperico,
3004 3558 3321 3630 inventaque
3367 3557 3392 3597 ά
3426 3578 3594 3632 quant

2009 3644 2099 3699 diu
2129 3648 2413 3715 qua-sierat
2442 3658 2634 3710 morte,
2689 3648 3101 3705 Aurelianenss
3148 3666 3267 3705 cum
3325 3653 3591 3709 Blesensi--

2012 3735 2111 3790 bus
2141 3746 2164 3774 ε
2203 3737 2368 3805 juncti
2418 3753 2579 3806 super
2610 3738 2887 3795 Dunenses
2915 3740 3142 3806 irrttunt,
3192 3758 3391 3814 eosque
3422 3746 3587 3815 inopi-

2019 3841 2207 3881 nantes
2242 3838 2554 3897 prnterttttt;
2585 3830 2775 3885 domos
2811 3847 3181 3903 annonasqttc,
3210 3837 3291 3888 vel
3334 3852 3449 3905 qua:
3482 3853 3586 3891 mov

2021 3936 2145 3975 vere
2178 3920 2331 3974 facile
2364 3918 2381 3957 τ
2412 3936 2516 3974 non
2542 3932 2809 3990 poterant,
2842 3923 3089 3978 incendio
3118 3924 3368 3993 tradunt;
3400 3943 3602 3996 pecora.

2016 4012 2288 4080 diripiunt,
2322 4012 2483 4084 33a,
2512 4025 2673 4083 atque
2702 4030 2789 4069 res
2809 4023 2939 4086 quas
2972 4016 3149 4071 levare
3178 4028 3442 4085 poterunt,
3469 4033 3591 4072 sus-

2016 4103 2271 4157 tulerunt.
2315 4104 2519 4169 Quibus
2558 4103 2951 4158 discedentibus
2993 4106 3263 4175 conjuncti
3317 4109 3605 4161 Dunenses

2014 4208 2132 4247 cum
2180 4192 2403 4262 reliquis
2431 4192 2769 4260 Carnotenis,
2823 4197 2890 4249 de
2918 4197 3139 4265 vestigio
3176 4199 3597 4267 subsequuntur,

2011 4285 2172 4340 simili
2226 4293 2374 4340 sorte
2403 4300 2496 4339 eos
2524 4284 2817 4340 afﬁcientes
2848 4303 2948 4353 qua
2990 4290 3087 4357 ipsi
3136 4288 3308 4344 allecti
3361 4291 3606 4360 fuerant,

2016 4376 2147 4430 nihil
2181 4376 2232 4429 in
2260 4375 2525 4443 domibus,
2569 4377 2648 4430 vel
2690 4390 2838 4431 extra
2868 4379 3077 4445 domiis,
3123 4382 3204 4435 vel
3245 4381 3310 4436 de
3339 4382 3601 4440 domibus

2011 4468 2392 4539 relinquentes.
2426 4470 2663 4539 Cumque
2693 4470 2868 4524 adhuc
2900 4472 3039 4527 inter
3067 4490 3127 4528 se
3146 4473 3320 4543 jurgia
3346 4490 3592 4530 continu-

332 4564 439 4647 ίιπ,
469 4589 575 4647 δα]
606 4598 662 4644 ω
693 4588 863 4656 nos“,
898 4588 1141 4653 nomine,
1167 4586 1287 4656 quin
1320 4585 1374 4639 in
1414 4585 1755 4654 simplicitate
1794 4597 1913 4638 θοι.-
1941 4584 1994 4645 ι)
2016 4574 2200 4619 ventes
2219 4564 2561 4630 desaevirent,
2582 4574 2637 4619 et
2669 4564 3085 4622 Aurelianenses
3115 4578 3299 4622 contra
3331 4568 3428 4624 hos
3447 4584 3601 4626 arma

332 4682 414 4739 dis
444 4684 559 4737 hzec
588 4679 723 4745 feci,
756 4695 860 4735 non
893 4678 947 4733 in
972 4678 1226 4746 jactantia
1261 4676 1476 4731 mentis.
1507 4674 1611 4731 Sed
1640 4687 1822 4742 qumso
1853 4682 1910 4727 ut

331 4772 629 4843 indulgeas,
657 4782 713 4827 et
743 4786 847 4828 non
879 4786 965 4825 me
991 4770 1356 4838 derelinquas,
1383 4767 1536 4836 juxta
1571 4766 1911 4835 pollicitatio-

331 4880 452 4919 nem
485 4874 655 4919 tuam.
695 4862 761 4918 Et
791 4863 906 4917 haec
943 4861 1131 4915 dicens
1180 4859 1358 4922 siluit,
1388 4868 1442 4912 et
1488 4856 1693 4921 accepit
1730 4856 1907 4910 cibum

334 4966 642 5029 potumque.
677 4957 787 5028 Ego
826 4970 953 5012 vero
987 4957 1102 5009 lure
1132 4955 1396 5019 scribens,
1428 4967 1616 5007 vereor
1645 4966 1712 5006 ne
1748 4950 1907 5003 alieni

332 5051 524 5117 legenti
553 5052 624 5104 sit
651 5047 981 5114 incredibile,
1006 5046 1155 5113 juxta
1183 5046 1233 5100 id
1260 5038 1403 5112 qudd
1432 5043 1720 5099 Sallustius
1749 5041 1909 5098 1ιέιο-

404 5194 434 5223 ι
464 5186 584 5253 Maj.
615 5200 713 5246 m..
740 5182 897 5239 Colb.
924 5198 996 5239 m.
1018 5190 1073 5253 et
1098 5181 1311 5251 Regm.,
1341 5179 1659 5247 splendidus.

403 5254 437 5294 δ
464 5252 618 5311 Initio
647 5256 761 5310 libri
786 5255 853 5309 de
879 5254 1019 5309 bello
1044 5252 1374 5306 Catilittario.

408 5338 431 5365 ε
459 5325 582 5396 Maj.
609 5343 705 5391 m.,
731 5336 777 5380 et
802 5325 996 5378 [tenore
1020 5322 1274 5392 condigna
1312 5327 1656 5396 munerarent,

402 5389 580 5452 ‘llzec
626 5389 787 5451 verba
834 5389 1344 5463 irwentaque,'etc.,
1378 5400 1575 5455 marte,
1624 5390 1814 5443 desunt
1858 5389 1908 5442 in

332 5468 521 5522 Restm.

406 5482 586 5591 ἔπινε
616 5548 697 5589 est
725 5538 893 5605 prima
922 5534 1304 5605 Blesensiuma
1316 5531 1414 5597 pud
1440 5541 1647 5605 veteres
1667 5536 1912 5605 auctores

330 5612 553 5671 mentio,
587 5618 643 5661 ttt
666 5601 848 5660 monet
882 5605 1122 5659 Valesius
1154 5605 1204 5658 in
1241 5602 1458 5655 Nuntia.
1496 5602 1655 5654 Erant
1690 5601 1829 5653 sient
1856 5609 1910 5653 et

332 5679 611 5733 Dunenses
649 5679 747 5731 sub
788 5679 1087 5729 Carnotena
1132 5673 1348 5727 drmcesi
1377 5712 1391 5735 ,
1424 5686 1450 5722 a
1483 5688 1581 5738 qua
1637 5672 1909 5724 Dunenscs

328 5750 432 5804 sub
461 5748 728 5816 Sigibet'to
777 5761 901 5814 rege
930 5760 1052 5800 sese
1091 5742 1633 5816 subtraherefrustra
1671 5749 1909 5816 tetttave-

329 5829 476 5873 runt.
521 5811 660 5875 Nam
706 5811 1012 5885 Promotus,
1060 5815 1149 5885 qui
1199 5814 1458 5869 Duncnsis
1508 5812 1789 5882 episcopus
1839 5811 1905 5865 ab

2016 4666 2382 4723 concuterent,
2446 4657 2899 4712 intercedentibus
2944 4659 3251 4725 comitibus,
3301 4676 3402 4729 pax
3432 4676 3602 4731 usque

2017 4751 2070 4805 in
2101 4749 2428 4804 audientiam
2473 4748 2595 4803 data
2639 4758 2742 4814 est,
2789 4749 2993 4804 scilicet
3024 4760 3079 4804 ut
3121 4754 3171 4803 itt
3212 4752 3296 4805 die
3324 4766 3430 4821 quo
3453 4738 3597 4821 judi~

2016 4841 2156 4896 cium
2189 4849 2306 4895 erat
2336 4840 2592 4905 futurum,
2644 4855 2767 4909 pars
2800 4856 2918 4909 qua:
2945 4850 3129 4894 contra
3162 4850 3368 4911 partem
3402 4844 3600 4911 injuste

2017 4939 2329 4999 ets-arserat,
2365 4930 2572 5000 justitia
2626 4929 2893 4984 mediante
2944 4939 3318 4998 componeret,
3363 4940 3417 4986 et
3458 4934 3534 4988 sic
3564 4948 3598 4989 a

2018 5006 2159 5078 bello
2187 5034 2451 5079 cessatum
2483 5034 2583 5079 est.

2020 5178 2233 5249 IEgidio
2263 5178 2586 5249 [tuemur-um
2627 5177 2881 5245 episcopo
2927 5175 3198 5249 institutus
3238 5178 3429 5242 fuerat.
3472 5183 3596 5237 loco

2019 5246 2115 5304 suo
2143 5248 2362 5310 excidit,
2395 5256 2450 5301 ιιι
2480 5246 2611 5299 infra
2642 5252 2849 5300 dicetur
2886 5263 3006 5308 can.
3040 5247 3133 5311 l7;
3179 5254 3271 5304 sed
3325 5251 3596 5306 feliciores

2019 5320 2166 5375 fuere
2194 5320 2293 5373 hoc
2314 5319 2514 5372 sarculo
2536 5317 2836 5389 Blesenses,
2868 5318 3078 5386 quibus,
3104 5330 3294 5389 agente
3326 5322 3595 5374 Ludovico

2021 5391 2232 5457 Magno,
2266 5388 2627 5458 episc0palem
2658 5387 2967 5441 cathedram
3016 5387 3280 5444 concessit
3330 5391 3589 5444 lnnocen»

2021 5463 2126 5514 tius
2158 5459 2269 5527 ΧΗ,
2306 5458 2541 5529 pontifex
2583 5458 2764 5521 Rom.,
2795 5460 3092 5513 Carnotena
3126 5461 3340 5513 dimce-i
3374 5462 3423 5512 in
3454 5460 3593 5513 duas

2017 5532 2224 5596 divisa;
2271 5530 2499 5597 indeque
2543 5530 2744 5594 primus
2789 5530 2946 5596 hujus
2990 5530 3133 5581 sedis
3174 5529 3451 5593 CpiSt‘OptlS
3490 5531 3595 5585 hoc

2016 5616 2158 5654 anno
2193 5601 2325 5656 1697
2358 5615 2463 5668 quo
2493 5600 2797 5662 scribimus,
2848 5602 2933 5652 die
2981 5599 3041 5668 i5
3074 5598 3438 5668 Septembris,
3475 5601 3595 5655 illu-

2014 5672 2191 5725 striss.
2223 5667 2469 5726 dominus
2502 5670 2665 5723 David
2697 5668 2945 5722 Nzcolatts
2969 5667 3035 5719 de
3070 5667 3273 5722 Berticr
3302 5682 3597 5731 consecre-

2015 5753 2097 5794 lllS
2124 5752 2223 5794 CSI.

2088 5810 2105 5847 ί
2143 5812 2261 5866 licc.
2292 5818 2344 5869 ct
2367 5810 2512 5867 Colb.
2549 5808 2668 5876 duo,
2703 5823 2895 5861 morrre
2918 5805 3237 5861 habilem”.
