3966 6348
394 371 489 432 H0

1375 370 1430 426 S.
1474 365 1804 426 Gil-£60m!
1845 366 2147 422 EPiSCOPl
2189 365 2616 426 TURONENSI3

3513 326 3527 341 ν
3550 374 3652 437 420

460 497 538 550 ιιι.
574 496 824 548 Vcdastcs
854 494 878 528 'I
908 498 1263 560 cognomento
1294 489 1426 552 Avo,
1459 488 1548 556 qui
1580 494 1704 539 ante
1732 484 1831 537 ltos
1859 498 1958 535 an-
1991 491 2039 545 Α
2069 484 2511 549 subscriptiones,
2542 485 2734 569 quibus
2766 486 2901 541 hanc
2931 491 3326 544 eonniventiam
3354 494 3645 549 confirma-

383 599 484 639 ηοω
531 584 732 651 Lupum
783 582 1231 648 Ambrosiumque
1271 594 1367 647 pro
1394 592 1578 631 amore
1609 576 1789 628 usuris
1835 576 1963 627 Am-

386 675 546 729 brosii
593 674 955 739 interiecerat,
994 681 1050 727 et
1101 673 1270 741 ipsam
1315 658 1438 734 sibi,
1482 685 1600 738 quae
1642 668 1959 722 consobrina

380 781 474 819 sua
508 780 630 820 esse
657 765 955 829 dicebatur,
991 765 1041 817 in
1073 762 1470 817 matrimonium
1504 768 1801 827 acceperat,
1833 759 1958 812 dum

382 858 546 910 multa
579 859 784 911 scelera
811 856 943 909 infra
977 856 1248 910 Pictavum
1281 854 1563 907 terminum
1600 862 1954 921 perpetraret,

380 953 611 1020 quodam
671 951 786 1003 loco
825 964 944 1003 cum
988 947 1286 1003 Childerico
1339 946 1550 1001 Saxone
1602 946 1956 1015 conjunctns,

378 1044 505 1095 tium
554 1056 613 1096 se
640 1042 864 1095 invicem
896 1040 1153 1094 conviciis
1197 1038 1528 1103 iacessirent,
1572 1056 1707 1093 unus
1734 1057 1797 1093 ex
1828 1056 1959 1107 pue-

378 1134 456 1188 ris
486 1132 776 1187 Childerici
806 1130 836 1171 1’
867 1134 1106 1186 Avonem
1139 1132 1288 1184 hasta
1317 1130 1603 1183 transﬁxit.
1627 1130 1725 1197 Qui
1756 1130 1823 1183 ad
1853 1139 1958 1184 ter-

377 1237 493 1279 ram
538 1240 724 1292 ruens,
776 1224 1041 1291 plerisque
1082 1222 1257 1275 adhuc
1301 1221 1493 1275 ictibus
1534 1225 1824 1284 sauciatus,
1856 1219 1959 1274 ini-

376 1332 537 1385 quam
579 1317 810 1369 animam
862 1314 1122 1383 sanguine
1168 1313 1436 1368 deﬂuente
1477 1314 1704 1378 refudit;
1756 1312 1955 1382 fuitque

380 1408 541 1461 ultrix
581 1408 760 1461 divina
810 1407 1062 1473 majestas
1101 1405 1375 1475 sanguinis
1424 1405 1745 1469 innocentis,
1794 1419 1951 1473 quem

379 1497 591 1564 propria
623 1495 875 1549 cii'uderat
910 1510 1092 1549 manu.
1150 1494 1308 1548 Multa
1341 1495 1478 1547 enim
1523 1492 1681 1557 furta,
1733 1492 1954 1547 homici-

376 1587 484 1649 dia,
515 1586 884 1665 adulteriaque
907 1585 1237 1639 miserrimus
1265 1598 1408 1652 szepe
1434 1586 1799 1648 commiserat,
1832 1597 1950 1651 que

376 1679 542 1733 silere
571 1678 760 1731 melius
788 1686 934 1745 puto.
978 1675 1286 1744 Composuit
1328 1684 1504 1729 tamen
1539 1673 1662 1729 tiliis
1690 1673 1832 1729 Saxo
1862 1672 1950 1728 ille

373 1777 596 1822 martem
618 1769 755 1834 ejus.

2063 575 2161 627 stis
2200 583 2225 611 ο
2268 590 2284 627 :
2324 587 2379 628 et
2416 592 2515 641 qua
2567 592 2707 630 nunc
2756 577 2927 632 fronte
2966 583 3238 648 qurcritis,
3288 592 3345 636 ut
3397 594 3648 652 nepotem

2065 679 2243 718 meum
2278 665 2680 721 Childebertum
2709 671 2983 737 suscipere
3028 673 3274 737 debeam,
3322 690 3482 743 quem
3515 678 3646 732 mihi

2058 766 2234 810 vestra
2266 761 2616 826 perversitate
2661 762 2908 817 voluistis
2956 763 3134 819 facere
3186 768 3497 821 inimicum?
3540 769 3641 825 Cui

2063 845 2220 914 legati
2250 849 2502 903 dixerunt
2537 865 2552 901 :
2583 851 2634 906 Si
2669 861 2870 906 tantum
2902 864 3134 909 mentem
3168 855 3438 911 iracundia
3469 861 3639 929 cepit.

2060 946 2113 990 ut
2138 938 2268 992 nihil
2298 943 2475 1008 nepoti
2503 953 2594 995 tuo
2615 943 2682 997 de
2712 944 2795 997 his
2818 960 2935 1011 qua:
2968 946 3240 1013 pollicitus
3261 962 3320 1001 es
3343 949 3641 1019 indulgeas,

2059 1031 2145 1084 vel
2176 1030 2288 1096 illa,
2323 1048 2442 1099 qua:
2472 1034 2541 1088 de
2570 1050 2735 1103 regno
2763 1036 3064 1091 Cltaribcrti
3096 1037 3359 1093 debentur
3380 1080 3396 1105 ,
3426 1043 3643 1097 auferre

2055 1120 2276 1176 desiste.
2323 1124 2526 1190 Quibus
2568 1126 2657 1179 ille
2703 1126 2815 1180 ait:
2849 1127 2988 1181 Ecce
3019 1129 3290 1196 pactiones
3336 1145 3453 1199 qua:
3499 1131 3644 1187 inter

2058 1225 2159 1265 nos
2212 1213 2365 1268 factze
2394 1224 2538 1280 sunt,
2590 1225 2650 1269 ut
2686 1216 2924 1286 quisquis
2976 1219 3093 1273 sine
3138 1220 3324 1274 fratris
3366 1222 3644 1279 voluntate

2056 1302 2288 1358 Parisios
2353 1307 2537 1360 urlem
2602 1307 3014 1376 ingrederetur,
3086 1311 3359 1366 amitteret
3430 1322 3636 1381 partem

2053 1408 2231 1459 suam,
2263 1408 2513 1465 essetque
2547 1396 2817 1452 Polioctus
2846 1412 3049 1468 martyr
3079 1396 3100 1438 ί
3136 1440 3152 1464 ,
3176 1414 3295 1454 cum
3329 1401 3531 1456 Hilario
3552 1413 3641 1459 at-

2054 1500 2159 1554 que
2188 1486 2419 1541 Martino
2448 1489 2870 1558 confessoribus,
2892 1491 3056 1559 jutlcx
3090 1507 3154 1547 ac
3181 1494 3471 1548 retributor
3489 1497 3632 1563 ejus.

2054 1577 2295 1631 Posthmc
2326 1578 2600 1648 ingressus
2628 1590 2711 1634 est
2742 1580 2795 1635 in
2828 1598 2946 1635 eam
2976 1600 3261 1650 germanus
3287 1586 3449 1657 336
3485 1602 3638 1641 meus

2051 1666 2374 1735 Sigibertus,
2427 1672 2515 1737 qui
2538 1669 2741 1738 judicio
2769 1671 2861 1725 Dei
2893 1672 3170 1742 interiens,
3222 1677 3393 1729 amisit
3428 1687 3633 1745 partem

2051 1776 2232 1815 suam.
2272 1760 2532 1816 Similiter
2554 1770 2607 1814 et
2632 1761 2967 1830 Cbilpericus
2994 1765 3178 1833 gessit.
3225 1766 3326 1820 l‘er
3366 1768 3460 1820 has
3503 1784 3634 1836 ergo

442 1859 532 1913 IV.
576 1859 778 1911 Interea
810 1857 1172 1928 Fredegundis
1201 1856 1381 1925 regina
1407 1856 1518 1926 jam
1548 1856 1760 1911 viduata
1791 1855 1942 1911 Pari-
1975 1843 2025 1906 Β
2052 1852 2502 1921 transgressiones
2523 1852 2817 1907 amiserunt
2847 1867 3024 1923 partes
3048 1871 3212 1910 suas:
3246 1857 3471 1925 ideoque
3495 1858 3625 1929 quia

374 1953 484 2008 sius
513 1950 749 2017 advenit,
780 1960 835 2004 et
863 1965 985 2003 cum
1019 1948 1307 2017 thesauris,
1340 1963 1473 2018 quos
1502 1947 1638 2003 inira
1670 1963 1943 2002 murorum

370 2052 520 2109 septa
548 2042 904 2104 concluserat,
940 2039 1005 2093 ad
1033 2040 1315 2094 ecclesiam
1362 2037 1602 2108 confugit
1631 2048 1656 2077 α
1682 2078 1698 2105 ,
1728 2046 1887 2108 atque
1915 2054 1945 2092 a

372 2133 720 2203 Raguemodo
770 2132 977 2186 fovetur
1027 2134 1279 2201 epismpo
1313 2150 1324 2184 :
1361 2131 1598 2201 reliquos
1640 2144 1772 2185 vero
1827 2132 1944 2184 tbc-

373 2236 582 2287 Sauros,
616 2222 703 2292 qui
728 2222 865 2289 apud
903 2222 1081 2275 villam
1107 2223 1288 2275 Calam
1321 2230 1711 2288 remanserant,
1745 2221 1796 2274 in
1829 2222 1947 2290 qni-

370 2317 471 2369 bus
503 2326 618 2369 erat
647 2314 948 2368 missoriutn
981 2315 1107 2366 illud
1137 2330 1378 2379 aureum,
1425 2315 1565 2383 quod
1598 2330 1767 2383 nuper
1802 2318 1943 2370 lece-

368 2419 452 2464 rat
482 2409 614 2480 (lib.
639 2423 715 2471 vt,
743 2424 860 2472 cap.
890 2407 925 2459 2
952 2407 995 2475 ),
1044 2394 1358 2461 thesaurarii
1409 2407 1754 2475 levaverunt,
1797 2421 1843 2462 et
1875 2410 1941 2461 ad

370 2499 766 2557 Cbildebertum
822 2516 1018 2568 regem,
1072 2500 1159 2569 qui
1199 2507 1326 2554 tunc
1366 2500 1505 2568 apud
1559 2500 1882 2555 Meldensetn
1913 2497 1940 2537 ά

367 2592 799 2648 commorabatur
823 2592 984 2662 335
1016 2591 1221 2655 urbem,
1256 2592 1517 2646 velociter
1549 2592 1896 2646 transierunt.

443 2683 507 2738 V.
540 2681 904 2751 Fredegundis
934 2682 1094 2751 igitur
1123 2681 1305 2751 regina
1337 2690 1559 2750 accepto
1587 2681 1831 2748 consilio,
1865 2683 1937 2736 le-

364 2779 521 2844 gatns
542 2773 605 2824 ad
637 2770 1099 2825 Cuutchramnum
1128 2786 1305 2841 regem
1347 2773 1528 2838 mittit,
1576 2773 1763 2827 dicens
1796 2772 1941 2828 :Ve-

366 2864 476 2918 niat
504 2864 750 2918 dominus
781 2876 954 2927 mens,
1002 2872 1056 2917 et
1084 2865 1337 2932 suscipiat
1368 2878 1583 2930 regnum
1627 2862 1806 2917 l‘ratris
1833 2864 1936 2916 sui.

368 2956 482 3025 Est,
516 2955 706 3025 inquit,
750 2955 876 3007 mihi
926 2956 1100 3007 infans
1132 2957 1398 3023 parvulus,
1430 2972 1586 3023 qnetn
1634 2956 1684 3009 in
1717 2955 1829 3025 «jus
1860 2955 1939 3008 ul-

367 3052 451 3104 nis
475 3062 671 3117 ponere
697 3046 1031 3110 desiderans,
1057 3061 1141 3099 me
1168 3054 1344 3098 autem
1375 3046 1543 3112 ipsam
1574 3046 1689 3114 ejus
1718 3044 1938 3101 humilio

363 3139 573 3192 ditioni.
604 3136 890 3204 Comperto
919 3150 1095 3189 autem
1131 3135 1564 3188 Cuntchranmus
1610 3150 1705 3189 rex
1735 3138 1801 3189 de
1828 3135 1935 3189 fra-

2049 1943 2128 1997 illi
2151 1943 2305 2013 quta
2356 1943 2447 1998 Dei
2474 1942 2734 2012 judicium
2781 1954 2837 1999 et
2874 1945 3279 2001 maledictiones
3323 1947 3624 2015 pactionum

2047 2039 2386 2107 defecerunt,
2434 2056 2595 2094 omne
2621 2055 2843 2110 regnum
2872 2039 3172 2095 Chariberti
3214 2058 3331 2095 t'uut
3367 2043 3631 2097 thesauris

2046 2131 2183 2201 ejus,
2237 2133 2369 2186 meis
2413 2130 2723 2198 ditionibus,
2777 2131 2891 2202 lege
2932 2131 3249 2201 opitulante,
3298 2133 3625 2202 subjiciam:

2045 2237 2147 2275 nec
2182 2223 2374 2276 exinde
2396 2221 2554 2276 alicui
2577 2223 2865 2292 quidquam
2899 2224 2997 2277 nisi
3025 2232 3316 2292 spontanea
3352 2226 3626 2285 voluntate

2047 2309 2372 2380 indulgeam.
2420 2312 2677 2367 Absistite
2709 2312 2869 2382 igitur
2896 2327 2994 2367 vos
3023 2328 3237 2382 semper
3263 2316 3544 2369 mendaces
3564 2334 3626 2372 ac

2045 2402 2254 2471 perlidi,
2284 2411 2338 2456 et
2369 2403 2482 2456 haec
2510 2404 2619 2473 regi
2652 2415 2831 2458 vestro
2870 2402 3088 2459 referte.

2116 2493 2231 2547 Vll.
2263 2494 2468 2560 Quibus
2498 2494 2933 2559 discedentibus,
2981 2496 3139 2562 legati
3182 2498 3371 2552 iterum
3406 2494 3624 2552 Childe—

2044 2588 2179 2641 berti
2220 2587 2285 2641 ad
2327 2588 2653 2659 antedictum
2705 2603 2881 2657 regem
2927 2589 3163 2653 veniun',
3220 2588 3622 2656 Frcdegundetu

2050 2676 2290 2747 reginam
2322 2678 2678 2747 requirentes,
2727 2688 2884 2749 atque
2913 2679 3151 2734 dicentes
3181 2698 3193 2732 :
3230 2680 3412 2735 Redde
3456 2680 3622 2735 homi-

2040 2769 2237 2835 cidam,
2270 2786 2387 2839 quae
2419 2772 2635 2824 amitam
2685 2786 2857 2825 meam
2889 2772 3213 2841 suggiliavit,
3257 2788 3374 2840 quae
3418 2782 3621 2839 patrem

2042 2861 2335 2930 interfecit,
2369 2874 2421 2917 et
2452 2874 2695 2932 patruum
2724 2882 2736 2916 :
2771 2880 2890 2933 qua:
2934 2867 3076 2933 ipsos
3113 2879 3325 2934 quoque
3345 2865 3621 2919 consobri-

2040 2969 2141 3008 nos
2169 2969 2318 3008 meos
2343 2954 2523 3024 gladio
2559 2946 2833 3009 interemit
2860 2964 2908 3009 ε.
2944 2958 3013 3009 At
3043 2956 3135 3009 ille
3169 2972 3184 3009 :
3218 2958 3269 3009 In
3302 2957 3513 3025 placito,
3541 2958 3623 3011 in-

2039 3046 2177 3114 quit,
2210 3046 2353 3114 quod
2385 3047 2660 3111 habemus,
2707 3057 2894 3101 cuncta
2923 3045 3282 3111 decernimus,
3330 3055 3621 3104 tractantes

2038 3134 2163 3203 quid
2206 3146 2449 3202 Oporteat
2498 3135 2633 3189 iicri.
2693 3132 2824 3188 Nam
2867 3134 3267 3204 Frcdcgundem
3321 3137 3618 3203 patrocinio

360 3234 459 3284 tris
498 3243 745 3294 excessu,
797 3228 1136 3282 amarissime
1186 3227 1349 3282 ilevit.
1397 3227 1669 3281 Moderato
1722 3242 1931 3296 quoque
1959 3214 2009 3280 C
2038 3243 2137 3281 suo
2182 3230 2414 3293 fovebat,
2461 3226 2740 3297 ipsamque
2783 3228 2977 3297 sacpius
3023 3228 3087 3282 ad
3137 3230 3439 3283 cowivium
3484 3244 3618 3283 evo-

358 3322 595 3390 planctu,
620 3328 887 3375 commoto
914 3318 1156 3373 exercitu
1205 3318 1436 3372 Parisios
1466 3317 1661 3385 dirigit.
1694 3318 1932 3388 Cumque

360 3412 452 3465 ille
482 3410 615 3464 infra
652 3424 836 3464 muros
865 3420 1150 3478 susceptus
1196 3408 1405 3474 fuisset,
1441 3409 1811 3464 (lliiidebertus
1837 3424 1929 3465 rex

360 3516 526 3568 nepos
554 3500 669 3566 ejus
696 3500 764 3552 ab
790 3500 890 3553 alia
924 3500 1136 3553 advenit
1168 3510 1338 3568 parte.

432 3591 518 3646 γι.
548 3594 652 3648 Sed
684 3603 803 3646 ctnn
826 3608 947 3647 eum
981 3590 1234 3645 Parisiaci
1266 3591 1502 3659 recipere
1532 3593 1754 3658 nollent,
1790 3592 1929 3663 lega-

361 3696 443 3738 tos
474 3685 535 3737 ad
570 3683 1029 3738 Guntcltramnutn
1075 3697 1253 3751 regem
1286 3680 1484 3751 dirigit,
1529 3682 1749 3735 dicens:
1781 3681 1925 3749 Scio,

358 3777 596 3842 piissime
635 3783 807 3843 pater,
841 3790 943 3826 non
997 3774 1165 3827 latere
1208 3774 1454 3841 pietatem
1490 3784 1653 3836 tuam,
1700 3772 1928 3841 qualiter

357 3879 637 3935 utrumque
687 3880 854 3934 usque
907 3879 1140 3932 prmseus
1183 3876 1388 3931 tempus
1434 3879 1553 3930 pars
1599 3862 1927 3932 oppresserit

357 3961 593 4021 initntca,
624 3966 683 4009 ut
720 3958 894 4009 nullus
925 3955 992 4009 de
1018 3957 1178 4009 rebus
1205 3955 1307 4007 sibi
1351 3954 1545 4008 debitis
1577 3954 1739 4022 possit
1780 3953 1923 4007 inve-

355 4050 407 4100 ni
442 4063 472 4100 e
518 4046 803 4115 justitiam.
860 4045 1060 4100 Idcirco
1094 4045 1317 4114 supplex
1365 4060 1505 4099 nunc
1547 4045 1823 4113 deprecor,
1868 4054 1923 4099 ut

353 4132 564 4203 placita,
591 4152 707 4204 qmc
739 4136 874 4189 inter
914 4152 1010 4188 nos
1056 4146 1174 4204 post
1216 4134 1378 4204 patris
1414 4137 1515 4189 tnei
1554 4136 1756 4189 obitum
1797 4146 1922 4189 sunt

352 4224 565 4291 innexa,
597 4224 984 4277 custodiantur.
1018 4224 1167 4278 Tunc
1194 4224 1626 4279 Guutcbramuus
1654 4239 1745 4279 rex
1768 4225 1917 4293 iega-

346 4314 414 4366 tis
444 4314 582 4366 illius
621 4315 695 4367 ait
726 4314 804 4369 :0
847 4314 1025 4368 miseri
1066 4324 1118 4368 et
1161 4330 1373 4383 semper
1405 4315 1588 4381 perﬁdi
1613 4357 1627 4379 ,
1684 4316 1815 4369 nihil
1865 4318 1915 4369 in

346 4403 498 4455 vobis
526 4414 711 4455 verum
755 4403 1042 4468 habentes,
1086 4420 1258 4471 neque
1303 4405 1355 4455 in
1391 4404 1663 4470 promissis
1712 4421 1917 4473 perma-

353 4502 561 4553 nentes,
586 4504 713 4545 ecce
734 4493 979 4545 omnibus
1003 4508 1120 4560 qua:
1147 4492 1271 4544 mihi
1300 4493 1519 4560 polliciti
1539 4494 1668 4546 eStis
1691 4496 1912 4557 relictis,

2034 3334 2185 3386 cans,
2222 3324 2536 3389 promittens
2570 3317 2596 3355 ιλ
2620 3336 2677 3374 se
2708 3320 2756 3375 ei
2790 3321 2902 3374 lieri
2936 3320 3224 3374 maximum
3256 3319 3619 3377 defensorem.

2034 3410 2271 3476 Quadam
2303 3424 2430 3464 vero
2456 3409 2543 3463 die
2574 3408 2698 3461 dum
2743 3408 2940 3477 pariter
2969 3410 3033 3461 ad
3067 3425 3302 3463 mensam
3335 3410 3619 3478 epularen-

2036 3514 2143 3568 tur,
2176 3504 2354 3572 regina
2384 3517 2736 3570 consurgens,
2772 3512 2823 3556 ct
2854 3502 3176 3566 valedicens,
3202 3518 3230 3556 a
3262 3518 3383 3571 rege
3412 3504 3617 3557 detine-

2032 3593 2208 3661 batur,
2240 3593 2451 3647 dicente
2496 3593 2638 3647 sibi:
2674 3593 2863 3647 Adhuc
2905 3593 3102 3661 aliquid
3154 3595 3257 3647 cibi
3301 3608 3470 3648 suae.
3519 3596 3614 3649 Cui

2033 3682 2438 3753 illazimlulge,
2490 3683 2680 3753 inquit,
2727 3684 3009 3751 deprecor,
3069 3684 3286 3739 domine
3341 3685 3434 3751 mi,
3486 3688 3612 3754 quia

2026 3771 2177 3839 juxta
2205 3773 2647 3828 coitsuetudiuem
2677 3773 2961 3828 mulierum
2990 3777 3211 3845 Contigit
3244 3776 3392 3840 tuilti,
3427 3786 3482 3829 ut
3513 3794 3611 3844 pro

2028 3874 2293 3933 conceptu
2326 3879 2670 3934 consurgam.
2729 3866 2853 3918 llaec
2897 3865 2987 3920 ille
3016 3865 3261 3930 audiens,
3316 3866 3609 3935 obstupuit,

2027 3953 2205 4007 sciens
2238 3965 2483 4021 quartutn
2516 3968 2636 4009 esse
2679 3970 2917 4009 mensem
2945 3996 2960 4020 ,
3012 3970 3074 4008 ex
3106 3970 3211 4024 qua
3241 3956 3401 4009 alium
3430 3955 3611 4011 edide-

2026 4054 2109 4096 rat
2139 4044 2299 4096 lilium
2332 4060 2347 4097 :
2381 4054 2554 4098 tamen
2586 4045 2786 4113 permis
2813 4055 2829 4097 t
2861 4062 2977 4098 eam
3013 4061 3176 4099 consn
3212 4062 3358 4115 gere.
3395 4046 3607 4101 Priores

2026 4149 2231 4203 queque
2262 4135 2329 4187 de
2357 4151 2520 4204 regno
2569 4134 2881 4203 Chilperici,
2941 4148 2993 4190 ut
3026 4150 3136 4189 erat
3185 4138 3524 4191 Ansoualdus
3554 4150 3609 4195 et

2025 4224 2233 4292 reliqui,
2269 4223 2333 4275 ad
2362 4225 2525 4277 tilium
2551 4226 2667 4293 ejus
2698 4228 2785 4295 qui
2818 4238 2970 4292 erat,
3004 4239 3059 4280 ut
3080 4229 3323 4295 superius
3352 4229 3605 4294 diximus,

2022 4324 2250 4381 quatuor
2294 4316 2583 4381 mensium,
2635 4331 2692 4369 se
2738 4316 3090 4387 collegerunt,
3140 4334 3300 4387 quem
3350 4319 3608 4372 Chlotha-

2023 4405 2156 4458 rium
2190 4403 2204 4440 ί
2243 4406 2629 4466 vocitaverunt,
2663 4412 2937 4476 cx’gi-ntcs
2974 4420 3309 4462 Saciameuta
3341 4425 3432 4477 per
3471 4410 3603 4465 civi-

2024 4508 2173 4559 tates,
2209 4514 2326 4562 qua:
2356 4499 2418 4549 ad
2442 4498 2745 4565 Chilpericu
2773 4521 2800 4549 ιι
2836 4499 2982 4565 prius
3016 4514 3368 4567 aspexerant,
3400 4509 3456 4552 ttt
3484 4502 3586 4554 sci-

349 4598 470 4634 cum
509 4580 813 4647 Chilperico
866 4596 989 4650 tege
1032 4595 1219 4634 novant
1267 4584 1563 4648 pactionem
1606 4582 1913 4650 scripsistis,
1950 4584 1993 4640 D
2027 4591 2147 4642 licet
2181 4590 2361 4642 lideles
2394 4605 2513 4643 esse
2540 4593 2766 4644 debeant
2796 4592 3196 4645 GUIIlt:|tt':tlttllt
3235 4592 3368 4660 regi,
3406 4607 3471 4646 ac
3503 4607 3589 4647 ue-

350 4684 407 4723 ut
438 4688 521 4724 me
551 4686 580 4723 a
612 4684 777 4737 regno
802 4670 1041 4737 depulso,
1073 4671 1316 4725 civitates
1348 4686 1492 4724 meas
1523 4672 1661 4725 inter
1696 4686 1756 4726 se
1782 4672 1917 4726 divi-

348 4763 559 4817 derent.
595 4762 737 4815 Ecce
788 4761 1059 4829 pactiones
1109 4762 1282 4829 ipsas,
1333 4775 1457 4815 ecce
1506 4776 1693 4816 manus
1722 4773 1915 4817 vesme

421 4905 443 4930 ³
469 4895 581 4950 iloc
628 4906 785 4963 caput
814 4896 963 4951 deest
994 4897 1045 4949 in
1088 4895 1241 4950 Colb.
1273 4910 1326 4949 a.
1375 4905 1429 4949 et
1459 4895 1573 4949 Vat.
1603 4912 1615 4955 ;
1646 4896 1717 4948 al.
1742 4936 1758 4961 ,
1812 4895 1913 4949 Vc-

344 4964 517 5017 dastus
544 5008 556 5031 ,
587 4967 733 5026 liec.,
764 4967 917 5020 Coll).
947 4983 1020 5019 tn.
1063 4976 1118 5020 et
1145 4965 1365 5031 Regum,
1398 4977 1728 5034 cognomenta
1768 4984 1910 5021 avus.

344 5039 542 5089 Cuu'er
566 5046 724 5099 t'aplll
754 5037 816 5088 15
851 5037 965 5088 libri
1000 5037 1372 5104 pra-cedentis.

418 5106 441 5141 ί)
473 5105 626 5157 Coll).
654 5122 749 5165 m.,
781 5106 1074 5174 (Ilii/periri.

417 5185 436 5209 ε
475 5176 548 5225 Ex
584 5176 685 5226 hoc
729 5178 843 5226 loco
876 5175 1134 5239 Vah-sius,
1182 5177 1232 5228 in
1283 5176 1376 5229 lib.
1408 5176 1474 5230 de
1504 5176 1736 5230 basilicis
1770 5178 1913 5231 Pari-

338 5243 498 5295 siaris
524 5258 641 5309 cap.
676 5250 723 5307 1,
770 5250 958 5311 probat
992 5248 1112 5299 adv.
1143 5246 1434 5299 Launoimn
1456 5288 1469 5309 ,
1513 5248 1768 5313 majorem
1818 5264 1909 5301 seu

338 5314 698 5365 cathedralent
746 5315 1063 5367 l‘arisiorum
1096 5318 1381 5369 ecclesiam
1430 5319 1563 5368 intra
1597 5323 1779 5371 urbem
1811 5324 1909 5370 sub

340 5386 504 5447 prima
542 5399 723 5452 regum
755 5397 1057 5437 nostrorum
1090 5386 1254 5453 stirpe
1277 5385 1562 5455 exstitisse.
1611 5388 1904 5455 thuidem

337 5467 543 5526 rer-tum
573 5465 651 5526 est
694 5456 921 5506 ecclesia:
961 5457 1175 5508 nomine
1205 5457 1395 5526 passim
1425 5454 1561 5523 apud
1591 5454 1905 5526 Gregorium

336 5524 693 5594 catlicdralem
725 5525 999 5594 ecclesiam
1032 5525 1319 5594 designari.

404 5590 430 5628 ά
467 5596 611 5663 liec.,
634 5597 773 5663 apud
799 5593 1089 5648 Maldesim.

405 5662 803 5730 'Coul'er'cap.
839 5668 871 5719 5
918 5664 1007 5717 lib.
1042 5680 1111 5727 vn,
1159 5665 1245 5716 ubi
1290 5665 1356 5716 de
1402 5663 1747 5718 Cumtramno
1795 5666 1909 5730 pcl-

335 5728 492 5782 icudo
521 5743 692 5784 actum
743 5728 934 5797 fuerat,
967 5736 1054 5802 qui
1086 5736 1468 5786 cott~enti0nes
1511 5737 1626 5785 illas
1650 5748 1716 5787 ex
1751 5728 1898 5789 Clui-

331 5802 498 5862 μετῇ-ἰ
528 5802 737 5854 scrinits
770 5815 894 5856 tum:
920 5821 967 5856 tu
997 5820 1088 5855 sua
1119 5815 1378 5869 potestate
1409 5803 1657 5856 habebat.

2025 4678 2132 4746 poti
2161 4694 2259 4732 suo
2288 4677 2623 4734 Chlotbario.
2654 4681 3090 4735 Guntchramnus
3122 4699 3247 4737 vero
3275 4700 3364 4737 rex
3391 4684 3600 4752 omnia,

2019 4786 2136 4837 qua:
2170 4770 2353 4824 lidelcs
2376 4771 2515 4839 regis
2539 4772 2820 4841 Chilperci
2855 4788 2959 4825 non
2994 4783 3135 4826 recte
3163 4774 3389 4828 diversis
3413 4775 3603 4829 absun-

2093 4898 2616 4974 '_llicpr:e_c:rteris
2656 4907 2858 4956 elcCtus
2888 4904 3078 4968 irterat,
3111 4912 3250 4971 quod
3285 4909 3336 4958 in
3370 4906 3600 4974 perjuris

2018 4969 2310 5044 puniendis
2327 4972 2556 5044 celebris
2583 4984 2745 5035 esset,
2795 4985 2851 5025 ut
2893 4969 3264 5044 testatur—ipse
3308 4969 3617 5043 Gregorius-

2018 5040 2109 5090 itb.
2140 5054 2154 5090 1
2179 5040 2245 5091 tle
2275 5041 2453 5093 Gloria
2486 5043 2664 5102 Mart.,
2690 5058 2807 5108 Cap.
2846 5044 2965 5099 i05.
3146 5040 3173 5108 ,⁵

2089 5109 2510 5180 ὅἘιόάυμυηιίίε
2551 5102 2901 5165 accusabatur
2943 5116 3082 5180 quod
3129 5102 3547 5169 Gailesvintbam
3576 5156 3591 5180 ,

2017 5176 2343 5254 Childeberti
2374 5192 2713 5254 materteram
2747 5176 3063 5254 strangulari
3094 5184 3324 5244 iecisset.
3355 5201 3418 5239 ac
3447 5176 3595 5254 Sigi;

2016 5246 2221 5322 bertum
2272 5247 2509 5317 ejusdem
2546 5263 2767 5315 patrem,
2816 5246 3175 5320 Chilpericmn
3221 5246 3589 5322 patruumfet

2015 5317 2377 5393 Chlodoveum
2410 5336 2471 5371 ac
2507 5321 2807 5375 Meroteum
2833 5317 3023 5377 fratres
3053 5325 3169 5392 ejus
3195 5317 3482 5393 patrueles,
3506 5327 3593 5381 in-

2016 5389 2189 5439 terimi
2226 5400 2581 5455 procurasset.

2085 5455 2332 5538 hﬂCln-sn'.
2358 5471 2407 5511 et
2439 5460 2592 5512 Colb.
2618 5476 2668 5514 a.
2694 5458 2791 5513 alia
2812 5477 2990 5530 manu,
3009 5465 3359 5531 promittebat.
3378 5465 3591 5538 liegm.,

2013 5541 2067 5578 se
2096 5528 2205 5589 ﬁeri
2236 5527 2377 5579 illius
2408 5545 2707 5595 maxnnuut,
2742 5542 2847 5585 etc.

2091 5596 2106 5633 ί
2141 5597 2287 5671 idem
2317 5613 2379 5650 ac
2411 5613 2626 5665 pan-nus
2660 5617 2851 5654 nomen
2886 5602 3134 5664 habebat;
3166 5608 3397 5671 priorem
3427 5605 3583 5661 Chlo-

2014 5666 2343 5741 tharharium
2368 5684 2430 5741 ex
2453 5672 2826 5741 vetustissimis
2847 5674 3003 5725 codd.
3034 5666 3348 5741 scripsimus
3381 5692 3394 5729 :
3428 5676 3585 5731 istum

2010 5751 2137 5787 vero
2178 5736 2527 5800 (.‘Itlomrium,
2585 5753 2678 5791 Seu
2723 5740 3074 5806 Chloterium,
3122 5736 3211 5796 aut
3255 5744 3585 5801 Hlulhurtum

2008 5806 2192 5873 scripti
2226 5808 2393 5860 nostri
2426 5809 2580 5876 vulgo
2612 5812 2902 5880 appel‘ialtt,
2934 5828 3067 5881 quos
3098 5810 3391 5882 sequimur.
