3966 6348
418 282 523 368 ωδ

1423 302 1479 356 S.
1523 294 1847 355 GltEh‘Ollll
1891 296 2195 353 El’lSCOPI
2237 296 2662 352 TL'ItONENSlS

3586 294 3689 348 4ὶῖ

435 435 520 476 tus
548 422 616 474 de
646 432 809 486 rcguo
829 417 1122 471 Cltarilicrti
1149 414 1326 468 fratris
1350 415 1428 466 sui
1454 422 1753 480 acceperat,
1778 413 2003 473 direxit;
2041 405 2083 472 Α
2116 412 2213 465 nisi
2246 419 2444 463 tantum
2471 410 2615 477 jnssa
2641 407 2897 476 principis
2930 405 3242 473 adimplere.
3278 405 3405 458 Nam
3439 406 3483 460 si
3521 405 3695 459 nolue-

438 526 488 565 ttl
522 515 795 577 exigentes
843 516 1198 570 sacramenta,
1229 506 1341 557 stis
1375 519 1467 556 eas
1496 504 1793 556 ditionibus
1822 502 2007 569 subj"-

372 606 381 617 ‘
435 611 637 670 garent.
661 598 914 653 Turonici
940 613 1065 650 vero
1088 608 1244 664 atque
1272 594 1475 648 Pctavi
1501 593 1563 645 ad
1579 592 2007 659 Chiltlebertum,

437 693 685 761 Sigiberti
740 692 930 753 ﬁlium,
985 692 1210 741 transire
1258 687 1569 739 voluerunt:
1622 685 1713 739 sed
1760 684 2010 737 commoti

439 784 652 838 Biturici
703 792 886 837 contra
936 796 1029 835 eos
1076 781 1262 835 venite
1305 780 1628 848 diSponunt,
1684 790 1842 847 atque
1880 777 2011 830 infra

436 880 718 931 terminum
769 876 1090 929 Turonicnm
1158 874 1398 926 incendia
1460 872 1635 925 fat-ere
1707 879 2009 939 eruperunt.

437 968 588 1022 Tunc
619 954 1022 1034 Marojalensem
1050 972 1079 999 ι
1112 964 1392 1017 ecclesiam
1422 960 1631 1015 termini
1663 960 1933 1023 Turoniei,
1963 960 2013 1012 in

436 1074 538 1125 qua
589 1057 758 1110 sancti
812 1055 1022 1109 Martini
1069 1052 1309 1121 reliquim
1362 1051 1713 1111 habebantur,
1765 1049 2016 1102 inccndio

435 1152 845 1198 concremarunt
870 1158 886 1198 :
914 1141 1008 1194 setl
1040 1142 1205 1194 virtus
1235 1140 1372 1193 beati
1402 1139 1604 1202 adfuit,
1633 1147 1690 1190 ιιι
1716 1138 1767 1191 in
1802 1147 1903 1190 tam
1928 1151 2017 1190 va-

438 1236 547 1289 lido
578 1233 825 1288 incendio
872 1232 1106 1300 pallulaz,
1138 1246 1255 1297 qua:
1303 1244 1463 1297 super
1510 1227 1759 1282 altarium
1813 1228 2019 1281 fuerant

439 1325 646 1393 positte,
682 1338 786 1375 non
837 1332 1277 1374 consumerentur
1306 1320 1372 1371 ab
1416 1319 1557 1386 igne.
1604 1318 1668 1371 Et
1699 1331 1803 1369 non
1848 1316 2019 1370 solum

438 1416 590 1485 ipsae,
643 1414 736 1467 sed
768 1412 928 1466 etiam
972 1410 1208 1464 herbulae
1237 1410 1362 1463 oliui
1397 1408 1674 1472 .rollcctar,
1728 1407 2020 1473 altarioque

440 1506 653 1567 locatae,
688 1516 1018 1570 nequaquam
1045 1512 1245 1554 cxusue
1280 1509 1406 1553 sunt
1427 1497 1479 1551 δ.
1512 1498 1642 1565 Quze
1674 1496 1913 1551 incendia
1939 1498 2019 1550 vi-

439 1595 629 1648 dentes
651 1593 926 1660 'I‘uronici,
953 1593 1267 1661 legationem
1301 1592 1508 1643 tuitttmt
1525 1631 1538 1651 ,
1565 1590 1807 1644 dicentes
1830 1590 2020 1642 melius

438 1689 538 1741 sibi
570 1702 689 1740 esse
717 1686 783 1739 ad
816 1696 1024 1751 tempus
1055 1683 1458 1737 Guntcltramno
1490 1684 1598 1751 regi
1653 1681 1830 1745 subdi,
1860 1696 2019 1749 quam

443 1770 633 1832 cuncta
666 1777 915 1831 incendio
941 1788 1029 1829 aut
1061 1775 1201 1829 ferro
1232 1775 1450 1830 vastari.

510 1889 644 1943 XIII.
690 1888 979 1942 Confestim
1029 1895 1208 1941 autem
1262 1896 1382 1955 pust
1431 1894 1660 1940 mortem
1710 1882 2016 1953 Cltilpcrici,

435 1980 727 2036 'Gararicus
758 1979 865 2032 dux
896 1978 1208 2032 Lemovicas
1247 1986 1570 2041 accesserat,
1603 1985 1658 2031 et
1686 1982 2017 2031 sacramenta

441 2088 504 2125 ex
555 2069 772 2125 nomine
805 2068 1131 2123 Childeberti
1179 2079 1519 2136 susceperat;
1553 2068 1749 2122 exinde
1799 2069 2021 2122 Pictavis

443 2164 686 2224 veniens,
714 2161 780 2213 ab
805 2162 935 2228 ipsis
975 2168 1220 2227 receptos
1249 2171 1349 2223 est,
1379 2168 1433 2214 et
1459 2159 1529 2213 ibi
1562 2160 1889 2213 morabatur.
1917 2159 2024 2213 Au-

444 2254 596 2305 dieus
621 2263 795 2304 autem
824 2267 940 2320 qua:
981 2251 1230 2304 Turonici
1266 2251 1626 2318 patiebantur,
1680 2252 1835 2304 tuittit
1882 2253 2025 2318 lega-

448 2341 668 2404 tionem,
709 2340 979 2394 obtestans
1020 2355 1087 2393 ne
1134 2354 1229 2393 nos
1276 2338 1341 2393 ad
1389 2352 1590 2409 partem
1636 2340 2021 2395 Guutchramni

445 2435 591 2501 regis
624 2434 835 2486 tradere
889 2432 1241 2495 deberemus,
1291 2432 1337 2486 si
1396 2432 1549 2486 nobis
1601 2433 1854 2485 vellemus
1905 2447 2025 2487 esse

439 2525 742 2577 consultum
794 2539 805 2574 :
839 2522 931 2577 sed
965 2524 1362 2577 tuemincritttus
1412 2523 1585 2590 potius
1617 2523 1887 2591 Sigiberti,
1936 2523 2023 2591 qui

445 2616 712 2682 quondam
760 2616 971 2683 genitor
1017 2614 1341 2669 Childeberti
1389 2613 1550 2685 35,0
1603 2613 1721 2667 fuit.
1761 2612 1869 2667 Nos
1900 2629 2026 2667 vero

444 2704 560 2758 [nec
588 2720 794 2758 rursum
820 2704 1075 2773 episcopo
1107 2715 1160 2760 et
1189 2705 1390 2759 civibus
1418 2705 1663 2759 mandata
1687 2706 2025 2773 remisimus,

445 2795 585 2865 quod
632 2796 732 2850 nisi
776 2810 834 2850 se
863 2797 929 2849 ad
983 2806 1198 2866 tempus
1239 2796 1642 2852 Guntchramno
1671 2797 1783 2867 regi
1832 2798 2028 2854 subde-

446 2896 584 2954 rent,
619 2886 811 2940 similia
846 2890 1182 2955 paterenturf,
1214 2900 1516 2943 asserentes
1566 2888 1703 2943 hunc
1732 2904 1857 2944 esse
1888 2903 2029 2944 nunc

449 2993 653 3047 patrem
688 2994 851 3049 super
880 2981 1013 3033 duos
1049 2980 1203 3043 ﬁlios,
1259 2980 1512 3048 Sigiberti
1558 2980 1763 3034 scilicet
1802 2989 1856 3035 et
1885 2980 2029 3035 Chil-

452 3070 635 3135 perici,
666 3071 756 3139 qui
784 3072 833 3125 ei
869 3070 1076 3124 fuerant
1120 3070 1356 3139 adoptati
1401 3087 1413 3123 :
1442 3081 1500 3125 et
1528 3071 1605 3124 sic
1653 3081 1835 3125 tenere
1879 3074 2025 3141 regni

2114 503 2251 565 ritis,
2303 510 2492 555 cuncta
2538 508 2595 553 ut
2645 499 2906 566 ctepimus
2949 497 3314 550 devastamus.
3354 496 3596 566 Cumque
3643 500 3696 552 in

2116 592 2215 645 hoc
2242 606 2329 645 res
2349 599 2615 660 ageretur,
2643 599 2695 641 ut
2724 589 2971 643 universa
2998 587 3272 653 incendio,
3294 589 3514 655 praedae,
3540 598 3700 658 atque

2114 682 2407 749 captivitati
2452 681 2807 744 traderentur,
2850 680 3033 747 ejectis
3063 680 3129 733 de
3149 678 3364 733 civitate
3395 680 3702 735 hominibus

2116 771 2467 837 Childebeiti,
2493 781 2825 825 Sacramenta
2854 770 3260 825 Guutcltramno
3287 771 3393 840 regi
3413 772 3700 838 dederunt,

2117 880 2221 919 non
2253 864 2412 933 longo
2439 874 2679 928 tempore
2706 876 2768 915 ea
2799 858 3186 915 custodientes.

2187 975 2324 1029 XIV.
2362 976 2521 1042 Igitur
2548 973 2864 1029 adveniente
2896 973 3108 1042 placito,
3129 971 3331 1027 directi
3354 983 3477 1027 sunt
3499 989 3529 1028 a
3551 974 3704 1030 Chil-

2117 1065 2339 1120 deberto
2362 1080 2487 1133 rege
2506 1065 2720 1130 Egiilius
2742 1064 3043 1130 episcopus,
3075 1063 3510 1118 Guntchramnus
3536 1067 3703 1133 Bosa,

2117 1157 2442 1227 Sigivaldus,
2475 1166 2529 1213 ct
2558 1157 2647 1209 alii
2694 1157 2845 1211 mulli
2874 1156 2939 1209 ad
2991 1155 3453 1212 Guutcltramnnm
3501 1173 3707 1226 regem,

2118 1246 2481 1316 ingressisque
2509 1246 2573 1300 ad
2608 1262 2751 1310 eum,
2786 1247 2861 1298 ait
2898 1247 3182 1314 episcopus
3216 1262 3229 1297 :
3261 1245 3474 1302 Gratias
3498 1248 3710 1315 agimus

2125 1337 2232 1390 Deo
2263 1336 2641 1402 omnipotenti,
2674 1350 2706 1387 ο
2733 1333 2969 1403 piissime
3011 1349 3123 1399 rex,
3159 1335 3300 1403 qttod
3329 1343 3380 1389 te
3420 1347 3541 1405 post
3571 1337 3705 1391 mul-

2124 1439 2205 1483 tus
2238 1430 2446 1482 labores
2492 1427 2802 1495 regionibus
2844 1427 2948 1480 tuis
2992 1440 3261 1495 regnoque
3305 1427 3561 1482 restituit.
3611 1429 3709 1482 Cui

2123 1535 2215 1574 rex
2250 1520 2321 1572 ait
2354 1536 2365 1572 :
2401 1519 2477 1573 Illi
2501 1520 2642 1573 enim
2676 1518 2847 1585 dignae
2885 1527 3007 1571 sunt
3039 1519 3225 1587 gratia:
3261 1516 3584 1581 referendae,
3615 1522 3710 1589 qui

2125 1622 2203 1666 est
2234 1612 2344 1664 Rex
2375 1625 2580 1679 regum,
2605 1618 2658 1663 et
2683 1608 2940 1662 Dominus
2968 1607 3335 1673 dominorum,
3358 1609 3448 1677 qui
3478 1611 3591 1663 lucc
3614 1625 3709 1663 sua

2129 1704 2468 1757 miseratione
2497 1703 2705 1771 operari
2732 1700 2979 1768 dignatus
2998 1709 3100 1755 εει.
3127 1698 3255 1752 Nam
3279 1712 3381 1753 non
3414 1699 3527 1762 tibi,
3556 1701 3710 1769 cujus

2049 1774 2097 1839 Β
2124 1795 2351 1849 consilio
2374 1793 2531 1866 31.1
2556 1793 2741 1848 doloso
2766 1806 2828 1846 ac
2858 1791 3104 1861 periuriis
3135 1791 3378 1861 regiones
3403 1807 3535 1845 meae
3566 1807 3710 1846 anno
3782 1856 3800 1868 ι

2122 1888 2400 1953 superiore
2427 1886 2654 1939 incensa)
2678 1894 2802 1938 sunt
2821 1925 2835 1950 ,
2867 1884 2956 1953 qui
2982 1896 3251 1948 nunquam
3270 1880 3426 1936 ﬁdem
3450 1881 3710 1951 integrant

2124 1994 2243 2032 cum
2274 1978 2383 2032 ullo
2439 1976 2655 2030 homine
2713 1973 2963 2036 habuisti,
3016 1973 3168 2042 cujus
3215 1972 3475 2028 dolositas
3505 1973 3708 2043 ubique

2124 2069 2471 2138 dispergitur,
2504 2067 2592 2135 qui
2619 2082 2722 2119 non
2753 2066 3118 2130 sacerdotem,
3151 2063 3245 2117 sed
3270 2064 3540 2118 inimicum
3564 2070 3712 2134 regni

2124 2159 2292 2212 ηοεπί
2321 2169 2368 2212 te
2396 2172 2514 2212 esse
2543 2157 2805 2212 declaras.
2842 2157 2917 2209 Ad
2952 2155 3066 2210 haec
3097 2156 3257 2210 verba
3288 2155 3571 2224 episcopus
3601 2157 3712 2210 ira-

2124 2249 2318 2301 cundia
2349 2259 2645 2315 commotus
2674 2247 2839 2300 siluit.
2865 2246 3006 2301 Unus
3038 2256 3216 2302 autem
3243 2261 3307 2301 ex
3333 2247 3517 2315 legatis
3536 2247 3711 2301 dixit:

2125 2340 2401 2408 Supplicat
2432 2354 2596 2407 nepos
2627 2348 2747 2391 tuus
2773 2335 3170 2401 (lltiltleberlus,
3203 2344 3263 2390 ut
3305 2336 3546 2390 civitates
3585 2351 3715 2406 quas

2129 2442 2281 2501 pater
2311 2431 2426 2499 ejus
2456 2428 2645 2493 tenuit,
2678 2426 2824 2481 reddi
2852 2425 3062 2495 jubeas.
3097 2425 3177 2481 Ad
3215 2425 3328 2479 haec
3360 2424 3447 2479 ille
3491 2440 3717 2493 respon-

2128 2522 2207 2576 dit
2246 2540 2258 2577 :
2291 2520 2408 2576 Jam
2453 2520 2567 2574 dixi
2610 2519 2761 2575 Vobis
2804 2519 2971 2587 prius,
3021 2519 3147 2587 quia
3197 2517 3467 2587 pactiones
3516 2530 3721 2574 uestra:

2130 2614 2264 2668 mihi
2299 2612 2411 2666 [nec
2441 2610 2755 2677 conferunt;
2783 2610 3007 2680 ideoque
3030 2625 3119 2663 eas
3144 2610 3368 2666 reddere
3395 2611 3536 2665 nolo.
3565 2610 3721 2666 Alius

2130 2720 2348 2776 quoque
2379 2704 2670 2771 legatorum
2699 2703 2809 2756 ait:
2843 2701 3011 2770 Rogat
3053 2716 3220 2771 nepos
3248 2711 3388 2768 tuus,
3431 2713 3487 2756 ut
3514 2703 3718 2757 Frede-

2130 2797 2363 2866 gundem
2410 2796 2727 2862 maleﬁcam,
2754 2812 2850 2866 per
2877 2812 3033 2864 quam
3068 2797 3219 2851 multi
3257 2811 3409 2865 reges
3448 2796 3723 2851 ἰιιιρι-ΐερίὶ

2130 2900 2278 2955 sunt,
2329 2888 2476 2942 reddi
2517 2888 2727 2957 jubeas,
2755 2886 2822 2940 ad
2853 2886 3208 2941 ulciscendam
3256 2896 3480 2941 mortem
3512 2888 3715 2955 patris,

2132 2980 2309 3049 patrui
2342 2989 2395 3033 et
2421 2978 2865 3032 consobrinorum
2890 2991 3129 3032 suorum.
3173 2976 3259 3031 At
3287 2977 3377 3031 ille
3404 2995 3415 3030 :
3448 2977 3607 3031 1ra'li
3640 2978 3721 3042 ei,

2135 3073 2328 3140 inviu’t,
2363 3071 2413 3123 in
2444 3078 2760 3137 potestatem
2794 3085 2897 3122 non
2928 3069 3145 3138 poterit,
3177 3069 3297 3139 quia
3340 3068 3503 3123 ﬁlium
3536 3084 3723 3139 regem

448 3161 823 3230 principatum,
855 3171 913 3213 ut
940 3160 1207 3230 quondam
1239 3160 1680 3214 Cblothacttarius
1705 3177 1795 3216 rex
1829 3160 2029 3217 fecerat
2061 3149 2105 3213 C
2139 3165 2320 3221 habet.
2350 3162 2457 3220 Sed
2482 3173 2537 3218 et
2559 3176 2619 3216 ea
2652 3175 2769 3231 qua:
2792 3171 2975 3215 contra
3002 3160 3143 3213 illam
3172 3159 3429 3225 asseritis,
3457 3176 3580 3214 vera
3597 3175 3727 3215 esse

444 3262 598 3323 pater
625 3253 764 3322 ejus.
813 3252 906 3307 llis
952 3266 1166 3322 quoque
1198 3266 1302 3307 non
1336 3252 1823 3321 acquiescentibus,
1857 3253 2029 3308 Gara-

440 3348 589 3401 ricus
630 3346 697 3401 de
726 3346 941 3400 civitate
982 3346 1276 3415 egreditur,
1325 3343 1474 3416 quasi
1518 3347 1814 3401 exercitum
1864 3346 2033 3399 addu-

441 3447 652 3503 cturus,
683 3438 734 3490 in
756 3438 887 3492 urbe
916 3453 1044 3491 vero
1077 3438 1374 3492 Eberonem
1404 3437 1785 3493 cubicularium
1810 3437 2029 3491 Childe-

448 3531 591 3586 berti
621 3531 761 3599 regis
783 3531 1114 3598 relinquens.
1183 3530 1456 3584 Sicliarius
1507 3546 1632 3583 vero
1677 3544 1797 3583 cum
1844 3529 2030 3583 Willa-

446 3622 639 3676 chario
673 3631 695 3659 ο
731 3620 1099 3674 Aurelianensi
1129 3621 1345 3685 comite,
1386 3620 1474 3689 qui
1501 3634 1642 3673 nunc
1672 3620 1900 3673 Turonis
1939 3635 2031 3674 ac-

450 3722 676 3781 ceperat
702 3708 753 3774 d,
783 3711 1074 3764 exercitum
1106 3722 1291 3763 contra
1342 3710 1581 3764 Pictavos
1624 3710 1946 3776 commovit,
1978 3719 2034 3763 ut

444 3803 661 3858 scilicet
684 3802 751 3856 ab
779 3816 880 3855 una
916 3810 1064 3869 parte
1092 3802 1367 3869 'l‘uronici,
1399 3801 1465 3855 ab
1491 3802 1590 3854 alia
1627 3801 1843 3854 Biturici
1886 3815 2035 3855 com-

402 3884 415 3890 ’
443 3893 581 3949 moti
618 3902 810 3947 cuncta
848 3898 1138 3945 vastarent.
1169 3889 1268 3956 Qui
1311 3905 1431 3944 cum
1476 3891 1541 3944 ad
1583 3892 1866 3945 terminum
1913 3906 2034 3960 pro-

443 3986 823 4055 pinquassent,
855 3999 917 4039 ac
945 3983 1131 4037 domos
1157 3997 1400 4037 cremare
1426 3983 1737 4049 cwpissent,
1769 3983 2033 4036 miserunt

443 4078 521 4131 ad
553 4086 647 4132 eos
689 4077 884 4131 Pictavi
914 4076 1136 4144 legatos,
1175 4074 1413 4129 dicentes
1457 4092 1471 4128 :
1500 4075 1737 4129 Petimus
1769 4086 1825 4128 ut
1869 4088 2034 4143 usque

444 4169 506 4225 in
536 4168 753 4238 placito,
797 4166 939 4235 quod
990 4166 1127 4220 inter
1165 4180 1227 4220 se
1256 4166 1691 4220 Guutchratnnus
1720 4176 1773 4220 et
1816 4165 2035 4221 Childe-

447 4262 637 4318 bertus
664 4273 818 4328 reges
844 4257 1065 4321 habent,
1092 4256 1423 4311 sustinentis.
1455 4258 1607 4324 Quod
1637 4257 1681 4311 si
1707 4259 1956 4312 convenit
1978 4266 2035 4311 ut

445 4366 618 4424 pagos
648 4351 745 4404 ltos
772 4350 942 4404 bonus
982 4358 1006 4388 ο
1036 4364 1127 4404 rex
1174 4348 1606 4404 Guntcltramnus
1633 4349 1879 4417 accipiat,
1927 4364 2031 4403 non

444 4442 789 4503 tesistimus;
817 4440 898 4492 sin
923 4438 1090 4505 aliud,
1115 4439 1389 4492 dominum
1416 4449 1658 4493 nostrum
1690 4443 2033 4509 recognosci-

2135 3275 2238 3312 non
2263 3258 2447 3313 credo.
2477 3257 2605 3313 Post
2636 3258 2733 3312 hos
2768 3257 3201 3312 Guntcltramnus
3250 3255 3383 3308 Bosa
3415 3268 3565 3323 quaSt
3613 3256 3723 3306 ali-

2134 3348 2259 3418 quid
2291 3358 2661 3418 suggesturus,
2689 3348 2756 3402 ad
2788 3362 2967 3417 regem
2998 3345 3222 3400 accedit.
3270 3346 3334 3399 Et
3369 3348 3490 3415 quia
3522 3360 3723 3399 sonue-

2135 3450 2220 3493 r.it
2251 3439 2658 3494 Gundovaltlum
2703 3436 2987 3492 manifeste
3018 3451 3198 3504 regem
3230 3434 3496 3501 levatum,
3530 3436 3728 3489 antici-

2138 3546 2269 3597 pans
2300 3546 2392 3585 rex
2432 3532 2593 3586 verba
2624 3530 2760 3600 ejus,
2793 3522 2918 3584 ait":
2954 3530 2996 3582 Ο
3024 3528 3236 3583 inimice
3283 3527 3510 3596 regionis
3541 3529 3726 3595 regni-

2135 3638 2239 3693 que
2285 3622 2478 3688 nostri,
2509 3622 2599 3693 qui
2626 3633 2908 3693 propterea
2940 3630 3068 3675 ante
3098 3620 3197 3675 hos
3239 3632 3409 3672 annos
3449 3620 3725 3673 Urientezu

2134 3729 2417 3785 aggressus
2447 3730 2530 3779 es,
2572 3724 2631 3769 ut
2665 3716 3014 3769 Ballomrrem
3043 3722 3067 3759 8
3117 3712 3401 3783 quemdam
3433 3712 3538 3783 (sic
3578 3728 3726 3764 enim

2139 3806 2365 3861 vocabat
2395 3821 2486 3860 rex
2535 3804 2987 3873 Gttndovaldum),
3019 3819 3181 3872 super
3221 3818 3443 3872 regnum
3480 3813 3725 3858 neStrunt

2135 3897 2451 3963 adduceres,
2500 3912 2715 3967 semper
2746 3896 2968 3967 perﬁde,
2993 3904 3047 3950 et
3104 3909 3368 3965 nunquam
3409 3894 3726 3948 custolien;

2135 4002 2253 4057 qua:
2284 3989 2567 4057 promittis.
2601 3989 2695 4041 Cui
2729 3989 2858 4042 ille:
2890 3986 2991 4051 Tit,
3023 3986 3211 4054 inquit,
3244 3985 3496 4041 dominus
3548 3994 3603 4037 et
3632 4000 3727 4038 rex

2137 4082 2298 4149 regali
2332 4081 2384 4134 in
2416 4081 2550 4133 solio
2582 4080 2802 4143 resides,
2836 4088 2890 4134 et
2937 4079 3116 4132 nullus
3148 4078 3239 4132 tibi
3286 4076 3351 4130 ad
3383 4091 3444 4131 ea
3478 4090 3599 4145 qua:
3648 4077 3729 4129 lo-

2135 4173 2317 4241 queris
2348 4186 2511 4226 ausus
2539 4184 2623 4226 eSl
2670 4171 3022 4240 respondere.
3058 4171 3323 4222 lusontem
3367 4169 3510 4220 enim
3545 4184 3631 4221 nte
3663 4170 3731 4221 de

2138 4264 2239 4317 hac
2277 4278 2435 4317 causa
2470 4264 2744 4331 proﬁteor.
2791 4259 2861 4314 At
2904 4259 2948 4313 si
2981 4258 3174 4326 aliquis
3215 4265 3297 4311 est
3336 4255 3529 4310 similis
3572 4257 3729 4318 mihi,

2139 4352 2231 4420 qui
2266 4353 2369 4406 hoc
2396 4353 2598 4406 crimen
2629 4350 2885 4420 impingat
2908 4350 3138 4415 occulte,
3169 4346 3348 4401 veniat
3376 4361 3515 4399 nunc
3550 4349 3733 4415 palam

2139 4451 2194 4495 et
2218 4442 2484 4511 loquatur.
2517 4442 2620 4510 Tit,
2653 4457 2684 4493 ο
2732 4457 2822 4496 rex
2864 4440 3128 4509 piissime,
3160 4452 3366 4507 ponens
3397 4438 3498 4493 hoc
3528 4438 3580 4492 io
3636 4440 3733 4493 lici

445 4544 597 4594 mus,
628 4528 713 4583 cni
732 4527 935 4582 servire
962 4529 1171 4596 plenius
1197 4529 1506 4583 debeamus.
1537 4527 1614 4581 Ad
1649 4529 1761 4583 hinc
1806 4528 1881 4582 illi
1914 4543 2027 4583 res-
2062 4520 2112 4580 D
2134 4533 2337 4603 judicio
2360 4531 2409 4600 ιι,
2457 4542 2514 4587 ut
2540 4534 2628 4587 ille
2655 4532 2925 4586 discernat
2973 4546 3092 4583 cum
3124 4543 3220 4583 nos
3257 4530 3308 4582 in
3350 4528 3506 4583 unius
3543 4533 3735 4598 campi

448 4620 760 4693 ponderum
788 4632 803 4673 :
834 4617 978 4672 Nihil
1024 4616 1092 4671 ad
1126 4630 1222 4672 nos
1254 4614 1273 4655 ί
1318 4619 1386 4673 de
1432 4620 1530 4672 hac
1557 4633 1716 4674 causa
1765 4619 1995 4688 pertinet
2016 4659 2031 4683 ,

527 4804 554 4833 η
580 4794 889 4860 Marojalum
919 4793 1065 4847 vicus
1090 4801 1174 4846 est
1198 4792 1324 4859 ripae
1351 4793 1471 4846 Cari
1502 4792 1750 4862 adiacens
1777 4796 1827 4847 in
1859 4796 2031 4851 Turo-

448 4883 605 4929 num,
658 4866 948 4934 Biturigum
979 4873 1033 4917 et
1063 4864 1392 4916 Blesensium
1422 4866 1679 4934 confinio,
1727 4865 1885 4920 hodie
1920 4867 2036 4922 Μα-

447 4935 867 4991 reuil-sur-Clter
898 4936 1056 5004 vulgo
1084 4934 1280 4988 dictus.
1327 4933 1564 4987 Ecclesia
1613 4935 1771 5003 hujus
1799 4938 1899 4991 vici
1944 4943 2038 4994 bo-
2092 4976 2097 4981 ι

445 5009 645 5071 dieque
670 5016 855 5061 sancto
888 5007 1112 5059 Martino
1134 5013 1397 5068 sacraest,
1438 5018 1501 5057 ac
1543 5016 1735 5073 praeter
1774 5012 2038 5073 paroebite

459 5078 667 5129 titulum
688 5078 923 5147 prioratu
946 5077 1231 5130 decoratur
1252 5074 1465 5131 Ordinis
1483 5076 1805 5131 ltenedictiui
1824 5094 1853 5132 a
1871 5077 2037 5134 Villa-

454 5148 660 5213 lupensi
688 5148 896 5202 abbataa
928 5148 1213 5215 pendente,
1246 5156 1302 5199 ut
1334 5156 1520 5200 monet
1540 5148 1832 5201 Marollius.

534 5217 559 5255 δ
599 5216 869 5284 Ejusmodi
903 5216 1154 5269 herbulas
1201 5219 1459 5271 altaribus
1488 5229 1576 5270 aut
1608 5230 1911 5273 sanctorum
1952 5229 2030 5274 tu-

452 5287 616 5358 mulis
635 5286 939 5354 aliquandiu
960 5286 1235 5353 impositas
1257 5289 1582 5358 colligebant
1610 5298 1789 5354 postea
1817 5290 2026 5354 ﬁdeles,

453 5357 521 5410 ad
555 5357 816 5411 medelam
843 5358 1172 5409 morborum.

528 5428 711 5496 ftlod.
744 5427 929 5496 Regni.
966 5425 1323 5489 Willichario;
1353 5426 1506 5482 Colb.
1540 5442 1591 5480 τι.
1628 5428 1886 5488 Willart'o.

522 5495 553 5537 ⁸
579 5498 729 5552 Coll).
765 5515 814 5549 a.
834 5495 1007 5549 altera
1039 5510 1218 5561 manu,
1249 5497 1467 5550 Turonis
1500 5498 1769 5551 residebat.

528 5578 553 5606 ε
588 5569 807 5640 Variant
855 5567 965 5620 fere
1010 5580 1195 5640 omnes
1216 5568 1449 5621 codices.
1491 5568 1653 5640 _Colb.
1687 5583 1761 5631 a.,
1814 5570 2028 5640 Regm.,

453 5638 647 5707 Chesn.
681 5651 727 5691 ct
766 5638 923 5691 Freh.
956 5637 1171 5700 habent,
1214 5648 1267 5690 ut
1297 5654 1451 5707 pagos
1480 5638 1568 5689 Iros
1600 5654 1706 5692 rex.
1751 5637 2026 5706 Colb.'tn.,

457 5705 582 5763 Dec.
611 5719 664 5764 et
697 5709 865 5776 ηιμ,
897 5719 952 5761 ut
976 5709 1115 5777 pacis
1162 5709 1320 5761 bonus
1356 5705 1464 5761 rex.
1500 5709 1613 5762 Col.
1658 5719 1712 5763 et
1758 5711 1934 5781 Bign.,
1978 5705 2031 5764 ut

2143 4624 2361 4694 p'anitie
2391 4623 2585 4679 viderit
2614 4623 2890 4678 dimicare.
2924 4623 3002 4675 Ad
3036 4620 3149 4674 luce
3195 4620 3402 4674 cunctis
3443 4620 3738 4676 silentibus

2142 4803 2588 4873 pacis‘symbolum
2614 4816 2737 4873 res.
2763 4799 2931 4873 μειιιηΔ
2948 4806 3002 4849 ut
3024 4790 3367 4873 paci/lceat);
3393 4809 3501 4873 res.

2217 4872 2235 4911 τ
2264 4865 2366 4926 Alii
2394 4874 2608 4932 habent,
2646 4870 2795 4923 Nihil
2822 4870 2992 4929 vobis;
3021 4865 3347 4929 llecusNihil
3368 4865 3533 4917 nobis.

2213 4954 2239 4990 ε
2272 4944 2321 4996 l.t
2345 4953 2429 4998 est
2452 4943 2638 4995 falsum
2666 4940 2963 4994 dominum.
2989 4952 3081 4990 seu
3121 4936 3667 5004 pseudo-principem.

2219 5012 2242 5050 ³³
2281 5017 2424 5074 llec.,
2459 5012 2628 5074 Tunc,
2662 5027 2690 5064 ο
2720 5025 2908 5073 rex,...
2950 5008 3230 5078 judicium.
3260 5005 3504 5078 Colb._a,
3552 5006 3732 5078 alteza

2144 5101 2328 5147 manu,
2360 5072 2494 5152 Ego,
2526 5098 2556 5134 ο
2582 5072 2762 5143 rem...
2793 5072 2976 5145 penan't
3007 5080 3121 5139 hoc,
3155 5086 3260 5152 etc.
3290 5076 3351 5152 _Et
3374 5072 3506 5152 infra
3526 5076 3741 5152 eadem

2143 5146 2323 5219 manu,
2356 5146 2449 5221 pth)
2478 5146 2701 5213 animos,
2728 5165 2808 5217 ap.
2831 5152 3025 5221 usitatn
3061 5156 3145 5199 est
3176 5147 3351 5221 ﬁdeles
3376 5146 3533 5221 huius
3555 5149 3732 5221 regni.

2142 5225 2238 5278 Diu
2273 5215 2625 5290 perseveravit
2657 5215 2886 5290 pessima
2915 5218 3000 5271 illa
3024 5216 3355 5271 consuetudo
3388 5215 3734 5290 litesdnbtas

2141 5284 2319 5347 duello
2341 5284 2795 5357 dirimeudifquae
2818 5293 2976 5344 etiam
2999 5290 3048 5339 in
3073 5284 3450 5357 controversiis
3472 5286 3616 5339 circa
3642 5302 3733 5339 res

2142 5366 2489 5419 eerlesiarum
2514 5356 2824 5428 frequenter
2850 5363 3018 5413 Iocutn
3053 5359 3297 5411 habebat.
3321 5356 3452 5409 Vide
3474 5358 3729 5424 Ausegisi

2141 5434 2519 5489 Collectionem
2552 5432 2642 5484 lih.
2672 5447 2743 5494 tv,
2773 5445 2893 5497 cup.
2927 5431 3016 5481 25.
3048 5429 3341 5495 numquam
3372 5434 3548 5479 tamen
3581 5429 3731 5491 ejus-

2142 5506 2282 5557 modi
2337 5518 2538 5573 pugnas
2579 5497 3206 5573 approliavitAEcclesia,
3238 5498 3358 5551 licet
3404 5500 3733 5552 auctoritate

2140 5566 2351 5642 publica
2380 5566 2573 5642 saepius
2606 5566 2756 5625 factae
2789 5571 3003 5642 fut-rittt.
3051 5566 3318 5619 Ca'terum
3360 5580 3520 5619 omne
3553 5580 3729 5642 genus

2140 5636 2301 5697 duelli
2337 5636 2799 5717 I.ttdov_it-i__ltlagni
2831 5640 3017 5699 edictis
3046 5652 3417 5706 compressum
3479 5645 3542 5691 et
3566 5636 3726 5717 νειμ-

2142 5722 2223 5768 tus
2257 5728 2395 5767 nunc
2422 5715 2471 5767 iu
2504 5713 2687 5769 Galliis
2709 5715 3018 5780 abrogatum
3050 5716 3144 5766 est.
