3966 6348
213 432 317 486 £25

1105 426 1419 482 HISTORIA
1467 420 1894 480 FRANCORIJM
1961 421 2158 477 LIBER
2203 422 2561 479 SEPTIMUS.

3386 419 3495 477 ωδ

212 541 420 600 addidit
462 554 558 597 tax
595 557 607 593 :
640 540 904 596 Omnibus
932 550 1109 594 autem
1139 540 1253 593 lucc
1293 554 1453 595 causa
1484 540 1691 593 animos
1716 552 1803 593 ac-
1832 538 1877 592 Λ
1908 547 2152 591 senserat
2182 538 2353 592 malis.
2396 538 2512 605 Ipse
2549 537 2692 591 enim
2736 550 2858 590 cum
2906 536 3197 592 Mummolo
3236 538 3493 608 praefecto

210 634 441 691 cendere
470 631 656 701 debet,
682 640 738 685 ut
757 631 1046 700 repellatur
1070 646 1100 685 a
1132 630 1325 685 ﬁnibus
1354 632 1555 687 nostris
1577 631 1803 693 advena,

211 727 359 795 cujus
409 735 560 795 pater
590 724 895 779 molendina
947 723 1290 793 gubernavit;
1345 733 1418 787 et,
1480 732 1537 776 ut
1561 736 1687 777 vere
1725 721 1806 776 di-

210 833 343 883 cam,
376 825 530 887 pater
550 818 667 886 ejus
699 816 996 886 pectinibus
1041 815 1258 880 insedit,
1294 816 1548 883 lanasque
1587 829 1803 883 compo-

211 912 335 966 suit.
367 911 432 964 Et
474 924 775 979 quanquam
823 907 991 977 possit
1024 907 1161 973 fieri,
1193 915 1251 960 ιιι
1283 905 1443 977 342
1473 921 1612 961 unus
1644 905 1803 959 homo

222 1001 497 1070 utriusque
537 999 747 1055 artiﬁcii
790 999 1103 1069 magisterio
1148 997 1487 1058 subderetur,
1530 996 1595 1049 ad
1629 996 1802 1049 incre~

216 1094 484 1162 patfonem
528 1101 705 1146 tamen
754 1092 894 1161 regis
936 1090 1148 1157 quidam
1193 1104 1257 1142 ex
1301 1088 1427 1155 ipsis
1476 1085 1796 1156 respondit:

218 1186 358 1256 Ergo
386 1184 546 1251 duos,
577 1193 635 1238 ut
660 1182 880 1244 asseris,
917 1192 1095 1250 patres
1124 1180 1208 1233 hic
1241 1179 1400 1233 homo
1425 1178 1625 1240 habuit,
1654 1178 1799 1232 lana-

223 1278 356 1331 rium
385 1274 543 1329 simul
573 1272 1151 1340 molendinariumqne.
1184 1270 1334 1324 Absit
1362 1285 1389 1323 a
1422 1278 1497 1333 te,
1532 1283 1566 1322 ο
1596 1284 1715 1335 rex,
1741 1278 1798 1323 ut
1850 1312 1859 1325 ι

216 1377 319 1423 tam
368 1367 570 1422 inculte
615 1363 870 1435 loquaris.
901 1362 1016 1416 Non
1050 1362 1193 1416 enim
1226 1361 1465 1415 auditum
1504 1368 1587 1416 est
1632 1376 1795 1414 unum

216 1461 507 1523 hominem,
541 1467 737 1527 praeter
780 1455 1078 1526 spiritalem
1126 1468 1367 1516 causam,
1419 1452 1553 1507 duos
1600 1452 1797 1508 habere

217 1564 367 1621 posse
399 1550 597 1617 pariter
627 1547 901 1619 genitores
936 1554 985 1597 ιι.
1018 1544 1224 1599 Dehinc
1260 1558 1381 1599 cum
1417 1541 1573 1596 multi
1615 1541 1795 1596 solve-

216 1654 390 1697 rentur
436 1640 488 1693 in
522 1640 653 1704 risu,
702 1634 978 1705 respondit
1026 1634 1164 1688 alius
1200 1634 1529 1702 legatorum,
1566 1632 1791 1686 dicens:

217 1730 567 1785 Valedicimus
596 1728 711 1793 tibi,
742 1742 776 1781 ο
806 1740 931 1792 rex;
966 1740 1086 1779 nam
1135 1724 1257 1793 quia
1302 1723 1534 1778 reddere
1580 1721 1794 1778 noluisti

216 1824 451 1878 civitates
498 1820 705 1890 nepotis
737 1819 834 1885 tui,
890 1816 1089 1873 scimus
1120 1817 1319 1870 salvam
1369 1829 1491 1871 esse
1538 1813 1790 1879 securim,

1907 629 2100 683 multos
2128 628 2194 683 de
2219 628 2460 691 Francis,
2492 627 2581 696 qui
2611 635 2853 696 tempore
2881 627 3206 683 (ibildeberti
3240 631 3381 702 regis
3405 648 3487 688 se-

1908 722 2073 775 nioris
2102 720 2314 791 ingenui
2344 720 2591 784 fuerant,
2624 720 2835 790 publico
2886 719 3088 774 tributo
3128 722 3356 793 subegit.
3389 724 3487 792 Qui

1906 820 2023 880 post
2053 820 2282 866 mortem
2330 812 2477 881 regis
2507 812 2575 865 ab
2616 811 2746 881 ipsis
2794 811 3055 879 spoliatus
3082 827 3144 867 ac
3184 813 3489 869 denudatns

1904 911 2004 966 est,
2035 910 2093 955 ut
2120 902 2252 957 nihil
2288 902 2335 955 ei
2370 912 2564 972 praeter
2595 902 2736 971 quod
2768 916 2931 971 super
2962 916 3022 958 se
3051 902 3265 958 auferre
3292 907 3487 973 potuit,

1903 1001 2223 1047 remaneret.
2256 992 2454 1048 Domos
2482 993 2625 1047 enim
2656 994 2775 1062 ejus
2813 994 3060 1051 incendio
3090 995 3485 1059 subdiderunt;

1901 1082 2249 1138 abstulissent
2272 1083 2453 1152 utique
2474 1092 2529 1139 et
2555 1084 2724 1153 ipsam
2749 1085 2937 1149 vitam,
2968 1085 3021 1140 ni
3046 1100 3166 1141 cum
3191 1087 3369 1157 regina
3400 1104 3488 1143 ec-

1900 1175 2116 1229 clesiam
2143 1176 2450 1244 expetisset.

1972 1265 2112 1319 XVI.
2145 1265 2523 1322 Prmtextatum
2558 1282 2685 1322 vero
2715 1268 3023 1338 episcOpum
3055 1283 3198 1340 aigre
3237 1269 3484 1339 suscipit,

1900 1372 2055 1427 quem
2084 1356 2225 1411 cives
2254 1356 2713 1425 Rothomagenses
2752 1365 2874 1427 post
2918 1374 3199 1415 excessum
3243 1361 3385 1429 regis
3417 1361 3486 1415 de

1900 1450 2096 1506 exsilio
2123 1460 2458 1519 expetentes,
2490 1465 2606 1503 cum
2650 1449 2835 1520 grandi
2880 1451 3063 1504 lzetitia
3088 1460 3143 1506 et
3170 1450 3325 1506 laude
3347 1451 3483 1506 civi-

1899 1543 1995 1598 tati
2033 1558 2145 1598 sua:
2200 1545 2569 1600 restituerunt.
2602 1544 2729 1598 Post
2782 1545 3011 1599 reditum
3054 1559 3184 1600 vero
3214 1560 3368 1599 suum
3411 1544 3479 1599 ad

1898 1634 2084 1689 urbem
2121 1635 2440 1689 Parisiaeam
2469 1635 2703 1700 advenit,
2738 1651 2801 1690 ac
2844 1651 2904 1691 se
2936 1636 3340 1691 Guntchramno
3367 1634 3480 1706 regi

1899 1728 2305 1795 reprarscntavit
2328 1766 2344 1793 ,
2392 1740 2625 1781 exorans
2666 1736 2723 1781 ut
2759 1742 2975 1782 causam
3011 1743 3162 1783 suam
3193 1728 3481 1799 diligenter

1900 1817 2225 1887 exquireret.
2258 1819 2544 1874 Asserebat
2580 1819 2722 1875 enim
2754 1819 2934 1888 regina
2965 1833 3088 1873 eum
3134 1833 3239 1874 non
3280 1818 3479 1874 debere

216 1927 325 1983 qum
378 1912 599 1966 fratrum
657 1918 866 1965 tuorum
923 1906 1185 1977 capitibus
1216 1915 1298 1960 est
1346 1907 1541 1971 defixa;
1564 1904 1792 1961 celerius
1825 1918 1868 1977 Β
1897 1910 2095 1977 recipi,
2120 1910 2209 1979 qui
2236 1908 2425 1965 fuisset
2455 1925 2549 1979 per
2566 1910 2827 1978 judicium
2858 1910 3209 1981 quadraginta
3239 1911 3477 1983 quinque

217 2013 356 2059 tuum
415 2003 631 2059 librabit
675 2001 848 2056 defixa
889 2001 1190 2054 cerebrum.
1255 1997 1323 2052 Et
1364 1997 1441 2052 sic
1481 2012 1604 2053 cum
1642 2011 1795 2051 scan-

220 2096 335 2151 dan
378 2080 758 2152 discesserunt.
792 2093 942 2148 Tunc
979 2108 1067 2147 rex
1119 2089 1203 2145 bis
1244 2091 1421 2145 verbis
1470 2100 1793 2150 succensus,

215 2188 363 2259 jussit
409 2203 570 2257 super
612 2188 785 2256 capita
834 2185 1073 2240 euntium
1125 2182 1311 2253 projici
1358 2196 1615 2251 equorum
1658 2189 1796 2234 ster-

215 2292 354 2342 cora,
380 2278 700 2348 putrefactas
746 2276 1005 2339 bastnlas,
1050 2275 1249 2344 paleas,
1285 2288 1347 2328 ac
1378 2273 1577 2329 frenum
1609 2281 1793 2341 putre-

214 2369 330 2425 dine
381 2368 732 2435 dissolutum,
765 2369 1049 2437 ipsumque
1105 2365 1349 2420 foetidum
1404 2362 1554 2418 urbis
1602 2362 1788 2416 lutum.

214 2460 412 2527 Quibus
434 2460 500 2515 de
528 2459 689 2514 rebus
718 2458 965 2513 maculati
986 2457 1236 2527 graviter,
1271 2470 1376 2509 non
1399 2453 1514 2508 sine
1536 2454 1793 2507 immensa

213 2553 399 2624 injuria
427 2562 587 2621 atque
614 2549 931 2605 contumelia
964 2548 1227 2603 abierunt.

244 2685 248 2687 Α
280 2644 395 2699 XV.
418 2643 710 2699 Residente
735 2656 863 2698 vero
890 2638 1242 2710 Fredegunde
1273 2637 1456 2707 regina
1486 2636 1539 2691 in
1563 2636 1792 2692 ecclesia

212 2737 489 2807 parisiaca,
518 2735 823 2792 Leonardus
852 2750 915 2789 ex
945 2732 1265 2797 domestico,
1296 2730 1385 2801 qui
1412 2738 1537 2784 tunc
1566 2728 1633 2782 ab
1663 2728 1793 2784 urbe

212 2829 400 2886 Tolosa
429 2828 724 2884 advenerat
765 2827 1036 2896 ingressus
1080 2824 1147 2880 ad
1178 2839 1295 2879 eam
1323 2863 1338 2889 ,
1371 2837 1560 2877 causas
1604 2829 1792 2878 centu-

211 2921 737 2991 melite'injuriasque
769 2919 889 2973 filia:
916 2918 1032 2987 ejus
1075 2930 1295 2971 narrare
1327 2914 1485 2984 erepit
1507 2955 1523 2980 ,
1554 2914 1738 2969 dicens
1774 2932 1785 2968 :

213 3014 337 3080 Quia
362 3013 518 3083 juxta
556 3010 838 3081 imperium
882 3020 1026 3064 tuum
1067 3009 1272 3064 accessi
1304 3022 1425 3062 cum
1466 3005 1649 3075 regina
1697 3006 1789 3060 Ri-

210 3106 427 3175 gunthe,
456 3121 519 3160 ac
545 3104 654 3158 vidi
687 3102 1039 3158 humilitatem
1068 3102 1186 3171 ejus
1207 3141 1220 3162 ,
1255 3109 1306 3155 et
1335 3100 1563 3169 qualiter
1586 3114 1787 3168 exspoo

211 3197 330 3251 liata
359 3205 442 3252 est
467 3210 496 3248 a
524 3195 786 3255 thesauris
815 3205 866 3248 et
887 3191 1136 3247 omnibus
1161 3190 1321 3246 rebus
1345 3207 1360 3257 ;
1393 3204 1492 3259 ego
1538 3205 1667 3243 vero
1691 3203 1788 3258 per

1900 2002 2273 2070 episcoporum
2297 2019 2326 2055 a
2350 2002 2667 2057 sacerdotali
2696 2004 2877 2059 officio
2904 2014 3215 2075 segregatus
3241 2015 3288 2059 ο.
3316 2003 3478 2060 Cum-

1899 2108 2001 2161 que
2024 2110 2116 2148 rex
2148 2110 2244 2161 pro
2269 2095 2366 2149 hac
2397 2109 2553 2149 causa
2586 2097 2845 2166 synodnrn
2875 2099 3111 2153 excitare
3154 2099 3334 2165 vellet,
3375 2098 3478 2154 Ra-

1898 2186 2194 2254 gnemodus
2237 2186 2393 2255 hujus
2438 2186 2583 2241 urbis
2612 2188 2894 2257 episcopus
2922 2232 2935 2255 ,
2988 2205 3083 2257 pro
3112 2190 3358 2247 omnibus
3389 2206 3478 2246 re-

1898 2290 2154 2345 sponsum
2194 2276 2458 2342 reddidit,
2510 2277 2696 2333 dicens
2726 2294 2741 2332 :
2776 2279 2980 2334 Scitote
3009 2281 3056 2334 ci
3113 2284 3477 2351 pmuitentiam

1898 2366 2151 2421 indictum
2181 2381 2210 2420 a
2241 2368 2633 2433 sacerdotibus,
2664 2383 2771 2424 non
2804 2378 2977 2424 tamen
3008 2387 3128 2426 eum
3171 2388 3390 2441 prorsus
3412 2374 3477 2430 ab
3517 2359 3519 2362 i

1895 2459 2205 2528 episeopatu
2235 2469 2521 2515 remotum.
2556 2459 2621 2515 Et
2648 2462 2728 2516 sic
2747 2476 2777 2515 a
2806 2476 2931 2534 rege
2964 2476 3274 2533 susceptus,
3314 2478 3474 2536 atque

1895 2549 2143 2605 convivio
2172 2550 2290 2618 ejus
2323 2551 2547 2617 ascitus,
2571 2552 2636 2605 ad
2669 2552 2854 2608 urbem
2885 2569 3035 2610 suam
3072 2570 3352 2625 regressus
3372 2568 3474 2612 est.

1964 2640 2427 2697 XVll.Promotus
2458 2639 2484 2678 ά
2506 2658 2632 2698 te;o
2661 2646 2747 2714 qui
2777 2644 2827 2698 in
2861 2646 3093 2702 Dunensi
3120 2648 3475 2714 castro,0rdi-

1895 2745 2055 2789 nante
2084 2734 2347 2802 Sigiberto
2380 2750 2524 2803 rege,
2556 2736 2840 2805 episcopus
2875 2738 3045 2791 fuerat
3094 2737 3390 2803 institutus,
3422 2749 3474 2796 et

1895 2835 2013 2893 post
2040 2834 2269 2880 mortem
2300 2827 2442 2895 regis
2470 2835 2683 2885 amotus
2732 2827 2925 2897 fuerat,
2957 2844 3022 2883 eo
3063 2830 3206 2899 quod
3235 2839 3474 2886 castrum

1892 2917 2025 2973 illud
2058 2927 2202 2973 esset
2227 2918 2476 2973 dimcesis
2503 2919 2821 2975 Carnotenre
2840 2959 2857 2986 ,
2886 2929 3072 2977 contra
3100 2936 3260 2992 quem
3291 2922 3362 2977 ita
3388 2922 3474 2993 ju-

1891 3009 2087 3065 dicium
2121 3009 2284 3064 latum
2315 3008 2489 3064 fuerat
2520 3019 2569 3078 ο,
2598 3018 2654 3064 ιιι
2692 3010 3013 3081 presbyterii
3054 3019 3259 3066 tantum
3292 3010 3474 3069 ofﬁcio

1890 3097 2220 3171 fungeretur,
2260 3100 2489 3157 accessit
2534 3100 2600 3155 ad
2628 3116 2841 3173 regem,
2894 3104 3192 3171 deprecans
3222 3103 3386 3176 345.
3413 3112 3473 3161 ut

1890 3192 2280 3248 ordinationem
2320 3194 2661 3264 episcopatus
2690 3194 2745 3249 in
2792 3195 3061 3249 antedicto
3107 3200 3287 3250 castro
3336 3198 3473 3251 reci-

208 3288 381 3360 fngam
408 3289 671 3357 dilapsus,
693 3285 818 3342 veni
842 3285 1085 3340 nuntiare
1109 3283 1342 3339 domina:
1370 3297 1502 3337 mea:
1538 3298 1656 3352 qua:
1691 3296 1784 3351 κα·
1811 3279 1859 3343 C
1891 3295 2059 3355 peret.
2089 3285 2196 3342 Sed
2226 3287 2522 3342 obsistente
2563 3284 2795 3355 Pappolo
2820 3285 3137 3341 Carnotenze
3167 3286 3318 3341 urbis
3346 3288 3467 3357 epi-

206 3392 284 3435 sta
315 3391 463 3435 sunt.
503 3379 628 3435 llaec
661 3380 746 3432 illa
778 3377 1033 3443 audiens,
1071 3377 1249 3432 furore
1282 3386 1547 3430 commota
1568 3419 1582 3443 ,
1626 3376 1787 3444 jussit

212 3490 331 3527 cum
364 3472 416 3526 in
450 3472 563 3543 ipsa
594 3470 820 3525 ecclesia
848 3469 1085 3536 Spoliari,
1111 3466 1470 3537 nudatumque
1500 3467 1787 3521 vestimen-

210 3567 275 3620 tis
304 3581 369 3618 ac
401 3565 603 3629 balteo,
638 3562 775 3630 quod
832 3575 895 3616 ex
944 3574 1166 3614 munere
1195 3557 1479 3626 Chilperici
1511 3557 1651 3626 regis
1686 3556 1784 3610 ha-

204 3656 387 3719 bebat,
420 3655 702 3710 discedere
730 3669 757 3706 a
780 3668 871 3708 sua
898 3652 1048 3723 jubet
1081 3651 1383 3721 prtesentia.
1410 3649 1617 3719 Coquos
1661 3664 1788 3718 quo-

201 3766 301 3816 que
332 3750 450 3803 sive
475 3748 721 3818 pistores,
757 3747 835 3801 vel
867 3760 1213 3816 quoscunque
1241 3744 1306 3798 de
1339 3745 1439 3797 hoc
1470 3743 1659 3795 itinere
1692 3756 1786 3795 re-

201 3856 414 3910 gressos
442 3855 562 3896 esse
603 3837 886 3907 cognovit,
926 3852 1126 3902 caesos,
1170 3836 1565 3904 spoliatosque,
1600 3848 1661 3888 ac
1691 3833 1783 3886 de-

200 3934 501 3987 manicatos
526 3931 760 3999 reliquit.
798 3929 1103 3985 Nectariutn
1141 3936 1317 3981 autem
1344 3965 1358 3991 ,
1394 3925 1708 3992 Baudegisili
1757 3923 1784 3962 ι)

201 4020 442 4095 episcopi
484 4025 696 4079 fratrem
728 4021 973 4075 nefandis
1025 4018 1450 4074 accusationibus
1497 4032 1615 4070 cum
1662 4031 1785 4086 rege

199 4118 330 4188 [Pro
352 4118 495 4187 apud
522 4117 723 4187 regem]
755 4116 974 4170 tentavit
1004 4114 1263 4176 obruere,
1298 4125 1545 4166 asserens
1576 4125 1696 4164 cum
1718 4109 1785 4164 de

199 4210 455 4263 thesauro
500 4208 644 4276 regis
693 4205 885 4259 mortui
938 4204 1102 4259 multa
1158 4210 1418 4269 portasse.
1460 4201 1563 4257 Sed
1613 4212 1665 4255 et
1716 4199 1784 4254 de

196 4297 585 4367 promptuariis
621 4307 723 4349 tam
755 4305 963 4365 tergora
987 4308 1143 4363 quam
1174 4292 1295 4345 vina
1326 4291 1485 4345 multa
1508 4306 1627 4345 eum
1663 4289 1785 4344 abs-

198 4392 382 4445 tul'sse
416 4390 576 4461 3&3
605 4388 836 4452 dicebat,
883 4397 1069 4454 petens
1099 4393 1157 4439 ut.
1191 4383 1402 4438 vinetus
1427 4381 1785 4437 carceralibus

200 4484 441 4537 tenebris
476 4482 799 4536 trnderetur.
833 4482 861 4530 .“
873 4481 938 4535 ed
973 4480 1228 4548 patientia
1271 4477 1446 4546 regis,
1497 4474 1782 4544 fratrisque

194 4575 457 4629 auxilium
494 4575 607 4628 lieri
642 4588 747 4626 non
775 4572 1038 4639 permisit.
1082 4570 1241 4624 Multa
1274 4568 1488 4639 quidem
1532 4567 1606 4622 ibi
1646 4581 1782 4620 vana

1889 3394 2072 3447 scopo,
2102 3394 2163 3432 ac
2190 3378 2403 3435 dicente
2429 3380 2553 3448 quia
2583 3378 2832 3434 dioecesis
2858 3394 2990 3433 mea:
3020 3388 3124 3448 est,
3149 3379 3472 3436 ostendente

1891 3472 2191 3541 praesertim
2232 3472 2432 3541 judicio
2477 3472 2891 3542 episcoporum,
2936 3473 3070 3529 nihil
3118 3472 3261 3528 aliud
3301 3475 3472 3547 potuit
3550 3538 3551 3541 η

1880 3564 2134 3635 ,οὺιίιιθι-ιξ
2166 3579 2286 3618 cum
2315 3578 2461 3633 rege,
2493 3564 2591 3619 nisi
2621 3578 2683 3619 ea
2709 3579 2826 3635 quae
2850 3564 2948 3619 sub
2978 3565 3144 3634 ipsius
3172 3565 3335 3620 castri
3362 3574 3469 3620 ter-

1891 3655 2033 3711 mino
2064 3657 2273 3725 propria
2322 3655 2585 3723 habebat,
2628 3656 2913 3727 reciperet,
2948 3656 2999 3711 in
3026 3673 3131 3728 quo
3156 3671 3279 3713 cum
3310 3659 3467 3731 geni-

1891 3749 2019 3803 trice
2044 3746 2219 3802 adhuc
2246 3749 2530 3818 superstite
2560 3758 2855 3804 moraretur
2891 3747 2930 3803 ί.

1959 3841 2145 3897 XVIII.
2176 3840 2554 3896 Cornmorante
2597 3855 2725 3896 vero
2766 3856 2890 3911 rege
2920 3841 3057 3911 apud
3103 3842 3287 3896 urbem
3321 3844 3462 3899 Pari-

1887 3934 2084 3988 siacatn
2112 3972 2127 3998 ,
2164 3936 2308 3987 venit
2336 3930 2550 4002 quidam
2593 3945 2815 4000 pauper,
2864 3930 3049 3986 dicens
3078 3949 3091 3984 :
3125 3933 3294 4000 Audi,
3344 3950 3469 4001 rex,

1888 4024 2046 4079 verba
2078 4024 2186 4078 oris
2236 4024 2360 4077 mei.
2392 4022 2613 4077 Noveris
2640 4022 2781 4078 enim
2811 4021 2929 4092 quia
2976 4021 3281 4090 Faranlfus,
3319 4025 3469 4079 cubi-

1889 4118 2120 4174 cularius
2151 4117 2414 4184 quondam
2448 4114 2627 4169 fratris
2659 4116 2757 4182 tui,
2801 4113 2994 4183 querit
3042 4123 3094 4169 te
3137 4116 3463 4173 interﬁcere.

1890 4208 2077 4263 Audivi
2106 4208 2246 4261 enint
2300 4206 2585 4260 consilium
2632 4205 2750 4274 ejus
2770 4243 2786 4268 ,
2818 4215 3109 4261 uteuntem
3129 4214 3181 4259 te
3211 4209 3467 4263 matutina

1889 4304 2130 4355 oratione
2156 4300 2219 4353 ad
2253 4297 2558 4362 ecclesiam,
2608 4306 2697 4349 aut
2720 4295 2893 4350 cultro
2923 4302 3217 4364 appeteret,
3259 4307 3351 4350 aut
3376 4297 3467 4351 ha-

1889 4401 1971 4447 sta
2020 4390 2402 4446 Iransfodcret.
2463 4386 2872 4456 Obstupefactus
2921 4394 3100 4443 autem
3152 4402 3281 4452 rex,
3324 4390 3467 4445 misit

1890 4482 2068 4537 vocari
2099 4497 2240 4535 cum.
2274 4478 2391 4546 Quo
2422 4485 2670 4547 negante,
2702 4476 2768 4531 de
2798 4475 2881 4532 his
2912 4492 3005 4531 rex
3029 4485 3273 4533 metuens
3302 4479 3467 4533 armis

1891 4590 1950 4631 se
1984 4572 2142 4629 valde
2173 4570 2416 4625 munivit.
2467 4570 2574 4624 Nec
2604 4568 2817 4638 penitus
2857 4567 2925 4623 ad
2981 4568 3096 4624 loca
3138 4578 3344 4637 sancta,
3386 4570 3468 4628 vel

191 4682 482 4731 exercens,
516 4681 625 4719 non
658 4665 928 4719 metuebat
960 4663 1147 4721 Deum,
1180 4663 1231 4715 in
1262 4660 1413 4730 cujus
1440 4660 1667 4715 ecclesia
1694 4674 1785 4729 pe—
1814 4670 1863 4728 1)
1892 4667 2015 4733 alio,
2049 4664 2148 4719 nisi
2177 4664 2407 4718 vallatus
2427 4660 2643 4715 armatis
2685 4668 2845 4729 atque
2876 4658 3187 4715 custodibus
3209 4658 3468 4730 procede-

192 4758 336 4810 tcbat
369 4756 657 4833 amilinrn.
706 4754 946 4808 Habebat
994 4762 1117 4807 tunc
1163 4751 1415 4820 temporis
1456 4765 1635 4804 secum
1669 4751 1778 4805 Au-

190 4850 385 4904 doncm
418 4848 685 4919 judicern,
720 4847 807 4916 qtti
837 4847 885 4900 ei
928 4854 1167 4913 tempore
1194 4843 1334 4911 regis
1362 4842 1412 4896 in
1442 4842 1620 4896 multis
1651 4854 1779 4895 con-

255 5054 279 5081 ·
316 5043 501 5098 Unum
530 5042 737 5097 scilicet
764 5040 1083 5103 naturalem,
1113 5046 1167 5093 et
1197 5038 1420 5093 alterum
1442 5035 1775 5105 Spiritualem

188 5115 237 5167 in
279 5115 579 5182 baptismo.

255 5184 279 5221 δ
317 5177 368 5239 is
399 5183 505 5237 fuit
532 5184 815 5251 episcopus
861 5179 1339 5242 Cenomannensis,
1369 5177 1435 5231 de
1462 5192 1567 5251 quo
1615 5192 1775 5251 supra

186 5256 278 5309 lib.
307 5272 386 5321 vr,
414 5270 536 5321 cap.
569 5247 624 5305 ἰ).
652 5247 883 5306 Nectarii
914 5251 1011 5304 viri
1043 5252 1301 5319 magndici
1331 5248 1529 5303 mentio
1555 5247 1778 5303 habetur

185 5324 233 5377 in
266 5325 546 5379 Miracnlis
573 5323 631 5380 S.
665 5323 858 5375 Aridii.

252 5407 273 5432 ε
310 5396 458 5449 Vide
485 5409 641 5460 supra
673 5393 765 5446 lib.
790 5408 842 5456 v,
872 5406 988 5459 cap.
1026 5393 1105 5453 ιε),
1130 5391 1218 5443 ubi
1251 5390 1327 5460 de,
1346 5387 1586 5443 Concilio
1629 5386 1776 5441 Pari-

180 5466 346 5520 siensi
400 5465 510 5519 hac
535 5459 601 5516 de
629 5477 786 5517 causa
816 5473 1156 5529 congregato.
1190 5460 1258 5513 tbi
1314 5459 1661 5513 Praetextatus
1688 5473 1776 5513 sa—

180 5536 433 5590 cerdotio
477 5534 691 5602 quidem
741 5542 1039 5602 summotus
1089 5547 1194 5584 non
1241 5529 1445 5590 fuerat,
1483 5529 1776 5602 resistente

180 5603 455 5674 Gregorio
489 5595 672 5657 nostro
694 5595 991 5674 'l'uronensi
1022 5620 1035 5654 :
1065 5610 1120 5653 at
1144 5615 1278 5674 cum
1298 5599 1672 5674 nonnullorum
1698 5596 1775 5649 fa-

178 5668 357 5731 ctione
402 5674 673 5729 Melanius
717 5675 767 5725 in
819 5672 935 5740 ejus
982 5672 1155 5725 locum
1186 5670 1394 5740 fuisset
1435 5668 1775 5740 subrogatus,

177 5761 296 5799 eum
327 5743 656 5801 sacerdotio
688 5736 949 5810 privatum
989 5742 1121 5794 dixit
1151 5739 1538 5810 Fredegundis.
1565 5739 1631 5810 Et
1657 5736 1776 5805 qui-

174 5819 290 5871 dem
339 5813 656 5871 canonibus
683 5808 899 5864 vetitum
933 5826 1143 5875 semper
1184 5811 1283 5863 fuit
1312 5809 1448 5864 duos
1494 5808 1778 5878 episcopos

176 5889 331 5941 sirnril
369 5884 562 5940 eidem
603 5882 845 5937 ecclesiae
873 5896 1119 5949 prazeSse.

524 6007 796 6061 Psrn01..
847 6001 1074 6059 LXXI.

1890 4760 2001 4813 bat.
2036 4754 2317 4811 Farault‘us
2345 4763 2523 4810 autem
2548 4767 2653 4808 non
2681 4759 2803 4820 post
2832 4751 3057 4808 multum
3092 4762 3298 4823 tempus
3322 4767 3466 4807 mor-

1890 4860 2007 4905 lUUS
2046 4857 2148 4904 68L

1957 5028 1983 5067 ά
2019 5029 2128 5083 lloc
2176 5034 2335 5094 caput
2372 5026 2521 5080 deest
2567 5021 2858 5094 indiegm.
2908 5019 3151 5094 Duncﬁnse
3203 5026 3465 5094 castrum,

1884 5101 2041 5169 vulgo
2085 5086 2422 5169 Citam-trudiun
2448 5136 2462 5156 ,
2519 5086 2881 5169 oppidumest
2927 5089 2991 5169 ad
3034 5086 3229 5169 llurnen
3266 5087 3467 5169 Liger...

1882 5156 2023 5234 curri,
2052 5171 2098 5223 lc
2130 5167 2272 5232 Leir,
2305 5167 2395 5219 ubi
2425 5156 2886 5234 aute'lﬁomotum
2926 5156 3230 5225 aliquandiu
3260 5159 3467 5234 sedisse

1883 5228 2077 5296 dicitur
2099 5228 2394 5292 Aventinus
2424 5236 2481 5289 S.
2518 5231 2784 5287 Solemnis
2811 5232 2993 5288 frater,
3022 5237 3242 5296 uterque
3262 5228 3467 5283 Carnoo

1886 5311 2113 5365 tensium
2146 5308 2448 5375 episcopus.
2482 5303 2615 5357 Vide
2650 5298 2889 5354 Bolland.
2915 5300 2978 5351 ad
3003 5298 3144 5351 diem
3172 5298 3205 5349 4
3240 5297 3466 5354 Februa-

1884 5398 1969 5436 ιιι.

1955 5461 1977 5488 θ
2011 5451 2065 5505 In
2095 5446 2333 5503 Concilio
2361 5444 2531 5498 Paris.
2556 5456 2696 5496 anno
2725 5439 2827 5494 575
2853 5439 3057 5503 habito,
3096 5438 3245 5506 cujus
3277 5438 3465 5491 littera!

1879 5537 1943 5577 ea
1974 5527 2040 5576 de
2074 5536 2131 5575 re
2168 5519 2233 5573 ad
2285 5516 2609 5585 Sigibertum
2664 5527 2878 5581 regem,
2910 5522 3038 5585 _tum
3081 5510 3145 5562 ad
3192 5506 3462 5585 @gidiuzu

1882 5593 2240 5645 Rhemensem
2283 5577 2787 5654 métropolitanurﬁ,
2834 5582 2925 5649 qui
2979 5594 3168 5634 manus
3210 5577 3465 5635 Promoto

1882 5665 2229 5731 imposuerat,
2263 5659 2549 5731 habentur.

1961 5717 1977 5771 ἶ
2013 5717 2343 5799 Snbscripsit
2372 5737 2551 5782 tamen
2577 5739 2717 5799 ann_o
2753 5721 3017 5799 sequenti,
3041 5733 3164 5773 cum
3197 5717 3463 5789 episcopis

1885 5803 1972 5873 qui
1997 5802 2176 5861 sedem
2203 5792 2308 5855 non
2346 5799 2635 5860 habebant,
2659 5795 2823 5848 Cone.
2860 5792 3064 5845 Matisc.
3097 5804 3151 5845 ιι.

3037 5967 3104 6029 iis
