  <div class='ocr_page' id='page_1' title='image "/cluster/home/n/w/nwhite01/storage/ocr_20150623/71/hvd.32044054758743/221.png"; bbox 0 0 3966 6348; ppageno 0'>
   <div class='ocr_carea' id='block_1_1' title="bbox 434 415 529 472">
    <p class='ocr_par' dir='ltr' id='par_1_1' title="bbox 434 415 529 472">
     <span class='ocr_line' id='line_1_1' title="bbox 434 415 529 472; baseline -0.042 0"><span class='ocrx_word' id='word_1_1' title='bbox 434 415 529 472; x_wconf 69' lang='lat' dir='ltr'><strong>t2:</strong></span> 
     </span>
    </p>
   </div>
   <div class='ocr_carea' id='block_1_2' title="bbox 1393 408 2648 468">
    <p class='ocr_par' dir='ltr' id='par_1_2' title="bbox 1393 408 2648 468">
     <span class='ocr_line' id='line_1_2' title="bbox 1393 408 2648 468; baseline 0.002 -2"><span class='ocrx_word' id='word_1_2' title='bbox 1393 410 1449 467; x_wconf 86' lang='lat' dir='ltr'><strong>S.</strong></span> <span class='ocrx_word' id='word_1_3' title='bbox 1493 409 1825 468; x_wconf 79' lang='lat' dir='ltr'><strong>GREGOBII</strong></span> <span class='ocrx_word' id='word_1_4' title='bbox 1868 408 2172 465; x_wconf 67' lang='lat' dir='ltr'><strong>EI‘ISGOPI</strong></span> <span class='ocrx_word' id='word_1_5' title='bbox 2212 410 2648 468; x_wconf 66' lang='lat' dir='ltr'><strong>TURONENSIS</strong></span> 
     </span>
    </p>
   </div>
   <div class='ocr_carea' id='block_1_3' title="bbox 3575 396 3707 482">
    <p class='ocr_par' dir='ltr' id='par_1_3' title="bbox 3575 396 3707 482">
     <span class='ocr_line' id='line_1_3' title="bbox 3575 396 3707 482; baseline 0.008 -1"><span class='ocrx_word' id='word_1_6' title='bbox 3575 396 3707 482; x_wconf 22' lang='grc' dir='ltr'><strong>θεῖε</strong></span> 
     </span>
    </p>
   </div>
   <div class='ocr_carea' id='block_1_4' title="bbox 500 522 3708 607">
    <p class='ocr_par' dir='ltr' id='par_1_4' title="bbox 500 522 3708 607">
     <span class='ocr_line' id='line_1_4' title="bbox 500 522 3708 607; baseline -0.003 -19"><span class='ocrx_word' id='word_1_7' title='bbox 500 529 643 588; x_wconf 74' lang='lat' dir='ltr'><strong>XIX.</strong></span> <span class='ocrx_word' id='word_1_8' title='bbox 688 527 821 585; x_wconf 87' lang='lat' dir='ltr'><strong>Cum</strong></span> <span class='ocrx_word' id='word_1_9' title='bbox 854 533 1034 582; x_wconf 90' lang='lat' dir='ltr'><strong>autem</strong></span> <span class='ocrx_word' id='word_1_10' title='bbox 1062 525 1272 581; x_wconf 89' lang='lat' dir='ltr'><strong>clamor</strong></span> <span class='ocrx_word' id='word_1_11' title='bbox 1314 522 1463 579; x_wconf 88' lang='lat' dir='ltr'><strong>fieret</strong></span> <span class='ocrx_word' id='word_1_12' title='bbox 1492 539 1716 594; x_wconf 85' lang='lat' dir='ltr'><strong>magnus</strong></span> <span class='ocrx_word' id='word_1_13' title='bbox 1760 523 2017 578; x_wconf 84' lang='lat' dir='ltr'><strong>adversus</strong></span> <span class='ocrx_word' id='word_1_14' title='bbox 2042 523 2096 583; x_wconf 79' lang='grc' dir='ltr'><strong>Α</strong></span> <span class='ocrx_word' id='word_1_15' title='bbox 2122 522 2298 592; x_wconf 68' lang='lat' dir='ltr'><strong>praeda</strong></span> <span class='ocrx_word' id='word_1_16' title='bbox 2332 523 2758 587; x_wconf 73' lang='lat' dir='ltr'><strong>revertebantur,</strong></span> <span class='ocrx_word' id='word_1_17' title='bbox 2802 523 3137 581; x_wconf 83' lang='lat' dir='ltr'><strong>adducentes</strong></span> <span class='ocrx_word' id='word_1_18' title='bbox 3174 525 3441 597; x_wconf 90' lang='lat' dir='ltr'><strong>jumenta,</strong></span> <span class='ocrx_word' id='word_1_19' title='bbox 3495 528 3708 607; x_wconf 62' lang='lat' dir='ltr'><strong>pe‘con,</strong></span> 
     </span>
    </p>
   </div>
   <div class='ocr_carea' id='block_1_5' title="bbox 432 615 2014 689">
    <p class='ocr_par' dir='ltr' id='par_1_5' title="bbox 432 615 2014 689">
     <span class='ocr_line' id='line_1_5' title="bbox 432 615 2014 689; baseline -0.004 -12"><span class='ocrx_word' id='word_1_20' title='bbox 432 635 543 687; x_wconf 86' lang='lat' dir='ltr'><strong>eos,</strong></span> <span class='ocrx_word' id='word_1_21' title='bbox 573 618 666 689; x_wconf 87' lang='lat' dir='ltr'><strong>qui</strong></span> <span class='ocrx_word' id='word_1_22' title='bbox 699 625 943 689; x_wconf 87' lang='lat' dir='ltr'><strong>potentes</strong></span> <span class='ocrx_word' id='word_1_23' title='bbox 970 631 1093 672; x_wconf 91' lang='lat' dir='ltr'><strong>cum</strong></span> <span class='ocrx_word' id='word_1_24' title='bbox 1125 630 1253 686; x_wconf 87' lang='lat' dir='ltr'><strong>rege</strong></span> <span class='ocrx_word' id='word_1_25' title='bbox 1291 615 1505 671; x_wconf 89' lang='lat' dir='ltr'><strong>fuerant</strong></span> <span class='ocrx_word' id='word_1_26' title='bbox 1534 615 1864 685; x_wconf 83' lang='lat' dir='ltr'><strong>Chilperico,</strong></span> <span class='ocrx_word' id='word_1_27' title='bbox 1908 615 2014 671; x_wconf 89' lang='lat' dir='ltr'><strong>sci-</strong></span> 
     </span>
    </p>
   </div>
   <div class='ocr_carea' id='block_1_6' title="bbox 436 706 2016 783">
    <p class='ocr_par' dir='ltr' id='par_1_6' title="bbox 436 706 2016 783">
     <span class='ocr_line' id='line_1_6' title="bbox 436 706 2016 783; baseline -0.005 -14"><span class='ocrx_word' id='word_1_28' title='bbox 436 716 560 769; x_wconf 89' lang='lat' dir='ltr'><strong>licet</strong></span> <span class='ocrx_word' id='word_1_29' title='bbox 588 711 732 783; x_wconf 87' lang='lat' dir='ltr'><strong>quod</strong></span> <span class='ocrx_word' id='word_1_30' title='bbox 758 710 1109 766; x_wconf 89' lang='lat' dir='ltr'><strong>abstulissent</strong></span> <span class='ocrx_word' id='word_1_31' title='bbox 1136 708 1219 764; x_wconf 89' lang='lat' dir='ltr'><strong>vel</strong></span> <span class='ocrx_word' id='word_1_32' title='bbox 1248 706 1432 773; x_wconf 88' lang='lat' dir='ltr'><strong>villas,</strong></span> <span class='ocrx_word' id='word_1_33' title='bbox 1461 708 1546 762; x_wconf 94' lang='lat' dir='ltr'><strong>vel</strong></span> <span class='ocrx_word' id='word_1_34' title='bbox 1573 722 1660 761; x_wconf 88' lang='lat' dir='ltr'><strong>res</strong></span> <span class='ocrx_word' id='word_1_35' title='bbox 1694 706 1926 776; x_wconf 86' lang='lat' dir='ltr'><strong>reliquas</strong></span> <span class='ocrx_word' id='word_1_36' title='bbox 1949 706 2016 761; x_wconf 90' lang='lat' dir='ltr'><strong>de</strong></span> 
     </span>
    </p>
   </div>
   <div class='ocr_carea' id='block_1_7' title="bbox 432 798 2016 873">
    <p class='ocr_par' dir='ltr' id='par_1_7' title="bbox 432 798 2016 873">
     <span class='ocr_line' id='line_1_7' title="bbox 432 798 2016 873; baseline -0.005 -13"><span class='ocrx_word' id='word_1_37' title='bbox 432 807 591 861; x_wconf 84' lang='lat' dir='ltr'><strong>rebus</strong></span> <span class='ocrx_word' id='word_1_38' title='bbox 623 804 839 869; x_wconf 89' lang='lat' dir='ltr'><strong>alienis,</strong></span> <span class='ocrx_word' id='word_1_39' title='bbox 870 802 1052 858; x_wconf 85' lang='lat' dir='ltr'><strong>omnia</strong></span> <span class='ocrx_word' id='word_1_40' title='bbox 1095 816 1214 873; x_wconf 71' lang='lat' dir='ltr'><strong>quae</strong></span> <span class='ocrx_word' id='word_1_41' title='bbox 1245 800 1444 872; x_wconf 81' lang='lat' dir='ltr'><strong>injuste</strong></span> <span class='ocrx_word' id='word_1_42' title='bbox 1471 799 1645 854; x_wconf 86' lang='lat' dir='ltr'><strong>ablata</strong></span> <span class='ocrx_word' id='word_1_43' title='bbox 1672 798 1881 853; x_wconf 76' lang='lat' dir='ltr'><strong>fuerant</strong></span> <span class='ocrx_word' id='word_1_44' title='bbox 1921 813 2016 853; x_wconf 79' lang='lat' dir='ltr'><strong>rex</strong></span> 
     </span>
    </p>
   </div>
   <div class='ocr_carea' id='block_1_8' title="bbox 432 891 2018 968">
    <p class='ocr_par' dir='ltr' id='par_1_8' title="bbox 432 891 2018 968">
     <span class='ocr_line' id='line_1_8' title="bbox 432 891 2018 968; baseline -0.005 -16"><span class='ocrx_word' id='word_1_45' title='bbox 432 898 585 953; x_wconf 82' lang='lat' dir='ltr'><strong>reddi</strong></span> <span class='ocrx_word' id='word_1_46' title='bbox 632 895 923 968; x_wconf 68' lang='lat' dir='ltr'><strong>praecepit,</strong></span> <span class='ocrx_word' id='word_1_47' title='bbox 955 896 1094 951; x_wconf 91' lang='lat' dir='ltr'><strong>sicut</strong></span> <span class='ocrx_word' id='word_1_48' title='bbox 1142 894 1253 964; x_wconf 90' lang='lat' dir='ltr'><strong>jam</strong></span> <span class='ocrx_word' id='word_1_49' title='bbox 1310 893 1559 963; x_wconf 85' lang='lat' dir='ltr'><strong>superius</strong></span> <span class='ocrx_word' id='word_1_50' title='bbox 1593 891 1881 948; x_wconf 88' lang='lat' dir='ltr'><strong>indicatum</strong></span> <span class='ocrx_word' id='word_1_51' title='bbox 1934 899 2018 945; x_wconf 90' lang='lat' dir='ltr'><strong>est</strong></span> 
     </span>
    </p>
   </div>
   <div class='ocr_carea' id='block_1_9' title="bbox 430 980 2016 1064">
    <p class='ocr_par' dir='ltr' id='par_1_9' title="bbox 430 980 2016 1064">
     <span class='ocr_line' id='line_1_9' title="bbox 430 980 2016 1064; baseline -0.007 -20"><span class='ocrx_word' id='word_1_52' title='bbox 430 990 580 1064; x_wconf 76' lang='lat' dir='ltr'><strong>(Cap.</strong></span> <span class='ocrx_word' id='word_1_53' title='bbox 613 990 693 1061; x_wconf 88' lang='lat'><strong>7).</strong></span> <span class='ocrx_word' id='word_1_54' title='bbox 744 986 1148 1059; x_wconf 84' lang='lat' dir='ltr'><strong>Fredegundem</strong></span> <span class='ocrx_word' id='word_1_55' title='bbox 1197 998 1410 1054; x_wconf 90' lang='lat' dir='ltr'><strong>quoque</strong></span> <span class='ocrx_word' id='word_1_56' title='bbox 1450 982 1689 1053; x_wconf 80' lang='lat' dir='ltr'><strong>reginam</strong></span> <span class='ocrx_word' id='word_1_57' title='bbox 1744 982 1810 1036; x_wconf 90' lang='lat' dir='ltr'><strong>ad</strong></span> <span class='ocrx_word' id='word_1_58' title='bbox 1838 980 2016 1049; x_wconf 81' lang='lat' dir='ltr'><strong>villam</strong></span> 
     </span>
    </p>
   </div>
   <div class='ocr_carea' id='block_1_10' title="bbox 436 1073 2015 1147">
    <p class='ocr_par' dir='ltr' id='par_1_10' title="bbox 436 1073 2015 1147">
     <span class='ocr_line' id='line_1_10' title="bbox 436 1073 2015 1147; baseline -0.006 -12"><span class='ocrx_word' id='word_1_59' title='bbox 436 1082 871 1136; x_wconf 74' lang='lat' dir='ltr'><strong>lihotoialensetn</strong></span> <span class='ocrx_word' id='word_1_60' title='bbox 903 1088 954 1146; x_wconf 67' lang='grc' dir='ltr'><strong>τι,</strong></span> <span class='ocrx_word' id='word_1_61' title='bbox 984 1094 1103 1147; x_wconf 70' lang='lat' dir='ltr'><strong>qua:</strong></span> <span class='ocrx_word' id='word_1_62' title='bbox 1133 1077 1185 1132; x_wconf 90' lang='lat' dir='ltr'><strong>in</strong></span> <span class='ocrx_word' id='word_1_63' title='bbox 1212 1074 1626 1144; x_wconf 79' lang='lat' dir='ltr'><strong>Rothomagensi</strong></span> <span class='ocrx_word' id='word_1_64' title='bbox 1667 1074 1895 1128; x_wconf 90' lang='lat' dir='ltr'><strong>termino</strong></span> <span class='ocrx_word' id='word_1_65' title='bbox 1917 1073 2015 1127; x_wconf 89' lang='lat' dir='ltr'><strong>sita</strong></span> 
     </span>
    </p>
   </div>
   <div class='ocr_carea' id='block_1_11' title="bbox 444 1163 2017 1240">
    <p class='ocr_par' dir='ltr' id='par_1_11' title="bbox 444 1163 2017 1240">
     <span class='ocr_line' id='line_1_11' title="bbox 444 1163 2017 1240; baseline -0.006 -12"><span class='ocrx_word' id='word_1_66' title='bbox 444 1183 556 1239; x_wconf 90' lang='lat' dir='ltr'><strong>est,</strong></span> <span class='ocrx_word' id='word_1_67' title='bbox 611 1172 761 1227; x_wconf 91' lang='lat' dir='ltr'><strong>abire</strong></span> <span class='ocrx_word' id='word_1_68' title='bbox 807 1170 1101 1240; x_wconf 71' lang='lat' dir='ltr'><strong>praecepit,</strong></span> <span class='ocrx_word' id='word_1_69' title='bbox 1134 1167 1410 1237; x_wconf 87' lang='lat' dir='ltr'><strong>secutique</strong></span> <span class='ocrx_word' id='word_1_70' title='bbox 1450 1176 1575 1221; x_wconf 91' lang='lat' dir='ltr'><strong>sunt</strong></span> <span class='ocrx_word' id='word_1_71' title='bbox 1617 1181 1736 1221; x_wconf 91' lang='lat' dir='ltr'><strong>eam</strong></span> <span class='ocrx_word' id='word_1_72' title='bbox 1778 1180 1965 1220; x_wconf 88' lang='lat' dir='ltr'><strong>onmes</strong></span> <span class='ocrx_word' id='word_1_73' title='bbox 1991 1163 2017 1202; x_wconf 73' lang='grc' dir='ltr'>δ</span> 
     </span>
    </p>
   </div>
   <div class='ocr_carea' id='block_1_12' title="bbox 438 1257 2020 1329">
    <p class='ocr_par' dir='ltr' id='par_1_12' title="bbox 438 1257 2020 1329">
     <span class='ocr_line' id='line_1_12' title="bbox 438 1257 2020 1329; baseline -0.003 -13"><span class='ocrx_word' id='word_1_74' title='bbox 438 1264 693 1318; x_wconf 79' lang='lat' dir='ltr'><strong>meIiOres</strong></span> <span class='ocrx_word' id='word_1_75' title='bbox 725 1271 849 1316; x_wconf 87' lang='lat' dir='ltr'><strong>natu</strong></span> <span class='ocrx_word' id='word_1_76' title='bbox 894 1260 1042 1328; x_wconf 80' lang='lat' dir='ltr'><strong>regni</strong></span> <span class='ocrx_word' id='word_1_77' title='bbox 1084 1257 1371 1329; x_wconf 75' lang='lat' dir='ltr'><strong>Chilperici</strong></span> <span class='ocrx_word' id='word_1_78' title='bbox 1423 1257 1594 1328; x_wconf 81' lang='lat' dir='ltr'><strong>regis;</strong></span> <span class='ocrx_word' id='word_1_79' title='bbox 1627 1257 1804 1327; x_wconf 87' lang='lat' dir='ltr'><strong>ibique</strong></span> <span class='ocrx_word' id='word_1_80' title='bbox 1857 1257 2020 1313; x_wconf 89' lang='lat' dir='ltr'><strong>relin-</strong></span> 
     </span>
    </p>
   </div>
   <div class='ocr_carea' id='block_1_13' title="bbox 430 1350 2015 1425">
    <p class='ocr_par' dir='ltr' id='par_1_13' title="bbox 430 1350 2015 1425">
     <span class='ocr_line' id='line_1_13' title="bbox 430 1350 2015 1425; baseline -0.003 -15"><span class='ocrx_word' id='word_1_81' title='bbox 430 1361 659 1425; x_wconf 85' lang='lat' dir='ltr'><strong>quentes</strong></span> <span class='ocrx_word' id='word_1_82' title='bbox 688 1368 805 1408; x_wconf 87' lang='lat' dir='ltr'><strong>eam</strong></span> <span class='ocrx_word' id='word_1_83' title='bbox 835 1367 953 1407; x_wconf 91' lang='lat' dir='ltr'><strong>cum</strong></span> <span class='ocrx_word' id='word_1_84' title='bbox 981 1350 1206 1407; x_wconf 78' lang='lat' dir='ltr'><strong>Mclanio</strong></span> <span class='ocrx_word' id='word_1_85' title='bbox 1232 1352 1485 1420; x_wconf 84' lang='lat' dir='ltr'><strong>episcopo</strong></span> <span class='ocrx_word' id='word_1_86' title='bbox 1518 1361 1569 1418; x_wconf 73' lang='grc' dir='ltr'><strong>ε,</strong></span> <span class='ocrx_word' id='word_1_87' title='bbox 1602 1351 1692 1421; x_wconf 87' lang='lat' dir='ltr'><strong>qui</strong></span> <span class='ocrx_word' id='word_1_88' title='bbox 1715 1350 1781 1405; x_wconf 89' lang='lat' dir='ltr'><strong>de</strong></span> <span class='ocrx_word' id='word_1_89' title='bbox 1803 1350 2015 1406; x_wconf 80' lang='lat' dir='ltr'><strong>Rotbo-</strong></span> 
     </span>
    </p>
   </div>
   <div class='ocr_carea' id='block_1_14' title="bbox 434 1441 2019 1518">
    <p class='ocr_par' dir='ltr' id='par_1_14' title="bbox 434 1441 2019 1518">
     <span class='ocr_line' id='line_1_14' title="bbox 434 1441 2019 1518; baseline -0.004 -16"><span class='ocrx_word' id='word_1_90' title='bbox 434 1462 592 1518; x_wconf 89' lang='lat' dir='ltr'><strong>mago</strong></span> <span class='ocrx_word' id='word_1_91' title='bbox 625 1446 903 1501; x_wconf 86' lang='lat' dir='ltr'><strong>submotus</strong></span> <span class='ocrx_word' id='word_1_92' title='bbox 929 1442 1121 1508; x_wconf 88' lang='lat' dir='ltr'><strong>fuerat,</strong></span> <span class='ocrx_word' id='word_1_93' title='bbox 1166 1443 1231 1497; x_wconf 91' lang='lat' dir='ltr'><strong>ad</strong></span> <span class='ocrx_word' id='word_1_94' title='bbox 1268 1442 1434 1496; x_wconf 90' lang='lat' dir='ltr'><strong>filium</strong></span> <span class='ocrx_word' id='word_1_95' title='bbox 1462 1442 1579 1511; x_wconf 89' lang='lat' dir='ltr'><strong>ejus</strong></span> <span class='ocrx_word' id='word_1_96' title='bbox 1628 1455 1689 1498; x_wconf 88' lang='lat' dir='ltr'><strong>se</strong></span> <span class='ocrx_word' id='word_1_97' title='bbox 1728 1441 2019 1498; x_wconf 86' lang='lat' dir='ltr'><strong>transtule-</strong></span> 
     </span>
    </p>
   </div>
   <div class='ocr_carea' id='block_1_15' title="bbox 432 1531 2017 1605">
    <p class='ocr_par' dir='ltr' id='par_1_15' title="bbox 432 1531 2017 1605">
     <span class='ocr_line' id='line_1_15' title="bbox 432 1531 2017 1605; baseline -0.003 -12"><span class='ocrx_word' id='word_1_98' title='bbox 432 1536 959 1605; x_wconf 81' lang='lat' dir='ltr'><strong>runt,promittentes</strong></span> <span class='ocrx_word' id='word_1_99' title='bbox 977 1534 1116 1604; x_wconf 93' lang='lat' dir='ltr'><strong>quod</strong></span> <span class='ocrx_word' id='word_1_100' title='bbox 1135 1532 1202 1588; x_wconf 86' lang='lat' dir='ltr'><strong>ab</strong></span> <span class='ocrx_word' id='word_1_101' title='bbox 1214 1533 1292 1589; x_wconf 91' lang='lat' dir='ltr'><strong>eis</strong></span> <span class='ocrx_word' id='word_1_102' title='bbox 1305 1531 2017 1602; x_wconf 37' lang='lat' dir='ltr'><strong>studiosissimejnutriretur.</strong></span> 
     </span>
    </p>
   </div>
   <div class='ocr_carea' id='block_1_16' title="bbox 507 1621 2022 1696">
    <p class='ocr_par' dir='ltr' id='par_1_16' title="bbox 507 1621 2022 1696">
     <span class='ocr_line' id='line_1_16' title="bbox 507 1621 2022 1696; baseline -0.003 -16"><span class='ocrx_word' id='word_1_103' title='bbox 507 1626 624 1681; x_wconf 76' lang='lat' dir='ltr'><strong>XX.</strong></span> <span class='ocrx_word' id='word_1_104' title='bbox 659 1627 947 1696; x_wconf 83' lang='lat' dir='ltr'><strong>Postquam</strong></span> <span class='ocrx_word' id='word_1_105' title='bbox 974 1632 1148 1679; x_wconf 88' lang='lat' dir='ltr'><strong>autem</strong></span> <span class='ocrx_word' id='word_1_106' title='bbox 1170 1622 1534 1691; x_wconf 85' lang='lat' dir='ltr'><strong>Fredegundis</strong></span> <span class='ocrx_word' id='word_1_107' title='bbox 1548 1623 1728 1693; x_wconf 81' lang='lat' dir='ltr'><strong>regina</strong></span> <span class='ocrx_word' id='word_1_108' title='bbox 1748 1621 1814 1677; x_wconf 92' lang='lat' dir='ltr'><strong>ad</strong></span> <span class='ocrx_word' id='word_1_109' title='bbox 1835 1636 2022 1690; x_wconf 85' lang='lat' dir='ltr'><strong>supra-</strong></span> 
     </span>
    </p>
   </div>
   <div class='ocr_carea' id='block_1_17' title="bbox 438 1712 2019 1783">
    <p class='ocr_par' dir='ltr' id='par_1_17' title="bbox 438 1712 2019 1783">
     <span class='ocr_line' id='line_1_17' title="bbox 438 1712 2019 1783; baseline -0.003 -12"><span class='ocrx_word' id='word_1_110' title='bbox 438 1718 638 1772; x_wconf 89' lang='lat' dir='ltr'><strong>dictam</strong></span> <span class='ocrx_word' id='word_1_111' title='bbox 667 1716 846 1770; x_wconf 72' lang='lat' dir='ltr'><strong>villam</strong></span> <span class='ocrx_word' id='word_1_112' title='bbox 875 1715 1035 1783; x_wconf 91' lang='lat' dir='ltr'><strong>abiit,</strong></span> <span class='ocrx_word' id='word_1_113' title='bbox 1061 1730 1177 1769; x_wconf 90' lang='lat' dir='ltr'><strong>cum</strong></span> <span class='ocrx_word' id='word_1_114' title='bbox 1203 1724 1346 1769; x_wconf 88' lang='lat' dir='ltr'><strong>esset</strong></span> <span class='ocrx_word' id='word_1_115' title='bbox 1376 1713 1530 1768; x_wconf 79' lang='lat' dir='ltr'><strong>valde</strong></span> <span class='ocrx_word' id='word_1_116' title='bbox 1556 1721 1767 1779; x_wconf 77' lang='lat' dir='ltr'><strong>moesta,</strong></span> <span class='ocrx_word' id='word_1_117' title='bbox 1800 1712 1942 1782; x_wconf 91' lang='lat' dir='ltr'><strong>quod</strong></span> <span class='ocrx_word' id='word_1_118' title='bbox 1969 1713 2019 1767; x_wconf 91' lang='lat' dir='ltr'><strong>ei</strong></span> 
     </span>
    </p>
   </div>
   <div class='ocr_carea' id='block_1_18' title="bbox 433 1801 2018 1879">
    <p class='ocr_par' dir='ltr' id='par_1_18' title="bbox 433 1801 2018 1879">
     <span class='ocr_line' id='line_1_18' title="bbox 433 1801 2018 1879; baseline -0.004 -15"><span class='ocrx_word' id='word_1_119' title='bbox 433 1819 673 1879; x_wconf 81' lang='lat' dir='ltr'><strong>potestas</strong></span> <span class='ocrx_word' id='word_1_120' title='bbox 715 1823 779 1863; x_wconf 84' lang='lat' dir='ltr'><strong>ex</strong></span> <span class='ocrx_word' id='word_1_121' title='bbox 817 1815 967 1873; x_wconf 86' lang='lat' dir='ltr'><strong>parte</strong></span> <span class='ocrx_word' id='word_1_122' title='bbox 1002 1805 1193 1860; x_wconf 76' lang='lat' dir='ltr'><strong>fui~set</strong></span> <span class='ocrx_word' id='word_1_123' title='bbox 1232 1806 1446 1871; x_wconf 83' lang='lat' dir='ltr'><strong>ablata,</strong></span> <span class='ocrx_word' id='word_1_124' title='bbox 1499 1805 1776 1861; x_wconf 84' lang='lat' dir='ltr'><strong>meliorem</strong></span> <span class='ocrx_word' id='word_1_125' title='bbox 1804 1801 1832 1843; x_wconf 73' lang='grc' dir='ltr'><strong><em>ἀ</em></strong></span> <span class='ocrx_word' id='word_1_126' title='bbox 1859 1803 2018 1876; x_wconf 65' lang='grc'><strong>345</strong></span> 
     </span>
    </p>
   </div>
   <div class='ocr_carea' id='block_1_19' title="bbox 2119 612 3709 698">
    <p class='ocr_par' dir='ltr' id='par_1_19' title="bbox 2119 612 3709 698">
     <span class='ocr_line' id='line_1_19' title="bbox 2119 612 3709 698; baseline 0.01 -30"><span class='ocrx_word' id='word_1_127' title='bbox 2119 614 2205 668; x_wconf 85' lang='lat' dir='ltr'><strong>vel</strong></span> <span class='ocrx_word' id='word_1_128' title='bbox 2243 612 2600 683; x_wconf 84' lang='lat' dir='ltr'><strong>quodcunque</strong></span> <span class='ocrx_word' id='word_1_129' title='bbox 2649 614 2887 683; x_wconf 88' lang='lat' dir='ltr'><strong>diripere</strong></span> <span class='ocrx_word' id='word_1_130' title='bbox 2940 616 3266 685; x_wconf 89' lang='lat' dir='ltr'><strong>potuissent.</strong></span> <span class='ocrx_word' id='word_1_131' title='bbox 3310 620 3393 677; x_wconf 91' lang='lat' dir='ltr'><strong>Illi</strong></span> <span class='ocrx_word' id='word_1_132' title='bbox 3435 637 3567 678; x_wconf 81' lang='lat' dir='ltr'><strong>vero</strong></span> <span class='ocrx_word' id='word_1_133' title='bbox 3622 630 3709 698; x_wconf 83' lang='lat' dir='ltr'><strong>qui</strong></span> 
     </span>
    </p>
   </div>
   <div class='ocr_carea' id='block_1_20' title="bbox 2120 705 3706 776">
    <p class='ocr_par' dir='ltr' id='par_1_20' title="bbox 2120 705 3706 776">
     <span class='ocr_line' id='line_1_20' title="bbox 2120 705 3706 776; baseline 0.009 -17"><span class='ocrx_word' id='word_1_134' title='bbox 2120 705 2263 760; x_wconf 88' lang='lat' dir='ltr'><strong>beati</strong></span> <span class='ocrx_word' id='word_1_135' title='bbox 2293 705 2505 760; x_wconf 81' lang='lat' dir='ltr'><strong>Martini</strong></span> <span class='ocrx_word' id='word_1_136' title='bbox 2530 705 2770 776; x_wconf 84' lang='lat' dir='ltr'><strong>jumenta</strong></span> <span class='ocrx_word' id='word_1_137' title='bbox 2800 705 3161 776; x_wconf 89' lang='lat' dir='ltr'><strong>abduxerant,</strong></span> <span class='ocrx_word' id='word_1_138' title='bbox 3188 723 3452 767; x_wconf 88' lang='lat' dir='ltr'><strong>commota</strong></span> <span class='ocrx_word' id='word_1_139' title='bbox 3478 715 3706 773; x_wconf 87' lang='lat' dir='ltr'><strong>alterca-</strong></span> 
     </span>
    </p>
   </div>
   <div class='ocr_carea' id='block_1_21' title="bbox 2122 796 3711 882">
    <p class='ocr_par' dir='ltr' id='par_1_21' title="bbox 2122 796 3711 882">
     <span class='ocr_line' id='line_1_21' title="bbox 2122 796 3711 882; baseline 0.009 -33"><span class='ocrx_word' id='word_1_140' title='bbox 2122 798 2285 862; x_wconf 83' lang='lat' dir='ltr'><strong>tione,</strong></span> <span class='ocrx_word' id='word_1_141' title='bbox 2333 810 2394 851; x_wconf 88' lang='lat' dir='ltr'><strong>se</strong></span> <span class='ocrx_word' id='word_1_142' title='bbox 2444 796 2671 851; x_wconf 86' lang='lat' dir='ltr'><strong>invicem</strong></span> <span class='ocrx_word' id='word_1_143' title='bbox 2726 796 2928 852; x_wconf 80' lang='lat' dir='ltr'><strong>lanceis</strong></span> <span class='ocrx_word' id='word_1_144' title='bbox 2958 801 3360 857; x_wconf 89' lang='lat' dir='ltr'><strong>transfixerunt.</strong></span> <span class='ocrx_word' id='word_1_145' title='bbox 3408 804 3523 862; x_wconf 85' lang='lat' dir='ltr'><strong>Duo</strong></span> <span class='ocrx_word' id='word_1_146' title='bbox 3552 809 3711 882; x_wconf 69' lang='grc'><strong>346</strong></span> 
     </span>
    </p>
   </div>
   <div class='ocr_carea' id='block_1_22' title="bbox 2119 887 3709 968">
    <p class='ocr_par' dir='ltr' id='par_1_22' title="bbox 2119 887 3709 968">
     <span class='ocr_line' id='line_1_22' title="bbox 2119 887 3709 968; baseline 0.011 -29"><span class='ocrx_word' id='word_1_147' title='bbox 2119 888 2410 957; x_wconf 68' lang='grc' dir='ltr'><strong>ψήιιηυιεε</strong></span> <span class='ocrx_word' id='word_1_148' title='bbox 2449 887 2796 957; x_wconf 82' lang='lat' dir='ltr'><strong>diripiebant,</strong></span> <span class='ocrx_word' id='word_1_149' title='bbox 2857 889 2910 943; x_wconf 93' lang='lat' dir='ltr'><strong>in</strong></span> <span class='ocrx_word' id='word_1_150' title='bbox 2965 889 3188 946; x_wconf 88' lang='lat' dir='ltr'><strong>domum</strong></span> <span class='ocrx_word' id='word_1_151' title='bbox 3230 894 3389 949; x_wconf 86' lang='lat' dir='ltr'><strong>vicini</strong></span> <span class='ocrx_word' id='word_1_152' title='bbox 3433 898 3709 968; x_wconf 79' lang='lat' dir='ltr'><strong>cujusdam</strong></span> 
     </span>
    </p>
   </div>
   <div class='ocr_carea' id='block_1_23' title="bbox 2121 976 3711 1057">
    <p class='ocr_par' dir='ltr' id='par_1_23' title="bbox 2121 976 3711 1057">
     <span class='ocr_line' id='line_1_23' title="bbox 2121 976 3711 1057; baseline 0.011 -26"><span class='ocrx_word' id='word_1_153' title='bbox 2121 976 2466 1044; x_wconf 87' lang='lat' dir='ltr'><strong>accedentes,</strong></span> <span class='ocrx_word' id='word_1_154' title='bbox 2499 987 2681 1048; x_wconf 91' lang='lat' dir='ltr'><strong>potum</strong></span> <span class='ocrx_word' id='word_1_155' title='bbox 2713 994 2905 1048; x_wconf 87' lang='lat' dir='ltr'><strong>rogare</strong></span> <span class='ocrx_word' id='word_1_156' title='bbox 2933 993 3234 1050; x_wconf 79' lang='lat' dir='ltr'><strong>coeperunt.</strong></span> <span class='ocrx_word' id='word_1_157' title='bbox 3265 983 3510 1057; x_wconf 88' lang='lat' dir='ltr'><strong>Cumque</strong></span> <span class='ocrx_word' id='word_1_158' title='bbox 3538 990 3631 1046; x_wconf 92' lang='lat' dir='ltr'><strong>ille</strong></span> <span class='ocrx_word' id='word_1_159' title='bbox 3652 1006 3711 1049; x_wconf 89' lang='lat' dir='ltr'><strong>se</strong></span> 
     </span>
    </p>
   </div>
   <div class='ocr_carea' id='block_1_24' title="bbox 2121 1068 3707 1149">
    <p class='ocr_par' dir='ltr' id='par_1_24' title="bbox 2121 1068 3707 1149">
     <span class='ocr_line' id='line_1_24' title="bbox 2121 1068 3707 1149; baseline 0.009 -27"><span class='ocrx_word' id='word_1_160' title='bbox 2121 1068 2319 1125; x_wconf 87' lang='lat' dir='ltr'><strong>habere</strong></span> <span class='ocrx_word' id='word_1_161' title='bbox 2344 1079 2581 1141; x_wconf 76' lang='lat' dir='ltr'><strong>negaret,</strong></span> <span class='ocrx_word' id='word_1_162' title='bbox 2606 1071 2829 1126; x_wconf 89' lang='lat' dir='ltr'><strong>elevatis</strong></span> <span class='ocrx_word' id='word_1_163' title='bbox 2854 1072 3054 1129; x_wconf 91' lang='lat' dir='ltr'><strong>lanceis</strong></span> <span class='ocrx_word' id='word_1_164' title='bbox 3074 1084 3269 1130; x_wconf 90' lang='lat' dir='ltr'><strong>uteum</strong></span> <span class='ocrx_word' id='word_1_165' title='bbox 3293 1079 3707 1149; x_wconf 87' lang='lat' dir='ltr'><strong>transfodereut,</strong></span> 
     </span>
    </p>
   </div>
   <div class='ocr_carea' id='block_1_25' title="bbox 2120 1159 3711 1245">
    <p class='ocr_par' dir='ltr' id='par_1_25' title="bbox 2120 1159 3711 1245">
     <span class='ocr_line' id='line_1_25' title="bbox 2120 1159 3711 1245; baseline 0.011 -32"><span class='ocrx_word' id='word_1_166' title='bbox 2120 1159 2209 1216; x_wconf 89' lang='lat' dir='ltr'><strong>hic</strong></span> <span class='ocrx_word' id='word_1_167' title='bbox 2230 1171 2474 1215; x_wconf 87' lang='lat' dir='ltr'><strong>extracto</strong></span> <span class='ocrx_word' id='word_1_168' title='bbox 2493 1161 2672 1231; x_wconf 89' lang='lat' dir='ltr'><strong>gladio</strong></span> <span class='ocrx_word' id='word_1_169' title='bbox 2699 1170 2988 1233; x_wconf 89' lang='lat' dir='ltr'><strong>utrumque</strong></span> <span class='ocrx_word' id='word_1_170' title='bbox 3019 1167 3266 1235; x_wconf 81' lang='lat' dir='ltr'><strong>perfolit,</strong></span> <span class='ocrx_word' id='word_1_171' title='bbox 3298 1171 3711 1245; x_wconf 83' lang='lat' dir='ltr'><strong>cecideruutque</strong></span> 
     </span>
    </p>
   </div>
   <div class='ocr_carea' id='block_1_26' title="bbox 2118 1252 3709 1325">
    <p class='ocr_par' dir='ltr' id='par_1_26' title="bbox 2118 1252 3709 1325">
     <span class='ocr_line' id='line_1_26' title="bbox 2118 1252 3709 1325; baseline 0.01 -18"><span class='ocrx_word' id='word_1_172' title='bbox 2118 1252 2301 1318; x_wconf 87' lang='lat' dir='ltr'><strong>ambo,</strong></span> <span class='ocrx_word' id='word_1_173' title='bbox 2325 1261 2379 1307; x_wconf 89' lang='lat' dir='ltr'><strong>et</strong></span> <span class='ocrx_word' id='word_1_174' title='bbox 2402 1254 2600 1308; x_wconf 87' lang='lat' dir='ltr'><strong>mortui</strong></span> <span class='ocrx_word' id='word_1_175' title='bbox 2624 1263 2752 1308; x_wconf 90' lang='lat' dir='ltr'><strong>sunt</strong></span> <span class='ocrx_word' id='word_1_176' title='bbox 2787 1273 2799 1306; x_wconf 91' lang='lat'><strong>:</strong></span> <span class='ocrx_word' id='word_1_177' title='bbox 2826 1255 3068 1325; x_wconf 88' lang='lat' dir='ltr'><strong>jumenta</strong></span> <span class='ocrx_word' id='word_1_178' title='bbox 3094 1267 3270 1315; x_wconf 87' lang='lat' dir='ltr'><strong>tamen</strong></span> <span class='ocrx_word' id='word_1_179' title='bbox 3301 1266 3470 1318; x_wconf 90' lang='lat' dir='ltr'><strong>sancti</strong></span> <span class='ocrx_word' id='word_1_180' title='bbox 3497 1265 3709 1322; x_wconf 72' lang='lat' dir='ltr'><strong>Martini</strong></span> 
     </span>
    </p>
   </div>
   <div class='ocr_carea' id='block_1_27' title="bbox 2117 1342 3713 1421">
    <p class='ocr_par' dir='ltr' id='par_1_27' title="bbox 2117 1342 3713 1421">
     <span class='ocr_line' id='line_1_27' title="bbox 2117 1342 3713 1421; baseline 0.009 -21"><span class='ocrx_word' id='word_1_181' title='bbox 2117 1342 2332 1400; x_wconf 85' lang='lat' dir='ltr'><strong>reddita</strong></span> <span class='ocrx_word' id='word_1_182' title='bbox 2352 1355 2500 1400; x_wconf 87' lang='lat' dir='ltr'><strong>sunt.</strong></span> <span class='ocrx_word' id='word_1_183' title='bbox 2542 1345 2816 1416; x_wconf 88' lang='lat' dir='ltr'><strong>Tantaque</strong></span> <span class='ocrx_word' id='word_1_184' title='bbox 2838 1348 2908 1403; x_wconf 90' lang='lat' dir='ltr'><strong>ibi</strong></span> <span class='ocrx_word' id='word_1_185' title='bbox 2943 1357 3068 1405; x_wconf 89' lang='lat' dir='ltr'><strong>tunc</strong></span> <span class='ocrx_word' id='word_1_186' title='bbox 3089 1351 3227 1406; x_wconf 90' lang='lat' dir='ltr'><strong>mala</strong></span> <span class='ocrx_word' id='word_1_187' title='bbox 3272 1369 3367 1421; x_wconf 90' lang='lat' dir='ltr'><strong>per</strong></span> <span class='ocrx_word' id='word_1_188' title='bbox 3407 1354 3506 1411; x_wconf 85' lang='lat' dir='ltr'><strong>hos</strong></span> <span class='ocrx_word' id='word_1_189' title='bbox 3542 1359 3713 1415; x_wconf 85' lang='lat' dir='ltr'><strong>Aure-</strong></span> 
     </span>
    </p>
   </div>
   <div class='ocr_carea' id='block_1_28' title="bbox 2117 1435 3439 1514">
    <p class='ocr_par' dir='ltr' id='par_1_28' title="bbox 2117 1435 3439 1514">
     <span class='ocr_line' id='line_1_28' title="bbox 2117 1435 3439 1514; baseline 0.008 -22"><span class='ocrx_word' id='word_1_190' title='bbox 2117 1435 2387 1493; x_wconf 86' lang='lat' dir='ltr'><strong>lianenses</strong></span> <span class='ocrx_word' id='word_1_191' title='bbox 2415 1445 2563 1506; x_wconf 86' lang='lat' dir='ltr'><strong>gesta</strong></span> <span class='ocrx_word' id='word_1_192' title='bbox 2592 1448 2738 1504; x_wconf 90' lang='lat' dir='ltr'><strong>sunt,</strong></span> <span class='ocrx_word' id='word_1_193' title='bbox 2776 1448 2831 1494; x_wconf 89' lang='lat' dir='ltr'><strong>ut</strong></span> <span class='ocrx_word' id='word_1_194' title='bbox 2867 1452 3136 1511; x_wconf 87' lang='lat' dir='ltr'><strong>nequeant</strong></span> <span class='ocrx_word' id='word_1_195' title='bbox 3162 1445 3439 1514; x_wconf 83' lang='lat' dir='ltr'><strong>explicari.</strong></span> 
     </span>
    </p>
   </div>
   <div class='ocr_carea' id='block_1_29' title="bbox 2190 1529 3712 1610">
    <p class='ocr_par' dir='ltr' id='par_1_29' title="bbox 2190 1529 3712 1610">
     <span class='ocr_line' id='line_1_29' title="bbox 2190 1529 3712 1610; baseline 0.01 -25"><span class='ocrx_word' id='word_1_196' title='bbox 2190 1529 2355 1586; x_wconf 81' lang='lat' dir='ltr'><strong>XXII.</strong></span> <span class='ocrx_word' id='word_1_197' title='bbox 2400 1531 2533 1586; x_wconf 87' lang='lat' dir='ltr'><strong>Dum</strong></span> <span class='ocrx_word' id='word_1_198' title='bbox 2562 1545 2740 1589; x_wconf 90' lang='lat' dir='ltr'><strong>autem</strong></span> <span class='ocrx_word' id='word_1_199' title='bbox 2774 1534 2889 1590; x_wconf 66' lang='lat' dir='ltr'><strong>hrec</strong></span> <span class='ocrx_word' id='word_1_200' title='bbox 2913 1549 3231 1608; x_wconf 77' lang='lat' dir='ltr'><strong>agerentur,</strong></span> <span class='ocrx_word' id='word_1_201' title='bbox 3263 1554 3349 1594; x_wconf 87' lang='lat' dir='ltr'><strong>res</strong></span> <span class='ocrx_word' id='word_1_202' title='bbox 3379 1541 3545 1610; x_wconf 82' lang='lat' dir='ltr'><strong>ipsius</strong></span> <span class='ocrx_word' id='word_1_203' title='bbox 3568 1542 3712 1599; x_wconf 82' lang='lat' dir='ltr'><strong>Ebe-</strong></span> 
     </span>
    </p>
   </div>
   <div class='ocr_carea' id='block_1_30' title="bbox 2122 1623 3710 1705">
    <p class='ocr_par' dir='ltr' id='par_1_30' title="bbox 2122 1623 3710 1705">
     <span class='ocr_line' id='line_1_30' title="bbox 2122 1623 3710 1705; baseline 0.009 -28"><span class='ocrx_word' id='word_1_204' title='bbox 2122 1623 2249 1677; x_wconf 87' lang='lat' dir='ltr'><strong>rulfi</strong></span> <span class='ocrx_word' id='word_1_205' title='bbox 2278 1623 2507 1680; x_wconf 83' lang='lat' dir='ltr'><strong>diversis</strong></span> <span class='ocrx_word' id='word_1_206' title='bbox 2529 1626 2921 1695; x_wconf 87' lang='lat' dir='ltr'><strong>conceduntur,</strong></span> <span class='ocrx_word' id='word_1_207' title='bbox 2954 1645 3165 1698; x_wconf 88' lang='lat' dir='ltr'><strong>aurum,</strong></span> <span class='ocrx_word' id='word_1_208' title='bbox 3193 1641 3602 1705; x_wconf 84' lang='lat' dir='ltr'><strong>argentumque,</strong></span> <span class='ocrx_word' id='word_1_209' title='bbox 3626 1635 3710 1691; x_wconf 86' lang='lat' dir='ltr'><strong>vel</strong></span> 
     </span>
    </p>
   </div>
   <div class='ocr_carea' id='block_1_31' title="bbox 2121 1715 3709 1793">
    <p class='ocr_par' dir='ltr' id='par_1_31' title="bbox 2121 1715 3709 1793">
     <span class='ocr_line' id='line_1_31' title="bbox 2121 1715 3709 1793; baseline 0.011 -25"><span class='ocrx_word' id='word_1_210' title='bbox 2121 1715 2254 1770; x_wconf 89' lang='lat' dir='ltr'><strong>alias</strong></span> <span class='ocrx_word' id='word_1_211' title='bbox 2283 1716 2532 1772; x_wconf 86' lang='lat' dir='ltr'><strong>meliores</strong></span> <span class='ocrx_word' id='word_1_212' title='bbox 2561 1719 2791 1787; x_wconf 89' lang='lat' dir='ltr'><strong>species,</strong></span> <span class='ocrx_word' id='word_1_213' title='bbox 2822 1723 2955 1791; x_wconf 83' lang='lat' dir='ltr'><strong>qua‘s</strong></span> <span class='ocrx_word' id='word_1_214' title='bbox 2981 1736 3163 1777; x_wconf 86' lang='lat' dir='ltr'><strong>secum</strong></span> <span class='ocrx_word' id='word_1_215' title='bbox 3200 1724 3482 1793; x_wconf 78' lang='lat' dir='ltr'><strong>retinebat,</strong></span> <span class='ocrx_word' id='word_1_216' title='bbox 3514 1727 3568 1782; x_wconf 89' lang='lat' dir='ltr'><strong>in</strong></span> <span class='ocrx_word' id='word_1_217' title='bbox 3591 1743 3709 1785; x_wconf 88' lang='lat' dir='ltr'><strong>me-</strong></span> 
     </span>
    </p>
   </div>
   <div class='ocr_carea' id='block_1_32' title="bbox 2121 1805 3710 1878">
    <p class='ocr_par' dir='ltr' id='par_1_32' title="bbox 2121 1805 3710 1878">
     <span class='ocr_line' id='line_1_32' title="bbox 2121 1805 3710 1878; baseline 0.008 -16"><span class='ocrx_word' id='word_1_218' title='bbox 2121 1805 2212 1862; x_wconf 87' lang='lat' dir='ltr'><strong>dio</strong></span> <span class='ocrx_word' id='word_1_219' title='bbox 2235 1809 2494 1877; x_wconf 72' lang='lat' dir='ltr'><strong>exposita:</strong></span> <span class='ocrx_word' id='word_1_220' title='bbox 2522 1819 2648 1864; x_wconf 89' lang='lat' dir='ltr'><strong>sunt</strong></span> <span class='ocrx_word' id='word_1_221' title='bbox 2673 1808 2717 1864; x_wconf 72' lang='grc' dir='ltr'><strong>ί.</strong></span> <span class='ocrx_word' id='word_1_222' title='bbox 2763 1810 2914 1878; x_wconf 85' lang='lat' dir='ltr'><strong>Quod</strong></span> <span class='ocrx_word' id='word_1_223' title='bbox 2956 1828 3086 1869; x_wconf 90' lang='lat' dir='ltr'><strong>vero</strong></span> <span class='ocrx_word' id='word_1_224' title='bbox 3132 1817 3564 1874; x_wconf 89' lang='lat' dir='ltr'><strong>commendatum</strong></span> <span class='ocrx_word' id='word_1_225' title='bbox 3614 1820 3710 1875; x_wconf 85' lang='lat' dir='ltr'><strong>ha-</strong></span> 
     </span>
    </p>
   </div>
   <div class='ocr_carea' id='block_1_33' title="bbox 430 1892 3710 1979">
    <p class='ocr_par' dir='ltr' id='par_1_33' title="bbox 430 1892 3710 1979">
     <span class='ocr_line' id='line_1_33' title="bbox 430 1892 3710 1979; baseline 0.003 -24"><span class='ocrx_word' id='word_1_226' title='bbox 430 1914 491 1956; x_wconf 81' lang='lat' dir='ltr'><strong>se</strong></span> <span class='ocrx_word' id='word_1_227' title='bbox 520 1899 832 1956; x_wconf 80' lang='lat' dir='ltr'><strong>existimans</strong></span> <span class='ocrx_word' id='word_1_228' title='bbox 865 1899 1258 1954; x_wconf 87' lang='lat' dir='ltr'><strong>Brunichildem</strong></span> <span class='ocrx_word' id='word_1_229' title='bbox 1280 1939 1295 1966; x_wconf 93' lang='lat'><strong>,</strong></span> <span class='ocrx_word' id='word_1_230' title='bbox 1327 1900 1473 1953; x_wconf 89' lang='lat' dir='ltr'><strong>misit</strong></span> <span class='ocrx_word' id='word_1_231' title='bbox 1502 1900 1712 1953; x_wconf 86' lang='lat' dir='ltr'><strong>occulte</strong></span> <span class='ocrx_word' id='word_1_232' title='bbox 1755 1897 2014 1954; x_wconf 90' lang='lat' dir='ltr'><strong>clericum</strong></span> <span class='ocrx_word' id='word_1_233' title='bbox 2046 1892 2094 1953; x_wconf 91' lang='lat' dir='ltr'><strong>B</strong></span> <span class='ocrx_word' id='word_1_234' title='bbox 2121 1899 2251 1966; x_wconf 86' lang='lat' dir='ltr'><strong>buit,</strong></span> <span class='ocrx_word' id='word_1_235' title='bbox 2287 1899 2612 1969; x_wconf 88' lang='lat' dir='ltr'><strong>publicatum</strong></span> <span class='ocrx_word' id='word_1_236' title='bbox 2634 1908 2720 1956; x_wconf 85' lang='lat' dir='ltr'><strong>est</strong></span> <span class='ocrx_word' id='word_1_237' title='bbox 2751 1918 2767 1955; x_wconf 88' lang='lat'><strong>:</strong></span> <span class='ocrx_word' id='word_1_238' title='bbox 2800 1917 2990 1973; x_wconf 83' lang='lat' dir='ltr'><strong>greges</strong></span> <span class='ocrx_word' id='word_1_239' title='bbox 3009 1904 3170 1959; x_wconf 87' lang='lat' dir='ltr'><strong>etiam</strong></span> <span class='ocrx_word' id='word_1_240' title='bbox 3202 1921 3483 1977; x_wconf 89' lang='lat' dir='ltr'><strong>equorum,</strong></span> <span class='ocrx_word' id='word_1_241' title='bbox 3517 1923 3710 1979; x_wconf 86' lang='lat' dir='ltr'><strong>porco-</strong></span> 
     </span>
    </p>
   </div>
   <div class='ocr_carea' id='block_1_34' title="bbox 432 1991 2014 2062">
    <p class='ocr_par' dir='ltr' id='par_1_34' title="bbox 432 1991 2014 2062">
     <span class='ocr_line' id='line_1_34' title="bbox 432 1991 2014 2062; baseline -0.002 -13"><span class='ocrx_word' id='word_1_242' title='bbox 432 1995 534 2049; x_wconf 87' lang='lat' dir='ltr'><strong>sibi</strong></span> <span class='ocrx_word' id='word_1_243' title='bbox 563 1992 905 2059; x_wconf 78' lang='lat' dir='ltr'><strong>familiarem,</strong></span> <span class='ocrx_word' id='word_1_244' title='bbox 940 1993 1029 2062; x_wconf 91' lang='lat' dir='ltr'><strong>qui</strong></span> <span class='ocrx_word' id='word_1_245' title='bbox 1059 2007 1177 2047; x_wconf 90' lang='lat' dir='ltr'><strong>eam</strong></span> <span class='ocrx_word' id='word_1_246' title='bbox 1217 1991 1633 2048; x_wconf 89' lang='lat' dir='ltr'><strong>circumventam</strong></span> <span class='ocrx_word' id='word_1_247' title='bbox 1665 1991 1805 2046; x_wconf 92' lang='lat' dir='ltr'><strong>dolis</strong></span> <span class='ocrx_word' id='word_1_248' title='bbox 1826 1991 2014 2046; x_wconf 84' lang='lat' dir='ltr'><strong>interi-</strong></span> 
     </span>
    </p>
   </div>
   <div class='ocr_carea' id='block_1_35' title="bbox 428 2083 2014 2156">
    <p class='ocr_par' dir='ltr' id='par_1_35' title="bbox 428 2083 2014 2156">
     <span class='ocr_line' id='line_1_35' title="bbox 428 2083 2014 2156; baseline -0.003 -13"><span class='ocrx_word' id='word_1_249' title='bbox 428 2101 577 2143; x_wconf 86' lang='lat' dir='ltr'><strong>mere</strong></span> <span class='ocrx_word' id='word_1_250' title='bbox 606 2096 785 2156; x_wconf 83' lang='lat' dir='ltr'><strong>posset</strong></span> <span class='ocrx_word' id='word_1_251' title='bbox 809 2127 823 2151; x_wconf 93' lang='lat'><strong>,</strong></span> <span class='ocrx_word' id='word_1_252' title='bbox 866 2084 1117 2141; x_wconf 88' lang='lat' dir='ltr'><strong>videlicet</strong></span> <span class='ocrx_word' id='word_1_253' title='bbox 1166 2092 1226 2139; x_wconf 91' lang='lat' dir='ltr'><strong>ut</strong></span> <span class='ocrx_word' id='word_1_254' title='bbox 1251 2098 1373 2140; x_wconf 90' lang='lat' dir='ltr'><strong>cum</strong></span> <span class='ocrx_word' id='word_1_255' title='bbox 1404 2099 1463 2139; x_wconf 92' lang='lat' dir='ltr'><strong>se</strong></span> <span class='ocrx_word' id='word_1_256' title='bbox 1492 2084 1763 2141; x_wconf 85' lang='lat' dir='ltr'><strong>subtiliter</strong></span> <span class='ocrx_word' id='word_1_257' title='bbox 1802 2084 1853 2137; x_wconf 83' lang='lat' dir='ltr'><strong>in</strong></span> <span class='ocrx_word' id='word_1_258' title='bbox 1897 2083 2014 2154; x_wconf 88' lang='lat' dir='ltr'><strong>ejus</strong></span> 
     </span>
    </p>
   </div>
   <div class='ocr_carea' id='block_1_36' title="bbox 431 2174 2011 2244">
    <p class='ocr_par' dir='ltr' id='par_1_36' title="bbox 431 2174 2011 2244">
     <span class='ocr_line' id='line_1_36' title="bbox 431 2174 2011 2244; baseline -0.003 -11"><span class='ocrx_word' id='word_1_259' title='bbox 431 2177 683 2233; x_wconf 88' lang='lat' dir='ltr'><strong>subderet</strong></span> <span class='ocrx_word' id='word_1_260' title='bbox 708 2175 1048 2240; x_wconf 82' lang='lat' dir='ltr'><strong>famulatum,</strong></span> <span class='ocrx_word' id='word_1_261' title='bbox 1077 2174 1144 2229; x_wconf 90' lang='lat' dir='ltr'><strong>ab</strong></span> <span class='ocrx_word' id='word_1_262' title='bbox 1172 2188 1235 2230; x_wconf 86' lang='lat' dir='ltr'><strong>ea</strong></span> <span class='ocrx_word' id='word_1_263' title='bbox 1263 2174 1409 2230; x_wconf 85' lang='lat' dir='ltr'><strong>credi</strong></span> <span class='ocrx_word' id='word_1_264' title='bbox 1444 2182 1643 2244; x_wconf 89' lang='lat' dir='ltr'><strong>posset,</strong></span> <span class='ocrx_word' id='word_1_265' title='bbox 1675 2182 1730 2228; x_wconf 92' lang='lat' dir='ltr'><strong>et</strong></span> <span class='ocrx_word' id='word_1_266' title='bbox 1763 2175 1841 2228; x_wconf 91' lang='lat' dir='ltr'><strong>sic</strong></span> <span class='ocrx_word' id='word_1_267' title='bbox 1872 2174 2011 2229; x_wconf 88' lang='lat' dir='ltr'><strong>clam</strong></span> 
     </span>
    </p>
   </div>
   <div class='ocr_carea' id='block_1_37' title="bbox 428 2266 2013 2341">
    <p class='ocr_par' dir='ltr' id='par_1_37' title="bbox 428 2266 2013 2341">
     <span class='ocr_line' id='line_1_37' title="bbox 428 2266 2013 2341; baseline -0.003 -16"><span class='ocrx_word' id='word_1_268' title='bbox 428 2270 830 2341; x_wconf 84' lang='lat' dir='ltr'><strong>percelleretur.</strong></span> <span class='ocrx_word' id='word_1_269' title='bbox 872 2267 1107 2324; x_wconf 70' lang='lat' dir='ltr'><strong>\eniens</strong></span> <span class='ocrx_word' id='word_1_270' title='bbox 1136 2267 1300 2336; x_wconf 85' lang='lat' dir='ltr'><strong>igitur</strong></span> <span class='ocrx_word' id='word_1_271' title='bbox 1327 2266 1579 2333; x_wconf 84' lang='lat' dir='ltr'><strong>clericus,</strong></span> <span class='ocrx_word' id='word_1_272' title='bbox 1613 2280 1735 2320; x_wconf 89' lang='lat' dir='ltr'><strong>cum</strong></span> <span class='ocrx_word' id='word_1_273' title='bbox 1783 2267 2013 2321; x_wconf 79' lang='lat' dir='ltr'><strong>diversis</strong></span> 
     </span>
    </p>
   </div>
   <div class='ocr_carea' id='block_1_38' title="bbox 432 2353 2018 2432">
    <p class='ocr_par' dir='ltr' id='par_1_38' title="bbox 432 2353 2018 2432">
     <span class='ocr_line' id='line_1_38' title="bbox 432 2353 2018 2432; baseline -0.003 -16"><span class='ocrx_word' id='word_1_274' title='bbox 432 2360 663 2432; x_wconf 86' lang='lat' dir='ltr'><strong>ingeniis</strong></span> <span class='ocrx_word' id='word_1_275' title='bbox 685 2374 745 2416; x_wconf 91' lang='lat' dir='ltr'><strong>se</strong></span> <span class='ocrx_word' id='word_1_276' title='bbox 764 2359 939 2415; x_wconf 90' lang='lat' dir='ltr'><strong>eidem</strong></span> <span class='ocrx_word' id='word_1_277' title='bbox 968 2357 1384 2424; x_wconf 85' lang='lat' dir='ltr'><strong>commendavit,</strong></span> <span class='ocrx_word' id='word_1_278' title='bbox 1404 2357 1591 2413; x_wconf 90' lang='lat' dir='ltr'><strong>dicens</strong></span> <span class='ocrx_word' id='word_1_279' title='bbox 1615 2372 1631 2412; x_wconf 69' lang='grc' dir='ltr'>ξ</span> <span class='ocrx_word' id='word_1_280' title='bbox 1653 2358 1694 2411; x_wconf 77' lang='grc' dir='ltr'><strong>Δ</strong></span> <span class='ocrx_word' id='word_1_281' title='bbox 1726 2353 1864 2412; x_wconf 87' lang='lat' dir='ltr'><strong>facie</strong></span> <span class='ocrx_word' id='word_1_282' title='bbox 1886 2355 2018 2412; x_wconf 81' lang='lat' dir='ltr'><strong>Fre-</strong></span> 
     </span>
    </p>
   </div>
   <div class='ocr_carea' id='block_1_39' title="bbox 429 2448 2012 2528">
    <p class='ocr_par' dir='ltr' id='par_1_39' title="bbox 429 2448 2012 2528">
     <span class='ocr_line' id='line_1_39' title="bbox 429 2448 2012 2528; baseline -0.006 -15"><span class='ocrx_word' id='word_1_283' title='bbox 429 2456 690 2528; x_wconf 89' lang='lat' dir='ltr'><strong>degundis</strong></span> <span class='ocrx_word' id='word_1_284' title='bbox 721 2456 922 2525; x_wconf 81' lang='lat' dir='ltr'><strong>reginae</strong></span> <span class='ocrx_word' id='word_1_285' title='bbox 974 2448 1158 2523; x_wconf 77' lang='lat' dir='ltr'><strong>fugio,</strong></span> <span class='ocrx_word' id='word_1_286' title='bbox 1192 2452 1491 2521; x_wconf 87' lang='lat' dir='ltr'><strong>deposcens</strong></span> <span class='ocrx_word' id='word_1_287' title='bbox 1534 2449 1788 2505; x_wconf 84' lang='lat' dir='ltr'><strong>auxilium</strong></span> <span class='ocrx_word' id='word_1_288' title='bbox 1843 2458 2012 2505; x_wconf 90' lang='lat' dir='ltr'><strong>tuum.</strong></span> 
     </span>
    </p>
   </div>
   <div class='ocr_carea' id='block_1_40' title="bbox 423 2540 2015 2617">
    <p class='ocr_par' dir='ltr' id='par_1_40' title="bbox 423 2540 2015 2617">
     <span class='ocr_line' id='line_1_40' title="bbox 423 2540 2015 2617; baseline -0.006 -13"><span class='ocrx_word' id='word_1_289' title='bbox 423 2547 600 2617; x_wconf 71' lang='lat' dir='ltr'><strong>Cmpit</strong></span> <span class='ocrx_word' id='word_1_290' title='bbox 623 2561 683 2602; x_wconf 89' lang='lat' dir='ltr'><strong>se</strong></span> <span class='ocrx_word' id='word_1_291' title='bbox 703 2545 867 2601; x_wconf 86' lang='lat' dir='ltr'><strong>etiam</strong></span> <span class='ocrx_word' id='word_1_292' title='bbox 899 2544 1148 2599; x_wconf 88' lang='lat' dir='ltr'><strong>omnibus</strong></span> <span class='ocrx_word' id='word_1_293' title='bbox 1186 2542 1412 2598; x_wconf 85' lang='lat' dir='ltr'><strong>reddere</strong></span> <span class='ocrx_word' id='word_1_294' title='bbox 1443 2541 1698 2598; x_wconf 88' lang='lat' dir='ltr'><strong>humilem</strong></span> <span class='ocrx_word' id='word_1_295' title='bbox 1719 2582 1734 2608; x_wconf 91' lang='lat'><strong>,</strong></span> <span class='ocrx_word' id='word_1_296' title='bbox 1768 2540 2015 2610; x_wconf 79' lang='lat' dir='ltr'><strong>charum,</strong></span> 
     </span>
    </p>
   </div>
   <div class='ocr_carea' id='block_1_41' title="bbox 428 2634 2015 2707">
    <p class='ocr_par' dir='ltr' id='par_1_41' title="bbox 428 2634 2015 2707">
     <span class='ocr_line' id='line_1_41' title="bbox 428 2634 2015 2707; baseline -0.003 -13"><span class='ocrx_word' id='word_1_297' title='bbox 428 2638 791 2703; x_wconf 85' lang='lat' dir='ltr'><strong>obedientem,</strong></span> <span class='ocrx_word' id='word_1_298' title='bbox 815 2650 878 2692; x_wconf 88' lang='lat' dir='ltr'><strong>ac</strong></span> <span class='ocrx_word' id='word_1_299' title='bbox 898 2636 1098 2707; x_wconf 72' lang='lat' dir='ltr'><strong>reginas</strong></span> <span class='ocrx_word' id='word_1_300' title='bbox 1129 2635 1412 2706; x_wconf 81' lang='lat' dir='ltr'><strong>privatum.</strong></span> <span class='ocrx_word' id='word_1_301' title='bbox 1439 2634 1546 2690; x_wconf 91' lang='lat' dir='ltr'><strong>Sed</strong></span> <span class='ocrx_word' id='word_1_302' title='bbox 1571 2649 1677 2689; x_wconf 92' lang='lat' dir='ltr'><strong>non</strong></span> <span class='ocrx_word' id='word_1_303' title='bbox 1702 2634 1860 2707; x_wconf 89' lang='lat' dir='ltr'><strong>longo</strong></span> <span class='ocrx_word' id='word_1_304' title='bbox 1883 2643 2015 2691; x_wconf 89' lang='lat' dir='ltr'><strong>tem-</strong></span> 
     </span>
    </p>
   </div>
   <div class='ocr_carea' id='block_1_42' title="bbox 432 2722 2015 2799">
    <p class='ocr_par' dir='ltr' id='par_1_42' title="bbox 432 2722 2015 2799">
     <span class='ocr_line' id='line_1_42' title="bbox 432 2722 2015 2799; baseline -0.003 -15"><span class='ocrx_word' id='word_1_305' title='bbox 432 2743 563 2799; x_wconf 89' lang='lat' dir='ltr'><strong>pore</strong></span> <span class='ocrx_word' id='word_1_306' title='bbox 589 2726 932 2798; x_wconf 83' lang='lat' dir='ltr'><strong>interposito,</strong></span> <span class='ocrx_word' id='word_1_307' title='bbox 965 2722 1345 2782; x_wconf 77' lang='lat' dir='ltr'><strong>intellexerunt</strong></span> <span class='ocrx_word' id='word_1_308' title='bbox 1365 2739 1488 2781; x_wconf 90' lang='lat' dir='ltr'><strong>eum</strong></span> <span class='ocrx_word' id='word_1_309' title='bbox 1517 2725 1704 2781; x_wconf 91' lang='lat' dir='ltr'><strong>dolose</strong></span> <span class='ocrx_word' id='word_1_310' title='bbox 1734 2726 2015 2781; x_wconf 81' lang='lat' dir='ltr'><strong>transmis-</strong></span> 
     </span>
    </p>
   </div>
   <div class='ocr_carea' id='block_1_43' title="bbox 428 2816 2017 2890">
    <p class='ocr_par' dir='ltr' id='par_1_43' title="bbox 428 2816 2017 2890">
     <span class='ocr_line' id='line_1_43' title="bbox 428 2816 2017 2890; baseline -0.004 -10"><span class='ocrx_word' id='word_1_311' title='bbox 428 2838 584 2890; x_wconf 78' lang='lat' dir='ltr'><strong>sum;</strong></span> <span class='ocrx_word' id='word_1_312' title='bbox 631 2822 948 2889; x_wconf 89' lang='lat' dir='ltr'><strong>vinctusque</strong></span> <span class='ocrx_word' id='word_1_313' title='bbox 999 2834 1063 2876; x_wconf 89' lang='lat' dir='ltr'><strong>ac</strong></span> <span class='ocrx_word' id='word_1_314' title='bbox 1114 2833 1320 2885; x_wconf 68' lang='lat' dir='ltr'><strong>caesus,</strong></span> <span class='ocrx_word' id='word_1_315' title='bbox 1359 2833 1479 2875; x_wconf 91' lang='lat' dir='ltr'><strong>eum</strong></span> <span class='ocrx_word' id='word_1_316' title='bbox 1511 2834 1625 2876; x_wconf 87' lang='lat' dir='ltr'><strong>rem</strong></span> <span class='ocrx_word' id='word_1_317' title='bbox 1676 2816 2017 2888; x_wconf 85' lang='lat' dir='ltr'><strong>patefecisset</strong></span> 
     </span>
    </p>
   </div>
   <div class='ocr_carea' id='block_1_44' title="bbox 432 2912 2014 2984">
    <p class='ocr_par' dir='ltr' id='par_1_44' title="bbox 432 2912 2014 2984">
     <span class='ocr_line' id='line_1_44' title="bbox 432 2912 2014 2984; baseline 0.001 -17"><span class='ocrx_word' id='word_1_318' title='bbox 432 2917 713 2982; x_wconf 81' lang='lat' dir='ltr'><strong>occultam,</strong></span> <span class='ocrx_word' id='word_1_319' title='bbox 747 2930 923 2971; x_wconf 79' lang='lat' dir='ltr'><strong>redire</strong></span> <span class='ocrx_word' id='word_1_320' title='bbox 968 2913 1264 2984; x_wconf 88' lang='lat' dir='ltr'><strong>permissus</strong></span> <span class='ocrx_word' id='word_1_321' title='bbox 1320 2920 1405 2969; x_wconf 89' lang='lat' dir='ltr'><strong>est</strong></span> <span class='ocrx_word' id='word_1_322' title='bbox 1441 2912 1509 2969; x_wconf 87' lang='lat' dir='ltr'><strong>ad</strong></span> <span class='ocrx_word' id='word_1_323' title='bbox 1556 2920 1885 2983; x_wconf 87' lang='lat' dir='ltr'><strong>patronam:</strong></span> <span class='ocrx_word' id='word_1_324' title='bbox 1928 2926 2014 2968; x_wconf 82' lang='lat' dir='ltr'><strong>re-</strong></span> 
     </span>
    </p>
   </div>
   <div class='ocr_carea' id='block_1_45' title="bbox 434 3001 2013 3077">
    <p class='ocr_par' dir='ltr' id='par_1_45' title="bbox 434 3001 2013 3077">
     <span class='ocr_line' id='line_1_45' title="bbox 434 3001 2013 3077; baseline -0.001 -16"><span class='ocrx_word' id='word_1_325' title='bbox 434 3020 729 3076; x_wconf 85' lang='lat' dir='ltr'><strong>seransque</strong></span> <span class='ocrx_word' id='word_1_326' title='bbox 769 3021 887 3077; x_wconf 63' lang='lat' dir='ltr'><strong>quae</strong></span> <span class='ocrx_word' id='word_1_327' title='bbox 914 3014 1033 3061; x_wconf 90' lang='lat' dir='ltr'><strong>acta</strong></span> <span class='ocrx_word' id='word_1_328' title='bbox 1072 3004 1305 3071; x_wconf 87' lang='lat' dir='ltr'><strong>fuerant,</strong></span> <span class='ocrx_word' id='word_1_329' title='bbox 1352 3001 1544 3059; x_wconf 64' lang='lat' dir='ltr'><strong>effatus</strong></span> <span class='ocrx_word' id='word_1_330' title='bbox 1573 3002 1713 3074; x_wconf 91' lang='lat' dir='ltr'><strong>quod</strong></span> <span class='ocrx_word' id='word_1_331' title='bbox 1739 3001 1890 3074; x_wconf 86' lang='lat' dir='ltr'><strong>jussa</strong></span> <span class='ocrx_word' id='word_1_332' title='bbox 1922 3018 2013 3073; x_wconf 86' lang='lat' dir='ltr'><strong>pa-</strong></span> 
     </span>
    </p>
   </div>
   <div class='ocr_carea' id='block_1_46' title="bbox 430 3094 2018 3168">
    <p class='ocr_par' dir='ltr' id='par_1_46' title="bbox 430 3094 2018 3168">
     <span class='ocr_line' id='line_1_46' title="bbox 430 3094 2018 3168; baseline 0.001 -17"><span class='ocrx_word' id='word_1_333' title='bbox 430 3108 575 3154; x_wconf 86' lang='lat' dir='ltr'><strong>trare</strong></span> <span class='ocrx_word' id='word_1_334' title='bbox 622 3112 728 3153; x_wconf 91' lang='lat' dir='ltr'><strong>non</strong></span> <span class='ocrx_word' id='word_1_335' title='bbox 774 3099 1054 3168; x_wconf 87' lang='lat' dir='ltr'><strong>potuisset,</strong></span> <span class='ocrx_word' id='word_1_336' title='bbox 1080 3112 1336 3153; x_wconf 86' lang='lat' dir='ltr'><strong>manuum</strong></span> <span class='ocrx_word' id='word_1_337' title='bbox 1367 3110 1429 3152; x_wconf 89' lang='lat' dir='ltr'><strong>ac</strong></span> <span class='ocrx_word' id='word_1_338' title='bbox 1449 3094 1643 3166; x_wconf 89' lang='lat' dir='ltr'><strong>pedum</strong></span> <span class='ocrx_word' id='word_1_339' title='bbox 1684 3095 2018 3153; x_wconf 85' lang='lat' dir='ltr'><strong>abscissionc</strong></span> 
     </span>
    </p>
   </div>
   <div class='ocr_carea' id='block_1_47' title="bbox 425 3190 733 3245">
    <p class='ocr_par' dir='ltr' id='par_1_47' title="bbox 425 3190 733 3245">
     <span class='ocr_line' id='line_1_47' title="bbox 425 3190 733 3245; baseline 0 0"><span class='ocrx_word' id='word_1_340' title='bbox 425 3190 619 3245; x_wconf 85' lang='lat' dir='ltr'><strong>tnulcta</strong></span> <span class='ocrx_word' id='word_1_341' title='bbox 629 3197 733 3245; x_wconf 88' lang='lat' dir='ltr'><strong>tur.</strong></span> 
     </span>
    </p>
   </div>
   <div class='ocr_carea' id='block_1_48' title="bbox 2119 1990 3710 2063">
    <p class='ocr_par' dir='ltr' id='par_1_48' title="bbox 2119 1990 3710 2063">
     <span class='ocr_line' id='line_1_48' title="bbox 2119 1990 3710 2063; baseline 0.006 -18"><span class='ocrx_word' id='word_1_342' title='bbox 2119 1990 2751 2062; x_wconf 89' lang='lat' dir='ltr'><strong>rum,jumentorumque</strong></span> <span class='ocrx_word' id='word_1_343' title='bbox 2773 1992 3120 2063; x_wconf 89' lang='lat' dir='ltr'><strong>diripiuntur.</strong></span> <span class='ocrx_word' id='word_1_344' title='bbox 3153 1996 3353 2051; x_wconf 85' lang='lat' dir='ltr'><strong>Domus</strong></span> <span class='ocrx_word' id='word_1_345' title='bbox 3384 2013 3516 2054; x_wconf 91' lang='lat' dir='ltr'><strong>vero</strong></span> <span class='ocrx_word' id='word_1_346' title='bbox 3542 2001 3710 2055; x_wconf 87' lang='lat' dir='ltr'><strong>infra-</strong></span> 
     </span>
    </p>
   </div>
   <div class='ocr_carea' id='block_1_49' title="bbox 2066 2084 3707 2161">
    <p class='ocr_par' dir='ltr' id='par_1_49' title="bbox 2066 2084 3707 2161">
     <span class='ocr_line' id='line_1_49' title="bbox 2066 2084 3707 2161; baseline 0.004 -22"><span class='ocrx_word' id='word_1_347' title='bbox 2066 2124 2077 2147; x_wconf 86' lang='lat'><strong>,</strong></span> <span class='ocrx_word' id='word_1_348' title='bbox 2119 2098 2395 2149; x_wconf 87' lang='lat' dir='ltr'><strong>muranea,</strong></span> <span class='ocrx_word' id='word_1_349' title='bbox 2430 2100 2590 2153; x_wconf 89' lang='lat' dir='ltr'><strong>quam</strong></span> <span class='ocrx_word' id='word_1_350' title='bbox 2616 2084 2685 2139; x_wconf 93' lang='lat' dir='ltr'><strong>de</strong></span> <span class='ocrx_word' id='word_1_351' title='bbox 2706 2084 3072 2143; x_wconf 89' lang='lat' dir='ltr'><strong>dominatione</strong></span> <span class='ocrx_word' id='word_1_352' title='bbox 3102 2088 3343 2144; x_wconf 77' lang='lat' dir='ltr'><strong>ecclesia:</strong></span> <span class='ocrx_word' id='word_1_353' title='bbox 3380 2090 3707 2161; x_wconf 81' lang='lat' dir='ltr'><strong>abstulerat,</strong></span> 
     </span>
    </p>
   </div>
   <div class='ocr_carea' id='block_1_50' title="bbox 2118 2171 3710 2252">
    <p class='ocr_par' dir='ltr' id='par_1_50' title="bbox 2118 2171 3710 2252">
     <span class='ocr_line' id='line_1_50' title="bbox 2118 2171 3710 2252; baseline 0.004 -21"><span class='ocrx_word' id='word_1_354' title='bbox 2118 2174 2318 2231; x_wconf 86' lang='lat' dir='ltr'><strong>referta</strong></span> <span class='ocrx_word' id='word_1_355' title='bbox 2338 2177 2588 2243; x_wconf 87' lang='lat' dir='ltr'><strong>annonis,</strong></span> <span class='ocrx_word' id='word_1_356' title='bbox 2621 2176 2746 2231; x_wconf 88' lang='lat' dir='ltr'><strong>vino</strong></span> <span class='ocrx_word' id='word_1_357' title='bbox 2775 2186 2951 2252; x_wconf 18' lang='lat' dir='ltr'><strong>atque;</strong></span> <span class='ocrx_word' id='word_1_358' title='bbox 2963 2171 3284 2249; x_wconf 78' lang='lat' dir='ltr'><strong>tergoribus,</strong></span> <span class='ocrx_word' id='word_1_359' title='bbox 3302 2179 3568 2251; x_wconf 89' lang='lat' dir='ltr'><strong>rebusque</strong></span> <span class='ocrx_word' id='word_1_360' title='bbox 3587 2182 3710 2239; x_wconf 84' lang='lat' dir='ltr'><strong>aliis</strong></span> 
     </span>
    </p>
   </div>
   <div class='ocr_carea' id='block_1_51' title="bbox 2118 2266 3709 2343">
    <p class='ocr_par' dir='ltr' id='par_1_51' title="bbox 2118 2266 3709 2343">
     <span class='ocr_line' id='line_1_51' title="bbox 2118 2266 3709 2343; baseline 0.006 -22"><span class='ocrx_word' id='word_1_361' title='bbox 2118 2266 2328 2336; x_wconf 86' lang='lat' dir='ltr'><strong>multis,</strong></span> <span class='ocrx_word' id='word_1_362' title='bbox 2355 2266 2583 2336; x_wconf 85' lang='lat' dir='ltr'><strong>adplene</strong></span> <span class='ocrx_word' id='word_1_363' title='bbox 2608 2268 2833 2338; x_wconf 87' lang='lat' dir='ltr'><strong>spoliata</strong></span> <span class='ocrx_word' id='word_1_364' title='bbox 2862 2278 2979 2335; x_wconf 90' lang='lat' dir='ltr'><strong>est;</strong></span> <span class='ocrx_word' id='word_1_365' title='bbox 3012 2284 3113 2326; x_wconf 92' lang='lat' dir='ltr'><strong>nec</strong></span> <span class='ocrx_word' id='word_1_366' title='bbox 3144 2270 3216 2326; x_wconf 91' lang='lat' dir='ltr'><strong>ibi</strong></span> <span class='ocrx_word' id='word_1_367' title='bbox 3247 2271 3392 2327; x_wconf 87' lang='lat' dir='ltr'><strong>aliud</strong></span> <span class='ocrx_word' id='word_1_368' title='bbox 3421 2288 3582 2342; x_wconf 88' lang='lat' dir='ltr'><strong>quam</strong></span> <span class='ocrx_word' id='word_1_369' title='bbox 3616 2288 3709 2343; x_wconf 84' lang='lat' dir='ltr'><strong>pa-</strong></span> 
     </span>
    </p>
   </div>
   <div class='ocr_carea' id='block_1_52' title="bbox 2120 2357 3710 2420">
    <p class='ocr_par' dir='ltr' id='par_1_52' title="bbox 2120 2357 3710 2420">
     <span class='ocr_line' id='line_1_52' title="bbox 2120 2357 3710 2420; baseline 0.005 -8"><span class='ocrx_word' id='word_1_370' title='bbox 2120 2357 2286 2413; x_wconf 89' lang='lat' dir='ltr'><strong>rietes</strong></span> <span class='ocrx_word' id='word_1_371' title='bbox 2314 2358 2468 2412; x_wconf 88' lang='lat' dir='ltr'><strong>vacui</strong></span> <span class='ocrx_word' id='word_1_372' title='bbox 2502 2367 2897 2418; x_wconf 88' lang='lat' dir='ltr'><strong>remanserunt.</strong></span> <span class='ocrx_word' id='word_1_373' title='bbox 2933 2359 3010 2415; x_wconf 85' lang='lat' dir='ltr'><strong>Ex</strong></span> <span class='ocrx_word' id='word_1_374' title='bbox 3060 2360 3164 2418; x_wconf 91' lang='lat' dir='ltr'><strong>hoc</strong></span> <span class='ocrx_word' id='word_1_375' title='bbox 3193 2375 3291 2416; x_wconf 89' lang='lat' dir='ltr'><strong>nos</strong></span> <span class='ocrx_word' id='word_1_376' title='bbox 3320 2365 3553 2418; x_wconf 80' lang='lat' dir='ltr'><strong>maxime</strong></span> <span class='ocrx_word' id='word_1_377' title='bbox 3590 2379 3710 2420; x_wconf 87' lang='lat' dir='ltr'><strong>sus-</strong></span> 
     </span>
    </p>
   </div>
   <div class='ocr_carea' id='block_1_53' title="bbox 2119 2449 3702 2523">
    <p class='ocr_par' dir='ltr' id='par_1_53' title="bbox 2119 2449 3702 2523">
     <span class='ocr_line' id='line_1_53' title="bbox 2119 2449 3702 2523; baseline 0.003 -18"><span class='ocrx_word' id='word_1_378' title='bbox 2119 2458 2304 2518; x_wconf 89' lang='lat' dir='ltr'><strong>pectos</strong></span> <span class='ocrx_word' id='word_1_379' title='bbox 2335 2449 2583 2513; x_wconf 79' lang='lat' dir='ltr'><strong>habebat,</strong></span> <span class='ocrx_word' id='word_1_380' title='bbox 2615 2449 2706 2521; x_wconf 90' lang='lat' dir='ltr'><strong>qui</strong></span> <span class='ocrx_word' id='word_1_381' title='bbox 2738 2451 2790 2505; x_wconf 91' lang='lat' dir='ltr'><strong>in</strong></span> <span class='ocrx_word' id='word_1_382' title='bbox 2815 2451 2994 2509; x_wconf 83' lang='lat' dir='ltr'><strong>causis</strong></span> <span class='ocrx_word' id='word_1_383' title='bbox 3030 2452 3148 2523; x_wconf 87' lang='lat' dir='ltr'><strong>ejus</strong></span> <span class='ocrx_word' id='word_1_384' title='bbox 3186 2453 3414 2510; x_wconf 86' lang='lat' dir='ltr'><strong>fideliter</strong></span> <span class='ocrx_word' id='word_1_385' title='bbox 3436 2459 3702 2512; x_wconf 89' lang='lat' dir='ltr'><strong>curreba-</strong></span> 
     </span>
    </p>
   </div>
   <div class='ocr_carea' id='block_1_54' title="bbox 2120 2541 3709 2618">
    <p class='ocr_par' dir='ltr' id='par_1_54' title="bbox 2120 2541 3709 2618">
     <span class='ocr_line' id='line_1_54' title="bbox 2120 2541 3709 2618; baseline 0.007 -26"><span class='ocrx_word' id='word_1_386' title='bbox 2120 2552 2259 2606; x_wconf 91' lang='lat' dir='ltr'><strong>mus,</strong></span> <span class='ocrx_word' id='word_1_387' title='bbox 2317 2541 2635 2607; x_wconf 85' lang='lat' dir='ltr'><strong>promittens</strong></span> <span class='ocrx_word' id='word_1_388' title='bbox 2685 2542 3019 2612; x_wconf 90' lang='lat' dir='ltr'><strong>plerumque,</strong></span> <span class='ocrx_word' id='word_1_389' title='bbox 3062 2545 3202 2614; x_wconf 92' lang='lat' dir='ltr'><strong>quod</strong></span> <span class='ocrx_word' id='word_1_390' title='bbox 3250 2546 3294 2600; x_wconf 91' lang='lat' dir='ltr'><strong>si</strong></span> <span class='ocrx_word' id='word_1_391' title='bbox 3353 2561 3586 2618; x_wconf 89' lang='lat' dir='ltr'><strong>unquam</strong></span> <span class='ocrx_word' id='word_1_392' title='bbox 3637 2548 3709 2604; x_wconf 85' lang='lat' dir='ltr'><strong>ad</strong></span> 
     </span>
    </p>
   </div>
   <div class='ocr_carea' id='block_1_55' title="bbox 2120 2631 3708 2706">
    <p class='ocr_par' dir='ltr' id='par_1_55' title="bbox 2120 2631 3708 2706">
     <span class='ocr_line' id='line_1_55' title="bbox 2120 2631 3708 2706; baseline 0.006 -21"><span class='ocrx_word' id='word_1_393' title='bbox 2120 2632 2259 2700; x_wconf 87' lang='lat' dir='ltr'><strong>regis</strong></span> <span class='ocrx_word' id='word_1_394' title='bbox 2280 2631 2505 2700; x_wconf 85' lang='lat' dir='ltr'><strong>gratiam</strong></span> <span class='ocrx_word' id='word_1_395' title='bbox 2536 2633 2863 2702; x_wconf 75' lang='lat' dir='ltr'><strong>perveniret,</strong></span> <span class='ocrx_word' id='word_1_396' title='bbox 2895 2637 2946 2689; x_wconf 93' lang='lat' dir='ltr'><strong>in</strong></span> <span class='ocrx_word' id='word_1_397' title='bbox 2988 2636 3142 2690; x_wconf 90' lang='lat' dir='ltr'><strong>nobis</strong></span> <span class='ocrx_word' id='word_1_398' title='bbox 3171 2635 3288 2691; x_wconf 70' lang='lat' dir='ltr'><strong>hzcc</strong></span> <span class='ocrx_word' id='word_1_399' title='bbox 3316 2652 3435 2706; x_wconf 71' lang='lat' dir='ltr'><strong>qua:</strong></span> <span class='ocrx_word' id='word_1_400' title='bbox 3462 2638 3708 2706; x_wconf 86' lang='lat' dir='ltr'><strong>perfere-</strong></span> 
     </span>
    </p>
   </div>
   <div class='ocr_carea' id='block_1_56' title="bbox 2121 2727 3711 2800">
    <p class='ocr_par' dir='ltr' id='par_1_56' title="bbox 2121 2727 3711 2800">
     <span class='ocr_line' id='line_1_56' title="bbox 2121 2727 3711 2800; baseline 0.003 -17"><span class='ocrx_word' id='word_1_401' title='bbox 2121 2728 2208 2783; x_wconf 87' lang='lat' dir='ltr'><strong>bat</strong></span> <span class='ocrx_word' id='word_1_402' title='bbox 2232 2727 2599 2783; x_wconf 83' lang='lat' dir='ltr'><strong>ulcisceretur.</strong></span> <span class='ocrx_word' id='word_1_403' title='bbox 2621 2727 2763 2784; x_wconf 89' lang='lat' dir='ltr'><strong>Deus</strong></span> <span class='ocrx_word' id='word_1_404' title='bbox 2781 2729 2922 2783; x_wconf 90' lang='lat' dir='ltr'><strong>enim</strong></span> <span class='ocrx_word' id='word_1_405' title='bbox 2948 2729 3116 2796; x_wconf 81' lang='lat' dir='ltr'><strong>novit,</strong></span> <span class='ocrx_word' id='word_1_406' title='bbox 3145 2732 3228 2785; x_wconf 90' lang='lat' dir='ltr'><strong>cui</strong></span> <span class='ocrx_word' id='word_1_407' title='bbox 3255 2744 3450 2786; x_wconf 87' lang='lat' dir='ltr'><strong>arcana</strong></span> <span class='ocrx_word' id='word_1_408' title='bbox 3474 2734 3711 2800; x_wconf 84' lang='lat' dir='ltr'><strong>pectoris</strong></span> 
     </span>
    </p>
   </div>
   <div class='ocr_carea' id='block_1_57' title="bbox 2123 2819 3707 2892">
    <p class='ocr_par' dir='ltr' id='par_1_57' title="bbox 2123 2819 3707 2892">
     <span class='ocr_line' id='line_1_57' title="bbox 2123 2819 3707 2892; baseline 0.003 -18"><span class='ocrx_word' id='word_1_409' title='bbox 2123 2820 2447 2889; x_wconf 88' lang='lat' dir='ltr'><strong>revelantur,</strong></span> <span class='ocrx_word' id='word_1_410' title='bbox 2465 2819 2587 2890; x_wconf 87' lang='lat' dir='ltr'><strong>quia</strong></span> <span class='ocrx_word' id='word_1_411' title='bbox 2613 2821 2682 2876; x_wconf 93' lang='lat' dir='ltr'><strong>de</strong></span> <span class='ocrx_word' id='word_1_412' title='bbox 2708 2835 2840 2890; x_wconf 89' lang='lat' dir='ltr'><strong>puro</strong></span> <span class='ocrx_word' id='word_1_413' title='bbox 2855 2821 3040 2886; x_wconf 86' lang='lat' dir='ltr'><strong>corde,</strong></span> <span class='ocrx_word' id='word_1_414' title='bbox 3065 2821 3117 2876; x_wconf 88' lang='lat' dir='ltr'><strong>in</strong></span> <span class='ocrx_word' id='word_1_415' title='bbox 3143 2834 3399 2892; x_wconf 75' lang='lat' dir='ltr'><strong>quantum</strong></span> <span class='ocrx_word' id='word_1_416' title='bbox 3417 2825 3707 2891; x_wconf 82' lang='lat' dir='ltr'><strong>potuimus,</strong></span> 
     </span>
    </p>
   </div>
   <div class='ocr_carea' id='block_1_58' title="bbox 2121 2912 3711 2984">
    <p class='ocr_par' dir='ltr' id='par_1_58' title="bbox 2121 2912 3711 2984">
     <span class='ocr_line' id='line_1_58' title="bbox 2121 2912 3711 2984; baseline 0.003 -17"><span class='ocrx_word' id='word_1_417' title='bbox 2121 2912 2369 2967; x_wconf 76' lang='lat' dir='ltr'><strong>solatium</strong></span> <span class='ocrx_word' id='word_1_418' title='bbox 2400 2912 2851 2979; x_wconf 88' lang='lat' dir='ltr'><strong>ministravimus;</strong></span> <span class='ocrx_word' id='word_1_419' title='bbox 2882 2920 2936 2968; x_wconf 91' lang='lat' dir='ltr'><strong>et</strong></span> <span class='ocrx_word' id='word_1_420' title='bbox 2979 2928 3284 2984; x_wconf 84' lang='lat' dir='ltr'><strong>quanquam</strong></span> <span class='ocrx_word' id='word_1_421' title='bbox 3328 2916 3525 2969; x_wconf 84' lang='lat' dir='ltr'><strong>multas</strong></span> <span class='ocrx_word' id='word_1_422' title='bbox 3552 2917 3711 2971; x_wconf 83' lang='lat' dir='ltr'><strong>nobis</strong></span> 
     </span>
    </p>
   </div>
   <div class='ocr_carea' id='block_1_59' title="bbox 2123 3003 3708 3077">
    <p class='ocr_par' dir='ltr' id='par_1_59' title="bbox 2123 3003 3708 3077">
     <span class='ocr_line' id='line_1_59' title="bbox 2123 3003 3708 3077; baseline 0.003 -18"><span class='ocrx_word' id='word_1_423' title='bbox 2123 3003 2345 3059; x_wconf 75' lang='lat' dir='ltr'><strong>insidias</strong></span> <span class='ocrx_word' id='word_1_424' title='bbox 2379 3004 2520 3073; x_wconf 91' lang='lat' dir='ltr'><strong>prius</strong></span> <span class='ocrx_word' id='word_1_425' title='bbox 2546 3006 2614 3060; x_wconf 93' lang='lat' dir='ltr'><strong>de</strong></span> <span class='ocrx_word' id='word_1_426' title='bbox 2660 3004 2819 3061; x_wconf 88' lang='lat' dir='ltr'><strong>rebus</strong></span> <span class='ocrx_word' id='word_1_427' title='bbox 2864 3009 3033 3060; x_wconf 88' lang='lat' dir='ltr'><strong>sancti</strong></span> <span class='ocrx_word' id='word_1_428' title='bbox 3086 3007 3296 3062; x_wconf 83' lang='lat' dir='ltr'><strong>Martini</strong></span> <span class='ocrx_word' id='word_1_429' title='bbox 3342 3008 3575 3077; x_wconf 71' lang='lat' dir='ltr'><strong>fecisset,</strong></span> <span class='ocrx_word' id='word_1_430' title='bbox 3613 3026 3708 3063; x_wconf 72' lang='grc' dir='ltr'><strong>ει-</strong></span> 
     </span>
    </p>
   </div>
   <div class='ocr_carea' id='block_1_60' title="bbox 2120 3096 3708 3171">
    <p class='ocr_par' dir='ltr' id='par_1_60' title="bbox 2120 3096 3708 3171">
     <span class='ocr_line' id='line_1_60' title="bbox 2120 3096 3708 3171; baseline 0.004 -20"><span class='ocrx_word' id='word_1_431' title='bbox 2120 3096 2295 3152; x_wconf 87' lang='lat' dir='ltr'><strong>stabat</strong></span> <span class='ocrx_word' id='word_1_432' title='bbox 2325 3105 2503 3151; x_wconf 89' lang='lat' dir='ltr'><strong>tamen</strong></span> <span class='ocrx_word' id='word_1_433' title='bbox 2525 3109 2686 3152; x_wconf 86' lang='lat' dir='ltr'><strong>causa</strong></span> <span class='ocrx_word' id='word_1_434' title='bbox 2728 3105 2786 3152; x_wconf 92' lang='lat' dir='ltr'><strong>ut</strong></span> <span class='ocrx_word' id='word_1_435' title='bbox 2807 3096 3023 3154; x_wconf 84' lang='lat' dir='ltr'><strong>easdem</strong></span> <span class='ocrx_word' id='word_1_436' title='bbox 3051 3098 3400 3157; x_wconf 83' lang='lat' dir='ltr'><strong>obliviscerer</strong></span> <span class='ocrx_word' id='word_1_437' title='bbox 3421 3142 3437 3167; x_wconf 96' lang='lat'><strong>,</strong></span> <span class='ocrx_word' id='word_1_438' title='bbox 3470 3115 3535 3157; x_wconf 87' lang='lat' dir='ltr'><strong>eo</strong></span> <span class='ocrx_word' id='word_1_439' title='bbox 3564 3103 3708 3171; x_wconf 89' lang='lat' dir='ltr'><strong>quod</strong></span> 
     </span>
    </p>
   </div>
   <div class='ocr_carea' id='block_1_61' title="bbox 2124 3186 3704 3261">
    <p class='ocr_par' dir='ltr' id='par_1_61' title="bbox 2124 3186 3704 3261">
     <span class='ocr_line' id='line_1_61' title="bbox 2124 3186 3704 3261; baseline 0.006 -21"><span class='ocrx_word' id='word_1_440' title='bbox 2124 3186 2288 3245; x_wconf 86' lang='lat' dir='ltr'><strong>filium</strong></span> <span class='ocrx_word' id='word_1_441' title='bbox 2307 3188 2423 3256; x_wconf 89' lang='lat' dir='ltr'><strong>ejus</strong></span> <span class='ocrx_word' id='word_1_442' title='bbox 2445 3189 2512 3243; x_wconf 84' lang='lat' dir='ltr'><strong>de</strong></span> <span class='ocrx_word' id='word_1_443' title='bbox 2544 3202 2699 3242; x_wconf 86' lang='lat' dir='ltr'><strong>sacro</strong></span> <span class='ocrx_word' id='word_1_444' title='bbox 2721 3187 2934 3245; x_wconf 83' lang='lat' dir='ltr'><strong>lavacro</strong></span> <span class='ocrx_word' id='word_1_445' title='bbox 2954 3192 3334 3260; x_wconf 88' lang='lat' dir='ltr'><strong>suscepissem.</strong></span> <span class='ocrx_word' id='word_1_446' title='bbox 3360 3192 3490 3261; x_wconf 89' lang='lat' dir='ltr'><strong>Sed,</strong></span> <span class='ocrx_word' id='word_1_447' title='bbox 3515 3196 3704 3260; x_wconf 82' lang='lat' dir='ltr'><strong>credo,</strong></span> 
     </span>
    </p>
   </div>
   <div class='ocr_carea' id='block_1_62' title="bbox 505 3270 3707 3355">
    <p class='ocr_par' dir='ltr' id='par_1_62' title="bbox 505 3270 3707 3355">
     <span class='ocr_line' id='line_1_62' title="bbox 505 3270 3707 3355; baseline 0 -17"><span class='ocrx_word' id='word_1_448' title='bbox 505 3283 648 3338; x_wconf 74' lang='lat' dir='ltr'><strong>XXI.</strong></span> <span class='ocrx_word' id='word_1_449' title='bbox 690 3283 784 3339; x_wconf 82' lang='lat' dir='ltr'><strong>llis</strong></span> <span class='ocrx_word' id='word_1_450' title='bbox 806 3286 874 3337; x_wconf 89' lang='lat' dir='ltr'><strong>ita</strong></span> <span class='ocrx_word' id='word_1_451' title='bbox 913 3281 1098 3354; x_wconf 83' lang='lat' dir='ltr'><strong>gestis,</strong></span> <span class='ocrx_word' id='word_1_452' title='bbox 1124 3296 1243 3337; x_wconf 89' lang='lat' dir='ltr'><strong>eum</strong></span> <span class='ocrx_word' id='word_1_453' title='bbox 1271 3296 1366 3337; x_wconf 84' lang='lat' dir='ltr'><strong>rex</strong></span> <span class='ocrx_word' id='word_1_454' title='bbox 1392 3279 1823 3337; x_wconf 85' lang='lat' dir='ltr'><strong>Guntebramnus</strong></span> <span class='ocrx_word' id='word_1_455' title='bbox 1845 3279 2020 3338; x_wconf 87' lang='lat' dir='ltr'><strong>CabiI-</strong></span> <span class='ocrx_word' id='word_1_456' title='bbox 2047 3273 2095 3338; x_wconf 84' lang='lat' dir='ltr'><strong><em>C</em></strong></span> <span class='ocrx_word' id='word_1_457' title='bbox 2125 3276 2322 3335; x_wconf 86' lang='lat' dir='ltr'><strong>infelici</strong></span> <span class='ocrx_word' id='word_1_458' title='bbox 2376 3279 2453 3334; x_wconf 93' lang='lat' dir='ltr'><strong>illi</strong></span> <span class='ocrx_word' id='word_1_459' title='bbox 2509 3294 2571 3335; x_wconf 87' lang='lat' dir='ltr'><strong>ea</strong></span> <span class='ocrx_word' id='word_1_460' title='bbox 2620 3293 2707 3336; x_wconf 88' lang='lat' dir='ltr'><strong>res</strong></span> <span class='ocrx_word' id='word_1_461' title='bbox 2752 3281 3043 3335; x_wconf 87' lang='lat' dir='ltr'><strong>maximum</strong></span> <span class='ocrx_word' id='word_1_462' title='bbox 3074 3270 3197 3337; x_wconf 64' lang='lat' dir='ltr'><strong>&#39;fuit</strong></span> <span class='ocrx_word' id='word_1_463' title='bbox 3239 3285 3707 3355; x_wconf 84' lang='lat' dir='ltr'><strong>impedimentum,</strong></span> 
     </span>
    </p>
   </div>
   <div class='ocr_carea' id='block_1_63' title="bbox 431 3370 2018 3444">
    <p class='ocr_par' dir='ltr' id='par_1_63' title="bbox 431 3370 2018 3444">
     <span class='ocr_line' id='line_1_63' title="bbox 431 3370 2018 3444; baseline -0.003 -13"><span class='ocrx_word' id='word_1_464' title='bbox 431 3378 614 3431; x_wconf 75' lang='lat' dir='ltr'><strong>Inuum</strong></span> <span class='ocrx_word' id='word_1_465' title='bbox 646 3388 920 3444; x_wconf 83' lang='lat' dir='ltr'><strong>regressus</strong></span> <span class='ocrx_word' id='word_1_466' title='bbox 951 3383 1177 3429; x_wconf 87' lang='lat' dir='ltr'><strong>mortem</strong></span> <span class='ocrx_word' id='word_1_467' title='bbox 1207 3371 1388 3428; x_wconf 87' lang='lat' dir='ltr'><strong>fratris</strong></span> <span class='ocrx_word' id='word_1_468' title='bbox 1412 3386 1699 3429; x_wconf 72' lang='lat' dir='ltr'><strong>conaretur</strong></span> <span class='ocrx_word' id='word_1_469' title='bbox 1725 3370 2018 3441; x_wconf 92' lang='lat' dir='ltr'><strong>inquirere,</strong></span> 
     </span>
    </p>
   </div>
   <div class='ocr_carea' id='block_1_64' title="bbox 423 3462 2021 3538">
    <p class='ocr_par' dir='ltr' id='par_1_64' title="bbox 423 3462 2021 3538">
     <span class='ocr_line' id='line_1_64' title="bbox 423 3462 2021 3538; baseline -0.003 -15"><span class='ocrx_word' id='word_1_470' title='bbox 423 3478 476 3523; x_wconf 83' lang='lat' dir='ltr'><strong>et</strong></span> <span class='ocrx_word' id='word_1_471' title='bbox 502 3469 683 3538; x_wconf 86' lang='lat' dir='ltr'><strong>regina</strong></span> <span class='ocrx_word' id='word_1_472' title='bbox 708 3467 911 3521; x_wconf 88' lang='lat' dir='ltr'><strong>crimen</strong></span> <span class='ocrx_word' id='word_1_473' title='bbox 929 3479 1093 3534; x_wconf 88' lang='lat' dir='ltr'><strong>super</strong></span> <span class='ocrx_word' id='word_1_474' title='bbox 1119 3463 1429 3519; x_wconf 87' lang='lat' dir='ltr'><strong>Eberquum</strong></span> <span class='ocrx_word' id='word_1_475' title='bbox 1456 3473 1480 3502; x_wconf 77' lang='grc' dir='ltr'><strong>ο</strong></span> <span class='ocrx_word' id='word_1_476' title='bbox 1512 3462 1895 3519; x_wconf 86' lang='lat' dir='ltr'><strong>cubicularium</strong></span> <span class='ocrx_word' id='word_1_477' title='bbox 1920 3463 2021 3518; x_wconf 86' lang='lat' dir='ltr'><strong>im—</strong></span> 
     </span>
    </p>
   </div>
   <div class='ocr_carea' id='block_1_65' title="bbox 426 3556 2017 3630">
    <p class='ocr_par' dir='ltr' id='par_1_65' title="bbox 426 3556 2017 3630">
     <span class='ocr_line' id='line_1_65' title="bbox 426 3556 2017 3630; baseline -0.004 -14"><span class='ocrx_word' id='word_1_478' title='bbox 426 3562 696 3629; x_wconf 52' lang='lat' dir='ltr'><strong>posuisset</strong></span> <span class='ocrx_word' id='word_1_479' title='bbox 718 3562 955 3630; x_wconf 90' lang='lat' dir='ltr'><strong>(rogatus</strong></span> <span class='ocrx_word' id='word_1_480' title='bbox 976 3556 1119 3613; x_wconf 90' lang='lat' dir='ltr'><strong>enim</strong></span> <span class='ocrx_word' id='word_1_481' title='bbox 1152 3556 1323 3611; x_wconf 88' lang='lat' dir='ltr'><strong>fuerat</strong></span> <span class='ocrx_word' id='word_1_482' title='bbox 1351 3558 1419 3611; x_wconf 90' lang='lat' dir='ltr'><strong>ab</strong></span> <span class='ocrx_word' id='word_1_483' title='bbox 1447 3570 1530 3622; x_wconf 90' lang='lat' dir='ltr'><strong>ea,</strong></span> <span class='ocrx_word' id='word_1_484' title='bbox 1564 3564 1621 3609; x_wconf 90' lang='lat' dir='ltr'><strong>ut</strong></span> <span class='ocrx_word' id='word_1_485' title='bbox 1648 3565 1768 3625; x_wconf 89' lang='lat' dir='ltr'><strong>post</strong></span> <span class='ocrx_word' id='word_1_486' title='bbox 1789 3563 2017 3610; x_wconf 84' lang='lat' dir='ltr'><strong>mortem</strong></span> 
     </span>
    </p>
   </div>
   <div class='ocr_carea' id='block_1_66' title="bbox 435 3647 2017 3725">
    <p class='ocr_par' dir='ltr' id='par_1_66' title="bbox 435 3647 2017 3725">
     <span class='ocr_line' id='line_1_66' title="bbox 435 3647 2017 3725; baseline -0.006 -15"><span class='ocrx_word' id='word_1_487' title='bbox 435 3657 576 3725; x_wconf 83' lang='lat' dir='ltr'><strong>regis</strong></span> <span class='ocrx_word' id='word_1_488' title='bbox 604 3669 724 3708; x_wconf 85' lang='lat' dir='ltr'><strong>cum</strong></span> <span class='ocrx_word' id='word_1_489' title='bbox 752 3653 864 3721; x_wconf 85' lang='lat' dir='ltr'><strong>ipsa</strong></span> <span class='ocrx_word' id='word_1_490' title='bbox 891 3649 1157 3706; x_wconf 88' lang='lat' dir='ltr'><strong>resideret</strong></span> <span class='ocrx_word' id='word_1_491' title='bbox 1185 3667 1199 3704; x_wconf 91' lang='lat'>:</span> <span class='ocrx_word' id='word_1_492' title='bbox 1239 3647 1334 3704; x_wconf 89' lang='lat' dir='ltr'><strong>sed</strong></span> <span class='ocrx_word' id='word_1_493' title='bbox 1373 3647 1617 3704; x_wconf 87' lang='lat' dir='ltr'><strong>obtinere</strong></span> <span class='ocrx_word' id='word_1_494' title='bbox 1653 3662 1759 3703; x_wconf 88' lang='lat' dir='ltr'><strong>non</strong></span> <span class='ocrx_word' id='word_1_495' title='bbox 1791 3647 2017 3718; x_wconf 87' lang='lat' dir='ltr'><strong>potuit);</strong></span> 
     </span>
    </p>
   </div>
   <div class='ocr_carea' id='block_1_67' title="bbox 430 3741 2021 3816">
    <p class='ocr_par' dir='ltr' id='par_1_67' title="bbox 430 3741 2021 3816">
     <span class='ocr_line' id='line_1_67' title="bbox 430 3741 2021 3816; baseline -0.003 -15"><span class='ocrx_word' id='word_1_496' title='bbox 430 3751 530 3802; x_wconf 87' lang='lat' dir='ltr'><strong>bac</strong></span> <span class='ocrx_word' id='word_1_497' title='bbox 569 3761 698 3816; x_wconf 91' lang='lat' dir='ltr'><strong>ergo</strong></span> <span class='ocrx_word' id='word_1_498' title='bbox 742 3744 1017 3801; x_wconf 88' lang='lat' dir='ltr'><strong>inimicitia</strong></span> <span class='ocrx_word' id='word_1_499' title='bbox 1066 3742 1395 3815; x_wconf 85' lang='lat' dir='ltr'><strong>pullulante,</strong></span> <span class='ocrx_word' id='word_1_500' title='bbox 1445 3741 1677 3799; x_wconf 87' lang='lat' dir='ltr'><strong>asseruit</strong></span> <span class='ocrx_word' id='word_1_501' title='bbox 1731 3742 1912 3812; x_wconf 85' lang='lat' dir='ltr'><strong>regina</strong></span> <span class='ocrx_word' id='word_1_502' title='bbox 1953 3744 2021 3796; x_wconf 85' lang='lat' dir='ltr'><strong>ab</strong></span> 
     </span>
    </p>
   </div>
   <div class='ocr_carea' id='block_1_68' title="bbox 426 3832 2017 3907">
    <p class='ocr_par' dir='ltr' id='par_1_68' title="bbox 426 3832 2017 3907">
     <span class='ocr_line' id='line_1_68' title="bbox 426 3832 2017 3907; baseline -0.004 -14"><span class='ocrx_word' id='word_1_503' title='bbox 426 3840 619 3894; x_wconf 85' lang='lat' dir='ltr'><strong>eodem</strong></span> <span class='ocrx_word' id='word_1_504' title='bbox 649 3837 945 3907; x_wconf 91' lang='lat' dir='ltr'><strong>principem</strong></span> <span class='ocrx_word' id='word_1_505' title='bbox 968 3834 1129 3891; x_wconf 88' lang='lat' dir='ltr'><strong>fuisse</strong></span> <span class='ocrx_word' id='word_1_506' title='bbox 1154 3832 1515 3899; x_wconf 82' lang='lat' dir='ltr'><strong>interfectum,</strong></span> <span class='ocrx_word' id='word_1_507' title='bbox 1543 3834 1825 3904; x_wconf 89' lang='lat' dir='ltr'><strong>ipsumque</strong></span> <span class='ocrx_word' id='word_1_508' title='bbox 1852 3833 2017 3888; x_wconf 90' lang='lat' dir='ltr'><strong>multa</strong></span> 
     </span>
    </p>
   </div>
   <div class='ocr_carea' id='block_1_69' title="bbox 427 3924 2017 3997">
    <p class='ocr_par' dir='ltr' id='par_1_69' title="bbox 427 3924 2017 3997">
     <span class='ocr_line' id='line_1_69' title="bbox 427 3924 2017 3997; baseline -0.003 -12"><span class='ocrx_word' id='word_1_509' title='bbox 427 3932 494 3987; x_wconf 86' lang='lat' dir='ltr'><strong>de</strong></span> <span class='ocrx_word' id='word_1_510' title='bbox 529 3929 793 3986; x_wconf 83' lang='lat' dir='ltr'><strong>thesauris</strong></span> <span class='ocrx_word' id='word_1_511' title='bbox 822 3928 1125 3997; x_wconf 83' lang='lat' dir='ltr'><strong>abstulisse,</strong></span> <span class='ocrx_word' id='word_1_512' title='bbox 1170 3936 1227 3982; x_wconf 90' lang='lat' dir='ltr'><strong>et</strong></span> <span class='ocrx_word' id='word_1_513' title='bbox 1256 3925 1335 3981; x_wconf 89' lang='lat' dir='ltr'><strong>sic</strong></span> <span class='ocrx_word' id='word_1_514' title='bbox 1366 3924 1418 3979; x_wconf 90' lang='lat' dir='ltr'><strong>in</strong></span> <span class='ocrx_word' id='word_1_515' title='bbox 1446 3924 1773 3981; x_wconf 89' lang='lat' dir='ltr'><strong>Turonieum</strong></span> <span class='ocrx_word' id='word_1_516' title='bbox 1804 3924 2017 3980; x_wconf 84' lang='lat' dir='ltr'><strong>absces-</strong></span> 
     </span>
    </p>
   </div>
   <div class='ocr_carea' id='block_1_70' title="bbox 433 4020 2017 4099">
    <p class='ocr_par' dir='ltr' id='par_1_70' title="bbox 433 4020 2017 4099">
     <span class='ocr_line' id='line_1_70' title="bbox 433 4020 2017 4099; baseline -0.003 -18"><span class='ocrx_word' id='word_1_517' title='bbox 433 4029 569 4082; x_wconf 76' lang='lat' dir='ltr'><strong>sisse</strong></span> <span class='ocrx_word' id='word_1_518' title='bbox 600 4027 705 4099; x_wconf 79' lang='grc' dir='ltr'><strong>[ΑΙ.</strong></span> <span class='ocrx_word' id='word_1_519' title='bbox 732 4022 1042 4096; x_wconf 83' lang='lat' dir='ltr'><strong>transisse];</strong></span> <span class='ocrx_word' id='word_1_520' title='bbox 1088 4022 1314 4093; x_wconf 86' lang='lat' dir='ltr'><strong>ideoque</strong></span> <span class='ocrx_word' id='word_1_521' title='bbox 1343 4021 1385 4077; x_wconf 88' lang='lat' dir='ltr'><strong>si</strong></span> <span class='ocrx_word' id='word_1_522' title='bbox 1441 4036 1535 4077; x_wconf 81' lang='lat' dir='ltr'><strong>rex</strong></span> <span class='ocrx_word' id='word_1_523' title='bbox 1579 4030 1807 4077; x_wconf 89' lang='lat' dir='ltr'><strong>mortem</strong></span> <span class='ocrx_word' id='word_1_524' title='bbox 1835 4020 2017 4077; x_wconf 85' lang='lat' dir='ltr'><strong>fratris</strong></span> 
     </span>
    </p>
   </div>
   <div class='ocr_carea' id='block_1_71' title="bbox 430 4112 2020 4185">
    <p class='ocr_par' dir='ltr' id='par_1_71' title="bbox 430 4112 2020 4185">
     <span class='ocr_line' id='line_1_71' title="bbox 430 4112 2020 4185; baseline -0.003 -12"><span class='ocrx_word' id='word_1_525' title='bbox 430 4119 761 4175; x_wconf 84' lang='lat' dir='ltr'><strong>desideraret</strong></span> <span class='ocrx_word' id='word_1_526' title='bbox 790 4116 1015 4183; x_wconf 83' lang='lat' dir='ltr'><strong>ulcisci,</strong></span> <span class='ocrx_word' id='word_1_527' title='bbox 1068 4114 1280 4171; x_wconf 88' lang='lat' dir='ltr'><strong>noverit</strong></span> <span class='ocrx_word' id='word_1_528' title='bbox 1310 4113 1466 4185; x_wconf 85' lang='lat' dir='ltr'><strong>hujus</strong></span> <span class='ocrx_word' id='word_1_529' title='bbox 1516 4127 1693 4169; x_wconf 70' lang='lat' dir='ltr'><strong>causae</strong></span> <span class='ocrx_word' id='word_1_530' title='bbox 1733 4112 1875 4168; x_wconf 90' lang='lat' dir='ltr'><strong>hunc</strong></span> <span class='ocrx_word' id='word_1_531' title='bbox 1901 4128 2020 4169; x_wconf 90' lang='lat' dir='ltr'><strong>esse</strong></span> 
     </span>
    </p>
   </div>
   <div class='ocr_carea' id='block_1_72' title="bbox 430 4208 2017 4283">
    <p class='ocr_par' dir='ltr' id='par_1_72' title="bbox 430 4208 2017 4283">
     <span class='ocr_line' id='line_1_72' title="bbox 430 4208 2017 4283; baseline -0.003 -17"><span class='ocrx_word' id='word_1_532' title='bbox 430 4211 768 4283; x_wconf 84' lang='lat' dir='ltr'><strong>signiferum.</strong></span> <span class='ocrx_word' id='word_1_533' title='bbox 816 4210 966 4266; x_wconf 86' lang='lat' dir='ltr'><strong>Tunc</strong></span> <span class='ocrx_word' id='word_1_534' title='bbox 1004 4216 1098 4266; x_wconf 67' lang='lat' dir='ltr'><strong>rex</strong></span> <span class='ocrx_word' id='word_1_535' title='bbox 1132 4208 1332 4279; x_wconf 88' lang='lat' dir='ltr'><strong>juravit</strong></span> <span class='ocrx_word' id='word_1_536' title='bbox 1360 4208 1610 4263; x_wconf 84' lang='lat' dir='ltr'><strong>omnibus</strong></span> <span class='ocrx_word' id='word_1_537' title='bbox 1646 4208 2017 4277; x_wconf 88' lang='lat' dir='ltr'><strong>optimatibus,</strong></span> 
     </span>
    </p>
   </div>
   <div class='ocr_carea' id='block_1_73' title="bbox 427 4301 2018 4373">
    <p class='ocr_par' dir='ltr' id='par_1_73' title="bbox 427 4301 2018 4373">
     <span class='ocr_line' id='line_1_73' title="bbox 427 4301 2018 4373; baseline -0.001 -16"><span class='ocrx_word' id='word_1_538' title='bbox 427 4306 566 4373; x_wconf 82' lang='lat' dir='ltr'><strong>quod</strong></span> <span class='ocrx_word' id='word_1_539' title='bbox 598 4322 703 4359; x_wconf 93' lang='lat' dir='ltr'><strong>non</strong></span> <span class='ocrx_word' id='word_1_540' title='bbox 734 4303 891 4359; x_wconf 90' lang='lat' dir='ltr'><strong>modo</strong></span> <span class='ocrx_word' id='word_1_541' title='bbox 922 4304 1117 4372; x_wconf 89' lang='lat' dir='ltr'><strong>ipsum,</strong></span> <span class='ocrx_word' id='word_1_542' title='bbox 1143 4318 1330 4358; x_wconf 89' lang='lat' dir='ltr'><strong>verum</strong></span> <span class='ocrx_word' id='word_1_543' title='bbox 1363 4302 1526 4358; x_wconf 87' lang='lat' dir='ltr'><strong>etiam</strong></span> <span class='ocrx_word' id='word_1_544' title='bbox 1560 4301 1871 4371; x_wconf 89' lang='lat' dir='ltr'><strong>progeniem</strong></span> <span class='ocrx_word' id='word_1_545' title='bbox 1898 4303 2018 4367; x_wconf 57' lang='lat' dir='ltr'><strong>ejus</strong></span> 
     </span>
    </p>
   </div>
   <div class='ocr_carea' id='block_1_74' title="bbox 429 4394 2017 4465">
    <p class='ocr_par' dir='ltr' id='par_1_74' title="bbox 429 4394 2017 4465">
     <span class='ocr_line' id='line_1_74' title="bbox 429 4394 2017 4465; baseline -0.001 -16"><span class='ocrx_word' id='word_1_546' title='bbox 429 4397 481 4449; x_wconf 90' lang='lat' dir='ltr'><strong>in</strong></span> <span class='ocrx_word' id='word_1_547' title='bbox 513 4411 706 4450; x_wconf 89' lang='lat' dir='ltr'><strong>nonam</strong></span> <span class='ocrx_word' id='word_1_548' title='bbox 736 4395 1133 4465; x_wconf 90' lang='lat' dir='ltr'><strong>generationem</strong></span> <span class='ocrx_word' id='word_1_549' title='bbox 1154 4394 1380 4460; x_wconf 88' lang='lat' dir='ltr'><strong>deleret,</strong></span> <span class='ocrx_word' id='word_1_550' title='bbox 1410 4404 1467 4448; x_wconf 91' lang='lat' dir='ltr'><strong>ut</strong></span> <span class='ocrx_word' id='word_1_551' title='bbox 1498 4409 1592 4463; x_wconf 89' lang='lat' dir='ltr'><strong>per</strong></span> <span class='ocrx_word' id='word_1_552' title='bbox 1614 4394 1803 4448; x_wconf 91' lang='lat' dir='ltr'><strong>borum</strong></span> <span class='ocrx_word' id='word_1_553' title='bbox 1831 4408 2017 4450; x_wconf 89' lang='lat' dir='ltr'><strong>necem</strong></span> 
     </span>
    </p>
   </div>
   <div class='ocr_carea' id='block_1_75' title="bbox 430 4485 2016 4555">
    <p class='ocr_par' dir='ltr' id='par_1_75' title="bbox 430 4485 2016 4555">
     <span class='ocr_line' id='line_1_75' title="bbox 430 4485 2016 4555; baseline -0.002 -13"><span class='ocrx_word' id='word_1_554' title='bbox 430 4488 763 4543; x_wconf 85' lang='lat' dir='ltr'><strong>consuetudo</strong></span> <span class='ocrx_word' id='word_1_555' title='bbox 792 4486 1091 4541; x_wconf 88' lang='lat' dir='ltr'><strong>auferretur</strong></span> <span class='ocrx_word' id='word_1_556' title='bbox 1113 4485 1313 4555; x_wconf 89' lang='lat' dir='ltr'><strong>iniqua,</strong></span> <span class='ocrx_word' id='word_1_557' title='bbox 1340 4501 1405 4539; x_wconf 91' lang='lat' dir='ltr'><strong>ne</strong></span> <span class='ocrx_word' id='word_1_558' title='bbox 1421 4499 1572 4554; x_wconf 82' lang='lat' dir='ltr'><strong>reges</strong></span> <span class='ocrx_word' id='word_1_559' title='bbox 1594 4486 1821 4553; x_wconf 89' lang='lat' dir='ltr'><strong>amplius</strong></span> <span class='ocrx_word' id='word_1_560' title='bbox 1850 4487 2016 4541; x_wconf 89' lang='lat' dir='ltr'><strong>inter-</strong></span> 
     </span>
    </p>
   </div>
   <div class='ocr_carea' id='block_1_76' title="bbox 430 4576 2012 4649">
    <p class='ocr_par' dir='ltr' id='par_1_76' title="bbox 430 4576 2012 4649">
     <span class='ocr_line' id='line_1_76' title="bbox 430 4576 2012 4649; baseline -0.003 -13"><span class='ocrx_word' id='word_1_561' title='bbox 430 4582 738 4637; x_wconf 83' lang='lat' dir='ltr'><strong>ficerentur.</strong></span> <span class='ocrx_word' id='word_1_562' title='bbox 764 4578 914 4649; x_wconf 84' lang='lat' dir='ltr'><strong>Quod</strong></span> <span class='ocrx_word' id='word_1_563' title='bbox 937 4593 1059 4633; x_wconf 90' lang='lat' dir='ltr'><strong>eum</strong></span> <span class='ocrx_word' id='word_1_564' title='bbox 1086 4576 1368 4633; x_wconf 86' lang='lat' dir='ltr'><strong>Eberulfus</strong></span> <span class='ocrx_word' id='word_1_565' title='bbox 1390 4577 1779 4647; x_wconf 86' lang='lat' dir='ltr'><strong>comperisset,</strong></span> <span class='ocrx_word' id='word_1_566' title='bbox 1825 4578 2012 4634; x_wconf 90' lang='lat' dir='ltr'><strong>basili-</strong></span> 
     </span>
    </p>
   </div>
   <div class='ocr_carea' id='block_1_77' title="bbox 424 4648 2578 4740">
    <p class='ocr_par' dir='ltr' id='par_1_77' title="bbox 424 4648 2578 4740">
     <span class='ocr_line' id='line_1_77' title="bbox 424 4648 2578 4740; baseline -0.003 -14"><span class='ocrx_word' id='word_1_567' title='bbox 424 4688 545 4727; x_wconf 81' lang='lat' dir='ltr'><strong>cam</strong></span> <span class='ocrx_word' id='word_1_568' title='bbox 577 4672 745 4725; x_wconf 86' lang='lat' dir='ltr'><strong>sancti</strong></span> <span class='ocrx_word' id='word_1_569' title='bbox 778 4648 1013 4735; x_wconf 73' lang='lat' dir='ltr'><strong>Martini,</strong></span> <span class='ocrx_word' id='word_1_570' title='bbox 1037 4668 1190 4739; x_wconf 84' lang='lat' dir='ltr'><strong>cujus</strong></span> <span class='ocrx_word' id='word_1_571' title='bbox 1214 4681 1301 4722; x_wconf 90' lang='lat' dir='ltr'><strong>res</strong></span> <span class='ocrx_word' id='word_1_572' title='bbox 1329 4683 1472 4737; x_wconf 70' lang='lat' dir='ltr'><strong>saepe</strong></span> <span class='ocrx_word' id='word_1_573' title='bbox 1500 4677 1829 4739; x_wconf 86' lang='lat' dir='ltr'><strong>pervaserat,</strong></span> <span class='ocrx_word' id='word_1_574' title='bbox 1851 4685 2012 4740; x_wconf 85' lang='lat' dir='ltr'><strong>expc-</strong></span> <span class='ocrx_word' id='word_1_575' title='bbox 2042 4648 2089 4709; x_wconf 78' lang='lat' dir='ltr'><strong>D</strong></span> <span class='ocrx_word' id='word_1_576' title='bbox 2119 4666 2258 4722; x_wconf 88' lang='lat' dir='ltr'><strong>beati</strong></span> <span class='ocrx_word' id='word_1_577' title='bbox 2289 4667 2517 4735; x_wconf 87' lang='lat' dir='ltr'><strong>sepulcri</strong></span> <span class='ocrx_word' id='word_1_578' title='bbox 2565 4684 2578 4720; x_wconf 90' lang='lat'><strong>:</strong></span> 
     </span>
    </p>
   </div>
   <div class='ocr_carea' id='block_1_78' title="bbox 429 4759 2012 4827">
    <p class='ocr_par' dir='ltr' id='par_1_78' title="bbox 429 4759 2012 4827">
     <span class='ocr_line' id='line_1_78' title="bbox 429 4759 2012 4827; baseline 0.001 -11"><span class='ocrx_word' id='word_1_579' title='bbox 429 4762 569 4818; x_wconf 85' lang='lat' dir='ltr'><strong>tivit.</strong></span> <span class='ocrx_word' id='word_1_580' title='bbox 592 4759 743 4817; x_wconf 87' lang='lat' dir='ltr'><strong>Tunc</strong></span> <span class='ocrx_word' id='word_1_581' title='bbox 763 4760 884 4816; x_wconf 90' lang='lat' dir='ltr'><strong>data</strong></span> <span class='ocrx_word' id='word_1_582' title='bbox 912 4761 1197 4815; x_wconf 88' lang='lat' dir='ltr'><strong>occasione</strong></span> <span class='ocrx_word' id='word_1_583' title='bbox 1225 4767 1283 4814; x_wconf 91' lang='lat' dir='ltr'><strong>ut</strong></span> <span class='ocrx_word' id='word_1_584' title='bbox 1325 4759 1685 4817; x_wconf 89' lang='lat' dir='ltr'><strong>custodiretur</strong></span> <span class='ocrx_word' id='word_1_585' title='bbox 1710 4800 1726 4827; x_wconf 89' lang='lat'><strong>,</strong></span> <span class='ocrx_word' id='word_1_586' title='bbox 1770 4762 2012 4818; x_wconf 84' lang='lat' dir='ltr'><strong>Aurelia-</strong></span> 
     </span>
    </p>
   </div>
   <div class='ocr_carea' id='block_1_79' title="bbox 425 4851 2013 4920">
    <p class='ocr_par' dir='ltr' id='par_1_79' title="bbox 425 4851 2013 4920">
     <span class='ocr_line' id='line_1_79' title="bbox 425 4851 2013 4920; baseline 0.001 -12"><span class='ocrx_word' id='word_1_587' title='bbox 425 4867 624 4909; x_wconf 86' lang='lat' dir='ltr'><strong>nenses</strong></span> <span class='ocrx_word' id='word_1_588' title='bbox 680 4862 840 4920; x_wconf 83' lang='lat' dir='ltr'><strong>atque</strong></span> <span class='ocrx_word' id='word_1_589' title='bbox 894 4852 1180 4907; x_wconf 86' lang='lat' dir='ltr'><strong>Blesenscs</strong></span> <span class='ocrx_word' id='word_1_590' title='bbox 1226 4851 1461 4906; x_wconf 86' lang='lat' dir='ltr'><strong>vicissim</strong></span> <span class='ocrx_word' id='word_1_591' title='bbox 1515 4852 1581 4906; x_wconf 89' lang='lat' dir='ltr'><strong>ad</strong></span> <span class='ocrx_word' id='word_1_592' title='bbox 1638 4852 1732 4908; x_wconf 87' lang='lat' dir='ltr'><strong>bas</strong></span> <span class='ocrx_word' id='word_1_593' title='bbox 1760 4854 2013 4910; x_wconf 80' lang='lat' dir='ltr'><strong>excubias</strong></span> 
     </span>
    </p>
   </div>
   <div class='ocr_carea' id='block_1_80' title="bbox 427 4943 2013 5014">
    <p class='ocr_par' dir='ltr' id='par_1_80' title="bbox 427 4943 2013 5014">
     <span class='ocr_line' id='line_1_80' title="bbox 427 4943 2013 5014; baseline 0.004 -17"><span class='ocrx_word' id='word_1_594' title='bbox 427 4944 734 5012; x_wconf 78' lang='lat' dir='ltr'><strong>veniebant,</strong></span> <span class='ocrx_word' id='word_1_595' title='bbox 768 4943 1106 5014; x_wconf 87' lang='lat' dir='ltr'><strong>impletisque</strong></span> <span class='ocrx_word' id='word_1_596' title='bbox 1127 4943 1429 5013; x_wconf 87' lang='lat' dir='ltr'><strong>quindecim</strong></span> <span class='ocrx_word' id='word_1_597' title='bbox 1454 4943 1661 5013; x_wconf 88' lang='lat' dir='ltr'><strong>diebus,</strong></span> <span class='ocrx_word' id='word_1_598' title='bbox 1693 4960 1814 5003; x_wconf 91' lang='lat' dir='ltr'><strong>cum</strong></span> <span class='ocrx_word' id='word_1_599' title='bbox 1846 4946 2013 5004; x_wconf 85' lang='lat' dir='ltr'><strong>multa</strong></span> 
     </span>
    </p>
   </div>
   <div class='ocr_carea' id='block_1_81' title="bbox 497 5096 2003 5166">
    <p class='ocr_par' dir='ltr' id='par_1_81' title="bbox 497 5096 2003 5166">
     <span class='ocr_line' id='line_1_81' title="bbox 497 5096 2003 5166; baseline 0.004 -12"><span class='ocrx_word' id='word_1_600' title='bbox 497 5111 523 5140; x_wconf 81' lang='grc' dir='ltr'>ιι</span> <span class='ocrx_word' id='word_1_601' title='bbox 546 5099 706 5157; x_wconf 75' lang='lat' dir='ltr'><strong>Vicus</strong></span> <span class='ocrx_word' id='word_1_602' title='bbox 734 5098 874 5153; x_wconf 89' lang='lat' dir='ltr'><strong>haud</strong></span> <span class='ocrx_word' id='word_1_603' title='bbox 904 5096 1089 5166; x_wconf 89' lang='lat' dir='ltr'><strong>procul</strong></span> <span class='ocrx_word' id='word_1_604' title='bbox 1114 5111 1144 5152; x_wconf 90' lang='lat' dir='ltr'><strong>a</strong></span> <span class='ocrx_word' id='word_1_605' title='bbox 1189 5096 1576 5154; x_wconf 81' lang='lat' dir='ltr'><strong>confluentibus</strong></span> <span class='ocrx_word' id='word_1_606' title='bbox 1598 5099 1813 5157; x_wconf 66' lang='lat' dir='ltr'><strong>Astura:</strong></span> <span class='ocrx_word' id='word_1_607' title='bbox 1837 5113 1889 5158; x_wconf 90' lang='lat' dir='ltr'><strong>et</strong></span> <span class='ocrx_word' id='word_1_608' title='bbox 1910 5104 2003 5160; x_wconf 85' lang='lat' dir='ltr'><strong>Se-</strong></span> 
     </span>
    </p>
   </div>
   <div class='ocr_carea' id='block_1_82' title="bbox 426 5167 2003 5241">
    <p class='ocr_par' dir='ltr' id='par_1_82' title="bbox 426 5167 2003 5241">
     <span class='ocr_line' id='line_1_82' title="bbox 426 5167 2003 5241; baseline 0.003 -17"><span class='ocrx_word' id='word_1_609' title='bbox 426 5186 637 5241; x_wconf 74' lang='lat' dir='ltr'><strong>quarne,</strong></span> <span class='ocrx_word' id='word_1_610' title='bbox 671 5172 826 5238; x_wconf 86' lang='lat' dir='ltr'><strong>vulgo</strong></span> <span class='ocrx_word' id='word_1_611' title='bbox 860 5168 1007 5223; x_wconf 74' lang='lat' dir='ltr'><strong>Rucil</strong></span> <span class='ocrx_word' id='word_1_612' title='bbox 1035 5183 1129 5223; x_wconf 91' lang='lat' dir='ltr'><strong>seu</strong></span> <span class='ocrx_word' id='word_1_613' title='bbox 1158 5167 1347 5221; x_wconf 82' lang='lat' dir='ltr'><strong>Rueuit</strong></span> <span class='ocrx_word' id='word_1_614' title='bbox 1376 5172 1590 5224; x_wconf 88' lang='lat' dir='ltr'><strong>dicitur.</strong></span> <span class='ocrx_word' id='word_1_615' title='bbox 1640 5171 1766 5241; x_wconf 84' lang='lat' dir='ltr'><strong>Ejus</strong></span> <span class='ocrx_word' id='word_1_616' title='bbox 1806 5189 2003 5229; x_wconf 91' lang='lat' dir='ltr'><strong>nomen</strong></span> 
     </span>
    </p>
   </div>
   <div class='ocr_carea' id='block_1_83' title="bbox 427 5240 2004 5312">
    <p class='ocr_par' dir='ltr' id='par_1_83' title="bbox 427 5240 2004 5312">
     <span class='ocr_line' id='line_1_83' title="bbox 427 5240 2004 5312; baseline 0.003 -18"><span class='ocrx_word' id='word_1_617' title='bbox 427 5240 533 5295; x_wconf 89' lang='lat' dir='ltr'><strong>nou</strong></span> <span class='ocrx_word' id='word_1_618' title='bbox 562 5241 865 5309; x_wconf 81' lang='lat' dir='ltr'><strong>exprimunt</strong></span> <span class='ocrx_word' id='word_1_619' title='bbox 892 5240 1045 5293; x_wconf 73' lang='lat' dir='ltr'><strong>tiolb.</strong></span> <span class='ocrx_word' id='word_1_620' title='bbox 1079 5255 1151 5294; x_wconf 85' lang='lat' dir='ltr'><strong>In.</strong></span> <span class='ocrx_word' id='word_1_621' title='bbox 1182 5249 1235 5294; x_wconf 88' lang='lat' dir='ltr'><strong>et</strong></span> <span class='ocrx_word' id='word_1_622' title='bbox 1268 5241 1456 5310; x_wconf 71' lang='lat' dir='ltr'><strong>ttegm.</strong></span> <span class='ocrx_word' id='word_1_623' title='bbox 1483 5241 1609 5297; x_wconf 85' lang='lat' dir='ltr'><strong>Bec.</strong></span> <span class='ocrx_word' id='word_1_624' title='bbox 1631 5240 1778 5312; x_wconf 87' lang='lat' dir='ltr'><strong>vero,</strong></span> <span class='ocrx_word' id='word_1_625' title='bbox 1811 5244 2004 5299; x_wconf 77' lang='lat' dir='ltr'><strong>Ret/to-</strong></span> 
     </span>
    </p>
   </div>
   <div class='ocr_carea' id='block_1_84' title="bbox 425 5312 688 5389">
    <p class='ocr_par' dir='ltr' id='par_1_84' title="bbox 425 5312 688 5389">
     <span class='ocr_line' id='line_1_84' title="bbox 425 5312 688 5389; baseline 0.004 -27"><span class='ocrx_word' id='word_1_626' title='bbox 425 5312 688 5389; x_wconf 60' lang='lat' dir='ltr'><strong>fututam.</strong></span> 
     </span>
    </p>
   </div>
   <div class='ocr_carea' id='block_1_85' title="bbox 494 5380 1221 5447">
    <p class='ocr_par' dir='ltr' id='par_1_85' title="bbox 494 5380 1221 5447">
     <span class='ocr_line' id='line_1_85' title="bbox 494 5380 1221 5447; baseline -0.004 -12"><span class='ocrx_word' id='word_1_627' title='bbox 494 5380 521 5419; x_wconf 65' lang='grc' dir='ltr'>δ</span> <span class='ocrx_word' id='word_1_628' title='bbox 554 5383 761 5447; x_wconf 78' lang='lat' dir='ltr'><strong>ltegm.,</strong></span> <span class='ocrx_word' id='word_1_629' title='bbox 798 5386 984 5434; x_wconf 76' lang='lat' dir='ltr'><strong>secuta:</strong></span> <span class='ocrx_word' id='word_1_630' title='bbox 1008 5387 1221 5433; x_wconf 64' lang='grc' dir='ltr'><strong>κωκυ..</strong></span> 
     </span>
    </p>
   </div>
   <div class='ocr_carea' id='block_1_86' title="bbox 425 5464 706 5521">
    <p class='ocr_par' dir='ltr' id='par_1_86' title="bbox 425 5464 706 5521">
     <span class='ocr_line' id='line_1_86' title="bbox 425 5464 706 5521; baseline -0.011 -12"><span class='ocrx_word' id='word_1_631' title='bbox 425 5465 568 5521; x_wconf 72' lang='lat' dir='ltr'><strong>natu,</strong></span> <span class='ocrx_word' id='word_1_632' title='bbox 600 5464 706 5509; x_wconf 89' lang='lat' dir='ltr'><strong>etc.</strong></span> 
     </span>
    </p>
   </div>
   <div class='ocr_carea' id='block_1_87' title="bbox 499 5522 2001 5580">
    <p class='ocr_par' dir='ltr' id='par_1_87' title="bbox 499 5522 2001 5580">
     <span class='ocr_line' id='line_1_87' title="bbox 499 5522 2001 5580; baseline -0.001 0"><span class='ocrx_word' id='word_1_633' title='bbox 499 5535 520 5561; x_wconf 72' lang='grc' dir='ltr'><em>ε</em></span> <span class='ocrx_word' id='word_1_634' title='bbox 554 5529 602 5580; x_wconf 81' lang='lat' dir='ltr'><strong>ls</strong></span> <span class='ocrx_word' id='word_1_635' title='bbox 633 5526 953 5580; x_wconf 66' lang='lat' dir='ltr'><strong>Praetextato</strong></span> <span class='ocrx_word' id='word_1_636' title='bbox 986 5523 1037 5577; x_wconf 91' lang='lat' dir='ltr'><strong>in</strong></span> <span class='ocrx_word' id='word_1_637' title='bbox 1076 5522 1323 5577; x_wconf 77' lang='lat' dir='ltr'><strong>exsilium</strong></span> <span class='ocrx_word' id='word_1_638' title='bbox 1354 5522 1573 5578; x_wconf 81' lang='lat' dir='ltr'><strong>detruso</strong></span> <span class='ocrx_word' id='word_1_639' title='bbox 1624 5522 1795 5578; x_wconf 86' lang='lat' dir='ltr'><strong>fuerat</strong></span> <span class='ocrx_word' id='word_1_640' title='bbox 1824 5525 2001 5579; x_wconf 91' lang='lat' dir='ltr'><strong>subro-</strong></span> 
     </span>
    </p>
   </div>
   <div class='ocr_carea' id='block_1_88' title="bbox 421 5607 1998 5725">
    <p class='ocr_par' dir='ltr' id='par_1_88' title="bbox 421 5607 1998 5725">
     <span class='ocr_line' id='line_1_88' title="bbox 421 5607 1998 5725; baseline 0.01 -20"><span class='ocrx_word' id='word_1_641' title='bbox 421 5607 651 5720; x_wconf 48' lang='grc' dir='ltr'><strong>ςᾍῑέιῗέιο</strong></span> <span class='ocrx_word' id='word_1_642' title='bbox 677 5663 829 5718; x_wconf 86' lang='lat' dir='ltr'><strong>Colb.</strong></span> <span class='ocrx_word' id='word_1_643' title='bbox 861 5663 964 5716; x_wconf 84' lang='lat' dir='ltr'><strong>duo</strong></span> <span class='ocrx_word' id='word_1_644' title='bbox 986 5676 1109 5715; x_wconf 87' lang='lat' dir='ltr'><strong>cum</strong></span> <span class='ocrx_word' id='word_1_645' title='bbox 1139 5660 1260 5712; x_wconf 66' lang='lat' dir='ltr'><strong>Bue.</strong></span> <span class='ocrx_word' id='word_1_646' title='bbox 1299 5661 1347 5712; x_wconf 88' lang='lat' dir='ltr'><strong>ld</strong></span> <span class='ocrx_word' id='word_1_647' title='bbox 1371 5670 1475 5725; x_wconf 88' lang='lat' dir='ltr'><strong>est,</strong></span> <span class='ocrx_word' id='word_1_648' title='bbox 1525 5661 1836 5718; x_wconf 76' lang='lat' dir='ltr'><strong>existimans</strong></span> <span class='ocrx_word' id='word_1_649' title='bbox 1864 5666 1998 5721; x_wconf 89' lang='lat' dir='ltr'><strong>Bru-</strong></span> 
     </span>
    </p>
   </div>
   <div class='ocr_carea' id='block_1_89' title="bbox 424 5731 1998 5799">
    <p class='ocr_par' dir='ltr' id='par_1_89' title="bbox 424 5731 1998 5799">
     <span class='ocr_line' id='line_1_89' title="bbox 424 5731 1998 5799; baseline 0.003 -13"><span class='ocrx_word' id='word_1_650' title='bbox 424 5732 638 5786; x_wconf 81' lang='lat' dir='ltr'><strong>tiichildi</strong></span> <span class='ocrx_word' id='word_1_651' title='bbox 663 5733 933 5786; x_wconf 75' lang='lat' dir='ltr'><strong>melimem</strong></span> <span class='ocrx_word' id='word_1_652' title='bbox 967 5748 1124 5799; x_wconf 78' lang='lat' dir='ltr'><strong>quam</strong></span> <span class='ocrx_word' id='word_1_653' title='bbox 1148 5731 1245 5781; x_wconf 73' lang='lat' dir='ltr'><strong>sibi</strong></span> <span class='ocrx_word' id='word_1_654' title='bbox 1276 5741 1474 5783; x_wconf 79' lang='lat' dir='ltr'><strong>sortem</strong></span> <span class='ocrx_word' id='word_1_655' title='bbox 1498 5732 1770 5798; x_wconf 74' lang='lat' dir='ltr'><strong>obtigisse,</strong></span> <span class='ocrx_word' id='word_1_656' title='bbox 1801 5745 1855 5788; x_wconf 91' lang='lat' dir='ltr'><strong>ut</strong></span> <span class='ocrx_word' id='word_1_657' title='bbox 1882 5737 1998 5789; x_wconf 86' lang='lat' dir='ltr'><strong>ani-</strong></span> 
     </span>
    </p>
   </div>
   <div class='ocr_carea' id='block_1_90' title="bbox 428 5801 1997 5866">
    <p class='ocr_par' dir='ltr' id='par_1_90' title="bbox 428 5801 1997 5866">
     <span class='ocr_line' id='line_1_90' title="bbox 428 5801 1997 5866; baseline 0.004 -11"><span class='ocrx_word' id='word_1_658' title='bbox 428 5805 707 5855; x_wconf 77' lang='lat' dir='ltr'><strong>madvertit</strong></span> <span class='ocrx_word' id='word_1_659' title='bbox 757 5803 1017 5861; x_wconf 65' lang='lat' dir='ltr'><strong>Vale~ius,</strong></span> <span class='ocrx_word' id='word_1_660' title='bbox 1065 5802 1303 5866; x_wconf 76' lang='lat' dir='ltr'><strong>qu&#39;aums</strong></span> <span class='ocrx_word' id='word_1_661' title='bbox 1352 5801 1576 5856; x_wconf 78' lang='lat' dir='ltr'><strong>infloll).</strong></span> <span class='ocrx_word' id='word_1_662' title='bbox 1610 5818 1680 5856; x_wconf 91' lang='lat' dir='ltr'><strong>m.</strong></span> <span class='ocrx_word' id='word_1_663' title='bbox 1717 5805 1997 5861; x_wconf 66' lang='lat' dir='ltr'><strong>lectionem</strong></span> 
     </span>
    </p>
   </div>
   <div class='ocr_carea' id='block_1_91' title="bbox 428 5872 1996 5942">
    <p class='ocr_par' dir='ltr' id='par_1_91' title="bbox 428 5872 1996 5942">
     <span class='ocr_line' id='line_1_91' title="bbox 428 5872 1996 5942; baseline 0.004 -17"><span class='ocrx_word' id='word_1_664' title='bbox 428 5880 589 5926; x_wconf 76' lang='lat' dir='ltr'><strong>aitera</strong></span> <span class='ocrx_word' id='word_1_665' title='bbox 642 5888 828 5927; x_wconf 76' lang='lat' dir='ltr'><strong>manus</strong></span> <span class='ocrx_word' id='word_1_666' title='bbox 859 5875 1139 5939; x_wconf 73' lang='lat' dir='ltr'><strong>vitiaverit,</strong></span> <span class='ocrx_word' id='word_1_667' title='bbox 1186 5872 1492 5939; x_wconf 83' lang='lat' dir='ltr'><strong>reponendo</strong></span> <span class='ocrx_word' id='word_1_668' title='bbox 1524 5881 1579 5928; x_wconf 87' lang='lat' dir='ltr'><strong>ut</strong></span> <span class='ocrx_word' id='word_1_669' title='bbox 1607 5873 1659 5927; x_wconf 91' lang='lat' dir='ltr'><strong>in</strong></span> <span class='ocrx_word' id='word_1_670' title='bbox 1682 5874 1858 5942; x_wconf 79' lang='lat' dir='ltr'><strong>editis,</strong></span> <span class='ocrx_word' id='word_1_671' title='bbox 1892 5895 1996 5932; x_wconf 87' lang='lat' dir='ltr'><strong>mc-</strong></span> 
     </span>
    </p>
   </div>
   <div class='ocr_carea' id='block_1_92' title="bbox 1273 5383 2005 5439">
    <p class='ocr_par' dir='ltr' id='par_1_92' title="bbox 1273 5383 2005 5439">
     <span class='ocr_line' id='line_1_92' title="bbox 1273 5383 2005 5439; baseline 0.011 -8"><span class='ocrx_word' id='word_1_672' title='bbox 1273 5393 1445 5434; x_wconf 84' lang='lat' dir='ltr'><strong>omnes</strong></span> <span class='ocrx_word' id='word_1_673' title='bbox 1492 5383 1730 5436; x_wconf 77' lang='lat' dir='ltr'><strong>mulieres</strong></span> <span class='ocrx_word' id='word_1_674' title='bbox 1770 5384 2005 5439; x_wconf 74' lang='lat' dir='ltr'><strong>meliores</strong></span> 
     </span>
    </p>
   </div>
   <div class='ocr_carea' id='block_1_93' title="bbox 2124 3370 3705 3443">
    <p class='ocr_par' dir='ltr' id='par_1_93' title="bbox 2124 3370 3705 3443">
     <span class='ocr_line' id='line_1_93' title="bbox 2124 3370 3705 3443; baseline 0.004 -18"><span class='ocrx_word' id='word_1_675' title='bbox 2124 3372 2265 3441; x_wconf 91' lang='lat' dir='ltr'><strong>quod</strong></span> <span class='ocrx_word' id='word_1_676' title='bbox 2301 3370 2501 3425; x_wconf 88' lang='lat' dir='ltr'><strong>nullam</strong></span> <span class='ocrx_word' id='word_1_677' title='bbox 2538 3372 2896 3427; x_wconf 89' lang='lat' dir='ltr'><strong>reverentiam</strong></span> <span class='ocrx_word' id='word_1_678' title='bbox 2926 3382 3115 3428; x_wconf 87' lang='lat' dir='ltr'><strong>sancto</strong></span> <span class='ocrx_word' id='word_1_679' title='bbox 3143 3376 3432 3443; x_wconf 62' lang='lat' dir='ltr'><strong>praestabat</strong></span> <span class='ocrx_word' id='word_1_680' title='bbox 3455 3378 3705 3432; x_wconf 83' lang='lat' dir='ltr'><strong>antistiti.</strong></span> 
     </span>
    </p>
   </div>
   <div class='ocr_carea' id='block_1_94' title="bbox 2125 3463 3710 3541">
    <p class='ocr_par' dir='ltr' id='par_1_94' title="bbox 2125 3463 3710 3541">
     <span class='ocr_line' id='line_1_94' title="bbox 2125 3463 3710 3541; baseline 0.006 -23"><span class='ocrx_word' id='word_1_681' title='bbox 2125 3463 2257 3518; x_wconf 84' lang='lat' dir='ltr'><strong>Nam</strong></span> <span class='ocrx_word' id='word_1_682' title='bbox 2280 3478 2423 3534; x_wconf 62' lang='lat' dir='ltr'><strong>saepe</strong></span> <span class='ocrx_word' id='word_1_683' title='bbox 2450 3464 2624 3521; x_wconf 65' lang='lat' dir='ltr'><strong>caedes</strong></span> <span class='ocrx_word' id='word_1_684' title='bbox 2652 3464 2791 3520; x_wconf 89' lang='lat' dir='ltr'><strong>infra</strong></span> <span class='ocrx_word' id='word_1_685' title='bbox 2821 3467 2994 3536; x_wconf 89' lang='lat' dir='ltr'><strong>ipsum</strong></span> <span class='ocrx_word' id='word_1_686' title='bbox 3020 3468 3235 3535; x_wconf 86' lang='lat' dir='ltr'><strong>atrium,</strong></span> <span class='ocrx_word' id='word_1_687' title='bbox 3267 3470 3408 3539; x_wconf 89' lang='lat' dir='ltr'><strong>quod</strong></span> <span class='ocrx_word' id='word_1_688' title='bbox 3438 3470 3504 3525; x_wconf 88' lang='lat' dir='ltr'><strong>ad</strong></span> <span class='ocrx_word' id='word_1_689' title='bbox 3546 3472 3710 3541; x_wconf 87' lang='lat' dir='ltr'><strong>pedes</strong></span> 
     </span>
    </p>
   </div>
   <div class='ocr_carea' id='block_1_95' title="bbox 2124 3554 3710 3627">
    <p class='ocr_par' dir='ltr' id='par_1_95' title="bbox 2124 3554 3710 3627">
     <span class='ocr_line' id='line_1_95' title="bbox 2124 3554 3710 3627; baseline 0.007 -19"><span class='ocrx_word' id='word_1_690' title='bbox 2124 3554 2269 3609; x_wconf 88' lang='lat' dir='ltr'><strong>beati</strong></span> <span class='ocrx_word' id='word_1_691' title='bbox 2301 3565 2498 3624; x_wconf 80' lang='lat' dir='ltr'><strong>exstat,</strong></span> <span class='ocrx_word' id='word_1_692' title='bbox 2532 3559 2737 3627; x_wconf 80' lang='lat' dir='ltr'><strong>exegit,</strong></span> <span class='ocrx_word' id='word_1_693' title='bbox 2773 3574 3033 3615; x_wconf 90' lang='lat' dir='ltr'><strong>exercens</strong></span> <span class='ocrx_word' id='word_1_694' title='bbox 3067 3562 3285 3617; x_wconf 88' lang='lat' dir='ltr'><strong>assidue</strong></span> <span class='ocrx_word' id='word_1_695' title='bbox 3314 3562 3602 3619; x_wconf 79' lang='lat' dir='ltr'><strong>ebrietates</strong></span> <span class='ocrx_word' id='word_1_696' title='bbox 3645 3580 3710 3619; x_wconf 86' lang='lat' dir='ltr'><strong>ac</strong></span> 
     </span>
    </p>
   </div>
   <div class='ocr_carea' id='block_1_96' title="bbox 2126 3648 3708 3726">
    <p class='ocr_par' dir='ltr' id='par_1_96' title="bbox 2126 3648 3708 3726">
     <span class='ocr_line' id='line_1_96' title="bbox 2126 3648 3708 3726; baseline 0.007 -28"><span class='ocrx_word' id='word_1_697' title='bbox 2126 3648 2408 3702; x_wconf 88' lang='lat' dir='ltr'><strong>vanitates.</strong></span> <span class='ocrx_word' id='word_1_698' title='bbox 2444 3648 2820 3718; x_wconf 78' lang='lat' dir='ltr'><strong>Presbyterum</strong></span> <span class='ocrx_word' id='word_1_699' title='bbox 2844 3666 3057 3721; x_wconf 91' lang='lat' dir='ltr'><strong>quoque</strong></span> <span class='ocrx_word' id='word_1_700' title='bbox 3103 3668 3290 3718; x_wconf 91' lang='lat' dir='ltr'><strong>unum,</strong></span> <span class='ocrx_word' id='word_1_701' title='bbox 3344 3670 3441 3723; x_wconf 87' lang='lat' dir='ltr'><strong>pro</strong></span> <span class='ocrx_word' id='word_1_702' title='bbox 3469 3670 3536 3711; x_wconf 91' lang='lat' dir='ltr'><strong>eo</strong></span> <span class='ocrx_word' id='word_1_703' title='bbox 3564 3659 3708 3726; x_wconf 83' lang='lat' dir='ltr'><strong>quod</strong></span> 
     </span>
    </p>
   </div>
   <div class='ocr_carea' id='block_1_97' title="bbox 2124 3741 3711 3818">
    <p class='ocr_par' dir='ltr' id='par_1_97' title="bbox 2124 3741 3711 3818">
     <span class='ocr_line' id='line_1_97' title="bbox 2124 3741 3711 3818; baseline 0.005 -23"><span class='ocrx_word' id='word_1_704' title='bbox 2124 3741 2174 3795; x_wconf 91' lang='lat' dir='ltr'><strong>ei</strong></span> <span class='ocrx_word' id='word_1_705' title='bbox 2211 3742 2391 3795; x_wconf 89' lang='lat' dir='ltr'><strong>vinum</strong></span> <span class='ocrx_word' id='word_1_706' title='bbox 2433 3742 2564 3797; x_wconf 87' lang='lat' dir='ltr'><strong>dare</strong></span> <span class='ocrx_word' id='word_1_707' title='bbox 2590 3742 2851 3808; x_wconf 79' lang='lat' dir='ltr'><strong>differret,</strong></span> <span class='ocrx_word' id='word_1_708' title='bbox 2883 3759 3002 3800; x_wconf 87' lang='lat' dir='ltr'><strong>cum</strong></span> <span class='ocrx_word' id='word_1_709' title='bbox 3030 3746 3140 3814; x_wconf 87' lang='lat' dir='ltr'><strong>jam</strong></span> <span class='ocrx_word' id='word_1_710' title='bbox 3169 3748 3476 3817; x_wconf 73' lang='lat' dir='ltr'><strong>crapulatus</strong></span> <span class='ocrx_word' id='word_1_711' title='bbox 3501 3751 3711 3818; x_wconf 65' lang='lat' dir='ltr'><strong>aspiee«</strong></span> 
     </span>
    </p>
   </div>
   <div class='ocr_carea' id='block_1_98' title="bbox 2126 3833 3711 3907">
    <p class='ocr_par' dir='ltr' id='par_1_98' title="bbox 2126 3833 3711 3907">
     <span class='ocr_line' id='line_1_98' title="bbox 2126 3833 3711 3907; baseline 0.008 -23"><span class='ocrx_word' id='word_1_712' title='bbox 2126 3840 2229 3898; x_wconf 85' lang='lat' dir='ltr'><strong>ret,</strong></span> <span class='ocrx_word' id='word_1_713' title='bbox 2272 3833 2469 3887; x_wconf 90' lang='lat' dir='ltr'><strong>elisum</strong></span> <span class='ocrx_word' id='word_1_714' title='bbox 2513 3847 2678 3903; x_wconf 88' lang='lat' dir='ltr'><strong>super</strong></span> <span class='ocrx_word' id='word_1_715' title='bbox 2710 3850 2985 3889; x_wconf 86' lang='lat' dir='ltr'><strong>scamnum</strong></span> <span class='ocrx_word' id='word_1_716' title='bbox 3017 3839 3201 3907; x_wconf 88' lang='lat' dir='ltr'><strong>pugnis</strong></span> <span class='ocrx_word' id='word_1_717' title='bbox 3229 3853 3291 3891; x_wconf 89' lang='lat' dir='ltr'><strong>ac</strong></span> <span class='ocrx_word' id='word_1_718' title='bbox 3338 3839 3565 3895; x_wconf 87' lang='lat' dir='ltr'><strong>diversis</strong></span> <span class='ocrx_word' id='word_1_719' title='bbox 3592 3840 3711 3896; x_wconf 80' lang='lat' dir='ltr'><strong>icti-</strong></span> 
     </span>
    </p>
   </div>
   <div class='ocr_carea' id='block_1_99' title="bbox 2124 3922 3709 3998">
    <p class='ocr_par' dir='ltr' id='par_1_99' title="bbox 2124 3922 3709 3998">
     <span class='ocr_line' id='line_1_99' title="bbox 2124 3922 3709 3998; baseline 0.005 -20"><span class='ocrx_word' id='word_1_720' title='bbox 2124 3922 2226 3978; x_wconf 89' lang='lat' dir='ltr'><strong>bus</strong></span> <span class='ocrx_word' id='word_1_721' title='bbox 2257 3923 2580 3990; x_wconf 81' lang='lat' dir='ltr'><strong>verberavit,</strong></span> <span class='ocrx_word' id='word_1_722' title='bbox 2625 3935 2681 3979; x_wconf 93' lang='lat' dir='ltr'><strong>ut</strong></span> <span class='ocrx_word' id='word_1_723' title='bbox 2704 3940 2839 3995; x_wconf 86' lang='lat' dir='ltr'><strong>pene</strong></span> <span class='ocrx_word' id='word_1_724' title='bbox 2869 3929 3102 3982; x_wconf 89' lang='lat' dir='ltr'><strong>animam</strong></span> <span class='ocrx_word' id='word_1_725' title='bbox 3138 3929 3367 3984; x_wconf 83' lang='lat' dir='ltr'><strong>reddere</strong></span> <span class='ocrx_word' id='word_1_726' title='bbox 3399 3930 3709 3998; x_wconf 89' lang='lat' dir='ltr'><strong>videretur;</strong></span> 
     </span>
    </p>
   </div>
   <div class='ocr_carea' id='block_1_100' title="bbox 2124 4019 3709 4085">
    <p class='ocr_par' dir='ltr' id='par_1_100' title="bbox 2124 4019 3709 4085">
     <span class='ocr_line' id='line_1_100' title="bbox 2124 4019 3709 4085; baseline 0.004 -13"><span class='ocrx_word' id='word_1_727' title='bbox 2124 4028 2176 4073; x_wconf 91' lang='lat' dir='ltr'><strong>et</strong></span> <span class='ocrx_word' id='word_1_728' title='bbox 2206 4019 2420 4075; x_wconf 89' lang='lat' dir='ltr'><strong>fecisset</strong></span> <span class='ocrx_word' id='word_1_729' title='bbox 2452 4021 2696 4085; x_wconf 86' lang='lat' dir='ltr'><strong>forsitan,</strong></span> <span class='ocrx_word' id='word_1_730' title='bbox 2750 4021 2795 4075; x_wconf 81' lang='lat' dir='ltr'><strong>si</strong></span> <span class='ocrx_word' id='word_1_731' title='bbox 2843 4022 2890 4077; x_wconf 92' lang='lat' dir='ltr'><strong>ei</strong></span> <span class='ocrx_word' id='word_1_732' title='bbox 2919 4021 3247 4077; x_wconf 84' lang='lat' dir='ltr'><strong>medicorum</strong></span> <span class='ocrx_word' id='word_1_733' title='bbox 3272 4033 3505 4078; x_wconf 67' lang='lat' dir='ltr'><strong>ventosa:</strong></span> <span class='ocrx_word' id='word_1_734' title='bbox 3530 4032 3557 4072; x_wconf 74' lang='grc' dir='ltr'>ε</span> <span class='ocrx_word' id='word_1_735' title='bbox 3599 4039 3709 4079; x_wconf 91' lang='lat' dir='ltr'><strong>non</strong></span> 
     </span>
    </p>
   </div>
   <div class='ocr_carea' id='block_1_101' title="bbox 2122 4098 3710 4183">
    <p class='ocr_par' dir='ltr' id='par_1_101' title="bbox 2122 4098 3710 4183">
     <span class='ocr_line' id='line_1_101' title="bbox 2122 4098 3710 4183; baseline 0.001 -18"><span class='ocrx_word' id='word_1_736' title='bbox 2122 4110 2522 4165; x_wconf 88' lang='lat' dir='ltr'><strong>subvenissent.</strong></span> <span class='ocrx_word' id='word_1_737' title='bbox 2562 4109 2801 4164; x_wconf 82' lang='lat' dir='ltr'><strong>Habebat</strong></span> <span class='ocrx_word' id='word_1_738' title='bbox 2827 4111 2968 4165; x_wconf 90' lang='lat' dir='ltr'><strong>enim</strong></span> <span class='ocrx_word' id='word_1_739' title='bbox 2996 4098 3092 4180; x_wconf 76' lang='lat' dir='ltr'><strong>pro</strong></span> <span class='ocrx_word' id='word_1_740' title='bbox 3124 4108 3315 4166; x_wconf 89' lang='lat' dir='ltr'><strong>timore</strong></span> <span class='ocrx_word' id='word_1_741' title='bbox 3348 4113 3486 4181; x_wconf 87' lang='lat' dir='ltr'><strong>regis</strong></span> <span class='ocrx_word' id='word_1_742' title='bbox 3516 4114 3566 4167; x_wconf 86' lang='lat' dir='ltr'><strong>in</strong></span> <span class='ocrx_word' id='word_1_743' title='bbox 3593 4117 3710 4183; x_wconf 84' lang='lat' dir='ltr'><strong>ipso</strong></span> 
     </span>
    </p>
   </div>
   <div class='ocr_carea' id='block_1_102' title="bbox 2120 4199 3702 4274">
    <p class='ocr_par' dir='ltr' id='par_1_102' title="bbox 2120 4199 3702 4274">
     <span class='ocr_line' id='line_1_102' title="bbox 2120 4199 3702 4274; baseline 0.003 -17"><span class='ocrx_word' id='word_1_744' title='bbox 2120 4201 2432 4257; x_wconf 88' lang='lat' dir='ltr'><strong>salutatorio</strong></span> <span class='ocrx_word' id='word_1_745' title='bbox 2459 4199 2487 4237; x_wconf 76' lang='grc' dir='ltr'><strong>ιι</strong></span> <span class='ocrx_word' id='word_1_746' title='bbox 2527 4203 2696 4257; x_wconf 88' lang='lat' dir='ltr'><strong>beatae</strong></span> <span class='ocrx_word' id='word_1_747' title='bbox 2727 4202 2885 4274; x_wconf 64' lang='lat'><strong>357</strong></span> <span class='ocrx_word' id='word_1_748' title='bbox 2916 4204 3154 4259; x_wconf 85' lang='lat' dir='ltr'><strong>basilicae</strong></span> <span class='ocrx_word' id='word_1_749' title='bbox 3179 4207 3535 4260; x_wconf 88' lang='lat' dir='ltr'><strong>mansionem.</strong></span> <span class='ocrx_word' id='word_1_750' title='bbox 3568 4208 3702 4261; x_wconf 81' lang='lat' dir='ltr'><strong>Cum</strong></span> 
     </span>
    </p>
   </div>
   <div class='ocr_carea' id='block_1_103' title="bbox 2120 4293 3709 4364">
    <p class='ocr_par' dir='ltr' id='par_1_103' title="bbox 2120 4293 3709 4364">
     <span class='ocr_line' id='line_1_103' title="bbox 2120 4293 3709 4364; baseline 0.003 -17"><span class='ocrx_word' id='word_1_751' title='bbox 2120 4305 2299 4348; x_wconf 90' lang='lat' dir='ltr'><strong>autem</strong></span> <span class='ocrx_word' id='word_1_752' title='bbox 2326 4293 2625 4364; x_wconf 79' lang='lat' dir='ltr'><strong>presbyter,</strong></span> <span class='ocrx_word' id='word_1_753' title='bbox 2679 4295 2767 4364; x_wconf 91' lang='lat' dir='ltr'><strong>qui</strong></span> <span class='ocrx_word' id='word_1_754' title='bbox 2819 4296 2995 4350; x_wconf 81' lang='lat' dir='ltr'><strong>claves</strong></span> <span class='ocrx_word' id='word_1_755' title='bbox 3025 4295 3150 4351; x_wconf 92' lang='lat' dir='ltr'><strong>ostii</strong></span> <span class='ocrx_word' id='word_1_756' title='bbox 3180 4297 3478 4361; x_wconf 85' lang='lat' dir='ltr'><strong>retinebat,</strong></span> <span class='ocrx_word' id='word_1_757' title='bbox 3512 4298 3709 4352; x_wconf 90' lang='lat' dir='ltr'><strong>clausis</strong></span> 
     </span>
    </p>
   </div>
   <div class='ocr_carea' id='block_1_104' title="bbox 2119 4384 3705 4453">
    <p class='ocr_par' dir='ltr' id='par_1_104' title="bbox 2119 4384 3705 4453">
     <span class='ocr_line' id='line_1_104' title="bbox 2119 4384 3705 4453; baseline 0 -14"><span class='ocrx_word' id='word_1_758' title='bbox 2119 4384 2336 4453; x_wconf 90' lang='lat' dir='ltr'><strong>reliquis</strong></span> <span class='ocrx_word' id='word_1_759' title='bbox 2360 4387 2689 4449; x_wconf 88' lang='lat' dir='ltr'><strong>recessisset,</strong></span> <span class='ocrx_word' id='word_1_760' title='bbox 2744 4399 2838 4453; x_wconf 90' lang='lat' dir='ltr'><strong>per</strong></span> <span class='ocrx_word' id='word_1_761' title='bbox 2869 4384 2996 4439; x_wconf 92' lang='lat' dir='ltr'><strong>illud</strong></span> <span class='ocrx_word' id='word_1_762' title='bbox 3024 4386 3319 4441; x_wconf 90' lang='lat' dir='ltr'><strong>salutatorii</strong></span> <span class='ocrx_word' id='word_1_763' title='bbox 3364 4388 3563 4441; x_wconf 90' lang='lat' dir='ltr'><strong>ostium</strong></span> <span class='ocrx_word' id='word_1_764' title='bbox 3618 4388 3705 4440; x_wconf 81' lang='lat' dir='ltr'><strong>iu-</strong></span> 
     </span>
    </p>
   </div>
   <div class='ocr_carea' id='block_1_105' title="bbox 2121 4475 3705 4548">
    <p class='ocr_par' dir='ltr' id='par_1_105' title="bbox 2121 4475 3705 4548">
     <span class='ocr_line' id='line_1_105' title="bbox 2121 4475 3705 4548; baseline 0.004 -20"><span class='ocrx_word' id='word_1_765' title='bbox 2121 4484 2392 4530; x_wconf 87' lang='lat' dir='ltr'><strong>troeuntes</strong></span> <span class='ocrx_word' id='word_1_766' title='bbox 2420 4475 2636 4544; x_wconf 72' lang='lat' dir='ltr'><strong>puellae,</strong></span> <span class='ocrx_word' id='word_1_767' title='bbox 2682 4491 2803 4530; x_wconf 88' lang='lat' dir='ltr'><strong>cum</strong></span> <span class='ocrx_word' id='word_1_768' title='bbox 2837 4477 3056 4547; x_wconf 90' lang='lat' dir='ltr'><strong>reliquis</strong></span> <span class='ocrx_word' id='word_1_769' title='bbox 3082 4478 3262 4547; x_wconf 91' lang='lat' dir='ltr'><strong>pueris</strong></span> <span class='ocrx_word' id='word_1_770' title='bbox 3288 4478 3405 4547; x_wconf 89' lang='lat' dir='ltr'><strong>ejus</strong></span> <span class='ocrx_word' id='word_1_771' title='bbox 3436 4477 3705 4548; x_wconf 83' lang='lat' dir='ltr'><strong>suspicie-</strong></span> 
     </span>
    </p>
   </div>
   <div class='ocr_carea' id='block_1_106' title="bbox 2120 4568 3709 4639">
    <p class='ocr_par' dir='ltr' id='par_1_106' title="bbox 2120 4568 3709 4639">
     <span class='ocr_line' id='line_1_106' title="bbox 2120 4568 3709 4639; baseline 0.002 -16"><span class='ocrx_word' id='word_1_772' title='bbox 2120 4569 2248 4623; x_wconf 87' lang='lat' dir='ltr'><strong>bant</strong></span> <span class='ocrx_word' id='word_1_773' title='bbox 2299 4568 2535 4635; x_wconf 86' lang='lat' dir='ltr'><strong>picturas</strong></span> <span class='ocrx_word' id='word_1_774' title='bbox 2591 4569 2875 4637; x_wconf 88' lang='lat' dir='ltr'><strong>parietum,</strong></span> <span class='ocrx_word' id='word_1_775' title='bbox 2925 4568 3362 4639; x_wconf 88' lang='lat' dir='ltr'><strong>rimabauturque</strong></span> <span class='ocrx_word' id='word_1_776' title='bbox 3392 4579 3709 4626; x_wconf 81' lang='lat' dir='ltr'><strong>ornamenta</strong></span> 
     </span>
    </p>
   </div>
   <div class='ocr_carea' id='block_1_107' title="bbox 2635 4667 3710 4739">
    <p class='ocr_par' dir='ltr' id='par_1_107' title="bbox 2635 4667 3710 4739">
     <span class='ocr_line' id='line_1_107' title="bbox 2635 4667 3710 4739; baseline 0.005 -18"><span class='ocrx_word' id='word_1_777' title='bbox 2635 4667 2773 4737; x_wconf 89' lang='lat' dir='ltr'><strong>quod</strong></span> <span class='ocrx_word' id='word_1_778' title='bbox 2823 4668 2975 4723; x_wconf 88' lang='lat' dir='ltr'><strong>valde</strong></span> <span class='ocrx_word' id='word_1_779' title='bbox 3026 4669 3387 4725; x_wconf 88' lang='lat' dir='ltr'><strong>facinorosum</strong></span> <span class='ocrx_word' id='word_1_780' title='bbox 3444 4668 3710 4739; x_wconf 74' lang='lat' dir='ltr'><strong>religiosis</strong></span> 
     </span>
    </p>
   </div>
   <div class='ocr_carea' id='block_1_108' title="bbox 2120 4758 3710 4830">
    <p class='ocr_par' dir='ltr' id='par_1_108' title="bbox 2120 4758 3710 4830">
     <span class='ocr_line' id='line_1_108' title="bbox 2120 4758 3710 4830; baseline 0.001 -14"><span class='ocrx_word' id='word_1_781' title='bbox 2120 4769 2255 4816; x_wconf 87' lang='lat' dir='ltr'><strong>erat.</strong></span> <span class='ocrx_word' id='word_1_782' title='bbox 2284 4758 2435 4826; x_wconf 84' lang='lat' dir='ltr'><strong>Quod</strong></span> <span class='ocrx_word' id='word_1_783' title='bbox 2464 4774 2584 4813; x_wconf 91' lang='lat' dir='ltr'><strong>cum</strong></span> <span class='ocrx_word' id='word_1_784' title='bbox 2612 4760 2894 4830; x_wconf 87' lang='lat' dir='ltr'><strong>presbyter</strong></span> <span class='ocrx_word' id='word_1_785' title='bbox 2930 4762 3288 4830; x_wconf 85' lang='lat' dir='ltr'><strong>cognovisset,</strong></span> <span class='ocrx_word' id='word_1_786' title='bbox 3316 4761 3510 4817; x_wconf 80' lang='lat' dir='ltr'><strong>deﬁxis</strong></span> <span class='ocrx_word' id='word_1_787' title='bbox 3537 4762 3710 4818; x_wconf 83' lang='lat' dir='ltr'><strong>clavis</strong></span> 
     </span>
    </p>
   </div>
   <div class='ocr_carea' id='block_1_109' title="bbox 2121 4852 3706 4922">
    <p class='ocr_par' dir='ltr' id='par_1_109' title="bbox 2121 4852 3706 4922">
     <span class='ocr_line' id='line_1_109' title="bbox 2121 4852 3706 4922; baseline 0.001 -15"><span class='ocrx_word' id='word_1_788' title='bbox 2121 4867 2282 4922; x_wconf 87' lang='lat' dir='ltr'><strong>super</strong></span> <span class='ocrx_word' id='word_1_789' title='bbox 2312 4852 2527 4919; x_wconf 89' lang='lat' dir='ltr'><strong>ostium,</strong></span> <span class='ocrx_word' id='word_1_790' title='bbox 2559 4852 2879 4908; x_wconf 89' lang='lat' dir='ltr'><strong>intrinsecus</strong></span> <span class='ocrx_word' id='word_1_791' title='bbox 2906 4867 3054 4909; x_wconf 90' lang='lat' dir='ltr'><strong>seras</strong></span> <span class='ocrx_word' id='word_1_792' title='bbox 3074 4856 3291 4922; x_wconf 87' lang='lat' dir='ltr'><strong>aptavit.</strong></span> <span class='ocrx_word' id='word_1_793' title='bbox 3321 4855 3443 4909; x_wconf 72' lang='lat' dir='ltr'><strong>Ilaec</strong></span> <span class='ocrx_word' id='word_1_794' title='bbox 3465 4854 3559 4910; x_wconf 90' lang='lat' dir='ltr'><strong>ille</strong></span> <span class='ocrx_word' id='word_1_795' title='bbox 3583 4869 3706 4909; x_wconf 90' lang='lat' dir='ltr'><strong>cum</strong></span> 
     </span>
    </p>
   </div>
   <div class='ocr_carea' id='block_1_110' title="bbox 2125 4944 3706 5014">
    <p class='ocr_par' dir='ltr' id='par_1_110' title="bbox 2125 4944 3706 5014">
     <span class='ocr_line' id='line_1_110' title="bbox 2125 4944 3706 5014; baseline 0.003 -15"><span class='ocrx_word' id='word_1_796' title='bbox 2125 4955 2245 5014; x_wconf 89' lang='lat' dir='ltr'><strong>post</strong></span> <span class='ocrx_word' id='word_1_797' title='bbox 2272 4958 2479 5000; x_wconf 84' lang='lat' dir='ltr'><strong>coenam</strong></span> <span class='ocrx_word' id='word_1_798' title='bbox 2534 4945 2660 5000; x_wconf 89' lang='lat' dir='ltr'><strong>vino</strong></span> <span class='ocrx_word' id='word_1_799' title='bbox 2715 4944 2960 5002; x_wconf 79' lang='lat' dir='ltr'><strong>madidus</strong></span> <span class='ocrx_word' id='word_1_800' title='bbox 3003 4947 3341 5013; x_wconf 87' lang='lat' dir='ltr'><strong>advertisset,</strong></span> <span class='ocrx_word' id='word_1_801' title='bbox 3397 4958 3452 5003; x_wconf 92' lang='lat' dir='ltr'><strong>et</strong></span> <span class='ocrx_word' id='word_1_802' title='bbox 3502 4962 3605 5004; x_wconf 85' lang='lat' dir='ltr'><strong>nos</strong></span> <span class='ocrx_word' id='word_1_803' title='bbox 3654 4948 3706 5003; x_wconf 89' lang='lat' dir='ltr'><strong>in</strong></span> 
     </span>
    </p>
   </div>
   <div class='ocr_carea' id='block_1_111' title="bbox 2112 5096 3066 5156">
    <p class='ocr_par' dir='ltr' id='par_1_111' title="bbox 2112 5096 3066 5156">
     <span class='ocr_line' id='line_1_111' title="bbox 2112 5096 3066 5156; baseline 0.001 -1"><span class='ocrx_word' id='word_1_804' title='bbox 2112 5100 2289 5155; x_wconf 83' lang='lat' dir='ltr'><strong>liorem</strong></span> <span class='ocrx_word' id='word_1_805' title='bbox 2316 5114 2367 5151; x_wconf 81' lang='lat' dir='ltr'><strong>se</strong></span> <span class='ocrx_word' id='word_1_806' title='bbox 2396 5096 2687 5151; x_wconf 75' lang='lat' dir='ltr'><strong>existimans</strong></span> <span class='ocrx_word' id='word_1_807' title='bbox 2709 5097 3066 5156; x_wconf 84' lang='lat' dir='ltr'><strong>Brunichilde.</strong></span> 
     </span>
    </p>
   </div>
   <div class='ocr_carea' id='block_1_112' title="bbox 2192 5169 3704 5237">
    <p class='ocr_par' dir='ltr' id='par_1_112' title="bbox 2192 5169 3704 5237">
     <span class='ocr_line' id='line_1_112' title="bbox 2192 5169 3704 5237; baseline 0.007 -17"><span class='ocrx_word' id='word_1_808' title='bbox 2192 5179 2217 5207; x_wconf 78' lang='grc' dir='ltr'><strong>ο</strong></span> <span class='ocrx_word' id='word_1_809' title='bbox 2261 5169 2407 5230; x_wconf 82' lang='lat' dir='ltr'><strong>Mss.,</strong></span> <span class='ocrx_word' id='word_1_810' title='bbox 2439 5176 2664 5233; x_wconf 85' lang='lat' dir='ltr'><strong>excepto</strong></span> <span class='ocrx_word' id='word_1_811' title='bbox 2696 5170 2843 5234; x_wconf 87' lang='lat' dir='ltr'><strong>Bec.,</strong></span> <span class='ocrx_word' id='word_1_812' title='bbox 2879 5172 2929 5225; x_wconf 94' lang='lat' dir='ltr'><strong>in</strong></span> <span class='ocrx_word' id='word_1_813' title='bbox 2971 5171 3204 5237; x_wconf 89' lang='lat' dir='ltr'><strong>capitum</strong></span> <span class='ocrx_word' id='word_1_814' title='bbox 3254 5174 3428 5230; x_wconf 88' lang='lat' dir='ltr'><strong>indice</strong></span> <span class='ocrx_word' id='word_1_815' title='bbox 3477 5176 3704 5237; x_wconf 75' lang='lat' dir='ltr'><strong>habent,</strong></span> 
     </span>
    </p>
   </div>
   <div class='ocr_carea' id='block_1_113' title="bbox 2114 5238 3704 5313">
    <p class='ocr_par' dir='ltr' id='par_1_113' title="bbox 2114 5238 3704 5313">
     <span class='ocr_line' id='line_1_113' title="bbox 2114 5238 3704 5313; baseline 0.005 -18"><span class='ocrx_word' id='word_1_816' title='bbox 2114 5240 2386 5313; x_wconf 52' lang='lat' dir='ltr'><strong>Bantius.</strong></span> <span class='ocrx_word' id='word_1_817' title='bbox 2436 5238 2765 5313; x_wconf 61' lang='lat' dir='ltr'><strong>Cubicularii</strong></span> <span class='ocrx_word' id='word_1_818' title='bbox 2806 5254 2928 5295; x_wconf 92' lang='lat' dir='ltr'><strong>cum</strong></span> <span class='ocrx_word' id='word_1_819' title='bbox 2988 5242 3108 5296; x_wconf 78' lang='lat' dir='ltr'><strong>aliis</strong></span> <span class='ocrx_word' id='word_1_820' title='bbox 3152 5245 3330 5310; x_wconf 91' lang='lat' dir='ltr'><strong>palatii</strong></span> <span class='ocrx_word' id='word_1_821' title='bbox 3389 5248 3704 5313; x_wconf 78' lang='lat' dir='ltr'><strong>proceribus</strong></span> 
     </span>
    </p>
   </div>
   <div class='ocr_carea' id='block_1_114' title="bbox 2116 5308 3703 5380">
    <p class='ocr_par' dir='ltr' id='par_1_114' title="bbox 2116 5308 3703 5380">
     <span class='ocr_line' id='line_1_114' title="bbox 2116 5308 3703 5380; baseline 0.004 -14"><span class='ocrx_word' id='word_1_822' title='bbox 2116 5309 2230 5380; x_wconf 87' lang='lat' dir='ltr'><strong>regi</strong></span> <span class='ocrx_word' id='word_1_823' title='bbox 2255 5313 2306 5363; x_wconf 91' lang='lat' dir='ltr'><strong>iu</strong></span> <span class='ocrx_word' id='word_1_824' title='bbox 2340 5308 2903 5380; x_wconf 74' lang='lat' dir='ltr'><strong>placitisassidebant,</strong></span> <span class='ocrx_word' id='word_1_825' title='bbox 2936 5320 2994 5366; x_wconf 93' lang='lat' dir='ltr'><strong>ut</strong></span> <span class='ocrx_word' id='word_1_826' title='bbox 3018 5308 3165 5378; x_wconf 86' lang='lat' dir='ltr'><strong>patet</strong></span> <span class='ocrx_word' id='word_1_827' title='bbox 3184 5328 3246 5368; x_wconf 74' lang='lat' dir='ltr'><strong>ex</strong></span> <span class='ocrx_word' id='word_1_828' title='bbox 3280 5308 3419 5370; x_wconf 51' lang='lat' dir='ltr'><strong>Iibft</strong></span> <span class='ocrx_word' id='word_1_829' title='bbox 3461 5316 3703 5373; x_wconf 75' lang='lat' dir='ltr'><strong>Marcelli</strong></span> 
     </span>
    </p>
   </div>
   <div class='ocr_carea' id='block_1_115' title="bbox 2114 5376 3268 5451">
    <p class='ocr_par' dir='ltr' id='par_1_115' title="bbox 2114 5376 3268 5451">
     <span class='ocr_line' id='line_1_115' title="bbox 2114 5376 3268 5451; baseline 0 -14"><span class='ocrx_word' id='word_1_830' title='bbox 2114 5376 2337 5451; x_wconf 69' lang='lat' dir='ltr'><strong>formula</strong></span> <span class='ocrx_word' id='word_1_831' title='bbox 2369 5376 2592 5451; x_wconf 19' lang='lat' dir='ltr'><strong>23.AAlii</strong></span> <span class='ocrx_word' id='word_1_832' title='bbox 2623 5376 2951 5435; x_wconf 81' lang='lat' dir='ltr'><strong>domesticos</strong></span> <span class='ocrx_word' id='word_1_833' title='bbox 2978 5376 3268 5451; x_wconf 88' lang='lat' dir='ltr'><strong>appellant.</strong></span> 
     </span>
    </p>
   </div>
   <div class='ocr_carea' id='block_1_116' title="bbox 2190 5448 3703 5526">
    <p class='ocr_par' dir='ltr' id='par_1_116' title="bbox 2190 5448 3703 5526">
     <span class='ocr_line' id='line_1_116' title="bbox 2190 5448 3703 5526; baseline 0.005 -23"><span class='ocrx_word' id='word_1_834' title='bbox 2190 5450 2211 5487; x_wconf 71' lang='grc' dir='ltr'><strong>ί</strong></span> <span class='ocrx_word' id='word_1_835' title='bbox 2252 5448 2522 5526; x_wconf 76' lang='lat' dir='ltr'><strong>Sie_(Iolb.</strong></span> <span class='ocrx_word' id='word_1_836' title='bbox 2549 5464 2599 5502; x_wconf 90' lang='lat' dir='ltr'><strong>a.</strong></span> <span class='ocrx_word' id='word_1_837' title='bbox 2633 5451 2798 5526; x_wconf 86' lang='lat' dir='ltr'><strong>altera</strong></span> <span class='ocrx_word' id='word_1_838' title='bbox 2823 5448 3226 5526; x_wconf 43' lang='lat' dir='ltr'><strong>manu._&#39;Ca;teui</strong></span> <span class='ocrx_word' id='word_1_839' title='bbox 3275 5457 3490 5523; x_wconf 81' lang='lat' dir='ltr'><strong>habent,</strong></span> <span class='ocrx_word' id='word_1_840' title='bbox 3539 5474 3703 5526; x_wconf 65' lang='lat' dir='ltr'><strong>rspo-</strong></span> 
     </span>
    </p>
   </div>
   <div class='ocr_carea' id='block_1_117' title="bbox 2109 5520 3701 5604">
    <p class='ocr_par' dir='ltr' id='par_1_117' title="bbox 2109 5520 3701 5604">
     <span class='ocr_line' id='line_1_117' title="bbox 2109 5520 3701 5604; baseline 0.005 -27"><span class='ocrx_word' id='word_1_841' title='bbox 2109 5525 2232 5604; x_wconf 70' lang='lat' dir='ltr'><strong>sttit.</strong></span> <span class='ocrx_word' id='word_1_842' title='bbox 2282 5520 2439 5590; x_wconf 84' lang='lat' dir='ltr'><strong>Infra,</strong></span> <span class='ocrx_word' id='word_1_843' title='bbox 2486 5524 2919 5592; x_wconf 85' lang='lat' dir='ltr'><strong>commendatum,</strong></span> <span class='ocrx_word' id='word_1_844' title='bbox 2972 5521 3025 5578; x_wconf 88' lang='lat' dir='ltr'><strong>id</strong></span> <span class='ocrx_word' id='word_1_845' title='bbox 3051 5533 3152 5587; x_wconf 88' lang='lat' dir='ltr'><strong>est,</strong></span> <span class='ocrx_word' id='word_1_846' title='bbox 3184 5528 3323 5596; x_wconf 88' lang='lat' dir='ltr'><strong>apud</strong></span> <span class='ocrx_word' id='word_1_847' title='bbox 3370 5520 3504 5583; x_wconf 84' lang='lat' dir='ltr'><strong>alios</strong></span> <span class='ocrx_word' id='word_1_848' title='bbox 3534 5520 3701 5598; x_wconf 74' lang='lat' dir='ltr'><strong>depo-</strong></span> 
     </span>
    </p>
   </div>
   <div class='ocr_carea' id='block_1_118' title="bbox 2108 5606 2290 5647">
    <p class='ocr_par' dir='ltr' id='par_1_118' title="bbox 2108 5606 2290 5647">
     <span class='ocr_line' id='line_1_118' title="bbox 2108 5606 2290 5647; baseline -0.022 0"><span class='ocrx_word' id='word_1_849' title='bbox 2108 5606 2290 5647; x_wconf 76' lang='grc'><strong>81111111.</strong></span> 
     </span>
    </p>
   </div>
   <div class='ocr_carea' id='block_1_119' title="bbox 2182 5661 2789 5726">
    <p class='ocr_par' dir='ltr' id='par_1_119' title="bbox 2182 5661 2789 5726">
     <span class='ocr_line' id='line_1_119' title="bbox 2182 5661 2789 5726; baseline 0.008 -14"><span class='ocrx_word' id='word_1_850' title='bbox 2182 5673 2207 5711; x_wconf 82' lang='lat' dir='ltr'><strong>s</strong></span> <span class='ocrx_word' id='word_1_851' title='bbox 2246 5661 2400 5719; x_wconf 90' lang='lat' dir='ltr'><strong>Colb.</strong></span> <span class='ocrx_word' id='word_1_852' title='bbox 2428 5663 2551 5726; x_wconf 93' lang='lat' dir='ltr'><strong>duo,</strong></span> <span class='ocrx_word' id='word_1_853' title='bbox 2588 5664 2789 5717; x_wconf 71' lang='lat' dir='ltr'><strong>solatia.</strong></span> 
     </span>
    </p>
   </div>
   <div class='ocr_carea' id='block_1_120' title="bbox 2179 5731 3697 5808">
    <p class='ocr_par' dir='ltr' id='par_1_120' title="bbox 2179 5731 3697 5808">
     <span class='ocr_line' id='line_1_120' title="bbox 2179 5731 3697 5808; baseline 0.005 -21"><span class='ocrx_word' id='word_1_854' title='bbox 2179 5731 2206 5770; x_wconf 68' lang='grc' dir='ltr'><strong>ιι</strong></span> <span class='ocrx_word' id='word_1_855' title='bbox 2246 5734 2395 5808; x_wconf 77' lang='lat' dir='ltr'><strong>Golb.</strong></span> <span class='ocrx_word' id='word_1_856' title='bbox 2424 5750 2520 5796; x_wconf 92' lang='lat' dir='ltr'><strong>m.,</strong></span> <span class='ocrx_word' id='word_1_857' title='bbox 2549 5736 2820 5808; x_wconf 67' lang='lat' dir='ltr'><strong>salutaria,</strong></span> <span class='ocrx_word' id='word_1_858' title='bbox 2853 5747 2907 5808; x_wconf 89' lang='lat' dir='ltr'><strong>et</strong></span> <span class='ocrx_word' id='word_1_859' title='bbox 2934 5735 3091 5800; x_wconf 81' lang='lat' dir='ltr'><strong>infra,</strong></span> <span class='ocrx_word' id='word_1_860' title='bbox 3116 5739 3372 5805; x_wconf 79' lang='lat' dir='ltr'><strong>salutarii,</strong></span> <span class='ocrx_word' id='word_1_861' title='bbox 3403 5745 3458 5793; x_wconf 86' lang='lat' dir='ltr'><strong>et</strong></span> <span class='ocrx_word' id='word_1_862' title='bbox 3483 5739 3697 5808; x_wconf 84' lang='lat' dir='ltr'><strong>Casin.,</strong></span> 
     </span>
    </p>
   </div>
   <div class='ocr_carea' id='block_1_121' title="bbox 2109 5804 3697 5879">
    <p class='ocr_par' dir='ltr' id='par_1_121' title="bbox 2109 5804 3697 5879">
     <span class='ocr_line' id='line_1_121' title="bbox 2109 5804 3697 5879; baseline 0.006 -22"><span class='ocrx_word' id='word_1_863' title='bbox 2109 5804 2434 5879; x_wconf 58' lang='lat' dir='ltr'><strong>sacraria...</strong></span> <span class='ocrx_word' id='word_1_864' title='bbox 2483 5806 2741 5879; x_wconf 64' lang='grc' dir='ltr'><strong>δαίων-ἕξ.Δ</strong></span> <span class='ocrx_word' id='word_1_865' title='bbox 2771 5806 2874 5859; x_wconf 79' lang='lat' dir='ltr'><strong>Sed</strong></span> <span class='ocrx_word' id='word_1_866' title='bbox 2921 5807 3195 5879; x_wconf 81' lang='lat' dir='ltr'><strong>retinenda</strong></span> <span class='ocrx_word' id='word_1_867' title='bbox 3226 5824 3326 5863; x_wconf 83' lang='lat' dir='ltr'><strong>vox</strong></span> <span class='ocrx_word' id='word_1_868' title='bbox 3358 5804 3697 5879; x_wconf 11' lang='lat' dir='ltr'><strong>Vsaltttatorii,</strong></span> 
     </span>
    </p>
   </div>
   <div class='ocr_carea' id='block_1_122' title="bbox 2109 5876 3249 5946">
    <p class='ocr_par' dir='ltr' id='par_1_122' title="bbox 2109 5876 3249 5946">
     <span class='ocr_line' id='line_1_122' title="bbox 2109 5876 3249 5946; baseline 0.004 -15"><span class='ocrx_word' id='word_1_869' title='bbox 2109 5878 2307 5946; x_wconf 69' lang='lat' dir='ltr'><strong>degua</strong></span> <span class='ocrx_word' id='word_1_870' title='bbox 2340 5876 2459 5931; x_wconf 86' lang='lat' dir='ltr'><strong>vide</strong></span> <span class='ocrx_word' id='word_1_871' title='bbox 2487 5888 2649 5943; x_wconf 87' lang='lat' dir='ltr'><strong>supra</strong></span> <span class='ocrx_word' id='word_1_872' title='bbox 2679 5876 2745 5930; x_wconf 90' lang='lat' dir='ltr'><strong>ad</strong></span> <span class='ocrx_word' id='word_1_873' title='bbox 2775 5892 2895 5946; x_wconf 88' lang='lat' dir='ltr'><strong>cap.</strong></span> <span class='ocrx_word' id='word_1_874' title='bbox 2926 5878 2990 5931; x_wconf 74' lang='grc'><strong>21</strong></span> <span class='ocrx_word' id='word_1_875' title='bbox 3020 5878 3160 5931; x_wconf 90' lang='lat' dir='ltr'><strong>libri.</strong></span> <span class='ocrx_word' id='word_1_876' title='bbox 3191 5892 3249 5935; x_wconf 88' lang='grc' dir='ltr'><strong>ιι.</strong></span> 
     </span>
    </p>
   </div>
  </div>
