3966 6348
316 470 419 527 (.29

1216 466 1533 522 HISTORIA
1576 463 2018 519 rmxconun.
2063 462 2261 517 Limn
2302 461 2655 520 SEPTIMUS.
2748 445 2752 449 “

3479 460 3583 515 4ὖῦ

315 585 536 641 basilica
566 585 621 639 in
649 584 804 639 Initio
852 584 1024 640 noctis
1048 584 1307 639 orationis
1335 584 1499 653 gratia
1525 581 1891 651 psalleremus,
1923 582 1976 639 Α
2005 579 2247 631 timoren
2280 577 2487 632 habuit.
2521 578 2649 632 Nam
2698 582 2822 633 dum
2856 587 2999 632 esset
3051 579 3105 635 in
3134 576 3407 642 libertate,
3457 576 3579 645 cqul

314 678 635 732 furibundus
674 676 991 746 ingreditur,
1042 692 1235 744 tneque
1269 675 1525 730 conviciis
1571 688 1634 729 ac
1679 672 1902 727 maledi-

313 765 585 822 ctionibus
612 782 805 835 urgere
831 769 1014 835 coepit,
1042 767 1168 820 illud
1198 768 1335 821 inter
1348 766 1521 836 jorgia
1542 752 1898 834 exprobrans,

313 860 457 929 quod
486 874 587 930 ego
614 875 735 914 eum
758 859 918 914 velim
943 874 972 912 a
1012 857 1184 913 sancti
1212 858 1464 912 antistitis
1499 856 1723 911 fimbriis
1749 869 1903 923 sepa-

314 966 457 1006 rare.
504 950 609 1006 Sed
652 965 751 1020 ego
780 962 1003 1018 stupens
1030 964 1149 1020 qum
1177 951 1347 1003 virum
1398 949 1630 1018 cepisset
1672 947 1896 1015 insania,

312 1041 526 1097 blandis
558 1056 684 1098 eum
732 1040 1071 1096 sermonibus
1097 1040 1334 1095 mulcere
1360 1046 1586 1095 conatus
1619 1052 1759 1092 sum.
1792 1037 1899 1092 Sed

314 1149 439 1189 cum
462 1134 578 1204 ejus
607 1131 769 1188 turias
799 1131 977 1187 verbis
1007 1132 1216 1187 lenibus
1253 1146 1506 1199 superare
1529 1145 1634 1184 non
1666 1144 1897 1199 possem,

313 1226 479 1281 silere
507 1225 740 1280 decrevi.
794 1224 884 1279 Ille
919 1238 1045 1277 vero
1084 1236 1171 1276 me
1222 1231 1437 1275 tactum
1482 1219 1785 1285 intendens,
1830 1218 1898 1272 ad

315 1316 689 1385 presbyterum
721 1324 746 1351 α
782 1312 1134 1377 convertitur,
1164 1311 1465 1377 evomitque
1492 1311 1543 1363 in
1576 1324 1697 1365 eum
1731 1309 1897 1362 multa

314 1404 586 1471 convicia;
642 1419 765 1459 nam
816 1412 871 1459 et
911 1403 1058 1458 illum
1091 1401 1270 1457 verbis
1321 1400 1657 1471 procacibus,
1712 1407 1769 1454 et
1814 1413 1902 1454 me

315 1499 550 1553 diversis
570 1497 878 1565 approbriis
905 1496 1267 1567 impugttabat.
1300 1494 1406 1548 Nos
1436 1508 1564 1549 vero
1588 1507 1708 1547 cum
1739 1489 1901 1545 vidis—

220 1578 227 1585 ’
315 1604 499 1642 scmus
526 1602 671 1654 eum,
704 1597 761 1641 ut
805 1587 874 1641 ita
904 1586 1099 1650 diram,
1130 1586 1212 1654 agi
1242 1599 1273 1637 a
1322 1584 1595 1648 daemone,
1636 1582 1835 1651 egressi
1865 1595 1898 1637 a

316 1678 534 1733 basilica
564 1690 747 1732 sancta
778 1676 1086 1733 scandalum
1112 1677 1423 1745 ngiliasque
1445 1675 1741 1740 Iinivimus,
1769 1673 1898 1729 illud

314 1771 548 1825 maxime
572 1770 841 1839 indignum
873 1768 1128 1834 ferentes,
1161 1768 1301 1837 quod
1320 1757 1430 1822 hoc
1459 1766 1486 1805 δ
1512 1766 1747 1837 jurgium
1772 1765 1897 1821 abs-

322 1876 429 1930 que
470 1861 771 1920 reverentia
811 1862 1006 1926 sancti,
1052 1869 1176 1917 ante
1216 1859 1389 1928 ipsum
1425 1857 1726 1926 sepulcrum
1756 1858 1866 1912 anti

2001 671 2118 738 ejus
2164 684 2225 722 ac
2255 685 2445 738 pecora
2489 686 2583 737 per
2610 678 2820 739 segetes
2861 685 3147 737 pauperum
3178 671 3467 738 vineasque
3495 669 3575 723 di-

2000 760 2371 815 mittebantur.
2420 762 2570 826 Quod
2618 763 2660 817 si
2714 762 3114 830 expellebantur
3142 762 3209 817 ab
3241 763 3322 816 his
3348 778 3572 833 quorum

1999 855 2311 909 avertebant
2360 855 2607 917 labores.
2667 856 2846 910 statim
2890 871 2919 909 a
2969 856 3081 911 suis
3128 856 3573 925 percellebantnr.

2000 946 2131 1002 Nam
2168 949 2221 1002 in
2250 948 2348 1002 hac
2376 948 2616 1019 angustia
2638 966 2739 1020 q'va
2762 959 2899 1017 erat,
2927 966 3067 1022 smpe
3097 953 3574 1019 commemorabat,

2000 1039 2141 1108 quod
2169 1055 2255 1095 res
2278 1042 2416 1095 beati
2438 1040 2693 1097 antistitis
2722 1044 3029 1099 abstttliSSct
3070 1042 3285 1114 injuste.
3338 1046 3577 1113 Denique

2000 1143 2139 1183 anno
2169 1131 2446 1198 superiore
2468 1142 2793 1187 commotum
2817 1132 2841 1169 ἀ
2866 1135 3147 1203 quemdam
3180 1136 3345 1190 levem
3374 1150 3405 1190 e
3441 1137 3577 1191 civi.

1999 1216 2097 1271 bus
2127 1218 2373 1273 ecclesia:
2396 1235 2605 1275 actores
2628 1222 2752 1278 fecit
2793 1225 3156 1291 interpellare.
3191 1226 3340 1280 Tunc
3365 1238 3577 1295 postpo-

1999 1309 2101 1365 sita
2123 1310 2349 1379 justitia,
2384 1326 2489 1379 res,
2522 1328 2655 1381 quas
2693 1315 2819 1368 olim
2848 1316 3073 1371 ecclesia
3107 1317 3432 1385 possidebat,
3480 1321 3578 1373 sub

2000 1402 2179 1471 specie
2201 1404 2489 1471 emptionis
2518 1404 2801 1471 abstraxit,
2861 1407 2982 1462 data
3037 1409 3136 1478 ipsi
3192 1408 3392 1466 homini
3432 1423 3579 1480 parto

2000 1506 2158 1547 aurea
2209 1493 2365 1548 baltei
2418 1496 2522 1553 sui.
2553 1495 2657 1550 Sed
2689 1496 2795 1568 [ΑΙ.
2831 1496 2963 1569 lucc]
3010 1509 3064 1554 et
3094 1499 3218 1555 talia
3267 1502 3429 1556 multa
3462 1518 3579 1571 pcr-

2001 1596 2157 1639 versc
2179 1587 2283 1653 egit
2307 1601 2475 1654 usque
2496 1587 2561 1640 ad
2587 1588 2744 1642 linem
2772 1589 2899 1644 vitae
2926 1606 3053 1655 su.t-,
3080 1606 3240 1661 quem
3268 1602 3296 1631 ο
3324 1593 3375 1648 in
3404 1601 3578 1662 postev

1998 1689 2117 1729 rum
2142 1676 2571 1744 explanabimns.

2071 1765 2261 1821 XXIII.
2303 1768 2556 1823 Praesenti
2588 1767 2608 1808 ί
2650 1785 2863 1839 quoque
2906 1787 3047 1826 anno
3085 1774 3453 1828 Armenlarius
3482 1774 3575 1830 Ju-

1998 1854 2149 1911 (lteus
2169 1873 2289 1911 cum
2319 1872 2425 1913 uno
2450 1868 2611 1914 secta:
2637 1874 2745 1914 suae
2769 1862 2997 1917 satellite
3019 1874 3071 1919 et
3094 1863 3302 1919 duobus
3323 1863 3576 1919 Christia-

314 1953 451 2007 stitis
472 1953 827 2007 excitaverat.
850 1950 946 2009 His
969 1951 1156 2005 diebus
1173 1950 1278 2007 vidi
1306 1950 1600 2015 somnium,
1628 1950 1767 2019 quod
1794 1949 1895 2016 ἰρηί
1928 1939 1971 1998 Β
2004 1946 2104 2010 nis,
2154 1947 2218 2001 ad
2244 1948 2535 2017 exigendas
2570 1953 2866 2019 cautiones,
2894 1968 3035 2024 quas.
3058 1955 3105 2010 ei
3140 1968 3355 2025 propter
3384 1959 3577 2014 tributa

315 2044 370 2098 in
400 2052 587 2100 sancta
610 2043 825 2097 basilica
866 2043 1045 2108 retuli,
1078 2042 1261 2097 dicens
1290 2060 1302 2095 :
1338 2042 1590 2097 Putabam
1633 2058 1717 2096 me
1747 2042 1898 2112 quasi

316 2134 370 2188 in
400 2135 499 2190 hac
529 2135 746 2191 basilica
787 2143 1129 2192 sacrosancta
1158 2134 1437 2189 Missarum
1466 2134 1723 2189 solemnia
1753 2134 1898 2187 cele-

316 2224 496 2280 brare.
517 2224 754 2295 Cumque
776 2225 887 2296 jam
910 2225 1152 2281 altarium
1176 2241 1295 2280 cum
1319 2224 1673 2280 oblationibus
1698 2227 1858 2292 pallio
1874 2234 1896 2264 ο

317 2319 496 2375 serico
516 2328 824 2388 coopertum
868 2327 1033 2386 esset,
1090 2318 1269 2373 subito
1315 2314 1700 2387 ingredientem
1729 2315 1899 2372 Gunt—

316 2413 632 2469 cbramnum
659 2427 841 2480 regem
868 2413 1163 2481 conspicio,
1194 2397 1287 2482 qu't
1316 2426 1444 2468 voce
1482 2426 1673 2483 magna
1703 2411 1900 2467 clama-

316 2504 442 2559 bat:
473 2503 753 2559 Extrahite
784 2504 1058 2559 inimicum
1089 2503 1451 2573 generationis
1476 2514 1672 2559 nostra)
1696 2543 1715 2571 ,
1748 2505 1897 2559 evel-

317 2594 411 2649 lite
435 2592 757 2648 honticivfam
800 2608 831 2649 a
876 2608 1032 2649 sacro
1062 2594 1155 2649 Dei
1183 2594 1391 2648 altario.
1418 2597 1485 2648 At
1511 2609 1610 2665 ego
1631 2610 1752 2650 cum
1785 2594 1899 2653 hate

318 2687 581 2751 audirem,
608 2685 673 2740 ad
703 2696 754 2741 te
792 2700 1085 2742 conversus
1108 2686 1215 2740 dixi
1253 2704 1265 2741 :
1301 2687 1655 2757 Apprchendc
1685 2686 1896 2756 pallium

318 2775 520 2839 altaris,
575 2777 778 2841 infelix,
829 2791 938 2847 quo
964 2793 1114 2833 sacra
1144 2792 1364 2832 munera
1414 2788 1788 2848 conteguntur,
1831 2795 1898 2836 ne

318 2868 441 2923 hinc
466 2869 754 2938 abj‘ciaris.
785 2870 1024 2940 Cumque
1051 2872 1504 2940 apprehetideres,
1527 2871 1745 2929 laxabas
1772 2887 1896 2929 eum

316 2975 498 3025 manu,
526 2971 580 3015 et
604 2976 708 3016 non
732 2960 951 3017 viriliter
980 2962 1277 3019 detittebas.
1316 2963 1423 3033 Ego
1470 2977 1600 3018 vero
1638 2963 1897 3033 expansis

318 3052 591 3118 manibus,
623 3062 809 3107 contra
840 3062 1023 3121 pectus
1052 3054 1193 3122 regis
1216 3068 1389 3107 meum
1416 3064 1595 3121 peetus
1625 3052 1893 3123 aptabant,

266 3216 274 3223 _
321 3144 503 3201 dicens
527 3162 542 3200 :
564 3144 685 3200 Noli
706 3145 904 3215 ejicere
925 3144 1063 3201 hunc
1080 3144 1348 3201 hominem
1370 3147 1437 3200 de
1454 3145 1670 3202 basilica
1687 3156 1893 3215 sancta,

321 3252 386 3293 ne
429 3239 555 3293 vitae
600 3238 891 3308 periculum
946 3239 1185 3308 patiaris,
1240 3253 1304 3293 ne
1356 3249 1406 3294 te
1431 3248 1647 3294 sanctus
1673 3239 1895 3294 antistes

322 3329 485 3400 368
530 3303 624 3384 sua
674 3332 871 3385 virtute
894 3303 1183 3386 cottlodiat.
1232 3329 1349 3384 Noli
1384 3340 1435 3385 te
1462 3329 1677 3399 proprio
1716 3329 1895 3399 jllCUIO
1922 3303 1972 3369 δ

318 3422 633 3477 interimere
662 3437 677 3475 :
710 3420 833 3491 quia
859 3420 960 3476 hoc
987 3420 1034 3477 si
1063 3418 1271 3486 feceris,
1325 3420 1571 3489 praesenti
1602 3423 1707 3475 vita
1740 3428 1899 3475 aeter-

322 3529 495 3584 naque
517 3513 744 3571 carebis.
777 3514 883 3569 Sed
914 3529 1035 3569 cum
1064 3529 1155 3568 rex
1183 3512 1315 3568 mihi
1345 3514 1640 3580 resisteret,
1676 3521 1729 3568 tu
1750 3513 1900 3567 Iaxa—

314 3607 413 3669 bas
442 3607 680 3678 pallium,
739 3618 795 3663 et
834 3617 953 3677 pust
999 3621 1086 3664 me
1135 3607 1407 3663 veniebas.
1455 3606 1567 3678 Ego
1596 3620 1719 3662 vero
1746 3606 1901 3664 valde

314 3700 415 3757 tibi
441 3701 699 3757 molestus
723 3714 891 3756 erant.
932 3701 1171 3770 Cumque
1198 3709 1496 3757 reverteres
1519 3700 1585 3755 ad
1625 3700 1896 3769 altarium,

314 3792 766 3877 apprehendebas.
777 3794 1015 3862 pallium,
1036 3794 1130 3848 Sed
1146 3808 1352 3849 rursum
1378 3793 1737 3865 relinquebas.
1762 3794 1899 3851 Dum

320 3884 422 3939 hoc
450 3892 507 3938 tu
538 3884 713 3952 tepide
742 3886 1022 3950 retineres,
1064 3893 1118 3939 et
1154 3900 1252 3955 ego
1281 3884 1503 3942 viriliter
1539 3884 1650 3955 regi
1678 3886 1899 3941 resiste-

321 3991 456 4043 rem,
481 3976 728 4048 evigilavi
758 3991 953 4046 pavore
978 3978 1321 4043 conterritus,
1349 3977 1566 4048 ignarus
1592 3978 1718 4047 quid
1756 3992 1902 4033 som-

321 4066 769 4122 niumindiearct.
827 4066 989 4136 Igitur
1031 4082 1150 4121 cum
1198 4069 1246 4120 ei
1273 4068 1373 4122 ista
1418 4082 1744 4133 narrassem,
1778 4068 1896 4124 ait:

326 4160 519 4215 Verum
550 4168 633 4215 est
661 4158 925 4214 somnium
954 4157 1095 4229 quod
1119 4160 1322 4227 vidisti,
1353 4159 1492 4229 quod
1525 4160 1675 4219 valde
1703 4160 1902 4230 cogita-

321 4252 456 4308 tioni
481 4266 618 4307 meae
645 4251 954 4307 concordat.
985 4251 1082 4307 Cui
1113 4266 1212 4323 ego
1245 4268 1260 4305 :
1301 4250 1503 4320 Ecquid
1539 4251 1765 4320 providit
1805 4267 1899 4308 co-

326 4342 507 4414 gitatio
540 4342 677 4397 tua?
704 4342 770 4397 Et
797 4342 886 4397 ille
917 4359 933 4398 :
970 4342 1351 4407 Deliberatum,
1381 4342 1571 4412 inquit,
1601 4342 1801 4409 habui,
1843 4354 1901 4398 ut

328 4436 365 4489 si
396 4448 486 4489 me
515 4450 610 4488 rex
638 4433 705 4487 ab
733 4433 833 4488 hoc
861 4433 978 4488 loco
1002 4430 1219 4503 juberet
1248 4431 1477 4498 extrahi,
1509 4433 1575 4487 ab
1606 4448 1709 4488 una
1739 4448 1900 4491 manu

319 4525 488 4590 pallas
509 4524 694 4578 altaris
720 4534 978 4588 tenerem,
1007 4523 1074 4577 ab
1099 4522 1204 4576 alia
1226 4537 1374 4587 vero,
1398 4524 1681 4593 evaginato
1702 4522 1898 4594 gladio,

315 4628 372 4670 te
406 4619 556 4685 prius
588 4617 885 4680 interfecto,
936 4625 1372 4686 quantoscunque
1400 4617 1652 4686 deinceps
1677 4616 1900 4673 clericos

317 4708 683 4774 reperissem,
743 4706 793 4759 in
845 4714 1071 4759 mortem
1122 4714 1536 4775 prosternerem.
1613 4705 1722 4761 Nec
1769 4707 1899 4761 mihi

316 4798 558 4859 posthac
586 4808 701 4851 erat
722 4796 909 4863 injuria
938 4796 1081 4851 letho
1105 4797 1472 4857 succumbere,
1526 4797 1571 4851 si
1632 4796 1699 4851 de
1744 4796 1900 4865 hujus

334 4891 492 4943 sancti
518 4889 731 4943 clericis
754 4890 1049 4956 acciperem
1094 4890 1368 4944 ultionem.
1401 4890 1525 4944 Haec
1553 4906 1651 4961 ego
1680 4893 1900 4946 audiens

315 4990 376 5032 vt
404 4991 645 5046 stupens,
699 4978 1003 5032 admirabar
1032 4980 1172 5048 quod
1217 4989 1351 5048 erat,
1401 4982 1523 5049 quia
1555 4998 1647 5049 per
1677 4998 1738 5036 os
1784 4983 1900 5052 ejus

322 5073 569 5128 diabolus
600 5072 937 5143 loquebatur;
973 5088 1240 5141 nunquam
1273 5074 1413 5131 enim
1446 5074 1499 5128 in
1533 5075 1697 5129 Deum
1736 5075 1898 5129 ullum

397 5220 425 5284 ξ
462 5209 615 5284 Bec.,
663 5206 1056 5284 presbyterium,
1100 5224 1202 5280 qua
1234 5224 1364 5284 voce
1386 5226 1571 5266 omnes
1604 5212 1899 5284 presbyteri

318 5282 414 5403 {tui
462 5281 689 5335 aderant
732 5280 1173 5350 designarentur;
1214 5282 1307 5335 sed
1356 5296 1536 5339 nusua
1587 5280 1744 5339 lectio
1767 5280 1896 5341 'me-

348 5368 425 5404 tor
453 5360 556 5404 est.

347 5368 425 5462 lo;
453 5364 556 5477 gite
588 5420 740 5485 Bad.;
770 5421 919 5475 Colb.
946 5436 1042 5483 m.,
1064 5422 1198 5488 quod
1226 5424 1289 5475 ab
1316 5422 1445 5486 hoc;
1488 5420 1613 5482 Ωιι..
1664 5423 1731 5475 ad
1764 5424 1895 5491 hoc;

321 5492 503 5561 caueri
529 5507 647 5546 cunt
675 5492 817 5553 Bec.,
842 5508 939 5561 quo
959 5492 1025 5543 ad
1046 5508 1159 5545 nos.

400 5573 423 5600 ε
460 5560 623 5616 Facta
653 5560 925 5615 oblatione
954 5561 1005 5617 in
1061 5562 1219 5615 Missa
1250 5563 1526 5632 presbyter
1569 5577 1631 5614 ex
1678 5564 1893 5627 oblatis,

328 5641 581 5697 Quantum
623 5634 751 5686 satis
776 5640 893 5686 erat
922 5632 986 5684 ad
1034 5632 1347 5686 sacriﬁcium
1381 5632 1719 5700 ﬁdeliumque
1743 5652 1893 5689 com—

329 5704 658 5766 munionem,
709 5702 1034 5771 assumebat,
1092 5702 1230 5771 qttod
1279 5704 1594 5771 contegebat
1638 5704 1771 5771 palla
1803 5721 1897 5760 seu

328 5774 489 5892 gallie
512 5772 724 5893 Iattitaris.
783 5770 915 5827 Vide
944 5771 1037 5827 lib.
1069 5786 1087 5825 ι
1115 5772 1182 5827 de
1210 5771 1413 5844 Liturg.
1446 5770 1662 5842 Callia,
1697 5790 1813 5845 cap.
1842 5775 1896 5840 5,

371 5859 478 5893 um.
582 5882 593 5892 .

330 5854 478 5895 num.
512 5846 593 5895 Ill.

402 5913 426 5949 ἀ
467 5912 806 5968 Gemmatum
864 5912 963 5967 viri
1015 5926 1207 5967 nomen
1236 5913 1507 5981 proprium
1555 5910 1719 5969 fuisse
1747 5924 1898 5982 putat

2004 2035 2211 2102 publica
2244 2036 2538 2108 Injuriosus
2575 2055 2638 2095 ex
2670 2042 2891 2109 vicario,
2922 2060 2983 2099 ex
3012 2048 3209 2103 comite
3237 2062 3367 2103 vero
3396 2049 3576 2105 Euno-

2002 2129 2140 2183 mitrs
2167 2128 2548 2198 deposuerant,
2586 2132 2813 2187 Turonis
2841 2136 3055 2193 advenit
3081 2139 3577 2212 :mterpellatisque

2002 2219 2150 2285 viris,
2193 2221 2601 2289 promissionem
2630 2225 2828 2297 accepit
2856 2226 2922 2280 de
2945 2226 3105 2296 349
3124 2228 3395 2285 reddendo
3418 2246 3578 2301 pecu-

2001 2310 2107 2365 niae
2150 2309 2359 2367 foenore
2396 2327 2519 2369 cum
2577 2315 2773 2383 usuris,
2824 2315 3125 2373 dicentibus
3172 2319 3274 2375 sibi
3323 2332 3578 2389 praeterea

2001 2400 2133 2471 ipsis
2158 2420 2171 2456 :
2201 2402 2261 2459 Si
2284 2404 2350 2461 ad
2382 2404 2600 2461 domum
2635 2416 2869 2462 nostram
2900 2410 3129 2477 veneris,
3153 2420 3206 2466 et
3232 2429 3348 2482 qua:
3375 2414 3577 2470 deben-

2003 2502 2087 2548 tur
2114 2496 2467 2564 exsolvimus,
2496 2506 2551 2553 et
2578 2497 2701 2553 aliis
2724 2510 2775 2554 te
2792 2500 3126 2571 muneribus,
3184 2505 3321 2559 sicut
3363 2504 3578 2578 dignum

2001 2596 2103 2654 est,
2134 2586 2478 2643 honoramus.
2506 2589 2584 2644 Eo
2612 2604 2823 2661 quoque
2850 2601 3028 2657 eunte,
3061 2593 3129 2647 ab
3159 2594 3421 2666 Injurioso
3461 2613 3577 2654 sus-

1999 2679 2228 2749 cipitur,
2276 2693 2328 2735 et
2385 2682 2629 2737 convivio
2681 2683 3002 2750 collocatur;
3034 2687 3354 2759 expletuqvte
3401 2692 3581 2760 epulo,

2002 2774 2467 2844 appropinquante
2507 2784 2690 2841 nocte,
2746 2778 3002 2833 commoti
3033 2779 3100 2833 ab
3130 2781 3318 2837 eodem
3368 2781 3485 2838 loco
3513 2761 3578 2839 ad

2001 2867 2163 2921 alium
2198 2876 2496 2923 transeunt.
2515 2869 2686 2935 Tunc,
2722 2881 2774 2923 ut
2800 2869 2998 2936 l‘cruut,
3027 2872 3196 2927 Judazi
3222 2890 3341 2929 cum
3373 2875 3578 2933 duobus

1999 2956 2319 3013 Christianis
2348 2958 2415 3014 ab
2444 2958 2687 3029 Injuriosi
2716 2958 3020 3023 hominibus
3061 2963 3348 3033 interfecti,
3400 2966 3450 3020 in
3482 2983 3578 3037 pu.

2004 3058 2169 3115 leum,
2201 3050 2288 3120 qui
2320 3049 2647 3119 propinquus
2677 3060 2791 3106 erat
2820 3052 3002 3107 domui
3027 3054 3165 3122 ejus,
3191 3056 3412 3126 projecti
3434 3068 3579 3117 sunt.

2002 3140 2211 3196 Auditis
2237 3141 2319 3196 his
2349 3152 2598 3211 parentes
2623 3159 2804 3199 eorum
2830 3160 2950 3214 qua:
2976 3155 3121 3215 gesta
3154 3148 3383 3216 fuerant,
3408 3152 3578 3207 Ture.

2003 3233 2087 3289 nis
2116 3235 2470 3300 advenerunt,
2503 3236 2736 3301 datoque
2758 3237 3074 3305 quibusdam
3108 3240 3413 3297 hominibus
3443 3243 3579 3299 indi-

2004 3328 2087 3381 cio
2119 3337 2333 3392 puteum
2359 3325 2655 3396 reperiunt,
2701 3328 2951 3400 virosque
2993 3331 3300 3399 extrahunt,
3352 3335 3579 3397 multum

2004 3428 2234 3487 negante
2261 3416 2541 3485 Injurioso,
2596 3417 2736 3488 quod
2767 3418 2822 3473 in
2865 3419 2962 3476 hac
2984 3435 3143 3476 causa
3172 3437 3279 3478 non
3304 3422 3479 3481 fuerat
3502 3427 3579 3481 in.

2004 3509 2271 3579 quinatus.
2308 3508 2552 3565 Posthth
2582 3509 2633 3564 in
2673 3510 2928 3580 judicium
2960 3512 3132 3579 venit;
3159 3514 3254 3570 sed
3278 3530 3396 3571 cum
3428 3516 3581 3575 forti-

2004 3610 2086 3655 ter
2117 3608 2143 3647 ε
2164 3642 2180 3665 ,
2216 3610 2270 3655 ιιι
2299 3600 2551 3665 diximus,
2583 3600 2891 3673 denegaret,
2941 3612 2996 3659 et
3047 3603 3102 3659 hi
3159 3619 3265 3660 non
3326 3606 3580 3665 haberent

2003 3691 2234 3763 qualiter
2262 3706 2383 3747 eum
2414 3694 2732 3751 convincere
2753 3704 2990 3764 possent,
3016 3694 3310 3766 iudicatum
3335 3706 3418 3754 est
3448 3709 3503 3753 ut
3522 3713 3582 3761 se

2002 3783 2271 3841 insontem
2321 3786 2569 3842 redderet
2616 3795 2975 3844 sacramento.
3043 3789 3149 3844 Sed
3203 3805 3303 3847 nec
3355 3790 3455 3846 hoc
3503 3793 3581 3849 his

2003 3876 2489 3947 acquiesceutibus,
2541 3876 2792 3947 placitum
2837 3878 2891 3933 in
2923 3880 3062 3949 regis
3093 3878 3421 3937 Childeberti
3458 3899 3581 3949 piat.

2003 3968 2175 4024 sentin
2202 3958 2514 4039 pesuerunt.
2546 3967 2923 4023 Verumtamen
2950 3984 3122 4039 neque
3140 3971 3382 4040 pecunia,
3411 3987 3581 4043 m-qne

2003 4060 2280 4120 cautiones
2300 4058 2473 4115 Judaei
2502 4058 2743 4115 defuncti
2771 4068 3000 4129 repertre
3023 4070 3168 4115 sunt.
3200 4061 3581 4130 Loquebantnr

2006 4160 2131 4206 tunc
2158 4149 2311 4205 multi
2342 4149 2617 4204 hominum
2670 4149 2977 4205 Medardum
3023 4151 3295 4209 tribunum
3326 4151 3349 4187 δ
3379 4154 3432 4209 in
3480 4154 3581 4209 hoc

2002 4241 2210 4297 scelere
2237 4240 2455 4296 mistum
2482 4239 2673 4305 fuisse,
2703 4255 2770 4296 eo
2797 4240 2939 4311 quod
2989 4250 3041 4296 et
3072 4242 3187 4310 ipse
3216 4258 3245 4296 a
3269 4243 3455 4298 Iudaeo
3486 4258 3580 4314 pe.

2003 4333 2217 4390 cuniam
2248 4341 2562 4388 mutuassct.
2613 4332 2907 4401 Injuriosus
2948 4344 3122 4389 tamen
3157 4335 3223 4393 ad
3248 4335 3499 4405 placitum
3529 4340 3581 4395 itt

2004 4440 2293 4496 conspectu
2323 4427 2466 4496 regis
2486 4425 2810 4482 Childeberti
2837 4426 3070 4490 advenit.
3127 4438 3181 4484 et
3223 4444 3317 4497 per
3347 4431 3578 4487 triduum

2005 4538 2172 4591 usque
2195 4521 2258 4576 ad
2304 4535 2549 4576 occasum
2606 4520 2733 4575 solis
2770 4519 2781 4557 ί
2819 4521 3140 4577 observavit.
3190 4522 3296 4579 Sed
3350 4540 3469 4582 cum
3527 4527 3583 4583 hi

2007 4629 2109 4666 non
2137 4610 2430 4677 venissent,
2484 4625 2658 4680 neque
2684 4611 2750 4668 de
2780 4626 2935 4666 causa
2967 4612 3067 4667 hac
3095 4613 3163 4670 ab
3189 4614 3297 4671 ullo
3324 4615 3582 4688 interpel-

1933 4679 1979 4737 υ
2008 4704 2145 4757 latus
2174 4702 2378 4768 fuisset,
2412 4704 2477 4756 ad
2502 4703 2716 4771 propria
2744 4703 2922 4759 rediit.
3018 4754 3021 4757 γ

2076 4796 2267 4852 XXIV.
2308 4796 2464 4852 Anno
2510 4796 2666 4866 igitur
2703 4796 2908 4851 decimo
2946 4796 3271 4855 Childeberti
3311 4803 3447 4870 regis
3485 4818 3581 4857 rex

2007 4890 2438 4946 Guntchramnus
2476 4891 2755 4945 commotis
2792 4890 3036 4959 gentibus
3062 4893 3208 4960 regni
3229 4896 3309 4946 sui
3333 4908 3579 4963 magnum

2004 4982 2179 5051 junxit
2215 4982 2532 5037 exercitum.
2570 4980 2672 5037 Sed
2712 4995 2834 5049 pars
2872 4981 3041 5047 major
3070 4998 3190 5036 tum
3230 4984 3578 5041 Aurelianen-

2006 5073 2154 5128 sibtts
2205 5083 2363 5141 atque
2412 5069 2656 5127 Bituricis
2698 5071 2967 5127 Pictavum
3015 5072 3196 5141 petiit;
3245 5086 3583 5142 excesserant

2007 5210 2299 5264 Alteserra.

2082 5289 2105 5317 ε
2148 5278 2286 5333 Editi
2314 5287 2371 5331 ut
2403 5276 2706 5345 plurimum,
2734 5288 2848 5348 gum
2869 5276 2943 5329 in.
2974 5276 3108 5348 Vide
3129 5292 3245 5348 cap.
3278 5278 3369 5336 29.

2084 5348 2103 5385 ί
2146 5350 2306 5403 Dee5t
2337 5350 2435 5403 hoc
2456 5358 2610 5413 caput
2645 5350 2693 5399 in
2717 5346 2869 5401 Colb.
2901 5362 2949 5400 a.
2981 5359 3032 5401 et
3065 5347 3181 5402 Vat.

2076 5429 2101 5467 Β
2144 5420 2274 5475 Vide
2303 5418 2607 5471 Marcullum
2640 5417 2755 5471 libri
2786 5433 2799 5472 I
2848 5418 3069 5471 formula
3100 5419 3188 5472 58.

2074 5489 2101 5530 ιι
2143 5492 2197 5545 Id
2219 5502 2298 5544 est
2323 5489 2640 5544 tributorum
2666 5501 2991 5551 etaetoretn,
3012 5498 3064 5541 ut
3093 5489 3468 5554 interpretatur
3493 5492 3579 5545 AI.

2006 5573 2204 5618 teserra
2215 5600 2227 5612 .

2080 5632 2095 5669 ί
2143 5633 2252 5687 Mos
2270 5634 2465 5685 erat'ut
2485 5630 2598 5683 sole
2618 5629 2889 5684 occidente
2908 5627 3095 5695 placita
3119 5626 3415 5692 Iittirentur,
3439 5635 3580 5695 quod

2003 5704 2162 5759 etiam
2193 5702 2309 5755 aliis
2338 5700 2637 5753 nationibus
2663 5700 2900 5752 solemne
2928 5699 3085 5751 fuisse
3110 5697 3354 5767 observat
3388 5697 3580 5767 Dignos

2007 5775 2122 5828 nius
2144 5772 2195 5825 in
2225 5771 2317 5825 lib.
2345 5786 2359 5823 ι
2389 5767 2649 5839 Marcelli,
2674 5769 2826 5839 l'o_rm.
2856 5769 2944 5839 '57.
2967 5767 3037 5819 De
3061 5764 3271 5832 placito,
3297 5766 3366 5820 (es
3390 5764 3578 5839 plcida,

2006 5860 2071 5895 ou
2101 5842 2322 5971 (ιδὲῗείξῦ
2344 5840 2464 5892 vide
2492 5837 2669 5907 Cangii
2697 5836 3047 5903 Glossarium,
3074 5845 3127 5891 et
3154 5851 3312 5909 supra
3355 5836 3467 5896 not.
3516 5836 3578 5900 ad

2006 5927 2124 5971 can.
2156 5932 2187 5963 ι)
2271 5926 2283 5963 t
2327 5947 2341 5969 .
2385 5924 2451 5968 tt.

2006 5927 2124 5976 cap.
2156 5912 2223 5971 54
2252 5912 2341 5969 lib.
2385 5924 2451 5968 vi.
