3966 6348
361 484 453 539 Hal

1346 465 1411 520 S.
1454 461 1779 520 GRIEGOllil
1822 458 2121 516 EPISCOPI
2167 456 2596 515 TURONENSIS

3514 458 3623 516 £53

359 592 496 647 enim
544 585 612 642 de
658 584 760 638 ﬁde
798 595 955 654 quam
988 580 1101 649 regi
1153 577 1523 646 promiserant.
1576 572 1936 639 Miserumque
1966 573 2013 629 A
2043 579 2093 623 te
2122 585 2250 640 ergo
2280 574 2471 640 parati,
2497 580 2549 625 et
2570 572 2614 627 si
2634 571 2862 626 voluerit
2892 571 3201 627 Desiderius
3239 572 3345 626 dux
3375 571 3514 628 bane
3534 588 3625 629 ea.

363 696 505 752 pnus
544 679 890 747 legationem,
923 682 981 727 ut
1010 671 1203 727 scirent
1239 680 1412 723 utrum
1451 666 1850 734 susciperentur
1874 663 1941 717 ab

356 777 460 840 his,
483 790 548 827 an
572 788 699 827 non.
734 770 838 825 Sed
856 769 1138 837 episcopus
1157 764 1277 827 loci,
1306 762 1578 815 Maroveus
1597 766 1648 821 ιι,
1668 756 1799 809 dure
1820 769 1939 809 sus-

354 867 496 932 cepit
528 865 627 918 bos
664 861 899 918 nuntios.
945 861 1013 913 At
1050 857 1124 912 illi
1154 855 1289 909 infra
1337 850 1620 907 terminum
1672 847 1894 915 ingrcssi
1923 886 1938 911 ,

356 958 587 1026 prtedas,
615 954 880 1019 incendia,
904 961 1063 1021 atque
1091 947 1375 1003 homicidia
1396 942 1682 998 faciebant.
1715 939 1778 993 lli
1814 952 1942 993 vero

354 1052 441 1118 qui
484 1063 604 1102 cum
633 1044 810 1115 praeda
842 1040 1269 1103 revertebantur,
1302 1035 1463 1106 350
1494 1049 1590 1103 per
1616 1029 1939 1087 Turonicum

357 1148 716 1203 transeuntes,
747 1134 994 1190 similiter
1026 1131 1132 1186 illis
1160 1131 1247 1197 qui
1275 1128 1386 1197 jam
1421 1130 1753 1179 sacramenta
1780 1119 1941 1174 dede.

358 1241 495 1297 rant,
521 1229 786 1285 faciebant
814 1243 828 1280 :
852 1225 923 1279 ita
951 1233 1010 1278 ut
1037 1222 1166 1289 ipsas
1193 1231 1406 1289 quoque
1426 1213 1668 1270 ecclesiae
1689 1209 1942 1264 incende-

356 1334 565 1390 rentur,
596 1330 649 1376 et
671 1330 1001 1389 quaecunque
1027 1312 1265 1367 invenire
1296 1307 1612 1376 potuissent,
1644 1302 1939 1371 diriperen-

359 1428 475 1480 tur;
502 1412 643 1484 quod
666 1411 861 1481 saepius
888 1418 1064 1461 artum
1104 1412 1207 1469 est,
1236 1400 1363 1455 dum
1396 1398 1471 1452 illi
1497 1395 1561 1449 ad
1592 1408 1770 1464 regem
1801 1407 1941 1461 aegre

302 1504 303 1507 “
356 1513 816 1565 converterentur.
841 1499 947 1557 Sed
977 1512 1097 1553 cum
1125 1494 1394 1551 exercitus
1424 1490 1643 1561 propius
1666 1487 1730 1541 ad
1755 1485 1939 1541 urbem

356 1600 655 1665 accederet,
674 1605 727 1652 et
750 1595 861 1664 jam
884 1606 1007 1661 pars
1030 1588 1259 1644 maxima
1282 1581 1514 1652 regionis
1537 1580 1804 1635 devastata
1824 1592 1942 1631 cer—

361 1701 599 1753 neretur,
633 1697 759 1740 tunc
788 1684 1049 1738 miserunt
1073 1675 1310 1741 nuntios,
1336 1672 1518 1726 ﬁdeles
1545 1684 1603 1723 se
1634 1668 1743 1739 regi
1773 1668 1941 1721 Gunt-

353 1782 613 1840 chramno
640 1774 892 1831 fatentes.
929 1772 996 1827 At
1026 1768 1101 1825 illi
1139 1765 1277 1821 infra
1307 1777 1490 1818 muros
1520 1759 1671 1815 urbis
1714 1757 1937 1821 recepti,

362 1886 525 1941 super
546 1867 855 1937 episcopum
882 1862 1177 1921 irruerunt,
1224 1854 1461 1910 dicentes
1505 1865 1627 1905 eum
1674 1849 1937 1941 inﬁdelem

2047 661 2339 715 lamitatem
2392 662 2644 717 inducere
2693 676 2854 731 super
2904 677 3023 728 nos,
3074 662 3237 718 simili
3286 672 3344 718 ut
3386 665 3624 735 Sigull'ns

2046 759 2191 805 sorte
2218 751 2507 826 depereat:
2541 753 2714 821 sitque
2753 753 3001 808 omnibus
3041 753 3368 821 exemplum,
3411 770 3479 811 ne
3505 756 3626 826 quis

2043 852 2443 911 extraneorum,
2471 843 2797 899 Francorum
2821 860 3041 915 regnum
3065 846 3261 901 audeat
3282 847 3505 903 violare.
3532 848 3628 903 llis

2041 936 2111 990 ita
2168 934 2543 993 resistentibus
2590 947 2643 992 et
2666 936 2864 992 bellum
2921 936 3253 1006 parantibus,
3310 938 3629 995 adveniente

2044 1026 2394 1082 Gundovaldo
2417 1043 2537 1083 cum
2564 1042 2757 1100 magno
2774 1028 3035 1095 exercitu,
3058 1044 3178 1083 cum
3204 1030 3465 1084 vidissent
3483 1031 3627 1100 quod

2041 1118 2307 1174 sustinere
2353 1134 2458 1175 non
2510 1128 2746 1190 possent,
2794 1131 3148 1191 susceperunt
3192 1136 3336 1175 eum.
3385 1121 3631 1177 Posthac

2041 1225 2162 1265 cum
2190 1212 2257 1265 ad
2298 1210 2603 1267 convivium
2636 1213 2689 1267 in
2719 1211 2879 1269 domo
2916 1213 3163 1269 ecclesia:
3203 1214 3484 1283 episcopus
3524 1229 3630 1270 una

2040 1316 2161 1357 cum
2192 1301 2543 1358 Gundovaldo
2574 1303 2854 1371 resideret,
2902 1305 2976 1359 ait
3008 1321 3023 1359 :
3058 1305 3249 1359 Filium
3295 1316 3347 1361 te
3373 1306 3631 1362 Cltlotha-

2042 1393 2212 1448 cbarii
2241 1394 2383 1465 regis
2420 1396 2650 1461 asseris,
2695 1397 2789 1451 sed
2831 1405 3010 1452 utrum
3039 1398 3113 1453 sit
3149 1413 3354 1464 verum,
3387 1413 3452 1454 an
3498 1415 3630 1467 non,

2043 1485 2369 1555 ignoramus.
2402 1484 2467 1540 Et
2495 1486 2540 1540 si
2575 1488 2744 1555 possis
2775 1486 3045 1543 vindicare
3087 1498 3284 1558 empta,
3317 1489 3633 1547 incredibile

2043 1577 2269 1633 habetur
2295 1577 2433 1646 apud
2467 1578 2677 1633 animos
2710 1589 2943 1634 nosnos.
2974 1580 3039 1633 At
3068 1579 3158 1634 ille
3192 1580 3265 1633 ait
3299 1597 3313 1633 :
3349 1581 3458 1651 Ego
3486 1584 3630 1652 regis

2042 1668 2432 1724 Cblothacbarii
2475 1683 2591 1723 sum
2637 1670 2805 1736 ﬁlius,
2849 1679 2903 1725 et
2960 1684 3165 1741 partem
3198 1673 3345 1743 regni
3390 1674 3458 1727 de
3496 1690 3633 1743 pre-

2044 1764 2182 1816 senti
2233 1777 2351 1817 sum
2404 1770 2774 1831 percepturus,
2822 1771 2875 1817 et
2904 1769 3072 1833 usqtie
3114 1763 3345 1819 Parisios
3375 1767 3634 1822 velociter

2044 1854 2314 1919 accedam,
2343 1866 2396 1909 et
2436 1854 2506 1909 ibi
2537 1855 2721 1910 sedem
2751 1855 2896 1925 regni
2937 1865 3189 1910 statuam.
3220 1856 3320 1910 Cui
3350 1858 3633 1927 episcopus

366 1936 617 2017 esse.llle
645 1970 773 2012 vero
793 1967 913 2008 cum
941 1964 999 2005 se
1018 1950 1086 2004 ab
1105 1948 1187 2001 his
1207 1951 1453 2000 cerneret
1480 1947 1831 2003 coarctatmn,
1856 1936 1937 1991 ef—
1976 1942 2021 2001 Β
2048 1948 2121 2001 ait
2154 1965 2165 1999 ε
2205 1947 2472 2003 verumne
2494 1956 2575 2001 εει
2602 1963 2698 2019 erg
2723 1973 2753 2012 ι,
2787 1949 2928 2017 (μιοά
2957 1949 3132 2003 "unus
3162 1949 3228 2003 de
3268 1949 3435 2019 stirpe
3464 1952 3634 2006 pm-

356 2056 524 2109 fracto
573 2063 678 2103 uno
713 2048 781 2100 de
828 2041 998 2097 sacris
1032 2036 1343 2094 ministeriis
1371 2032 1540 2087 calice
1580 2045 1764 2094 aureo,
1794 2038 1851 2084 et
1889 2028 1938 2080 in

354 2144 677 2201 nomismata
709 2136 951 2195 redacto,
992 2146 1049 2185 se
1080 2127 1442 2199 populumque
1479 2118 1769 2177 redemitb.

425 2231 596 2289 XXV.
640 2225 993 2283 Marileifutuc
1026 2235 1185 2285 vero,
1230 2216 1320 2287 qui
1369 2215 1571 2284 primus
1609 2211 1940 2267 medicorum

352 2328 406 2382 in
436 2325 597 2379 dmno
622 2315 910 2387 Chilperici
933 2313 1074 2383 regis
1103 2310 1316 2364 habitus
1335 2305 1530 2371 fuerat,
1559 2302 1942 2359 ardentissime

355 2418 587 2480 vallant;
618 2421 673 2468 ct
697 2410 787 2480 qui
827 2409 937 2478 jam
966 2420 995 2460 a
1024 2402 1281 2461 Gararico
1319 2400 1455 2454 duce
1494 2395 1650 2451 valde
1688 2394 1941 2463 spoliatus

353 2509 548 2572 fuerat,
576 2507 644 2562 ab
675 2506 758 2559 bis
788 2503 978 2556 iterum
1019 2496 1337 2561 denudatur,
1370 2492 1438 2547 ita
1469 2499 1527 2544 ut
1554 2487 1696 2543 nulla
1723 2486 1771 2542 ei
1809 2484 1941 2539 sub-

353 2604 553 2661 stantia
579 2605 903 2656 remaneret.
938 2593 1116 2661 Equos
1137 2601 1347 2659 quoque
1372 2584 1511 2655 ejus,
1538 2595 1723 2636 aurum
1755 2592 1943 2647 argen-

355 2709 597 2765 tumque,
627 2693 740 2746 sive
780 2687 986 2756 Species
1016 2697 1149 2753 quas
1178 2679 1430 2735 meliores
1459 2673 1709 2735 habebat,
1742 2670 1942 2739 pariter

353 2789 677 2849 auferentes,
708 2783 881 2851 ipsum
928 2776 1119 2832 ditioui
1149 2770 1529 2829 eeclesiasticre
1559 2765 1933 2822 subdiderunt.

354 2879 641 2938 Servitium
677 2876 816 2930 enim
848 2871 1015 2943 patris
1042 2869 1159 2939 ejus
1189 2866 1295 2921 tale
1330 2864 1522 2929 fuerat,
1552 2869 1612 2917 ut
1636 2858 1940 2914 molendina

353 2969 716 3028 ecclesiastica
755 2964 1017 3027 studeret,
1050 2959 1351 3028 fratresque
1388 2970 1452 3010 ac
1481 2950 1816 3016 consobrini,
1848 2951 1933 3004 vel

354 3065 544 3135 reliqui
604 3067 853 3131 parentes
898 3052 1137 3112 culinist1
1181 3050 1466 3109 dominicis
1513 3055 1671 3117 atque
1716 3043 1942 3118 pistrino

352 3158 577 3229 subjecti
603 3163 755 3211 erant
1228 3160 1233 3165 ί

422 3248 611 3304 XXVI.
655 3244 1035 3302 Gundovaldus
1073 3255 1198 3296 vero
1228 3240 1498 3295 Pictavum
1539 3235 1797 3293 accedere
1843 3250 1937 3289 vo-

2046 2052 2228 2092 corum
2262 2039 2541 2105 remansit,
2582 2040 2625 2092 si
2661 2049 2713 2093 tu
2746 2055 2864 2107 qum
2906 2040 3041 2094 dicis
3082 2041 3386 2108 impleveris
3421 2041 3444 2095 ?
3493 2042 3634 2099 Inter

2050 2129 2143 2182 bas
2189 2130 2591 2212 altercationes,
2631 2146 2751 2185 cunt
2784 2134 2897 2186 haec
2931 2131 3247 2188 blummoius
3274 2134 3583 2189 exaudisset
3614 2176 3630 2200 ,

2046 2208 2255 2279 elevata
2286 2240 2446 2279 manu
2478 2225 2649 2305 alapis
2675 2223 2867 2281 cecidit
2895 2208 3228 2296 episcopum,
3253 2227 3439 2283 dicens
3469 2245 3483 2282 :
3516 2228 3633 2284 Non

2048 2315 2209 2385 pudet
2244 2325 2299 2371 ut
2329 2324 2435 2372 tam
2473 2316 2708 2393 degener
2734 2327 2787 2373 et
2817 2318 3013 2375 stultus
3052 2318 3123 2373 ita
3163 2333 3355 2389 magno
3399 2322 3509 2390 regi
3549 2337 3636 2377 re-

2045 2408 2356 2479 spondeas?
2399 2411 2592 2467 Verum
2634 2410 2723 2467 ubi
2750 2423 2801 2467 et
2832 2411 3141 2469 Desiderius
3176 2412 3245 2470 de
3269 2415 3494 2471 consilio
3521 2418 3635 2485 epi-

2044 2503 2192 2572 scopi
2223 2505 2487 2572 comperit
2513 2520 2630 2573 quae
2667 2503 2879 2561 fuerant
2907 2504 3068 2573 dicta,
3101 2507 3178 2561 ira
3202 2518 3502 2563 commotus
3524 2525 3635 2563 nta-

2046 2609 2147 2648 nus
2178 2595 2231 2649 in
2274 2611 2395 2650 eum
2442 2596 2657 2665 injecit,
2688 2611 2993 2668 caesumque
3023 2600 3380 2654 communiter
3426 2598 3594 2654 ltastis
3616 2641 3633 2667 ,

2049 2687 2259 2757 pugnis,
2287 2697 2341 2743 et
2367 2688 2621 2756 calcibus,
2643 2703 2707 2744 ac
2734 2687 2863 2746 fune
2889 2689 3212 2758 revinctum,
3242 2691 3432 2747 exsilio
3479 2691 3635 2749 dam—

2047 2788 2332 2846 naverunt,
2362 2794 2449 2834 res
2476 2778 2613 2849 ejus,
2648 2789 2754 2836 tam
2783 2785 3027 2852 proprias
3056 2797 3211 2854 quam
3243 2782 3506 2850 ecclesia,
3555 2784 3635 2838 in-

2049 2880 2194 2939 tegre
2226 2871 2553 2926 auferentes.
2588 2871 2799 2927 Wlddo
2833 2882 3032 2940 autem,
3061 2873 3151 2942 qui
3189 2881 3306 2928 erat
3339 2873 3511 2944 major
3539 2874 3634 2927 do-

2048 2976 2170 3041 mus
2205 2962 2402 3032 regina:
2433 2962 2737 3033 Riguntltis,
2771 2976 2843 3018 se‘
2869 2965 3071 3019 eisdem
3110 2965 3409 3035 copulavit;
3443 2966 3636 3037 reliqui

2046 3068 2174 3108 vero
2201 3054 2287 3123 qui
2313 3068 2434 3108 cum
2457 3069 2522 3107 eo
2553 3054 2820 3122 abierant,
2844 3071 2940 3126 per
2968 3042 3146 3126 fugam
3168 3057 3358 3127 dilapsi
3379 3067 3522 3113 sunt.

2121 3143 2349 3200 XXVIII.
2394 3144 2638 3201 Posthzec
2664 3147 2932 3203 exercitus
2961 3147 3027 3202 ab
3054 3148 3186 3204 urbe
3214 3148 3425 3204 Pictava
3455 3164 3633 3204 remo—

2050 3252 2153 3307 tus,
2183 3238 2428 3294 inanteah
2444 3250 2563 3308 post
2582 3238 2989 3296 Gundovaldum
3021 3239 3398 3309 proﬁciscitur.
3424 3239 3633 3296 Secuti~

354 3343 469 3401 luit,
498 3339 592 3394 sed
625 3338 821 3392 timuit.
856 3334 1112 3389 Audierat
1133 3332 1275 3387 enim
1297 3330 1407 3399 jam
1438 3339 1623 3383 eontra
1653 3343 1711 3383 se
1734 3327 1937 3383 exerci—
1968 3323 2012 3384 C
2042 3348 2145 3404 que
2166 3340 2432 3388 suntcum
2455 3330 2523 3387 de
2551 3332 2833 3387 Turonicis
2855 3332 3002 3386 multi
3034 3331 3164 3386 lucri
3188 3347 3387 3396 causa;
3416 3332 3512 3389 sed
3547 3333 3633 3387 Pi-

351 3444 462 3487 tum
490 3426 843 3484 commoveri.
868 3425 923 3479 In
946 3422 1248 3479 civitatibus
1268 3422 1409 3477 enim
1430 3434 1550 3489 qua:
1575 3418 1827 3487 Sigiberti
1857 3432 1939 3472 re-

350 3526 430 3591 gis
462 3522 693 3585 fuerant,
725 3533 791 3591 ett
826 3515 1043 3571 nomine
1072 3512 1212 3582 regis
1239 3510 1571 3566 Cbildeberti
1603 3515 1936 3563 sacramenta

352 3614 679 3685 suscipiebat
706 3628 721 3664 :
770 3612 824 3663 in
861 3607 1081 3678 reliquis
1109 3619 1238 3660 vero
1265 3619 1383 3685 qua:
1408 3612 1501 3657 aut
1528 3602 1937 3666 Guntcltramni,

348 3716 441 3763 aut
466 3682 750 3773 C'ltilperici
782 3700 1011 3762 fuerant,
1036 3696 1254 3751 nomine
1278 3682 1396 3759 suo,
1413 3692 1552 3763 quod
1574 3691 1731 3747 ﬁdem
1761 3705 1940 3746 serva-

349 3811 472 3856 rent
494 3840 508 3865 ,
536 3797 813 3867 iurabant.
868 3792 1110 3846 Postume
1140 3788 1464 3859 Egolismam
1492 3786 1739 3851 accessit,
1770 3797 1942 3838 susce-

350 3894 563 3962 ptisque
584 3885 958 3947 sacramentis,
992 3884 1388 3951 muneratisque
1433 3880 1723 3949 prioribus,
1749 3879 1938 3934 Petro-

346 3984 587 4055 goricum
632 3979 957 4051 aggreditur,
1000 3976 1233 4047 graviter
1262 3975 1569 4044 episcopum
1596 3982 1619 4010 ε
1648 3982 1772 4027 tunc
1801 3971 1939 4042 inju-

351 4078 547 4128 riatum
580 4073 818 4142 reliquit,
845 4084 941 4139 pro
960 4084 1024 4124 eo
1047 4068 1187 4138 quod
1209 4077 1491 4136 susceptus
1519 4065 1588 4121 ab
1610 4064 1799 4120 eodem
1830 4078 1937 4119 non

348 4152 553 4221 luisset.
1548 4166 1551 4167 ⁷

420 4256 633 4312 XXVII.
677 4255 881 4311 Exinde
906 4253 1157 4308 Tolosam
1186 4252 1482 4323 digressus,
1510 4250 1687 4306 emisit
1719 4250 1936 4306 nuntios

353 4348 417 4401 ad
450 4344 815 4417 Maguulfumf
850 4345 1009 4416 351
1041 4345 1350 4414 episcopum
1382 4343 1634 4407 civitatis.
1676 4350 1737 4397 ut
1772 4341 1843 4398 ab
1871 4355 1937 4397 eo
1968 4346 1973 4351 ’

353 4438 736 4503 susciperetur.
758 4434 867 4489 Sed
897 4433 986 4487 ille
1017 4448 1122 4487 non
1153 4424 1437 4488 immemor
1464 4432 1657 4501 prioris
1688 4431 1897 4502 injuria:
1916 4471 1933 4498 ,

347 4540 505 4594 quam
530 4534 629 4593 per
656 4521 921 4593 Siguil‘um
941 4533 966 4570 κ
994 4524 1287 4591 quondam,
1316 4525 1402 4591 qui
1428 4539 1485 4577 se
1510 4526 1559 4576 in
1587 4539 1805 4592 regnum
1827 4524 1936 4579 ele-

345 4632 472 4671 vare
504 4616 700 4682 voluit,
748 4615 1070 4684 pertulerat,
1102 4614 1237 4669 dixit
1278 4616 1484 4670 civibus
1530 4615 1642 4670 suis
1672 4632 1687 4669 :
1723 4617 1933 4672 Scimus

2043 3426 2213 3481 ctavis
2230 3440 2393 3494 super
2411 3439 2530 3479 eum
2550 3423 2872 3479 irruentibus
2902 3424 3084 3495 352,
3110 3426 3349 3480 nonnulli
3379 3425 3634 3479 interem-

2044 3518 2146 3587 pti,
2185 3516 2401 3586 plurimi
2432 3530 2560 3572 vero
2587 3516 2796 3585 Spoliati
2830 3516 3126 3572 redierunt.
3155 3517 3217 3571 lli
3241 3526 3418 3572 autem
3447 3517 3537 3588 qui
3562 3516 3633 3572 de

2042 3609 2127 3662 his
2146 3608 2213 3662 ad
2236 3608 2529 3663 exercitum
2563 3608 2709 3677 prius
2745 3607 3041 3677 junxcrant
3064 3605 3109 3673 ι,
3135 3608 3333 3678 pariter
3360 3606 3633 3663 abierunt.

2040 3700 2222 3770 Itaque
2255 3698 2519 3755 exercitus
2544 3700 2608 3753 ad
2639 3699 3028 3754 Dorononiami
3073 3700 3290 3754 [luvium
3331 3699 3633 3766 accedens.

2040 3792 2339 3863 praestolari
2369 3793 2554 3862 coepit,
2587 3793 2711 3861 quid
2752 3792 2819 3848 de
2864 3793 3216 3849 Gundovaldo
3259 3803 3631 3862 cognosceret.

2040 3884 2133 3940 Cui
2163 3885 2296 3955 jam,
2344 3893 2401 3939 ut
2425 3899 2582 3952 supra
2614 3885 2809 3938 dictum
2846 3896 2948 3953 est,
2981 3887 3316 3941 adhaeserant
3341 3888 3445 3940 dux
3479 3884 3635 3940 Desi-

2040 3978 2222 4032 derius
2250 3986 2304 4030 et
2330 3976 2609 4031 Bladastes
2637 3991 2757 4031 cum
2790 3976 3069 4030 Waddone
3092 3977 3293 4046 majore
3322 3978 3515 4033 domus
3540 3976 3633 4033 lli-

2039 4066 2255 4138 guntltis
2282 4068 2499 4136 reginae.
2531 4065 2699 4121 Erant
2727 4067 2867 4120 enim
2899 4067 3055 4136 primi
3076 4082 3196 4122 cum
3221 4082 3289 4122 eo
3313 4067 3632 4137 Sagittarius

2038 4158 2321 4226 episcopus
2351 4166 2400 4211 et
2444 4156 2782 4211 Mummolus.
2832 4156 3151 4227 Sagittarius
3190 4158 3333 4214 enim
3358 4160 3469 4229 jam
3500 4174 3633 4230 pro.

2040 4249 2351 4303 missionem
2379 4247 2448 4303 de
2478 4248 2787 4318 episcopatu
2809 4249 3079 4305 Tolosano
3107 4261 3404 4321 acceperat.

2114 4339 2304 4395 XXIX.
2332 4340 2464 4395 Dum
2488 4348 2663 4396 autem
2694 4339 2809 4394 hate
2838 4350 3143 4410 agerentur,
3169 4342 3313 4397 misit
3342 4357 3434 4397 rex
3457 4342 3632 4400 Gunt-

2036 4431 2327 4486 cbramuus
2359 4430 2638 4486 Claudium
2686 4431 2995 4498 quemdam,
3028 4432 3213 4488 dicens
3242 4448 3257 4486 :
3290 4433 3346 4488 Si
3386 4434 3586 4491 abieris
3611 4479 3629 4504 ,

2037 4523 2228 4593 inquit,
2255 4533 2309 4579 et
2338 4523 2569 4594 ejectum
2603 4524 2669 4580 de
2702 4524 2917 4579 basilica
2942 4523 2966 4562 ιι
2996 4525 3302 4581 Eberulfum
3322 4537 3420 4595 aut
3449 4527 3632 4598 gladio

2038 4617 2395 4685 iutcremeris,
2424 4627 2516 4672 aut
2556 4618 2760 4673 catenis
2789 4617 3050 4684 vinxeris,
3078 4619 3282 4689 magnis
3311 4628 3362 4676 te
3384 4624 3632 4679 muneri-

343 4708 486 4785 enim
517 4720 698 4777 regem
745 4720 865 4761 esse
908 4703 1367 4760 Guntchramnum
1412 4720 1476 4760 ac
1522 4715 1773 4776 nepotem
1819 4707 1934 4775 ejus
1966 4701 2521 4776 Dbuslocupletabo;
2549 4718 2913 4764 verumtamen
2957 4724 3023 4763 ne
3051 4719 3249 4765 sanetae
3287 4710 3522 4768 basilicas
3550 4713 3633 4769 in-

342 4800 745 4857 Clti‘ldebcrtum
772 4812 801 4855 τ
823 4798 962 4853 hunc
991 4808 1168 4854 autem
1195 4800 1462 4854 nescimus
1490 4801 1631 4855 unde
1659 4801 1747 4854 sit.
1778 4799 1934 4853 Esto-

414 4948 440 4976 λ
479 4938 693 5005 Regum,
729 4936 1015 4992 Heraveus.

414 5007 442 5046 δ
485 5003 611 5076 Ejus
642 5008 720 5064 rei
738 5007 1283 5078 exemplalaudantur
1307 5006 1400 5060 lib.
1431 5021 1446 5058 ι
1477 5003 1681 5075 Liturg.
1713 5005 1928 5073 Gallic.,

484 5078 640 5203 ιζξιεει
678 5147 781 5202 hoc
811 5156 970 5203 caput
994 5148 1045 5202 in
1075 5148 1196 5203 Vat.
1227 5157 1279 5203 et
1305 5147 1459 5202 Lolb.
1491 5162 1543 5201 a.
1572 5143 1769 5201 Confer
1800 5147 1927 5203 illud

339 5234 461 5274 cum
487 5217 578 5271 Itb.
608 5233 639 5271 v
665 5234 781 5287 cap.
812 5221 896 5271 lt.
925 5220 1078 5273 Colb.
1110 5236 1180 5274 tu.
1215 5229 1271 5274 et
1299 5223 1448 5275 Alex.
1472 5218 1690 5286 habent,
1720 5217 1927 5289 Male/i-

228 5337 249 5353 \
338 5306 456 5361 cunt
486 5304 670 5361 uero...
687 5292 803 5361 jant
826 5304 859 5340 α
890 5288 1095 5351 Carico,
1123 5299 1227 5361 etc.

411 5358 437 5396 ιι
479 5359 656 5414 (Iasin.
688 5358 746 5412 et
774 5359 985 5427 Regm.,
1018 5360 1232 5412 colonis.
1261 5358 1416 5413 Colb.
1451 5375 1546 5425 m.,
1579 5359 1780 5413 culinis.

414 5440 437 5467 θ
479 5429 527 5483 ls
555 5438 671 5487 erat
694 5428 988 5491 Carterius,
1013 5429 1080 5481 de
1110 5443 1215 5495 quo
1250 5443 1407 5497 supra
1438 5429 1534 5483 lib.
1572 5444 1642 5489 vt,
1676 5444 1796 5491 cap.
1834 5427 1925 5481 2‘2.

342 5500 455 5555 lloc
482 5501 597 5567 ipso
637 5516 778 5554 anno
820 5498 1136 5568 subscripsit
1163 5496 1328 5553 Cone.
1368 5500 1571 5554 Matisc.
1608 5515 1679 5564 Il,
1710 5499 1848 5553 sicut
1875 5508 1930 5553 et

342 5571 580 5626 Nicasius
616 5569 1033 5626 lneulismensis.

415 5635 435 5710 ἴ
476 5642 631 5695 Colb.
661 5656 738 5707 a.,
774 5637 1324 5710 Maginutt‘umrcolb.
1365 5655 1434 5694 m.
1474 5646 1527 5692 et
1551 5638 1764 5707 Regtn.,
1810 5637 1926 5710 Μα-

338 5708 562 5778 nulfum.
596 5711 650 5766 In
676 5708 908 5779 capitum
941 5709 1114 5764 indice
1156 5708 1205 5763 in
1250 5726 1377 5764 mss.
1406 5710 1597 5764 dicitur
1629 5709 1921 5780 Aginulfus.

344 5780 638 5902 “ignotior:
666 5783 858 5838 dicitur
901 5781 952 5834 itt
983 5780 1148 5835 Cone.
1190 5781 1396 5837 Matise.
1444 5780 1528 5834 cui
1569 5796 1661 5849 per
1696 5782 1921 5837 lcga'utn

344 5862 399 5902 su
442 5861 676 5902 δυτιοκιι.

338 5861 676 5907 SUDSL‘I‘ID‘H.

415 5865 546 5903 DSCI‘I
591 5865 676 5907 all.

415 5929 439 5965 8
483 5865 635 5973 Anpis
657 5920 909 6001 Sigulfusx,
941 5920 1205 5985 qui~stans
1235 5936 1329 5990 pro
1356 5921 1620 5988 Sigibcrlo
1644 5921 1802 5988 paulo
1828 5937 1921 5975 an-

2037 4798 2230 4867 juriam
2259 4799 2459 4855 inferas
2496 4799 2716 4855 omnino
2743 4812 3079 4858 commoneo.
3122 4800 3213 4855 llle
3243 4816 3393 4869 vero,
3429 4812 3485 4858 ut
3512 4813 3631 4861 erat

2040 4945 2253 5006 tequam
2299 4935 2652 5000 occideretur,
2712 4933 3076 4990 Cblodoveum
3121 4934 3406 5006 Chilperici
3456 4938 3628 4996 ﬁlium

2040 5005 2334 5077 liurclegala
2365 5006 2543 5074 ejecit.
2572 5020 2632 5060 ac
2667 5006 2952 5077 fugientem
2985 5005 3257 5077 insecutus
3277 5019 3376 5072 est,
3419 5020 3474 5062 ut
3505 5027 3626 5065 nar-

2039 5085 2120 5148 rat
2154 5074 2439 5144 Gregorius
2478 5077 2671 5148 libatv,
2704 5074 2823 5144 cap.
2852 5074 2944 5141 48,
2967 5077 3099 5148 alias
3125 5075 3220 5131 4'2?
3250 5079 3486 5148 Sigulfus
3516 5082 3627 5136 dux

2034 5147 2170 5219 infra
2202 5158 2530 5200 memoratur
2556 5147 2647 5200 lib.
2697 5160 2813 5215 vut,
2843 5160 2961 5215 cap.
2995 5147 3081 5214 l8,
3111 5148 3205 5201 sed
3236 5149 3370 5204 alius
3397 5150 3466 5207 ab
3488 5151 3626 5219 isto,

2032 5218 2078 5273 si
2108 5232 2198 5285 res
2228 5232 2327 5271 suo
2357 5226 2596 5285 tempore
2639 5225 2941 5271 narrantur.

2106 5284 2131 5324 ιι
2173 5286 2227 5341 ld
2270 5297 2352 5342 est
2383 5287 2629 5349 ulterius;
2675 5287 2861 5357 Regm.
2903 5286 3063 5341 habet
3090 5303 3121 5340 a
3156 5285 3364 5344 Pictavo
3402 5299 3627 5347 remotus

2030 5359 2079 5412 in
2110 5368 2279 5423 antea,
2304 5367 2412 5413 etc.

2106 5427 2117 5464 ί
2170 5430 2728 5505 Bad.,_se_ju_uxeraut,
2757 5438 2809 5483 et
2839 5426 2988 5505 (Io-Ib.
3008 5443 3063 5505 _a.
3087 5427 3258 5505 altera
3290 5443 3471 5499 manu,
3486 5435 3629 5505 jun-

2027 5500 2094 5550 cti
2124 5507 2293 5551 erant.
2326 5499 2427 5553 Sed
2462 5498 2749 5567 Gregorius
2778 5509 2829 5552 et
2856 5498 2942 5552 alii
2971 5498 3087 5567 ejus
3116 5501 3214 5552 aevi
3244 5498 3505 5557 auctores
3520 5519 3629 5559 ste-

2030 5570 2150 5639 pius
2176 5571 2343 5639 verbo
2358 5573 2524 5639 jungo
2556 5578 2778 5622 utuntur
2810 5570 3015 5639 passive
3038 5585 3129 5624 seu
3155 5571 3495 5626 neutraliter.

2105 5637 2119 5711 ᾇ
2165 5637 2271 5711 Seu
2298 5624 2606 5704 Duratﬁum,
2630 5639 2784 5705 vulgo
2807 5624 2857 5691 ὶιι
2874 5624 3169 5709 Dordague,
3189 5624 3385 5711 nobilis
3402 5624 3626 5711 fluvius,

2029 5709 2116 5777 qui
2162 5711 2213 5762 in
2245 5707 2499 5765 Arvernis
2530 5718 2711 5773 ortus,
2754 5711 2988 5763 lustratis
3026 5707 3206 5764 multis
3248 5710 3489 5775 urbibus,
3514 5707 3626 5767 Ge;

2030 5796 2235 5834 rutnna:
2258 5779 2502 5850 jungitur
2524 5781 2681 5843 paulo
2708 5788 2991 5848 antequam
3010 5794 3133 5850 sese
3165 5783 3213 5834 in
3243 5796 3392 5838 mare
3412 5798 3627 5840 exone-

2032 5860 2133 5906 ret.
2164 5850 2316 5904 Colb.
2351 5849 2422 5904 ut.
2457 5858 2509 5905 et
2539 5851 2721 5918 llegut.
2745 5850 2957 5912 habent,
2997 5849 3304 5916 Bononiam,

2102 5920 2125 5959 ¹ε
2169 5922 2347 5976 Sancti
2383 5920 2588 5977 Martini
2613 5919 2840 5986 scilicet;
2870 5918 3053 5975 confer
3070 5936 3225 5992 capp.
3250 5922 3313 5977 21
3336 5931 3389 5978 et
3416 5921 3507 5999 23.
