  <div class='ocr_page' id='page_1' title='image "/cluster/home/n/w/nwhite01/storage/ocr_20150623/71/hvd.32044054758743/224.png"; bbox 0 0 3966 6348; ppageno 0'>
   <div class='ocr_carea' id='block_1_1' title="bbox 373 365 476 423">
    <p class='ocr_par' dir='ltr' id='par_1_1' title="bbox 373 365 476 423">
     <span class='ocr_line' id='line_1_1' title="bbox 373 365 476 423; baseline 0.01 -2"><span class='ocrx_word' id='word_1_1' title='bbox 373 365 476 423; x_wconf 72' lang='grc'><strong>655</strong></span> 
     </span>
    </p>
   </div>
   <div class='ocr_carea' id='block_1_2' title="bbox 1254 362 2690 421">
    <p class='ocr_par' dir='ltr' id='par_1_2' title="bbox 1254 362 2690 421">
     <span class='ocr_line' id='line_1_2' title="bbox 1254 362 2690 421; baseline 0.002 -3"><span class='ocrx_word' id='word_1_2' title='bbox 1254 364 1569 421; x_wconf 69' lang='grc' dir='ltr'>ιιιδτοῐιιΑ</span> <span class='ocrx_word' id='word_1_3' title='bbox 1609 362 2048 421; x_wconf 75' lang='lat' dir='ltr'><strong>FRANCORUM.</strong></span> <span class='ocrx_word' id='word_1_4' title='bbox 2092 364 2296 419; x_wconf 76' lang='lat' dir='ltr'><strong>LIBER</strong></span> <span class='ocrx_word' id='word_1_5' title='bbox 2332 363 2690 421; x_wconf 74' lang='lat' dir='ltr'><strong>SEPTIMUS.</strong></span> 
     </span>
    </p>
   </div>
   <div class='ocr_carea' id='block_1_3' title="bbox 3532 366 3629 418">
    <p class='ocr_par' dir='ltr' id='par_1_3' title="bbox 3532 366 3629 418">
     <span class='ocr_line' id='line_1_3' title="bbox 3532 366 3629 418; baseline -0.041 1"><span class='ocrx_word' id='word_1_6' title='bbox 3532 366 3629 418; x_wconf 63' lang='grc'><strong>634</strong></span> 
     </span>
    </p>
   </div>
   <div class='ocr_carea' id='block_1_4' title="bbox 368 474 3632 551">
    <p class='ocr_par' dir='ltr' id='par_1_4' title="bbox 368 474 3632 551">
     <span class='ocr_line' id='line_1_4' title="bbox 368 474 3632 551; baseline 0.001 -18"><span class='ocrx_word' id='word_1_7' title='bbox 368 476 587 539; x_wconf 82' lang='lat' dir='ltr'><strong>vanitati</strong></span> <span class='ocrx_word' id='word_1_8' title='bbox 611 485 770 549; x_wconf 86' lang='lat' dir='ltr'><strong>atque</strong></span> <span class='ocrx_word' id='word_1_9' title='bbox 797 475 1033 532; x_wconf 65' lang='lat' dir='ltr'><strong>avaritia</strong></span> <span class='ocrx_word' id='word_1_10' title='bbox 1056 474 1286 543; x_wconf 56' lang='lat' dir='ltr'><strong>deditus,</strong></span> <span class='ocrx_word' id='word_1_11' title='bbox 1313 478 1569 533; x_wconf 98' lang='lat' dir='ltr'><strong>velociter</strong></span> <span class='ocrx_word' id='word_1_12' title='bbox 1596 477 1829 534; x_wconf 81' lang='lat' dir='ltr'><strong>Parisios</strong></span> <span class='ocrx_word' id='word_1_13' title='bbox 1850 478 1943 533; x_wconf 88' lang='lat' dir='ltr'><strong>ad-</strong></span> <span class='ocrx_word' id='word_1_14' title='bbox 1972 482 2021 542; x_wconf 76' lang='grc' dir='ltr'><strong>Α</strong></span> <span class='ocrx_word' id='word_1_15' title='bbox 2047 479 2275 546; x_wconf 88' lang='lat' dir='ltr'><strong>dicente,</strong></span> <span class='ocrx_word' id='word_1_16' title='bbox 2300 482 2513 550; x_wconf 83' lang='lat' dir='ltr'><strong>gavisus</strong></span> <span class='ocrx_word' id='word_1_17' title='bbox 2544 480 2848 549; x_wconf 77' lang='lat' dir='ltr'><strong>Eberullus,</strong></span> <span class='ocrx_word' id='word_1_18' title='bbox 2892 482 3171 551; x_wconf 71' lang='grc' dir='ltr'><strong>τθςνοηάἰι</strong></span> <span class='ocrx_word' id='word_1_19' title='bbox 3209 482 3404 537; x_wconf 86' lang='lat' dir='ltr'><strong>habere</strong></span> <span class='ocrx_word' id='word_1_20' title='bbox 3440 495 3517 545; x_wconf 90' lang='lat' dir='ltr'><strong>se,</strong></span> <span class='ocrx_word' id='word_1_21' title='bbox 3552 482 3632 536; x_wconf 86' lang='lat' dir='ltr'><strong>di-</strong></span> 
     </span>
    </p>
   </div>
   <div class='ocr_carea' id='block_1_5' title="bbox 368 569 1953 627">
    <p class='ocr_par' dir='ltr' id='par_1_5' title="bbox 368 569 1953 627">
     <span class='ocr_line' id='line_1_5' title="bbox 368 569 1953 627; baseline -0.001 0"><span class='ocrx_word' id='word_1_22' title='bbox 368 572 621 627; x_wconf 77' lang='lat' dir='ltr'><strong>volavit:</strong></span> <span class='ocrx_word' id='word_1_23' title='bbox 661 586 795 625; x_wconf 81' lang='lat' dir='ltr'><strong>uxor</strong></span> <span class='ocrx_word' id='word_1_24' title='bbox 832 570 975 625; x_wconf 90' lang='lat' dir='ltr'><strong>enim</strong></span> <span class='ocrx_word' id='word_1_25' title='bbox 1004 569 1055 624; x_wconf 88' lang='lat' dir='ltr'><strong>ei</strong></span> <span class='ocrx_word' id='word_1_26' title='bbox 1087 583 1148 624; x_wconf 77' lang='lat' dir='ltr'><strong>ex</strong></span> <span class='ocrx_word' id='word_1_27' title='bbox 1197 569 1455 625; x_wconf 80' lang='lat' dir='ltr'><strong>Mcldensi</strong></span> <span class='ocrx_word' id='word_1_28' title='bbox 1501 570 1770 625; x_wconf 87' lang='lat' dir='ltr'><strong>territorio</strong></span> <span class='ocrx_word' id='word_1_29' title='bbox 1816 579 1953 625; x_wconf 87' lang='lat' dir='ltr'><strong>crat.</strong></span> 
     </span>
    </p>
   </div>
   <div class='ocr_carea' id='block_1_6' title="bbox 368 659 1953 729">
    <p class='ocr_par' dir='ltr' id='par_1_6' title="bbox 368 659 1953 729">
     <span class='ocr_line' id='line_1_6' title="bbox 368 659 1953 729; baseline -0.002 -12"><span class='ocrx_word' id='word_1_30' title='bbox 368 663 593 719; x_wconf 85' lang='lat' dir='ltr'><strong>Volvere</strong></span> <span class='ocrx_word' id='word_1_31' title='bbox 634 660 814 715; x_wconf 91' lang='lat' dir='ltr'><strong>animo</strong></span> <span class='ocrx_word' id='word_1_32' title='bbox 851 660 1015 728; x_wconf 71' lang='lat' dir='ltr'><strong>erepit</strong></span> <span class='ocrx_word' id='word_1_33' title='bbox 1053 667 1230 713; x_wconf 88' lang='lat' dir='ltr'><strong>utrum</strong></span> <span class='ocrx_word' id='word_1_34' title='bbox 1261 659 1663 729; x_wconf 83' lang='lat' dir='ltr'><strong>Fredegundem</strong></span> <span class='ocrx_word' id='word_1_35' title='bbox 1715 660 1953 729; x_wconf 93' lang='lat' dir='ltr'><strong>reginam</strong></span> 
     </span>
    </p>
   </div>
   <div class='ocr_carea' id='block_1_7' title="bbox 364 751 1955 825">
    <p class='ocr_par' dir='ltr' id='par_1_7' title="bbox 364 751 1955 825">
     <span class='ocr_line' id='line_1_7' title="bbox 364 751 1955 825; baseline -0.001 -18"><span class='ocrx_word' id='word_1_36' title='bbox 364 755 593 822; x_wconf 85' lang='lat' dir='ltr'><strong>videret,</strong></span> <span class='ocrx_word' id='word_1_37' title='bbox 617 753 802 807; x_wconf 88' lang='lat' dir='ltr'><strong>dicens</strong></span> <span class='ocrx_word' id='word_1_38' title='bbox 827 770 839 803; x_wconf 88' lang='lat'><strong>:</strong></span> <span class='ocrx_word' id='word_1_39' title='bbox 866 751 926 807; x_wconf 85' lang='lat' dir='ltr'><strong>Si</strong></span> <span class='ocrx_word' id='word_1_40' title='bbox 949 765 1067 805; x_wconf 86' lang='lat' dir='ltr'><strong>eam</strong></span> <span class='ocrx_word' id='word_1_41' title='bbox 1097 751 1304 817; x_wconf 86' lang='lat' dir='ltr'><strong>videro,</strong></span> <span class='ocrx_word' id='word_1_42' title='bbox 1335 751 1529 825; x_wconf 81' lang='lat' dir='ltr'><strong>elicere</strong></span> <span class='ocrx_word' id='word_1_43' title='bbox 1575 751 1641 806; x_wconf 87' lang='lat' dir='ltr'><strong>ab</strong></span> <span class='ocrx_word' id='word_1_44' title='bbox 1669 766 1731 806; x_wconf 88' lang='lat' dir='ltr'><strong>ea</strong></span> <span class='ocrx_word' id='word_1_45' title='bbox 1757 751 1955 821; x_wconf 89' lang='lat' dir='ltr'><strong>aliquid</strong></span> 
     </span>
    </p>
   </div>
   <div class='ocr_carea' id='block_1_8' title="bbox 364 839 1953 913">
    <p class='ocr_par' dir='ltr' id='par_1_8' title="bbox 364 839 1953 913">
     <span class='ocr_line' id='line_1_8' title="bbox 364 839 1953 913; baseline -0.002 -14"><span class='ocrx_word' id='word_1_46' title='bbox 364 844 607 900; x_wconf 85' lang='lat' dir='ltr'><strong>muneris</strong></span> <span class='ocrx_word' id='word_1_47' title='bbox 622 857 859 913; x_wconf 87' lang='lat' dir='ltr'><strong>possum.</strong></span> <span class='ocrx_word' id='word_1_48' title='bbox 882 841 1009 897; x_wconf 85' lang='lat' dir='ltr'><strong>Scio</strong></span> <span class='ocrx_word' id='word_1_49' title='bbox 1024 839 1168 896; x_wconf 91' lang='lat' dir='ltr'><strong>enim</strong></span> <span class='ocrx_word' id='word_1_50' title='bbox 1192 855 1306 894; x_wconf 90' lang='lat' dir='ltr'><strong>eam</strong></span> <span class='ocrx_word' id='word_1_51' title='bbox 1326 855 1447 896; x_wconf 89' lang='lat' dir='ltr'><strong>esse</strong></span> <span class='ocrx_word' id='word_1_52' title='bbox 1464 840 1687 907; x_wconf 83' lang='lat' dir='ltr'><strong>homini,</strong></span> <span class='ocrx_word' id='word_1_53' title='bbox 1710 842 1775 895; x_wconf 92' lang='lat' dir='ltr'><strong>ad</strong></span> <span class='ocrx_word' id='word_1_54' title='bbox 1797 856 1953 911; x_wconf 88' lang='lat' dir='ltr'><strong>quem</strong></span> 
     </span>
    </p>
   </div>
   <div class='ocr_carea' id='block_1_9' title="bbox 364 933 1955 1003">
    <p class='ocr_par' dir='ltr' id='par_1_9' title="bbox 364 933 1955 1003">
     <span class='ocr_line' id='line_1_9' title="bbox 364 933 1955 1003; baseline -0.003 -10"><span class='ocrx_word' id='word_1_55' title='bbox 364 938 603 993; x_wconf 88' lang='lat' dir='ltr'><strong>directus</strong></span> <span class='ocrx_word' id='word_1_56' title='bbox 624 950 766 1001; x_wconf 85' lang='lat' dir='ltr'><strong>sum,</strong></span> <span class='ocrx_word' id='word_1_57' title='bbox 798 935 1088 989; x_wconf 85' lang='lat' dir='ltr'><strong>inimicam.</strong></span> <span class='ocrx_word' id='word_1_58' title='bbox 1123 934 1274 988; x_wconf 84' lang='lat' dir='ltr'><strong>Tunc</strong></span> <span class='ocrx_word' id='word_1_59' title='bbox 1308 933 1573 989; x_wconf 85' lang='lat' dir='ltr'><strong>accedens</strong></span> <span class='ocrx_word' id='word_1_60' title='bbox 1614 934 1681 988; x_wconf 88' lang='lat' dir='ltr'><strong>ad</strong></span> <span class='ocrx_word' id='word_1_61' title='bbox 1720 950 1860 1003; x_wconf 91' lang='lat' dir='ltr'><strong>eam,</strong></span> <span class='ocrx_word' id='word_1_62' title='bbox 1888 934 1955 989; x_wconf 89' lang='lat' dir='ltr'><strong>de</strong></span> 
     </span>
    </p>
   </div>
   <div class='ocr_carea' id='block_1_10' title="bbox 366 1023 1953 1097">
    <p class='ocr_par' dir='ltr' id='par_1_10' title="bbox 366 1023 1953 1097">
     <span class='ocr_line' id='line_1_10' title="bbox 366 1023 1953 1097; baseline 0 -19"><span class='ocrx_word' id='word_1_63' title='bbox 366 1023 618 1097; x_wconf 72' lang='lat' dir='ltr'><strong>pra-senti</strong></span> <span class='ocrx_word' id='word_1_64' title='bbox 646 1038 870 1079; x_wconf 86' lang='lat' dir='ltr'><strong>munera</strong></span> <span class='ocrx_word' id='word_1_65' title='bbox 900 1037 1089 1092; x_wconf 87' lang='lat' dir='ltr'><strong>magna</strong></span> <span class='ocrx_word' id='word_1_66' title='bbox 1127 1023 1367 1092; x_wconf 90' lang='lat' dir='ltr'><strong>capiens,</strong></span> <span class='ocrx_word' id='word_1_67' title='bbox 1400 1023 1784 1091; x_wconf 88' lang='lat' dir='ltr'><strong>promissiones</strong></span> <span class='ocrx_word' id='word_1_68' title='bbox 1810 1024 1953 1078; x_wconf 89' lang='lat' dir='ltr'><strong>mul-</strong></span> 
     </span>
    </p>
   </div>
   <div class='ocr_carea' id='block_1_11' title="bbox 367 1112 1956 1179">
    <p class='ocr_par' dir='ltr' id='par_1_11' title="bbox 367 1112 1956 1179">
     <span class='ocr_line' id='line_1_11' title="bbox 367 1112 1956 1179; baseline 0 -10"><span class='ocrx_word' id='word_1_69' title='bbox 367 1124 452 1169; x_wconf 88' lang='lat' dir='ltr'><strong>tas</strong></span> <span class='ocrx_word' id='word_1_70' title='bbox 478 1115 681 1179; x_wconf 88' lang='lat' dir='ltr'><strong>elicuit,</strong></span> <span class='ocrx_word' id='word_1_71' title='bbox 710 1123 763 1167; x_wconf 91' lang='lat' dir='ltr'><strong>ut</strong></span> <span class='ocrx_word' id='word_1_72' title='bbox 794 1123 884 1167; x_wconf 86' lang='lat' dir='ltr'><strong>aut</strong></span> <span class='ocrx_word' id='word_1_73' title='bbox 913 1121 1212 1169; x_wconf 82' lang='lat' dir='ltr'><strong>extractum</strong></span> <span class='ocrx_word' id='word_1_74' title='bbox 1236 1129 1263 1166; x_wconf 89' lang='lat' dir='ltr'><strong>a</strong></span> <span class='ocrx_word' id='word_1_75' title='bbox 1287 1112 1507 1167; x_wconf 80' lang='lat' dir='ltr'><strong>basilica</strong></span> <span class='ocrx_word' id='word_1_76' title='bbox 1536 1112 1849 1169; x_wconf 82' lang='lat' dir='ltr'><strong>Eberulfum</strong></span> <span class='ocrx_word' id='word_1_77' title='bbox 1872 1129 1956 1169; x_wconf 91' lang='lat' dir='ltr'><strong>oc-</strong></span> 
     </span>
    </p>
   </div>
   <div class='ocr_carea' id='block_1_12' title="bbox 367 1204 1958 1275">
    <p class='ocr_par' dir='ltr' id='par_1_12' title="bbox 367 1204 1958 1275">
     <span class='ocr_line' id='line_1_12' title="bbox 367 1204 1958 1275; baseline 0 -13"><span class='ocrx_word' id='word_1_78' title='bbox 367 1207 594 1275; x_wconf 89' lang='lat' dir='ltr'><strong>cideret,</strong></span> <span class='ocrx_word' id='word_1_79' title='bbox 621 1216 710 1260; x_wconf 91' lang='lat' dir='ltr'><strong>aut</strong></span> <span class='ocrx_word' id='word_1_80' title='bbox 735 1207 1159 1261; x_wconf 80' lang='lat' dir='ltr'><strong>circumventum</strong></span> <span class='ocrx_word' id='word_1_81' title='bbox 1191 1204 1327 1261; x_wconf 90' lang='lat' dir='ltr'><strong>dolis</strong></span> <span class='ocrx_word' id='word_1_82' title='bbox 1354 1206 1561 1262; x_wconf 77' lang='lat' dir='ltr'><strong>catenis</strong></span> <span class='ocrx_word' id='word_1_83' title='bbox 1586 1207 1831 1275; x_wconf 88' lang='lat' dir='ltr'><strong>vinciret,</strong></span> <span class='ocrx_word' id='word_1_84' title='bbox 1865 1216 1958 1262; x_wconf 88' lang='lat' dir='ltr'><strong>aut</strong></span> 
     </span>
    </p>
   </div>
   <div class='ocr_carea' id='block_1_13' title="bbox 367 1294 1956 1365">
    <p class='ocr_par' dir='ltr' id='par_1_13' title="bbox 367 1294 1956 1365">
     <span class='ocr_line' id='line_1_13' title="bbox 367 1294 1956 1365; baseline 0 -16"><span class='ocrx_word' id='word_1_85' title='bbox 367 1305 521 1350; x_wconf 88' lang='lat' dir='ltr'><strong>certe</strong></span> <span class='ocrx_word' id='word_1_86' title='bbox 548 1297 602 1350; x_wconf 91' lang='lat' dir='ltr'><strong>in</strong></span> <span class='ocrx_word' id='word_1_87' title='bbox 641 1296 756 1363; x_wconf 85' lang='lat' dir='ltr'><strong>ipso</strong></span> <span class='ocrx_word' id='word_1_88' title='bbox 791 1309 913 1349; x_wconf 89' lang='lat' dir='ltr'><strong>eum</strong></span> <span class='ocrx_word' id='word_1_89' title='bbox 945 1295 1083 1348; x_wconf 91' lang='lat' dir='ltr'><strong>atrio</strong></span> <span class='ocrx_word' id='word_1_90' title='bbox 1112 1294 1421 1350; x_wconf 86' lang='lat' dir='ltr'><strong>trucidaret.</strong></span> <span class='ocrx_word' id='word_1_91' title='bbox 1457 1294 1749 1365; x_wconf 76' lang='lat' dir='ltr'><strong>Regressus</strong></span> <span class='ocrx_word' id='word_1_92' title='bbox 1777 1306 1956 1350; x_wconf 85' lang='lat' dir='ltr'><strong>autem</strong></span> 
     </span>
    </p>
   </div>
   <div class='ocr_carea' id='block_1_14' title="bbox 370 1388 1958 1455">
    <p class='ocr_par' dir='ltr' id='par_1_14' title="bbox 370 1388 1958 1455">
     <span class='ocr_line' id='line_1_14' title="bbox 370 1388 1958 1455; baseline 0.002 -14"><span class='ocrx_word' id='word_1_93' title='bbox 370 1388 436 1441; x_wconf 84' lang='lat' dir='ltr'><strong>ad</strong></span> <span class='ocrx_word' id='word_1_94' title='bbox 470 1388 715 1442; x_wconf 86' lang='lat' dir='ltr'><strong>Dnnense</strong></span> <span class='ocrx_word' id='word_1_95' title='bbox 744 1396 1003 1455; x_wconf 84' lang='lat' dir='ltr'><strong>castrum,</strong></span> <span class='ocrx_word' id='word_1_96' title='bbox 1029 1388 1279 1441; x_wconf 89' lang='lat' dir='ltr'><strong>comitem</strong></span> <span class='ocrx_word' id='word_1_97' title='bbox 1320 1398 1643 1454; x_wconf 90' lang='lat' dir='ltr'><strong>commonet,</strong></span> <span class='ocrx_word' id='word_1_98' title='bbox 1670 1397 1728 1444; x_wconf 92' lang='lat' dir='ltr'><strong>ut</strong></span> <span class='ocrx_word' id='word_1_99' title='bbox 1756 1391 1802 1443; x_wconf 85' lang='lat' dir='ltr'><strong>ei</strong></span> <span class='ocrx_word' id='word_1_100' title='bbox 1851 1399 1958 1444; x_wconf 88' lang='lat' dir='ltr'><strong>tre-</strong></span> 
     </span>
    </p>
   </div>
   <div class='ocr_carea' id='block_1_15' title="bbox 368 1478 1958 1548">
    <p class='ocr_par' dir='ltr' id='par_1_15' title="bbox 368 1478 1958 1548">
     <span class='ocr_line' id='line_1_15' title="bbox 368 1478 1958 1548; baseline -0.001 -11"><span class='ocrx_word' id='word_1_101' title='bbox 368 1488 559 1537; x_wconf 84' lang='lat' dir='ltr'><strong>centos</strong></span> <span class='ocrx_word' id='word_1_102' title='bbox 583 1479 753 1545; x_wconf 82' lang='lat' dir='ltr'><strong>viros,</strong></span> <span class='ocrx_word' id='word_1_103' title='bbox 783 1478 933 1548; x_wconf 88' lang='lat' dir='ltr'><strong>quasi</strong></span> <span class='ocrx_word' id='word_1_104' title='bbox 975 1478 1042 1532; x_wconf 91' lang='lat' dir='ltr'><strong>ad</strong></span> <span class='ocrx_word' id='word_1_105' title='bbox 1078 1478 1457 1535; x_wconf 83' lang='lat' dir='ltr'><strong>custodiendas</strong></span> <span class='ocrx_word' id='word_1_106' title='bbox 1503 1480 1780 1535; x_wconf 71' lang='lat' dir='ltr'><strong>Turonica:</strong></span> <span class='ocrx_word' id='word_1_107' title='bbox 1809 1481 1958 1536; x_wconf 87' lang='lat' dir='ltr'><strong>urbis</strong></span> 
     </span>
    </p>
   </div>
   <div class='ocr_carea' id='block_1_16' title="bbox 371 1570 1959 1640">
    <p class='ocr_par' dir='ltr' id='par_1_16' title="bbox 371 1570 1959 1640">
     <span class='ocr_line' id='line_1_16' title="bbox 371 1570 1959 1640; baseline -0.001 -16"><span class='ocrx_word' id='word_1_108' title='bbox 371 1580 572 1639; x_wconf 81' lang='lat' dir='ltr'><strong>portas,</strong></span> <span class='ocrx_word' id='word_1_109' title='bbox 601 1570 910 1640; x_wconf 91' lang='lat' dir='ltr'><strong>adjungeret</strong></span> <span class='ocrx_word' id='word_1_110' title='bbox 936 1587 951 1624; x_wconf 87' lang='lat'><strong>:</strong></span> <span class='ocrx_word' id='word_1_111' title='bbox 980 1570 1189 1626; x_wconf 86' lang='lat' dir='ltr'><strong>scilicet</strong></span> <span class='ocrx_word' id='word_1_112' title='bbox 1216 1580 1273 1625; x_wconf 93' lang='lat' dir='ltr'><strong>ut</strong></span> <span class='ocrx_word' id='word_1_113' title='bbox 1310 1586 1430 1625; x_wconf 88' lang='lat' dir='ltr'><strong>cum</strong></span> <span class='ocrx_word' id='word_1_114' title='bbox 1464 1571 1716 1635; x_wconf 75' lang='lat' dir='ltr'><strong>venisset,</strong></span> <span class='ocrx_word' id='word_1_115' title='bbox 1750 1585 1843 1638; x_wconf 89' lang='lat' dir='ltr'><strong>per</strong></span> <span class='ocrx_word' id='word_1_116' title='bbox 1866 1587 1959 1626; x_wconf 91' lang='lat' dir='ltr'><strong>co-</strong></span> 
     </span>
    </p>
   </div>
   <div class='ocr_carea' id='block_1_17' title="bbox 368 1661 1957 1733">
    <p class='ocr_par' dir='ltr' id='par_1_17' title="bbox 368 1661 1957 1733">
     <span class='ocr_line' id='line_1_17' title="bbox 368 1661 1957 1733; baseline 0.003 -17"><span class='ocrx_word' id='word_1_117' title='bbox 368 1676 490 1716; x_wconf 89' lang='lat' dir='ltr'><strong>rum</strong></span> <span class='ocrx_word' id='word_1_118' title='bbox 525 1661 773 1716; x_wconf 85' lang='lat' dir='ltr'><strong>solatium</strong></span> <span class='ocrx_word' id='word_1_119' title='bbox 806 1663 1117 1718; x_wconf 82' lang='lat' dir='ltr'><strong>Eberulfum</strong></span> <span class='ocrx_word' id='word_1_120' title='bbox 1158 1672 1341 1733; x_wconf 82' lang='lat' dir='ltr'><strong>posset</strong></span> <span class='ocrx_word' id='word_1_121' title='bbox 1367 1664 1689 1733; x_wconf 82' lang='lat' dir='ltr'><strong>opprimere.</strong></span> <span class='ocrx_word' id='word_1_122' title='bbox 1717 1665 1957 1733; x_wconf 79' lang='lat' dir='ltr'><strong>Cumque</strong></span> 
     </span>
    </p>
   </div>
   <div class='ocr_carea' id='block_1_18' title="bbox 368 1754 1958 1823">
    <p class='ocr_par' dir='ltr' id='par_1_18' title="bbox 368 1754 1958 1823">
     <span class='ocr_line' id='line_1_18' title="bbox 368 1754 1958 1823; baseline 0.002 -15"><span class='ocrx_word' id='word_1_123' title='bbox 368 1767 553 1808; x_wconf 75' lang='lat' dir='ltr'><strong>cernes</strong></span> <span class='ocrx_word' id='word_1_124' title='bbox 579 1755 679 1810; x_wconf 92' lang='lat' dir='ltr'><strong>loci</strong></span> <span class='ocrx_word' id='word_1_125' title='bbox 710 1754 853 1809; x_wconf 90' lang='lat' dir='ltr'><strong>viros</strong></span> <span class='ocrx_word' id='word_1_126' title='bbox 875 1756 1009 1810; x_wconf 88' lang='lat' dir='ltr'><strong>istos</strong></span> <span class='ocrx_word' id='word_1_127' title='bbox 1035 1764 1420 1823; x_wconf 82' lang='lat' dir='ltr'><strong>commoveret,</strong></span> <span class='ocrx_word' id='word_1_128' title='bbox 1452 1755 1707 1811; x_wconf 88' lang='lat' dir='ltr'><strong>Claudius</strong></span> <span class='ocrx_word' id='word_1_129' title='bbox 1729 1756 1958 1812; x_wconf 77' lang='lat' dir='ltr'><strong>Turonis</strong></span> 
     </span>
    </p>
   </div>
   <div class='ocr_carea' id='block_1_19' title="bbox 2055 572 3634 642">
    <p class='ocr_par' dir='ltr' id='par_1_19' title="bbox 2055 572 3634 642">
     <span class='ocr_line' id='line_1_19' title="bbox 2055 572 3634 642; baseline 0 -17"><span class='ocrx_word' id='word_1_130' title='bbox 2055 586 2181 626; x_wconf 88' lang='lat' dir='ltr'><strong>cens</strong></span> <span class='ocrx_word' id='word_1_131' title='bbox 2200 588 2214 625; x_wconf 90' lang='lat'><strong>:</strong></span> <span class='ocrx_word' id='word_1_132' title='bbox 2247 572 2311 626; x_wconf 83' lang='lat' dir='ltr'><strong>Et</strong></span> <span class='ocrx_word' id='word_1_133' title='bbox 2334 576 2511 626; x_wconf 91' lang='lat' dir='ltr'><strong>omnia</strong></span> <span class='ocrx_word' id='word_1_134' title='bbox 2529 587 2648 642; x_wconf 77' lang='lat' dir='ltr'><strong>quae</strong></span> <span class='ocrx_word' id='word_1_135' title='bbox 2668 573 2900 627; x_wconf 84' lang='lat' dir='ltr'><strong>volueris</strong></span> <span class='ocrx_word' id='word_1_136' title='bbox 2917 574 2981 626; x_wconf 91' lang='lat' dir='ltr'><strong>ad</strong></span> <span class='ocrx_word' id='word_1_137' title='bbox 3004 581 3257 626; x_wconf 84' lang='lat' dir='ltr'><strong>metatum</strong></span> <span class='ocrx_word' id='word_1_138' title='bbox 3281 585 3457 626; x_wconf 90' lang='lat' dir='ltr'><strong>meum</strong></span> <span class='ocrx_word' id='word_1_139' title='bbox 3481 585 3634 640; x_wconf 69' lang='grc' dir='ltr'><strong>τενθ-</strong></span> 
     </span>
    </p>
   </div>
   <div class='ocr_carea' id='block_1_20' title="bbox 2055 660 3629 733">
    <p class='ocr_par' dir='ltr' id='par_1_20' title="bbox 2055 660 3629 733">
     <span class='ocr_line' id='line_1_20' title="bbox 2055 660 3629 733; baseline -0.001 -18"><span class='ocrx_word' id='word_1_140' title='bbox 2055 662 2161 716; x_wconf 91' lang='lat' dir='ltr'><strong>ries</strong></span> <span class='ocrx_word' id='word_1_141' title='bbox 2214 679 2227 715; x_wconf 91' lang='lat'><strong>:</strong></span> <span class='ocrx_word' id='word_1_142' title='bbox 2274 671 2476 716; x_wconf 89' lang='lat' dir='ltr'><strong>tantum</strong></span> <span class='ocrx_word' id='word_1_143' title='bbox 2509 672 2569 717; x_wconf 90' lang='lat' dir='ltr'><strong>ut</strong></span> <span class='ocrx_word' id='word_1_144' title='bbox 2602 663 2847 732; x_wconf 81' lang='lat' dir='ltr'><strong>dignetur</strong></span> <span class='ocrx_word' id='word_1_145' title='bbox 2890 662 3137 717; x_wconf 83' lang='lat' dir='ltr'><strong>dominus</strong></span> <span class='ocrx_word' id='word_1_146' title='bbox 3180 677 3332 717; x_wconf 90' lang='lat' dir='ltr'><strong>meus</strong></span> <span class='ocrx_word' id='word_1_147' title='bbox 3366 660 3629 733; x_wconf 87' lang='lat' dir='ltr'><strong>tugurium</strong></span> 
     </span>
    </p>
   </div>
   <div class='ocr_carea' id='block_1_21' title="bbox 2054 751 3636 821">
    <p class='ocr_par' dir='ltr' id='par_1_21' title="bbox 2054 751 3636 821">
     <span class='ocr_line' id='line_1_21' title="bbox 2054 751 3636 821; baseline 0.001 -15"><span class='ocrx_word' id='word_1_148' title='bbox 2054 751 2258 821; x_wconf 85' lang='lat' dir='ltr'><strong>ingredi</strong></span> <span class='ocrx_word' id='word_1_149' title='bbox 2288 751 2580 807; x_wconf 89' lang='lat' dir='ltr'><strong>mansionis</strong></span> <span class='ocrx_word' id='word_1_150' title='bbox 2608 768 2760 809; x_wconf 57' lang='lat' dir='ltr'><strong>mea}.</strong></span> <span class='ocrx_word' id='word_1_151' title='bbox 2795 751 3038 821; x_wconf 86' lang='lat' dir='ltr'><strong>Misitque</strong></span> <span class='ocrx_word' id='word_1_152' title='bbox 3086 768 3300 821; x_wconf 89' lang='lat' dir='ltr'><strong>pueros,</strong></span> <span class='ocrx_word' id='word_1_153' title='bbox 3324 768 3483 806; x_wconf 88' lang='lat' dir='ltr'><strong>unum</strong></span> <span class='ocrx_word' id='word_1_154' title='bbox 3518 763 3636 817; x_wconf 86' lang='lat' dir='ltr'><strong>post</strong></span> 
     </span>
    </p>
   </div>
   <div class='ocr_carea' id='block_1_22' title="bbox 2055 843 3636 915">
    <p class='ocr_par' dir='ltr' id='par_1_22' title="bbox 2055 843 3636 915">
     <span class='ocr_line' id='line_1_22' title="bbox 2055 843 3636 915; baseline 0 -18"><span class='ocrx_word' id='word_1_155' title='bbox 2055 844 2246 910; x_wconf 88' lang='lat' dir='ltr'><strong>alium,</strong></span> <span class='ocrx_word' id='word_1_156' title='bbox 2278 844 2343 899; x_wconf 89' lang='lat' dir='ltr'><strong>ad</strong></span> <span class='ocrx_word' id='word_1_157' title='bbox 2374 846 2691 914; x_wconf 90' lang='lat' dir='ltr'><strong>requirenda</strong></span> <span class='ocrx_word' id='word_1_158' title='bbox 2731 846 3028 915; x_wconf 88' lang='lat' dir='ltr'><strong>potentiora</strong></span> <span class='ocrx_word' id='word_1_159' title='bbox 3069 845 3212 910; x_wconf 86' lang='lat' dir='ltr'><strong>vina,</strong></span> <span class='ocrx_word' id='word_1_160' title='bbox 3243 844 3479 898; x_wconf 81' lang='lat' dir='ltr'><strong>Laticiua</strong></span> <span class='ocrx_word' id='word_1_161' title='bbox 3499 843 3525 881; x_wconf 76' lang='grc' dir='ltr'>δ</span> <span class='ocrx_word' id='word_1_162' title='bbox 3557 844 3636 897; x_wconf 60' lang='lat' dir='ltr'><strong>vi«</strong></span> 
     </span>
    </p>
   </div>
   <div class='ocr_carea' id='block_1_23' title="bbox 2056 928 3635 1007">
    <p class='ocr_par' dir='ltr' id='par_1_23' title="bbox 2056 928 3635 1007">
     <span class='ocr_line' id='line_1_23' title="bbox 2056 928 3635 1007; baseline -0.002 -16"><span class='ocrx_word' id='word_1_163' title='bbox 2056 936 2268 1000; x_wconf 79' lang='lat' dir='ltr'><strong>delicet,</strong></span> <span class='ocrx_word' id='word_1_164' title='bbox 2296 948 2453 1007; x_wconf 89' lang='lat' dir='ltr'><strong>atque</strong></span> <span class='ocrx_word' id='word_1_165' title='bbox 2484 936 2747 994; x_wconf 87' lang='lat' dir='ltr'><strong>Gazitina.</strong></span> <span class='ocrx_word' id='word_1_166' title='bbox 2777 937 3015 1007; x_wconf 87' lang='lat' dir='ltr'><strong>Cumque</strong></span> <span class='ocrx_word' id='word_1_167' title='bbox 3052 936 3204 991; x_wconf 87' lang='lat' dir='ltr'><strong>illum</strong></span> <span class='ocrx_word' id='word_1_168' title='bbox 3238 951 3268 989; x_wconf 88' lang='lat' dir='ltr'><strong>a</strong></span> <span class='ocrx_word' id='word_1_169' title='bbox 3299 928 3476 1005; x_wconf 81' lang='lat' dir='ltr'><strong>pueris</strong></span> <span class='ocrx_word' id='word_1_170' title='bbox 3513 935 3635 989; x_wconf 90' lang='lat' dir='ltr'><strong>reii-</strong></span> 
     </span>
    </p>
   </div>
   <div class='ocr_carea' id='block_1_24' title="bbox 2056 1026 3635 1098">
    <p class='ocr_par' dir='ltr' id='par_1_24' title="bbox 2056 1026 3635 1098">
     <span class='ocr_line' id='line_1_24' title="bbox 2056 1026 3635 1098; baseline -0.002 -15"><span class='ocrx_word' id='word_1_171' title='bbox 2056 1039 2198 1083; x_wconf 78' lang='lat' dir='ltr'><strong>Ctum</strong></span> <span class='ocrx_word' id='word_1_172' title='bbox 2251 1029 2421 1083; x_wconf 87' lang='lat' dir='ltr'><strong>solum</strong></span> <span class='ocrx_word' id='word_1_173' title='bbox 2459 1026 2710 1084; x_wconf 88' lang='lat' dir='ltr'><strong>Claudius</strong></span> <span class='ocrx_word' id='word_1_174' title='bbox 2759 1029 3153 1098; x_wconf 85' lang='lat' dir='ltr'><strong>conspexisset,</strong></span> <span class='ocrx_word' id='word_1_175' title='bbox 3204 1028 3407 1082; x_wconf 89' lang='lat' dir='ltr'><strong>elevata</strong></span> <span class='ocrx_word' id='word_1_176' title='bbox 3448 1036 3635 1081; x_wconf 85' lang='lat' dir='ltr'><strong>contra</strong></span> 
     </span>
    </p>
   </div>
   <div class='ocr_carea' id='block_1_25' title="bbox 2057 1115 3634 1186">
    <p class='ocr_par' dir='ltr' id='par_1_25' title="bbox 2057 1115 3634 1186">
     <span class='ocr_line' id='line_1_25' title="bbox 2057 1115 3634 1186; baseline -0.001 -15"><span class='ocrx_word' id='word_1_177' title='bbox 2057 1116 2326 1172; x_wconf 83' lang='lat' dir='ltr'><strong>basilicam</strong></span> <span class='ocrx_word' id='word_1_178' title='bbox 2394 1133 2592 1186; x_wconf 83' lang='lat' dir='ltr'><strong>manu,</strong></span> <span class='ocrx_word' id='word_1_179' title='bbox 2666 1118 2802 1172; x_wconf 86' lang='lat' dir='ltr'><strong>ait:</strong></span> <span class='ocrx_word' id='word_1_180' title='bbox 2854 1118 3077 1173; x_wconf 83' lang='lat' dir='ltr'><strong>Martine</strong></span> <span class='ocrx_word' id='word_1_181' title='bbox 3142 1116 3489 1183; x_wconf 81' lang='lat' dir='ltr'><strong>beatissime,</strong></span> <span class='ocrx_word' id='word_1_182' title='bbox 3552 1115 3634 1170; x_wconf 78' lang='lat' dir='ltr'><strong>iac</strong></span> 
     </span>
    </p>
   </div>
   <div class='ocr_carea' id='block_1_26' title="bbox 2059 1206 3636 1279">
    <p class='ocr_par' dir='ltr' id='par_1_26' title="bbox 2059 1206 3636 1279">
     <span class='ocr_line' id='line_1_26' title="bbox 2059 1206 3636 1279; baseline -0.002 -17"><span class='ocrx_word' id='word_1_183' title='bbox 2059 1224 2145 1264; x_wconf 90' lang='lat' dir='ltr'><strong>me</strong></span> <span class='ocrx_word' id='word_1_184' title='bbox 2171 1223 2399 1265; x_wconf 74' lang='lat' dir='ltr'><strong>uxorem</strong></span> <span class='ocrx_word' id='word_1_185' title='bbox 2421 1208 2583 1279; x_wconf 60' lang='lat'><strong>355.</strong></span> <span class='ocrx_word' id='word_1_186' title='bbox 2607 1223 2725 1263; x_wconf 90' lang='lat' dir='ltr'><strong>cum</strong></span> <span class='ocrx_word' id='word_1_187' title='bbox 2757 1210 3061 1277; x_wconf 88' lang='lat' dir='ltr'><strong>parentibus</strong></span> <span class='ocrx_word' id='word_1_188' title='bbox 3082 1207 3189 1263; x_wconf 87' lang='lat' dir='ltr'><strong>cito</strong></span> <span class='ocrx_word' id='word_1_189' title='bbox 3218 1208 3419 1263; x_wconf 87' lang='lat' dir='ltr'><strong>videre.</strong></span> <span class='ocrx_word' id='word_1_190' title='bbox 3452 1206 3636 1261; x_wconf 82' lang='lat' dir='ltr'><strong>lnielix</strong></span> 
     </span>
    </p>
   </div>
   <div class='ocr_carea' id='block_1_27' title="bbox 2057 1303 3635 1372">
    <p class='ocr_par' dir='ltr' id='par_1_27' title="bbox 2057 1303 3635 1372">
     <span class='ocr_line' id='line_1_27' title="bbox 2057 1303 3635 1372; baseline -0.002 -14"><span class='ocrx_word' id='word_1_191' title='bbox 2057 1306 2198 1359; x_wconf 85' lang='lat' dir='ltr'><strong>enim</strong></span> <span class='ocrx_word' id='word_1_192' title='bbox 2218 1306 2269 1358; x_wconf 87' lang='lat' dir='ltr'><strong>in</strong></span> <span class='ocrx_word' id='word_1_193' title='bbox 2295 1304 2601 1358; x_wconf 86' lang='lat' dir='ltr'><strong>discrimine</strong></span> <span class='ocrx_word' id='word_1_194' title='bbox 2624 1308 2845 1372; x_wconf 64' lang='lat' dir='ltr'><strong>positus,</strong></span> <span class='ocrx_word' id='word_1_195' title='bbox 2871 1316 2923 1359; x_wconf 92' lang='lat' dir='ltr'><strong>ct</strong></span> <span class='ocrx_word' id='word_1_196' title='bbox 2943 1303 3401 1359; x_wconf 84' lang='lat' dir='ltr'><strong>huncinterﬁcere</strong></span> <span class='ocrx_word' id='word_1_197' title='bbox 3422 1303 3476 1356; x_wconf 89' lang='lat' dir='ltr'><strong>in</strong></span> <span class='ocrx_word' id='word_1_198' title='bbox 3498 1304 3635 1356; x_wconf 89' lang='lat' dir='ltr'><strong>atrio</strong></span> 
     </span>
    </p>
   </div>
   <div class='ocr_carea' id='block_1_28' title="bbox 2058 1393 3636 1463">
    <p class='ocr_par' dir='ltr' id='par_1_28' title="bbox 2058 1393 3636 1463">
     <span class='ocr_line' id='line_1_28' title="bbox 2058 1393 3636 1463; baseline -0.003 -12"><span class='ocrx_word' id='word_1_199' title='bbox 2058 1396 2344 1463; x_wconf 82' lang='lat' dir='ltr'><strong>Cogitabat,</strong></span> <span class='ocrx_word' id='word_1_200' title='bbox 2368 1404 2420 1448; x_wconf 79' lang='lat' dir='ltr'><strong>et</strong></span> <span class='ocrx_word' id='word_1_201' title='bbox 2441 1397 2690 1449; x_wconf 83' lang='lat' dir='ltr'><strong>virtutem</strong></span> <span class='ocrx_word' id='word_1_202' title='bbox 2713 1396 2880 1449; x_wconf 81' lang='lat' dir='ltr'><strong>sancti</strong></span> <span class='ocrx_word' id='word_1_203' title='bbox 2904 1394 3157 1448; x_wconf 85' lang='lat' dir='ltr'><strong>antistitis</strong></span> <span class='ocrx_word' id='word_1_204' title='bbox 3179 1393 3467 1448; x_wconf 88' lang='lat' dir='ltr'><strong>metuebat.</strong></span> <span class='ocrx_word' id='word_1_205' title='bbox 3488 1393 3636 1447; x_wconf 83' lang='lat' dir='ltr'><strong>Tunc</strong></span> 
     </span>
    </p>
   </div>
   <div class='ocr_carea' id='block_1_29' title="bbox 2061 1484 3637 1555">
    <p class='ocr_par' dir='ltr' id='par_1_29' title="bbox 2061 1484 3637 1555">
     <span class='ocr_line' id='line_1_29' title="bbox 2061 1484 3637 1555; baseline -0.003 -14"><span class='ocrx_word' id='word_1_206' title='bbox 2061 1502 2197 1541; x_wconf 80' lang='lat' dir='ltr'><strong>unus</strong></span> <span class='ocrx_word' id='word_1_207' title='bbox 2228 1502 2257 1541; x_wconf 90' lang='lat' dir='ltr'><strong>e</strong></span> <span class='ocrx_word' id='word_1_208' title='bbox 2280 1488 2459 1555; x_wconf 88' lang='lat' dir='ltr'><strong>pueris</strong></span> <span class='ocrx_word' id='word_1_209' title='bbox 2488 1486 2690 1540; x_wconf 87' lang='lat' dir='ltr'><strong>Claudii</strong></span> <span class='ocrx_word' id='word_1_210' title='bbox 2732 1485 2819 1555; x_wconf 89' lang='lat' dir='ltr'><strong>qui</strong></span> <span class='ocrx_word' id='word_1_211' title='bbox 2861 1496 2975 1539; x_wconf 85' lang='lat' dir='ltr'><strong>erat</strong></span> <span class='ocrx_word' id='word_1_212' title='bbox 3017 1484 3309 1551; x_wconf 82' lang='lat' dir='ltr'><strong>robustior,</strong></span> <span class='ocrx_word' id='word_1_213' title='bbox 3342 1484 3637 1553; x_wconf 79' lang='lat' dir='ltr'><strong>apprehen-</strong></span> 
     </span>
    </p>
   </div>
   <div class='ocr_carea' id='block_1_30' title="bbox 2058 1574 3715 1647">
    <p class='ocr_par' dir='ltr' id='par_1_30' title="bbox 2058 1574 3715 1647">
     <span class='ocr_line' id='line_1_30' title="bbox 2058 1574 3715 1647; baseline -0.004 -17"><span class='ocrx_word' id='word_1_214' title='bbox 2058 1590 2175 1630; x_wconf 84' lang='lat' dir='ltr'><strong>sum</strong></span> <span class='ocrx_word' id='word_1_215' title='bbox 2202 1576 2509 1631; x_wconf 81' lang='lat' dir='ltr'><strong>Eberulium</strong></span> <span class='ocrx_word' id='word_1_216' title='bbox 2540 1592 2568 1628; x_wconf 88' lang='lat' dir='ltr'><strong>a</strong></span> <span class='ocrx_word' id='word_1_217' title='bbox 2595 1584 2743 1647; x_wconf 78' lang='lat' dir='ltr'><strong>terga</strong></span> <span class='ocrx_word' id='word_1_218' title='bbox 2770 1576 3117 1630; x_wconf 65' lang='lat' dir='ltr'><strong>Validiorilius</strong></span> <span class='ocrx_word' id='word_1_219' title='bbox 3140 1576 3350 1629; x_wconf 85' lang='lat' dir='ltr'><strong>lacertis</strong></span> <span class='ocrx_word' id='word_1_220' title='bbox 3371 1574 3633 1642; x_wconf 78' lang='lat' dir='ltr'><strong>astringit,</strong></span> <span class='ocrx_word' id='word_1_221' title='bbox 3712 1578 3715 1581; x_wconf 71' lang='lat'>‘</span> 
     </span>
    </p>
   </div>
   <div class='ocr_carea' id='block_1_31' title="bbox 2059 1665 3635 1737">
    <p class='ocr_par' dir='ltr' id='par_1_31' title="bbox 2059 1665 3635 1737">
     <span class='ocr_line' id='line_1_31' title="bbox 2059 1665 3635 1737; baseline -0.004 -14"><span class='ocrx_word' id='word_1_222' title='bbox 2059 1668 2525 1737; x_wconf 78' lang='lat' dir='ltr'><strong>rrsupinatuntqtte</strong></span> <span class='ocrx_word' id='word_1_223' title='bbox 2552 1678 2732 1737; x_wconf 92' lang='lat' dir='ltr'><strong>pectus</strong></span> <span class='ocrx_word' id='word_1_224' title='bbox 2758 1666 2874 1735; x_wconf 83' lang='lat' dir='ltr'><strong>ejus</strong></span> <span class='ocrx_word' id='word_1_225' title='bbox 2903 1665 2969 1721; x_wconf 89' lang='lat' dir='ltr'><strong>ad</strong></span> <span class='ocrx_word' id='word_1_226' title='bbox 2991 1665 3338 1736; x_wconf 89' lang='lat' dir='ltr'><strong>jugulandum</strong></span> <span class='ocrx_word' id='word_1_227' title='bbox 3370 1675 3539 1734; x_wconf 81' lang='lat' dir='ltr'><strong>parat.</strong></span> <span class='ocrx_word' id='word_1_228' title='bbox 3567 1666 3635 1717; x_wconf 86' lang='lat' dir='ltr'><strong>At</strong></span> 
     </span>
    </p>
   </div>
   <div class='ocr_carea' id='block_1_32' title="bbox 2060 1757 3632 1827">
    <p class='ocr_par' dir='ltr' id='par_1_32' title="bbox 2060 1757 3632 1827">
     <span class='ocr_line' id='line_1_32' title="bbox 2060 1757 3632 1827; baseline -0.003 -13"><span class='ocrx_word' id='word_1_229' title='bbox 2060 1760 2342 1827; x_wconf 82' lang='lat' dir='ltr'><strong>Claudius,</strong></span> <span class='ocrx_word' id='word_1_230' title='bbox 2376 1768 2614 1814; x_wconf 81' lang='lat' dir='ltr'><strong>extracto</strong></span> <span class='ocrx_word' id='word_1_231' title='bbox 2640 1774 2669 1813; x_wconf 92' lang='lat' dir='ltr'><strong>a</strong></span> <span class='ocrx_word' id='word_1_232' title='bbox 2700 1759 2878 1813; x_wconf 89' lang='lat' dir='ltr'><strong>balteo</strong></span> <span class='ocrx_word' id='word_1_233' title='bbox 2924 1759 3120 1827; x_wconf 88' lang='lat' dir='ltr'><strong>gladio,</strong></span> <span class='ocrx_word' id='word_1_234' title='bbox 3174 1757 3239 1811; x_wconf 90' lang='lat' dir='ltr'><strong>ad</strong></span> <span class='ocrx_word' id='word_1_235' title='bbox 3270 1772 3389 1811; x_wconf 90' lang='lat' dir='ltr'><strong>eum</strong></span> <span class='ocrx_word' id='word_1_236' title='bbox 3433 1757 3632 1824; x_wconf 82' lang='lat' dir='ltr'><strong>dirigit.</strong></span> 
     </span>
    </p>
   </div>
   <div class='ocr_carea' id='block_1_33' title="bbox 368 1847 3634 1920">
    <p class='ocr_par' dir='ltr' id='par_1_33' title="bbox 368 1847 3634 1920">
     <span class='ocr_line' id='line_1_33' title="bbox 368 1847 3634 1920; baseline 0 -18"><span class='ocrx_word' id='word_1_237' title='bbox 368 1847 616 1902; x_wconf 80' lang='lat' dir='ltr'><strong>accessit.</strong></span> <span class='ocrx_word' id='word_1_238' title='bbox 642 1848 712 1903; x_wconf 87' lang='lat' dir='ltr'><strong>Et</strong></span> <span class='ocrx_word' id='word_1_239' title='bbox 736 1863 856 1903; x_wconf 91' lang='lat' dir='ltr'><strong>cum</strong></span> <span class='ocrx_word' id='word_1_240' title='bbox 881 1850 984 1904; x_wconf 84' lang='lat' dir='ltr'><strong>iter</strong></span> <span class='ocrx_word' id='word_1_241' title='bbox 1003 1858 1207 1919; x_wconf 88' lang='lat' dir='ltr'><strong>ageret,</strong></span> <span class='ocrx_word' id='word_1_242' title='bbox 1232 1858 1286 1904; x_wconf 92' lang='lat' dir='ltr'><strong>ut</strong></span> <span class='ocrx_word' id='word_1_243' title='bbox 1308 1851 1637 1905; x_wconf 87' lang='lat' dir='ltr'><strong>consuetudo</strong></span> <span class='ocrx_word' id='word_1_244' title='bbox 1664 1859 1747 1905; x_wconf 90' lang='lat' dir='ltr'><strong>est</strong></span> <span class='ocrx_word' id='word_1_245' title='bbox 1769 1851 1959 1906; x_wconf 79' lang='lat' dir='ltr'><strong>barba-</strong></span> <span class='ocrx_word' id='word_1_246' title='bbox 1988 1849 2037 1910; x_wconf 69' lang='grc' dir='ltr'><strong>Β</strong></span> <span class='ocrx_word' id='word_1_247' title='bbox 2063 1850 2166 1905; x_wconf 91' lang='lat' dir='ltr'><strong>Sed</strong></span> <span class='ocrx_word' id='word_1_248' title='bbox 2190 1860 2241 1905; x_wconf 90' lang='lat' dir='ltr'><strong>et</strong></span> <span class='ocrx_word' id='word_1_249' title='bbox 2264 1851 2351 1904; x_wconf 92' lang='lat' dir='ltr'><strong>ille</strong></span> <span class='ocrx_word' id='word_1_250' title='bbox 2374 1852 2635 1918; x_wconf 69' lang='lat' dir='ltr'><strong>pzolatum</strong></span> <span class='ocrx_word' id='word_1_251' title='bbox 2658 1866 2686 1904; x_wconf 90' lang='lat' dir='ltr'><strong>a</strong></span> <span class='ocrx_word' id='word_1_252' title='bbox 2710 1850 2920 1920; x_wconf 73' lang='lat' dir='ltr'><strong>cingulo</strong></span> <span class='ocrx_word' id='word_1_253' title='bbox 2942 1849 3141 1904; x_wconf 85' lang='lat' dir='ltr'><strong>ferrum</strong></span> <span class='ocrx_word' id='word_1_254' title='bbox 3166 1864 3224 1904; x_wconf 91' lang='lat' dir='ltr'><strong>se</strong></span> <span class='ocrx_word' id='word_1_255' title='bbox 3250 1848 3315 1903; x_wconf 91' lang='lat' dir='ltr'><strong>ad</strong></span> <span class='ocrx_word' id='word_1_256' title='bbox 3338 1849 3634 1918; x_wconf 83' lang='lat' dir='ltr'><strong>percutien-</strong></span> 
     </span>
    </p>
   </div>
   <div class='ocr_carea' id='block_1_34' title="bbox 369 1938 1956 2009">
    <p class='ocr_par' dir='ltr' id='par_1_34' title="bbox 369 1938 1956 2009">
     <span class='ocr_line' id='line_1_34' title="bbox 369 1938 1956 2009; baseline 0.002 -17"><span class='ocrx_word' id='word_1_257' title='bbox 369 1952 573 2003; x_wconf 85' lang='lat' dir='ltr'><strong>rorum,</strong></span> <span class='ocrx_word' id='word_1_258' title='bbox 604 1938 839 2008; x_wconf 85' lang='lat' dir='ltr'><strong>auspicia</strong></span> <span class='ocrx_word' id='word_1_259' title='bbox 880 1939 1157 1995; x_wconf 85' lang='lat' dir='ltr'><strong>intendere</strong></span> <span class='ocrx_word' id='word_1_260' title='bbox 1182 1941 1364 2009; x_wconf 76' lang='lat' dir='ltr'><strong>erepit,</strong></span> <span class='ocrx_word' id='word_1_261' title='bbox 1407 1954 1471 1995; x_wconf 90' lang='lat' dir='ltr'><strong>ae</strong></span> <span class='ocrx_word' id='word_1_262' title='bbox 1500 1940 1681 1997; x_wconf 90' lang='lat' dir='ltr'><strong>dicere</strong></span> <span class='ocrx_word' id='word_1_263' title='bbox 1709 1942 1808 1997; x_wconf 88' lang='lat' dir='ltr'><strong>sibi</strong></span> <span class='ocrx_word' id='word_1_264' title='bbox 1837 1958 1956 1997; x_wconf 81' lang='lat' dir='ltr'><strong>esse</strong></span> 
     </span>
    </p>
   </div>
   <div class='ocr_carea' id='block_1_35' title="bbox 368 2030 1953 2102">
    <p class='ocr_par' dir='ltr' id='par_1_35' title="bbox 368 2030 1953 2102">
     <span class='ocr_line' id='line_1_35' title="bbox 368 2030 1953 2102; baseline 0.003 -18"><span class='ocrx_word' id='word_1_265' title='bbox 368 2030 657 2096; x_wconf 78' lang='lat' dir='ltr'><strong>etmtraria,</strong></span> <span class='ocrx_word' id='word_1_266' title='bbox 680 2030 944 2101; x_wconf 88' lang='lat' dir='ltr'><strong>simulque</strong></span> <span class='ocrx_word' id='word_1_267' title='bbox 964 2032 1293 2102; x_wconf 87' lang='lat' dir='ltr'><strong>interrogare</strong></span> <span class='ocrx_word' id='word_1_268' title='bbox 1315 2031 1534 2099; x_wconf 90' lang='lat' dir='ltr'><strong>multos,</strong></span> <span class='ocrx_word' id='word_1_269' title='bbox 1556 2035 1598 2088; x_wconf 90' lang='lat' dir='ltr'><strong>si</strong></span> <span class='ocrx_word' id='word_1_270' title='bbox 1624 2034 1791 2089; x_wconf 87' lang='lat' dir='ltr'><strong>virtus</strong></span> <span class='ocrx_word' id='word_1_271' title='bbox 1813 2033 1953 2089; x_wconf 82' lang='lat' dir='ltr'><strong>beati</strong></span> 
     </span>
    </p>
   </div>
   <div class='ocr_carea' id='block_1_36' title="bbox 372 2120 1955 2193">
    <p class='ocr_par' dir='ltr' id='par_1_36' title="bbox 372 2120 1955 2193">
     <span class='ocr_line' id='line_1_36' title="bbox 372 2120 1955 2193; baseline 0.004 -20"><span class='ocrx_word' id='word_1_272' title='bbox 372 2120 583 2175; x_wconf 76' lang='lat' dir='ltr'><strong>Martini</strong></span> <span class='ocrx_word' id='word_1_273' title='bbox 626 2120 694 2177; x_wconf 84' lang='lat' dir='ltr'><strong>de</strong></span> <span class='ocrx_word' id='word_1_274' title='bbox 734 2123 984 2191; x_wconf 80' lang='lat' dir='ltr'><strong>pra-senti</strong></span> <span class='ocrx_word' id='word_1_275' title='bbox 1026 2124 1455 2178; x_wconf 78' lang='lat' dir='ltr'><strong>manifestaretur</strong></span> <span class='ocrx_word' id='word_1_276' title='bbox 1495 2124 1547 2177; x_wconf 90' lang='lat' dir='ltr'><strong>in</strong></span> <span class='ocrx_word' id='word_1_277' title='bbox 1582 2124 1834 2193; x_wconf 78' lang='lat' dir='ltr'><strong>perﬁdis?</strong></span> <span class='ocrx_word' id='word_1_278' title='bbox 1863 2134 1955 2179; x_wconf 88' lang='lat' dir='ltr'><strong>aut</strong></span> 
     </span>
    </p>
   </div>
   <div class='ocr_carea' id='block_1_37' title="bbox 367 2212 1954 2283">
    <p class='ocr_par' dir='ltr' id='par_1_37' title="bbox 367 2212 1954 2283">
     <span class='ocr_line' id='line_1_37' title="bbox 367 2212 1954 2283; baseline 0.003 -16"><span class='ocrx_word' id='word_1_279' title='bbox 367 2223 536 2273; x_wconf 85' lang='lat' dir='ltr'><strong>certe,</strong></span> <span class='ocrx_word' id='word_1_280' title='bbox 565 2217 609 2267; x_wconf 88' lang='lat' dir='ltr'><strong>si</strong></span> <span class='ocrx_word' id='word_1_281' title='bbox 637 2212 830 2282; x_wconf 83' lang='lat' dir='ltr'><strong>aliquis</strong></span> <span class='ocrx_word' id='word_1_282' title='bbox 866 2214 1111 2281; x_wconf 90' lang='lat' dir='ltr'><strong>injuriam</strong></span> <span class='ocrx_word' id='word_1_283' title='bbox 1142 2214 1193 2268; x_wconf 90' lang='lat' dir='ltr'><strong>in</strong></span> <span class='ocrx_word' id='word_1_284' title='bbox 1221 2229 1343 2270; x_wconf 90' lang='lat' dir='ltr'><strong>eum</strong></span> <span class='ocrx_word' id='word_1_285' title='bbox 1367 2214 1706 2283; x_wconf 84' lang='lat' dir='ltr'><strong>sperantibus</strong></span> <span class='ocrx_word' id='word_1_286' title='bbox 1747 2216 1954 2272; x_wconf 89' lang='lat' dir='ltr'><strong>intulis-</strong></span> 
     </span>
    </p>
   </div>
   <div class='ocr_carea' id='block_1_38' title="bbox 368 2306 1950 2380">
    <p class='ocr_par' dir='ltr' id='par_1_38' title="bbox 368 2306 1950 2380">
     <span class='ocr_line' id='line_1_38' title="bbox 368 2306 1950 2380; baseline 0.004 -21"><span class='ocrx_word' id='word_1_287' title='bbox 368 2315 470 2373; x_wconf 85' lang='lat' dir='ltr'><strong>set,</strong></span> <span class='ocrx_word' id='word_1_288' title='bbox 497 2306 543 2360; x_wconf 88' lang='lat' dir='ltr'><strong>si</strong></span> <span class='ocrx_word' id='word_1_289' title='bbox 581 2308 819 2375; x_wconf 87' lang='lat' dir='ltr'><strong>protinus</strong></span> <span class='ocrx_word' id='word_1_290' title='bbox 847 2308 976 2363; x_wconf 90' lang='lat' dir='ltr'><strong>ultio</strong></span> <span class='ocrx_word' id='word_1_291' title='bbox 1012 2309 1369 2378; x_wconf 76' lang='lat' dir='ltr'><strong>sequeretur?</strong></span> <span class='ocrx_word' id='word_1_292' title='bbox 1401 2310 1564 2379; x_wconf 88' lang='lat' dir='ltr'><strong>Igitur</strong></span> <span class='ocrx_word' id='word_1_293' title='bbox 1606 2310 1950 2380; x_wconf 65' lang='lat' dir='ltr'><strong>postpoﬁtis,</strong></span> 
     </span>
    </p>
   </div>
   <div class='ocr_carea' id='block_1_39' title="bbox 368 2398 1954 2473">
    <p class='ocr_par' dir='ltr' id='par_1_39' title="bbox 368 2398 1954 2473">
     <span class='ocr_line' id='line_1_39' title="bbox 368 2398 1954 2473; baseline 0.005 -22"><span class='ocrx_word' id='word_1_294' title='bbox 368 2408 424 2451; x_wconf 82' lang='grc' dir='ltr'><strong>ιιι</strong></span> <span class='ocrx_word' id='word_1_295' title='bbox 455 2398 714 2465; x_wconf 78' lang='lat' dir='ltr'><strong>diximus,</strong></span> <span class='ocrx_word' id='word_1_296' title='bbox 750 2399 882 2454; x_wconf 83' lang='lat' dir='ltr'><strong>viris</strong></span> <span class='ocrx_word' id='word_1_297' title='bbox 912 2400 1002 2468; x_wconf 88' lang='lat' dir='ltr'><strong>qui</strong></span> <span class='ocrx_word' id='word_1_298' title='bbox 1050 2402 1212 2473; x_wconf 81' lang='lat'><strong>353</strong></span> <span class='ocrx_word' id='word_1_299' title='bbox 1244 2400 1310 2455; x_wconf 90' lang='lat' dir='ltr'><strong>ad</strong></span> <span class='ocrx_word' id='word_1_300' title='bbox 1346 2402 1594 2457; x_wconf 83' lang='lat' dir='ltr'><strong>solatium</strong></span> <span class='ocrx_word' id='word_1_301' title='bbox 1627 2403 1741 2471; x_wconf 86' lang='lat' dir='ltr'><strong>ejus</strong></span> <span class='ocrx_word' id='word_1_302' title='bbox 1770 2404 1954 2459; x_wconf 86' lang='lat' dir='ltr'><strong>venire</strong></span> 
     </span>
    </p>
   </div>
   <div class='ocr_carea' id='block_1_40' title="bbox 365 2483 1954 2556">
    <p class='ocr_par' dir='ltr' id='par_1_40' title="bbox 365 2483 1954 2556">
     <span class='ocr_line' id='line_1_40' title="bbox 365 2483 1954 2556; baseline 0.004 -15"><span class='ocrx_word' id='word_1_303' title='bbox 365 2483 681 2552; x_wconf 78' lang='lat' dir='ltr'><strong>debuerant,</strong></span> <span class='ocrx_word' id='word_1_304' title='bbox 716 2489 829 2556; x_wconf 91' lang='lat' dir='ltr'><strong>ipse</strong></span> <span class='ocrx_word' id='word_1_305' title='bbox 866 2490 931 2542; x_wconf 88' lang='lat' dir='ltr'><strong>ad</strong></span> <span class='ocrx_word' id='word_1_306' title='bbox 964 2489 1235 2546; x_wconf 87' lang='lat' dir='ltr'><strong>basilicam</strong></span> <span class='ocrx_word' id='word_1_307' title='bbox 1284 2502 1521 2546; x_wconf 88' lang='lat' dir='ltr'><strong>sanctam</strong></span> <span class='ocrx_word' id='word_1_308' title='bbox 1552 2493 1804 2547; x_wconf 65' lang='lat' dir='ltr'><strong>accessit.</strong></span> <span class='ocrx_word' id='word_1_309' title='bbox 1832 2493 1954 2549; x_wconf 87' lang='lat' dir='ltr'><strong>Sta-</strong></span> 
     </span>
    </p>
   </div>
   <div class='ocr_carea' id='block_1_41' title="bbox 367 2578 1953 2651">
    <p class='ocr_par' dir='ltr' id='par_1_41' title="bbox 367 2578 1953 2651">
     <span class='ocr_line' id='line_1_41' title="bbox 367 2578 1953 2651; baseline 0.005 -19"><span class='ocrx_word' id='word_1_310' title='bbox 367 2578 573 2647; x_wconf 84' lang='lat' dir='ltr'><strong>timque</strong></span> <span class='ocrx_word' id='word_1_311' title='bbox 602 2578 799 2635; x_wconf 80' lang='lat' dir='ltr'><strong>infelici</strong></span> <span class='ocrx_word' id='word_1_312' title='bbox 830 2581 1080 2637; x_wconf 84' lang='lat' dir='ltr'><strong>Eberull‘o</strong></span> <span class='ocrx_word' id='word_1_313' title='bbox 1111 2582 1450 2651; x_wconf 89' lang='lat' dir='ltr'><strong>conjunctus,</strong></span> <span class='ocrx_word' id='word_1_314' title='bbox 1469 2595 1801 2640; x_wconf 82' lang='lat' dir='ltr'><strong>sacramenta</strong></span> <span class='ocrx_word' id='word_1_315' title='bbox 1825 2586 1953 2640; x_wconf 83' lang='lat' dir='ltr'><strong>dare</strong></span> 
     </span>
    </p>
   </div>
   <div class='ocr_carea' id='block_1_42' title="bbox 366 2671 1952 2745">
    <p class='ocr_par' dir='ltr' id='par_1_42' title="bbox 366 2671 1952 2745">
     <span class='ocr_line' id='line_1_42' title="bbox 366 2671 1952 2745; baseline 0.003 -19"><span class='ocrx_word' id='word_1_316' title='bbox 366 2671 554 2738; x_wconf 71' lang='lat' dir='ltr'><strong>erepit,</strong></span> <span class='ocrx_word' id='word_1_317' title='bbox 586 2685 650 2725; x_wconf 89' lang='lat' dir='ltr'><strong>ac</strong></span> <span class='ocrx_word' id='word_1_318' title='bbox 672 2671 853 2740; x_wconf 88' lang='lat' dir='ltr'><strong>jurare</strong></span> <span class='ocrx_word' id='word_1_319' title='bbox 883 2689 975 2741; x_wconf 85' lang='lat' dir='ltr'><strong>per</strong></span> <span class='ocrx_word' id='word_1_320' title='bbox 996 2675 1173 2729; x_wconf 88' lang='lat' dir='ltr'><strong>omnia</strong></span> <span class='ocrx_word' id='word_1_321' title='bbox 1201 2687 1560 2745; x_wconf 87' lang='lat' dir='ltr'><strong>sacrosancta,</strong></span> <span class='ocrx_word' id='word_1_322' title='bbox 1594 2677 1679 2733; x_wconf 87' lang='lat' dir='ltr'><strong>vel</strong></span> <span class='ocrx_word' id='word_1_323' title='bbox 1707 2677 1952 2732; x_wconf 85' lang='lat' dir='ltr'><strong>virtutem</strong></span> 
     </span>
    </p>
   </div>
   <div class='ocr_carea' id='block_1_43' title="bbox 367 2760 1955 2836">
    <p class='ocr_par' dir='ltr' id='par_1_43' title="bbox 367 2760 1955 2836">
     <span class='ocr_line' id='line_1_43' title="bbox 367 2760 1955 2836; baseline 0.007 -24"><span class='ocrx_word' id='word_1_324' title='bbox 367 2760 652 2827; x_wconf 61' lang='lat' dir='ltr'><strong>praesentis</strong></span> <span class='ocrx_word' id='word_1_325' title='bbox 696 2762 973 2830; x_wconf 87' lang='lat' dir='ltr'><strong>antistitis,</strong></span> <span class='ocrx_word' id='word_1_326' title='bbox 1002 2763 1204 2818; x_wconf 91' lang='lat' dir='ltr'><strong>nullum</strong></span> <span class='ocrx_word' id='word_1_327' title='bbox 1241 2764 1296 2819; x_wconf 90' lang='lat' dir='ltr'><strong>in</strong></span> <span class='ocrx_word' id='word_1_328' title='bbox 1327 2766 1502 2820; x_wconf 85' lang='lat' dir='ltr'><strong>causis</strong></span> <span class='ocrx_word' id='word_1_329' title='bbox 1529 2764 1645 2836; x_wconf 85' lang='lat' dir='ltr'><strong>ejus</strong></span> <span class='ocrx_word' id='word_1_330' title='bbox 1684 2765 1798 2824; x_wconf 80' lang='lat' dir='ltr'><strong>fore</strong></span> <span class='ocrx_word' id='word_1_331' title='bbox 1826 2767 1955 2822; x_wconf 84' lang='lat' dir='ltr'><strong>lide-</strong></span> 
     </span>
    </p>
   </div>
   <div class='ocr_carea' id='block_1_44' title="bbox 369 2850 1951 2925">
    <p class='ocr_par' dir='ltr' id='par_1_44' title="bbox 369 2850 1951 2925">
     <span class='ocr_line' id='line_1_44' title="bbox 369 2850 1951 2925; baseline 0.006 -21"><span class='ocrx_word' id='word_1_332' title='bbox 369 2850 579 2917; x_wconf 87' lang='lat' dir='ltr'><strong>liorem,</strong></span> <span class='ocrx_word' id='word_1_333' title='bbox 604 2852 691 2921; x_wconf 88' lang='lat' dir='ltr'><strong>qui</strong></span> <span class='ocrx_word' id='word_1_334' title='bbox 715 2851 787 2907; x_wconf 86' lang='lat' dir='ltr'><strong>ita</strong></span> <span class='ocrx_word' id='word_1_335' title='bbox 811 2867 931 2907; x_wconf 89' lang='lat' dir='ltr'><strong>cum</strong></span> <span class='ocrx_word' id='word_1_336' title='bbox 959 2869 1084 2925; x_wconf 88' lang='lat' dir='ltr'><strong>rege</strong></span> <span class='ocrx_word' id='word_1_337' title='bbox 1111 2869 1301 2910; x_wconf 87' lang='lat' dir='ltr'><strong>causas</strong></span> <span class='ocrx_word' id='word_1_338' title='bbox 1321 2855 1436 2924; x_wconf 84' lang='lat' dir='ltr'><strong>ejus</strong></span> <span class='ocrx_word' id='word_1_339' title='bbox 1458 2857 1626 2925; x_wconf 88' lang='lat' dir='ltr'><strong>possit</strong></span> <span class='ocrx_word' id='word_1_340' title='bbox 1639 2871 1889 2913; x_wconf 77' lang='lat' dir='ltr'><strong>exserere</strong></span> <span class='ocrx_word' id='word_1_341' title='bbox 1904 2868 1951 2914; x_wconf 74' lang='grc'><strong>⁸.</strong></span> 
     </span>
    </p>
   </div>
   <div class='ocr_carea' id='block_1_45' title="bbox 370 2941 1952 3014">
    <p class='ocr_par' dir='ltr' id='par_1_45' title="bbox 370 2941 1952 3014">
     <span class='ocr_line' id='line_1_45' title="bbox 370 2941 1952 3014; baseline 0.004 -19"><span class='ocrx_word' id='word_1_342' title='bbox 370 2941 483 2998; x_wconf 85' lang='lat' dir='ltr'><strong>lloc</strong></span> <span class='ocrx_word' id='word_1_343' title='bbox 511 2945 653 2998; x_wconf 88' lang='lat' dir='ltr'><strong>enim</strong></span> <span class='ocrx_word' id='word_1_344' title='bbox 681 2944 818 3014; x_wconf 88' lang='lat' dir='ltr'><strong>apud</strong></span> <span class='ocrx_word' id='word_1_345' title='bbox 862 2959 921 3000; x_wconf 85' lang='lat' dir='ltr'><strong>se</strong></span> <span class='ocrx_word' id='word_1_346' title='bbox 949 2946 1230 3002; x_wconf 86' lang='lat' dir='ltr'><strong>consilium</strong></span> <span class='ocrx_word' id='word_1_347' title='bbox 1272 2946 1535 3002; x_wconf 88' lang='lat' dir='ltr'><strong>habuerat</strong></span> <span class='ocrx_word' id='word_1_348' title='bbox 1574 2949 1907 3005; x_wconf 86' lang='lat' dir='ltr'><strong>miserrimus</strong></span> <span class='ocrx_word' id='word_1_349' title='bbox 1937 2965 1952 3002; x_wconf 91' lang='lat'><strong>:</strong></span> 
     </span>
    </p>
   </div>
   <div class='ocr_carea' id='block_1_46' title="bbox 369 3034 1951 3109">
    <p class='ocr_par' dir='ltr' id='par_1_46' title="bbox 369 3034 1951 3109">
     <span class='ocr_line' id='line_1_46' title="bbox 369 3034 1951 3109; baseline 0.006 -21"><span class='ocrx_word' id='word_1_350' title='bbox 369 3034 479 3089; x_wconf 80' lang='lat' dir='ltr'><strong>Nisi</strong></span> <span class='ocrx_word' id='word_1_351' title='bbox 524 3051 649 3090; x_wconf 89' lang='lat' dir='ltr'><strong>eum</strong></span> <span class='ocrx_word' id='word_1_352' title='bbox 690 3036 983 3108; x_wconf 85' lang='lat' dir='ltr'><strong>pejcrando</strong></span> <span class='ocrx_word' id='word_1_353' title='bbox 1016 3039 1303 3109; x_wconf 89' lang='lat' dir='ltr'><strong>decepero,</strong></span> <span class='ocrx_word' id='word_1_354' title='bbox 1342 3055 1447 3095; x_wconf 88' lang='lat' dir='ltr'><strong>non</strong></span> <span class='ocrx_word' id='word_1_355' title='bbox 1497 3040 1727 3109; x_wconf 78' lang='lat' dir='ltr'><strong>vincam.</strong></span> <span class='ocrx_word' id='word_1_356' title='bbox 1756 3041 1951 3097; x_wconf 91' lang='lat' dir='ltr'><strong>Verum</strong></span> 
     </span>
    </p>
   </div>
   <div class='ocr_carea' id='block_1_47' title="bbox 370 3125 1951 3201">
    <p class='ocr_par' dir='ltr' id='par_1_47' title="bbox 370 3125 1951 3201">
     <span class='ocr_line' id='line_1_47' title="bbox 370 3125 1951 3201; baseline 0.005 -20"><span class='ocrx_word' id='word_1_357' title='bbox 370 3125 457 3181; x_wconf 86' lang='lat' dir='ltr'><strong>ubi</strong></span> <span class='ocrx_word' id='word_1_358' title='bbox 484 3126 616 3181; x_wconf 88' lang='lat' dir='ltr'><strong>vidit</strong></span> <span class='ocrx_word' id='word_1_359' title='bbox 644 3128 949 3198; x_wconf 79' lang='lat' dir='ltr'><strong>Eberull’us,</strong></span> <span class='ocrx_word' id='word_1_360' title='bbox 982 3132 1120 3201; x_wconf 89' lang='lat' dir='ltr'><strong>quod</strong></span> <span class='ocrx_word' id='word_1_361' title='bbox 1150 3134 1197 3186; x_wconf 90' lang='lat' dir='ltr'><strong>ei</strong></span> <span class='ocrx_word' id='word_1_362' title='bbox 1230 3133 1351 3187; x_wconf 88' lang='lat' dir='ltr'><strong>talia</strong></span> <span class='ocrx_word' id='word_1_363' title='bbox 1382 3147 1502 3187; x_wconf 89' lang='lat' dir='ltr'><strong>cum</strong></span> <span class='ocrx_word' id='word_1_364' title='bbox 1531 3144 1868 3189; x_wconf 82' lang='lat' dir='ltr'><strong>sacramento</strong></span> <span class='ocrx_word' id='word_1_365' title='bbox 1899 3135 1951 3189; x_wconf 92' lang='lat' dir='ltr'><strong>in</strong></span> 
     </span>
    </p>
   </div>
   <div class='ocr_carea' id='block_1_48' title="bbox 2060 1939 3633 2011">
    <p class='ocr_par' dir='ltr' id='par_1_48' title="bbox 2060 1939 3633 2011">
     <span class='ocr_line' id='line_1_48' title="bbox 2060 1939 3633 2011; baseline -0.003 -14"><span class='ocrx_word' id='word_1_366' title='bbox 2060 1944 2184 1997; x_wconf 89' lang='lat' dir='ltr'><strong>dum</strong></span> <span class='ocrx_word' id='word_1_367' title='bbox 2214 1941 2339 1997; x_wconf 90' lang='lat' dir='ltr'><strong>dum</strong></span> <span class='ocrx_word' id='word_1_368' title='bbox 2377 1951 2646 1996; x_wconf 85' lang='lat' dir='ltr'><strong>teneretur</strong></span> <span class='ocrx_word' id='word_1_369' title='bbox 2685 1941 2918 2011; x_wconf 78' lang='lat' dir='ltr'><strong>adaptat.</strong></span> <span class='ocrx_word' id='word_1_370' title='bbox 2960 1941 3200 2009; x_wconf 73' lang='lat' dir='ltr'><strong>Cumque</strong></span> <span class='ocrx_word' id='word_1_371' title='bbox 3243 1939 3500 1994; x_wconf 87' lang='lat' dir='ltr'><strong>Claudius</strong></span> <span class='ocrx_word' id='word_1_372' title='bbox 3528 1941 3633 1993; x_wconf 69' lang='lat' dir='ltr'><strong>ele-</strong></span> 
     </span>
    </p>
   </div>
   <div class='ocr_carea' id='block_1_49' title="bbox 2056 2029 3632 2099">
    <p class='ocr_par' dir='ltr' id='par_1_49' title="bbox 2056 2029 3632 2099">
     <span class='ocr_line' id='line_1_49' title="bbox 2056 2029 3632 2099; baseline -0.007 -10"><span class='ocrx_word' id='word_1_373' title='bbox 2056 2045 2175 2089; x_wconf 74' lang='lat' dir='ltr'><strong>v.ita</strong></span> <span class='ocrx_word' id='word_1_374' title='bbox 2208 2032 2427 2087; x_wconf 73' lang='lat' dir='ltr'><strong>dextera</strong></span> <span class='ocrx_word' id='word_1_375' title='bbox 2473 2031 2699 2086; x_wconf 86' lang='lat' dir='ltr'><strong>cultrum</strong></span> <span class='ocrx_word' id='word_1_376' title='bbox 2730 2030 2844 2099; x_wconf 87' lang='lat' dir='ltr'><strong>ejus</strong></span> <span class='ocrx_word' id='word_1_377' title='bbox 2890 2031 3090 2099; x_wconf 90' lang='lat' dir='ltr'><strong>pectori</strong></span> <span class='ocrx_word' id='word_1_378' title='bbox 3124 2030 3411 2099; x_wconf 89' lang='lat' dir='ltr'><strong>injecisset,</strong></span> <span class='ocrx_word' id='word_1_379' title='bbox 3448 2038 3498 2082; x_wconf 90' lang='lat' dir='ltr'><strong>et</strong></span> <span class='ocrx_word' id='word_1_380' title='bbox 3545 2029 3632 2081; x_wconf 80' lang='lat' dir='ltr'><strong>ille</strong></span> 
     </span>
    </p>
   </div>
   <div class='ocr_carea' id='block_1_50' title="bbox 2056 2119 3631 2193">
    <p class='ocr_par' dir='ltr' id='par_1_50' title="bbox 2056 2119 3631 2193">
     <span class='ocr_line' id='line_1_50' title="bbox 2056 2119 3631 2193; baseline -0.004 -15"><span class='ocrx_word' id='word_1_381' title='bbox 2056 2140 2163 2178; x_wconf 91' lang='lat' dir='ltr'><strong>non</strong></span> <span class='ocrx_word' id='word_1_382' title='bbox 2191 2124 2424 2193; x_wconf 87' lang='lat' dir='ltr'><strong>segniter</strong></span> <span class='ocrx_word' id='word_1_383' title='bbox 2466 2122 2564 2175; x_wconf 90' lang='lat' dir='ltr'><strong>sub</strong></span> <span class='ocrx_word' id='word_1_384' title='bbox 2604 2123 2794 2175; x_wconf 87' lang='lat' dir='ltr'><strong>ascella</strong></span> <span class='ocrx_word' id='word_1_385' title='bbox 2844 2122 2985 2175; x_wconf 77' lang='lat' dir='ltr'><strong>illius</strong></span> <span class='ocrx_word' id='word_1_386' title='bbox 3018 2120 3295 2189; x_wconf 80' lang='lat' dir='ltr'><strong>pugionem</strong></span> <span class='ocrx_word' id='word_1_387' title='bbox 3337 2119 3631 2182; x_wconf 82' lang='lat' dir='ltr'><strong>deﬁxisset,</strong></span> 
     </span>
    </p>
   </div>
   <div class='ocr_carea' id='block_1_51' title="bbox 2055 2211 3632 2287">
    <p class='ocr_par' dir='ltr' id='par_1_51' title="bbox 2055 2211 3632 2287">
     <span class='ocr_line' id='line_1_51' title="bbox 2055 2211 3632 2287; baseline -0.004 -17"><span class='ocrx_word' id='word_1_388' title='bbox 2055 2225 2393 2287; x_wconf 88' lang='lat' dir='ltr'><strong>retractoque</strong></span> <span class='ocrx_word' id='word_1_389' title='bbox 2419 2215 2483 2268; x_wconf 88' lang='lat' dir='ltr'><strong>ad</strong></span> <span class='ocrx_word' id='word_1_390' title='bbox 2508 2228 2587 2280; x_wconf 88' lang='lat' dir='ltr'><strong>se,</strong></span> <span class='ocrx_word' id='word_1_391' title='bbox 2617 2214 2806 2267; x_wconf 88' lang='lat' dir='ltr'><strong>librato</strong></span> <span class='ocrx_word' id='word_1_392' title='bbox 2833 2215 2933 2268; x_wconf 90' lang='lat' dir='ltr'><strong>ictu</strong></span> <span class='ocrx_word' id='word_1_393' title='bbox 2966 2214 3210 2282; x_wconf 81' lang='lat' dir='ltr'><strong>pollicem</strong></span> <span class='ocrx_word' id='word_1_394' title='bbox 3231 2211 3437 2267; x_wconf 89' lang='lat' dir='ltr'><strong>Claudii</strong></span> <span class='ocrx_word' id='word_1_395' title='bbox 3468 2213 3632 2264; x_wconf 88' lang='lat' dir='ltr'><strong>inter-</strong></span> 
     </span>
    </p>
   </div>
   <div class='ocr_carea' id='block_1_52' title="bbox 2054 2300 3630 2371">
    <p class='ocr_par' dir='ltr' id='par_1_52' title="bbox 2054 2300 3630 2371">
     <span class='ocr_line' id='line_1_52' title="bbox 2054 2300 3630 2371; baseline -0.004 -10"><span class='ocrx_word' id='word_1_396' title='bbox 2054 2307 2203 2361; x_wconf 84' lang='lat' dir='ltr'><strong>cidit.</strong></span> <span class='ocrx_word' id='word_1_397' title='bbox 2249 2306 2324 2358; x_wconf 79' lang='lat' dir='ltr'><strong>Ex</strong></span> <span class='ocrx_word' id='word_1_398' title='bbox 2365 2304 2465 2359; x_wconf 91' lang='lat' dir='ltr'><strong>hoc</strong></span> <span class='ocrx_word' id='word_1_399' title='bbox 2504 2305 2890 2358; x_wconf 65' lang='lat' dir='ltr'><strong>curavi-nientes</strong></span> <span class='ocrx_word' id='word_1_400' title='bbox 2921 2303 3066 2371; x_wconf 78' lang='lat' dir='ltr'><strong>pueri</strong></span> <span class='ocrx_word' id='word_1_401' title='bbox 3095 2301 3212 2371; x_wconf 89' lang='lat' dir='ltr'><strong>ejus</strong></span> <span class='ocrx_word' id='word_1_402' title='bbox 3241 2316 3362 2355; x_wconf 90' lang='lat' dir='ltr'><strong>cum</strong></span> <span class='ocrx_word' id='word_1_403' title='bbox 3399 2300 3591 2369; x_wconf 89' lang='lat' dir='ltr'><strong>gladiis</strong></span> <span class='ocrx_word' id='word_1_404' title='bbox 3614 2341 3630 2365; x_wconf 90' lang='lat'><strong>,</strong></span> 
     </span>
    </p>
   </div>
   <div class='ocr_carea' id='block_1_53' title="bbox 2058 2392 3630 2463">
    <p class='ocr_par' dir='ltr' id='par_1_53' title="bbox 2058 2392 3630 2463">
     <span class='ocr_line' id='line_1_53' title="bbox 2058 2392 3630 2463; baseline -0.005 -9"><span class='ocrx_word' id='word_1_405' title='bbox 2058 2398 2612 2463; x_wconf 76' lang='lat' dir='ltr'><strong>Ebcrulfumdiversis</strong></span> <span class='ocrx_word' id='word_1_406' title='bbox 2630 2397 2820 2450; x_wconf 88' lang='lat' dir='ltr'><strong>ictibus</strong></span> <span class='ocrx_word' id='word_1_407' title='bbox 2840 2396 3099 2450; x_wconf 82' lang='lat' dir='ltr'><strong>sauciant.</strong></span> <span class='ocrx_word' id='word_1_408' title='bbox 3123 2394 3358 2461; x_wconf 85' lang='lat' dir='ltr'><strong>Quorum</strong></span> <span class='ocrx_word' id='word_1_409' title='bbox 3384 2392 3449 2448; x_wconf 91' lang='lat' dir='ltr'><strong>de</strong></span> <span class='ocrx_word' id='word_1_410' title='bbox 3471 2407 3630 2446; x_wconf 91' lang='lat' dir='ltr'><strong>manu</strong></span> 
     </span>
    </p>
   </div>
   <div class='ocr_carea' id='block_1_54' title="bbox 2054 2484 3632 2558">
    <p class='ocr_par' dir='ltr' id='par_1_54' title="bbox 2054 2484 3632 2558">
     <span class='ocr_line' id='line_1_54' title="bbox 2054 2484 3632 2558; baseline -0.006 -13"><span class='ocrx_word' id='word_1_411' title='bbox 2054 2490 2310 2558; x_wconf 85' lang='lat' dir='ltr'><strong>dilapsus,</strong></span> <span class='ocrx_word' id='word_1_412' title='bbox 2342 2487 2465 2543; x_wconf 92' lang='lat' dir='ltr'><strong>dum</strong></span> <span class='ocrx_word' id='word_1_413' title='bbox 2500 2487 2679 2557; x_wconf 80' lang='lat' dir='ltr'><strong>iugere</strong></span> <span class='ocrx_word' id='word_1_414' title='bbox 2714 2488 2818 2555; x_wconf 84' lang='lat' dir='ltr'><strong>jam</strong></span> <span class='ocrx_word' id='word_1_415' title='bbox 2847 2484 3107 2540; x_wconf 80' lang='lat' dir='ltr'><strong>exanimis</strong></span> <span class='ocrx_word' id='word_1_416' title='bbox 3150 2484 3424 2549; x_wconf 88' lang='lat' dir='ltr'><strong>niteretur,</strong></span> <span class='ocrx_word' id='word_1_417' title='bbox 3456 2492 3632 2537; x_wconf 77' lang='lat' dir='ltr'><strong>extra—</strong></span> 
     </span>
    </p>
   </div>
   <div class='ocr_carea' id='block_1_55' title="bbox 2053 2573 3629 2653">
    <p class='ocr_par' dir='ltr' id='par_1_55' title="bbox 2053 2573 3629 2653">
     <span class='ocr_line' id='line_1_55' title="bbox 2053 2573 3629 2653; baseline -0.006 -17"><span class='ocrx_word' id='word_1_418' title='bbox 2053 2594 2139 2636; x_wconf 90' lang='lat' dir='ltr'><strong>cto</strong></span> <span class='ocrx_word' id='word_1_419' title='bbox 2167 2582 2340 2653; x_wconf 86' lang='lat' dir='ltr'><strong>gladio</strong></span> <span class='ocrx_word' id='word_1_420' title='bbox 2360 2588 2517 2648; x_wconf 89' lang='lat' dir='ltr'><strong>caput</strong></span> <span class='ocrx_word' id='word_1_421' title='bbox 2540 2577 2655 2647; x_wconf 81' lang='lat' dir='ltr'><strong>ejus</strong></span> <span class='ocrx_word' id='word_1_422' title='bbox 2684 2577 2997 2647; x_wconf 88' lang='lat' dir='ltr'><strong>gravissime</strong></span> <span class='ocrx_word' id='word_1_423' title='bbox 3026 2575 3323 2639; x_wconf 75' lang='lat' dir='ltr'><strong>verberant,</strong></span> <span class='ocrx_word' id='word_1_424' title='bbox 3350 2573 3629 2642; x_wconf 75' lang='lat' dir='ltr'><strong>effusoque</strong></span> 
     </span>
    </p>
   </div>
   <div class='ocr_carea' id='block_1_56' title="bbox 2055 2666 3630 2737">
    <p class='ocr_par' dir='ltr' id='par_1_56' title="bbox 2055 2666 3630 2737">
     <span class='ocr_line' id='line_1_56' title="bbox 2055 2666 3630 2737; baseline -0.006 -8"><span class='ocrx_word' id='word_1_425' title='bbox 2055 2678 2277 2731; x_wconf 87' lang='lat' dir='ltr'><strong>cerebro</strong></span> <span class='ocrx_word' id='word_1_426' title='bbox 2308 2672 2521 2733; x_wconf 86' lang='lat' dir='ltr'><strong>cecidit.</strong></span> <span class='ocrx_word' id='word_1_427' title='bbox 2553 2681 2606 2726; x_wconf 92' lang='lat' dir='ltr'><strong>et</strong></span> <span class='ocrx_word' id='word_1_428' title='bbox 2634 2680 2873 2725; x_wconf 88' lang='lat' dir='ltr'><strong>mortuus</strong></span> <span class='ocrx_word' id='word_1_429' title='bbox 2902 2678 3015 2735; x_wconf 85' lang='lat' dir='ltr'><strong>est;</strong></span> <span class='ocrx_word' id='word_1_430' title='bbox 3046 2682 3141 2729; x_wconf 79' lang='lat' dir='ltr'><strong>nec</strong></span> <span class='ocrx_word' id='word_1_431' title='bbox 3164 2666 3454 2737; x_wconf 88' lang='lat' dir='ltr'><strong>promeruit</strong></span> <span class='ocrx_word' id='word_1_432' title='bbox 3479 2666 3547 2720; x_wconf 85' lang='lat' dir='ltr'><strong>ab</strong></span> <span class='ocrx_word' id='word_1_433' title='bbox 3568 2681 3630 2719; x_wconf 78' lang='lat' dir='ltr'><strong>eo</strong></span> 
     </span>
    </p>
   </div>
   <div class='ocr_carea' id='block_1_57' title="bbox 2055 2756 3630 2832">
    <p class='ocr_par' dir='ltr' id='par_1_57' title="bbox 2055 2756 3630 2832">
     <span class='ocr_line' id='line_1_57' title="bbox 2055 2756 3630 2832; baseline -0.008 -14"><span class='ocrx_word' id='word_1_434' title='bbox 2055 2764 2272 2827; x_wconf 86' lang='lat' dir='ltr'><strong>salvari,</strong></span> <span class='ocrx_word' id='word_1_435' title='bbox 2302 2777 2457 2832; x_wconf 89' lang='lat' dir='ltr'><strong>quem</strong></span> <span class='ocrx_word' id='word_1_436' title='bbox 2488 2760 2718 2815; x_wconf 90' lang='lat' dir='ltr'><strong>ﬁdeliter</strong></span> <span class='ocrx_word' id='word_1_437' title='bbox 2742 2758 3008 2827; x_wconf 83' lang='lat' dir='ltr'><strong>nunquam</strong></span> <span class='ocrx_word' id='word_1_438' title='bbox 3034 2756 3293 2811; x_wconf 82' lang='lat' dir='ltr'><strong>intellexit</strong></span> <span class='ocrx_word' id='word_1_439' title='bbox 3321 2770 3630 2822; x_wconf 81' lang='lat' dir='ltr'><strong>exposcere.</strong></span> 
     </span>
    </p>
   </div>
   <div class='ocr_carea' id='block_1_58' title="bbox 2056 2846 3631 2925">
    <p class='ocr_par' dir='ltr' id='par_1_58' title="bbox 2056 2846 3631 2925">
     <span class='ocr_line' id='line_1_58' title="bbox 2056 2846 3631 2925; baseline -0.009 -14"><span class='ocrx_word' id='word_1_440' title='bbox 2056 2855 2218 2925; x_wconf 86' lang='lat' dir='ltr'><strong>Igitur</strong></span> <span class='ocrx_word' id='word_1_441' title='bbox 2245 2852 2499 2907; x_wconf 88' lang='lat' dir='ltr'><strong>Claudius</strong></span> <span class='ocrx_word' id='word_1_442' title='bbox 2539 2852 2735 2905; x_wconf 80' lang='lat' dir='ltr'><strong>timore</strong></span> <span class='ocrx_word' id='word_1_443' title='bbox 2760 2849 3102 2919; x_wconf 46' lang='lat' dir='ltr'><strong>perterritus</strong></span> <span class='ocrx_word' id='word_1_444' title='bbox 3141 2848 3385 2901; x_wconf 86' lang='lat' dir='ltr'><strong>cellulam</strong></span> <span class='ocrx_word' id='word_1_445' title='bbox 3426 2846 3631 2900; x_wconf 80' lang='lat' dir='ltr'><strong>abbatis</strong></span> 
     </span>
    </p>
   </div>
   <div class='ocr_carea' id='block_1_59' title="bbox 2055 2940 3629 3014">
    <p class='ocr_par' dir='ltr' id='par_1_59' title="bbox 2055 2940 3629 3014">
     <span class='ocr_line' id='line_1_59' title="bbox 2055 2940 3629 3014; baseline -0.008 -13"><span class='ocrx_word' id='word_1_446' title='bbox 2055 2945 2294 3014; x_wconf 78' lang='lat' dir='ltr'><strong>expetiit,</strong></span> <span class='ocrx_word' id='word_1_447' title='bbox 2322 2944 2390 2999; x_wconf 88' lang='lat' dir='ltr'><strong>ab</strong></span> <span class='ocrx_word' id='word_1_448' title='bbox 2415 2958 2480 2999; x_wconf 93' lang='lat' dir='ltr'><strong>eo</strong></span> <span class='ocrx_word' id='word_1_449' title='bbox 2507 2942 2664 2997; x_wconf 90' lang='lat' dir='ltr'><strong>tutari</strong></span> <span class='ocrx_word' id='word_1_450' title='bbox 2691 2956 2749 2995; x_wconf 92' lang='lat' dir='ltr'><strong>se</strong></span> <span class='ocrx_word' id='word_1_451' title='bbox 2774 2941 3017 3009; x_wconf 86' lang='lat' dir='ltr'><strong>cupiens,</strong></span> <span class='ocrx_word' id='word_1_452' title='bbox 3040 2942 3090 2993; x_wconf 93' lang='lat' dir='ltr'><strong>in</strong></span> <span class='ocrx_word' id='word_1_453' title='bbox 3121 2940 3269 3008; x_wconf 84' lang='lat' dir='ltr'><strong>cujus</strong></span> <span class='ocrx_word' id='word_1_454' title='bbox 3303 2948 3629 3008; x_wconf 79' lang='lat' dir='ltr'><strong>patronum.c</strong></span> 
     </span>
    </p>
   </div>
   <div class='ocr_carea' id='block_1_60' title="bbox 2057 3030 3632 3101">
    <p class='ocr_par' dir='ltr' id='par_1_60' title="bbox 2057 3030 3632 3101">
     <span class='ocr_line' id='line_1_60' title="bbox 2057 3030 3632 3101; baseline -0.006 -9"><span class='ocrx_word' id='word_1_455' title='bbox 2057 3036 2409 3092; x_wconf 88' lang='lat' dir='ltr'><strong>reverentiam</strong></span> <span class='ocrx_word' id='word_1_456' title='bbox 2434 3035 2629 3087; x_wconf 88' lang='lat' dir='ltr'><strong>habere</strong></span> <span class='ocrx_word' id='word_1_457' title='bbox 2654 3048 2759 3086; x_wconf 89' lang='lat' dir='ltr'><strong>non</strong></span> <span class='ocrx_word' id='word_1_458' title='bbox 2780 3033 2971 3100; x_wconf 88' lang='lat' dir='ltr'><strong>sapuit.</strong></span> <span class='ocrx_word' id='word_1_459' title='bbox 3000 3032 3091 3085; x_wconf 94' lang='lat' dir='ltr'><strong>lllo</strong></span> <span class='ocrx_word' id='word_1_460' title='bbox 3114 3046 3325 3101; x_wconf 90' lang='lat' dir='ltr'><strong>quoque</strong></span> <span class='ocrx_word' id='word_1_461' title='bbox 3347 3030 3632 3093; x_wconf 82' lang='lat' dir='ltr'><strong>residente,</strong></span> 
     </span>
    </p>
   </div>
   <div class='ocr_carea' id='block_1_61' title="bbox 2055 3122 3632 3194">
    <p class='ocr_par' dir='ltr' id='par_1_61' title="bbox 2055 3122 3632 3194">
     <span class='ocr_line' id='line_1_61' title="bbox 2055 3122 3632 3194; baseline -0.003 -14"><span class='ocrx_word' id='word_1_462' title='bbox 2055 3127 2129 3181; x_wconf 88' lang='lat' dir='ltr'><strong>ait</strong></span> <span class='ocrx_word' id='word_1_463' title='bbox 2159 3145 2172 3179; x_wconf 87' lang='lat'><strong>:</strong></span> <span class='ocrx_word' id='word_1_464' title='bbox 2208 3126 2577 3194; x_wconf 87' lang='lat' dir='ltr'><strong>Perpetratum</strong></span> <span class='ocrx_word' id='word_1_465' title='bbox 2607 3132 2692 3178; x_wconf 89' lang='lat' dir='ltr'><strong>est</strong></span> <span class='ocrx_word' id='word_1_466' title='bbox 2732 3125 2909 3177; x_wconf 87' lang='lat' dir='ltr'><strong>scelus</strong></span> <span class='ocrx_word' id='word_1_467' title='bbox 2938 3124 3294 3190; x_wconf 87' lang='lat' dir='ltr'><strong>immensum,</strong></span> <span class='ocrx_word' id='word_1_468' title='bbox 3338 3130 3392 3177; x_wconf 89' lang='lat' dir='ltr'><strong>et</strong></span> <span class='ocrx_word' id='word_1_469' title='bbox 3434 3122 3533 3176; x_wconf 90' lang='lat' dir='ltr'><strong>nisi</strong></span> <span class='ocrx_word' id='word_1_470' title='bbox 3579 3131 3632 3175; x_wconf 91' lang='lat' dir='ltr'><strong>tu</strong></span> 
     </span>
    </p>
   </div>
   <div class='ocr_carea' id='block_1_62' title="bbox 368 3213 3630 3295">
    <p class='ocr_par' dir='ltr' id='par_1_62' title="bbox 368 3213 3630 3295">
     <span class='ocr_line' id='line_1_62' title="bbox 368 3213 3630 3295; baseline -0.002 -22"><span class='ocrx_word' id='word_1_471' title='bbox 368 3219 482 3287; x_wconf 85' lang='lat' dir='ltr'><strong>ipsa</strong></span> <span class='ocrx_word' id='word_1_472' title='bbox 514 3217 733 3275; x_wconf 86' lang='lat' dir='ltr'><strong>basilica</strong></span> <span class='ocrx_word' id='word_1_473' title='bbox 760 3235 825 3275; x_wconf 87' lang='lat' dir='ltr'><strong>ac</strong></span> <span class='ocrx_word' id='word_1_474' title='bbox 853 3236 948 3290; x_wconf 92' lang='lat' dir='ltr'><strong>per</strong></span> <span class='ocrx_word' id='word_1_475' title='bbox 970 3223 1232 3292; x_wconf 88' lang='lat' dir='ltr'><strong>porticus,</strong></span> <span class='ocrx_word' id='word_1_476' title='bbox 1264 3233 1317 3279; x_wconf 90' lang='lat' dir='ltr'><strong>et</strong></span> <span class='ocrx_word' id='word_1_477' title='bbox 1338 3224 1544 3295; x_wconf 87' lang='lat' dir='ltr'><strong>singula</strong></span> <span class='ocrx_word' id='word_1_478' title='bbox 1573 3224 1688 3280; x_wconf 90' lang='lat' dir='ltr'><strong>loca</strong></span> <span class='ocrx_word' id='word_1_479' title='bbox 1718 3226 1837 3280; x_wconf 88' lang='lat' dir='ltr'><strong>atrii</strong></span> <span class='ocrx_word' id='word_1_480' title='bbox 1862 3242 1951 3279; x_wconf 84' lang='lat' dir='ltr'><strong>ve-</strong></span> <span class='ocrx_word' id='word_1_481' title='bbox 1980 3216 2024 3276; x_wconf 89' lang='lat' dir='ltr'><strong>C</strong></span> <span class='ocrx_word' id='word_1_482' title='bbox 2054 3216 2387 3281; x_wconf 85' lang='lat' dir='ltr'><strong>subveneris,</strong></span> <span class='ocrx_word' id='word_1_483' title='bbox 2431 3214 2740 3283; x_wconf 78' lang='lat' dir='ltr'><strong>peribimus.</strong></span> <span class='ocrx_word' id='word_1_484' title='bbox 2782 3213 2906 3267; x_wconf 84' lang='lat' dir='ltr'><strong>Haec</strong></span> <span class='ocrx_word' id='word_1_485' title='bbox 2946 3229 3009 3267; x_wconf 90' lang='lat' dir='ltr'><strong>eo</strong></span> <span class='ocrx_word' id='word_1_486' title='bbox 3056 3213 3334 3281; x_wconf 84' lang='lat' dir='ltr'><strong>loquente,</strong></span> <span class='ocrx_word' id='word_1_487' title='bbox 3370 3214 3630 3267; x_wconf 84' lang='lat' dir='ltr'><strong>irruerunt</strong></span> 
     </span>
    </p>
   </div>
   <div class='ocr_carea' id='block_1_63' title="bbox 372 3309 1948 3386">
    <p class='ocr_par' dir='ltr' id='par_1_63' title="bbox 372 3309 1948 3386">
     <span class='ocr_line' id='line_1_63' title="bbox 372 3309 1948 3386; baseline 0.004 -23"><span class='ocrx_word' id='word_1_488' title='bbox 372 3309 604 3363; x_wconf 83' lang='lat' dir='ltr'><strong>ueranda</strong></span> <span class='ocrx_word' id='word_1_489' title='bbox 627 3311 991 3380; x_wconf 89' lang='lat' dir='ltr'><strong>promitteret,</strong></span> <span class='ocrx_word' id='word_1_490' title='bbox 1016 3313 1243 3369; x_wconf 90' lang='lat' dir='ltr'><strong>credidit</strong></span> <span class='ocrx_word' id='word_1_491' title='bbox 1264 3314 1424 3370; x_wconf 89' lang='lat' dir='ltr'><strong>miser</strong></span> <span class='ocrx_word' id='word_1_492' title='bbox 1451 3315 1648 3370; x_wconf 90' lang='lat' dir='ltr'><strong>homini</strong></span> <span class='ocrx_word' id='word_1_493' title='bbox 1672 3316 1948 3386; x_wconf 88' lang='lat' dir='ltr'><strong>pejeranti.</strong></span> 
     </span>
    </p>
   </div>
   <div class='ocr_carea' id='block_1_64' title="bbox 375 3400 1953 3477">
    <p class='ocr_par' dir='ltr' id='par_1_64' title="bbox 375 3400 1953 3477">
     <span class='ocr_line' id='line_1_64' title="bbox 375 3400 1953 3477; baseline 0.005 -23"><span class='ocrx_word' id='word_1_494' title='bbox 375 3400 470 3455; x_wconf 88' lang='lat' dir='ltr'><strong>Die</strong></span> <span class='ocrx_word' id='word_1_495' title='bbox 505 3412 684 3456; x_wconf 86' lang='lat' dir='ltr'><strong>autem</strong></span> <span class='ocrx_word' id='word_1_496' title='bbox 731 3403 902 3458; x_wconf 89' lang='lat' dir='ltr'><strong>altero</strong></span> <span class='ocrx_word' id='word_1_497' title='bbox 940 3420 1062 3459; x_wconf 91' lang='lat' dir='ltr'><strong>cum</strong></span> <span class='ocrx_word' id='word_1_498' title='bbox 1100 3421 1198 3460; x_wconf 91' lang='lat' dir='ltr'><strong>nos</strong></span> <span class='ocrx_word' id='word_1_499' title='bbox 1230 3407 1283 3460; x_wconf 88' lang='lat' dir='ltr'><strong>in</strong></span> <span class='ocrx_word' id='word_1_500' title='bbox 1312 3407 1432 3461; x_wconf 89' lang='lat' dir='ltr'><strong>villa</strong></span> <span class='ocrx_word' id='word_1_501' title='bbox 1471 3409 1622 3477; x_wconf 88' lang='lat' dir='ltr'><strong>quasi</strong></span> <span class='ocrx_word' id='word_1_502' title='bbox 1666 3409 1826 3463; x_wconf 86' lang='lat' dir='ltr'><strong>millia</strong></span> <span class='ocrx_word' id='word_1_503' title='bbox 1861 3411 1953 3462; x_wconf 89' lang='lat' dir='ltr'><strong>tri-</strong></span> 
     </span>
    </p>
   </div>
   <div class='ocr_carea' id='block_1_65' title="bbox 372 3494 1950 3565">
    <p class='ocr_par' dir='ltr' id='par_1_65' title="bbox 372 3494 1950 3565">
     <span class='ocr_line' id='line_1_65' title="bbox 372 3494 1950 3565; baseline 0.008 -21"><span class='ocrx_word' id='word_1_504' title='bbox 372 3494 514 3561; x_wconf 76' lang='lat' dir='ltr'><strong>ginta</strong></span> <span class='ocrx_word' id='word_1_505' title='bbox 546 3494 614 3547; x_wconf 89' lang='lat' dir='ltr'><strong>ab</strong></span> <span class='ocrx_word' id='word_1_506' title='bbox 634 3495 766 3549; x_wconf 88' lang='lat' dir='ltr'><strong>urbe</strong></span> <span class='ocrx_word' id='word_1_507' title='bbox 792 3498 1270 3565; x_wconf 86' lang='lat' dir='ltr'><strong>connnoraremur,</strong></span> <span class='ocrx_word' id='word_1_508' title='bbox 1293 3500 1357 3554; x_wconf 89' lang='lat' dir='ltr'><strong>ad</strong></span> <span class='ocrx_word' id='word_1_509' title='bbox 1388 3500 1691 3556; x_wconf 81' lang='lat' dir='ltr'><strong>convivium</strong></span> <span class='ocrx_word' id='word_1_510' title='bbox 1721 3501 1950 3557; x_wconf 69' lang='lat' dir='ltr'><strong>basilica:</strong></span> 
     </span>
    </p>
   </div>
   <div class='ocr_carea' id='block_1_66' title="bbox 374 3587 1953 3660">
    <p class='ocr_par' dir='ltr' id='par_1_66' title="bbox 374 3587 1953 3660">
     <span class='ocr_line' id='line_1_66' title="bbox 374 3587 1953 3660; baseline 0.006 -23"><span class='ocrx_word' id='word_1_511' title='bbox 374 3591 571 3638; x_wconf 72' lang='lat' dir='ltr'><strong>sancta:</strong></span> <span class='ocrx_word' id='word_1_512' title='bbox 595 3599 716 3639; x_wconf 90' lang='lat' dir='ltr'><strong>cum</strong></span> <span class='ocrx_word' id='word_1_513' title='bbox 739 3587 925 3640; x_wconf 90' lang='lat' dir='ltr'><strong>eodem</strong></span> <span class='ocrx_word' id='word_1_514' title='bbox 948 3596 1000 3641; x_wconf 90' lang='lat' dir='ltr'><strong>et</strong></span> <span class='ocrx_word' id='word_1_515' title='bbox 1026 3588 1248 3660; x_wconf 88' lang='lat' dir='ltr'><strong>reliquis</strong></span> <span class='ocrx_word' id='word_1_516' title='bbox 1270 3590 1477 3645; x_wconf 91' lang='lat' dir='ltr'><strong>civibus</strong></span> <span class='ocrx_word' id='word_1_517' title='bbox 1496 3600 1579 3646; x_wconf 88' lang='lat' dir='ltr'><strong>est</strong></span> <span class='ocrx_word' id='word_1_518' title='bbox 1598 3593 1823 3657; x_wconf 90' lang='lat' dir='ltr'><strong>ascitus;</strong></span> <span class='ocrx_word' id='word_1_519' title='bbox 1855 3594 1953 3647; x_wconf 61' lang='lat' dir='ltr'><strong>ibi-</strong></span> 
     </span>
    </p>
   </div>
   <div class='ocr_carea' id='block_1_67' title="bbox 374 3674 1953 3752">
    <p class='ocr_par' dir='ltr' id='par_1_67' title="bbox 374 3674 1953 3752">
     <span class='ocr_line' id='line_1_67' title="bbox 374 3674 1953 3752; baseline 0.007 -25"><span class='ocrx_word' id='word_1_520' title='bbox 374 3688 477 3742; x_wconf 88' lang='lat' dir='ltr'><strong>que</strong></span> <span class='ocrx_word' id='word_1_521' title='bbox 505 3689 627 3729; x_wconf 89' lang='lat' dir='ltr'><strong>eum</strong></span> <span class='ocrx_word' id='word_1_522' title='bbox 657 3674 911 3731; x_wconf 86' lang='lat' dir='ltr'><strong>Claudius</strong></span> <span class='ocrx_word' id='word_1_523' title='bbox 949 3678 1127 3747; x_wconf 84' lang='lat' dir='ltr'><strong>gladio</strong></span> <span class='ocrx_word' id='word_1_524' title='bbox 1170 3680 1333 3750; x_wconf 84' lang='lat' dir='ltr'><strong>ferire</strong></span> <span class='ocrx_word' id='word_1_525' title='bbox 1373 3683 1540 3736; x_wconf 91' lang='lat' dir='ltr'><strong>voluit</strong></span> <span class='ocrx_word' id='word_1_526' title='bbox 1587 3683 1633 3738; x_wconf 88' lang='lat' dir='ltr'><strong>si</strong></span> <span class='ocrx_word' id='word_1_527' title='bbox 1664 3683 1814 3752; x_wconf 91' lang='lat' dir='ltr'><strong>pueri</strong></span> <span class='ocrx_word' id='word_1_528' title='bbox 1837 3683 1953 3751; x_wconf 89' lang='lat' dir='ltr'><strong>ejus</strong></span> 
     </span>
    </p>
   </div>
   <div class='ocr_carea' id='block_1_68' title="bbox 375 3764 1951 3840">
    <p class='ocr_par' dir='ltr' id='par_1_68' title="bbox 375 3764 1951 3840">
     <span class='ocr_line' id='line_1_68' title="bbox 375 3764 1951 3840; baseline 0.006 -23"><span class='ocrx_word' id='word_1_529' title='bbox 375 3764 584 3833; x_wconf 86' lang='lat' dir='ltr'><strong>longius</strong></span> <span class='ocrx_word' id='word_1_530' title='bbox 612 3766 932 3821; x_wconf 86' lang='lat' dir='ltr'><strong>astitissent.</strong></span> <span class='ocrx_word' id='word_1_531' title='bbox 968 3768 1346 3824; x_wconf 88' lang='lat' dir='ltr'><strong>Verumtamen</strong></span> <span class='ocrx_word' id='word_1_532' title='bbox 1371 3786 1637 3840; x_wconf 87' lang='lat' dir='ltr'><strong>nunquam</strong></span> <span class='ocrx_word' id='word_1_533' title='bbox 1665 3772 1780 3827; x_wconf 79' lang='lat' dir='ltr'><strong>haec</strong></span> <span class='ocrx_word' id='word_1_534' title='bbox 1812 3773 1951 3827; x_wconf 74' lang='lat' dir='ltr'><strong>Ebe-</strong></span> 
     </span>
    </p>
   </div>
   <div class='ocr_carea' id='block_1_69' title="bbox 374 3851 1955 3929">
    <p class='ocr_par' dir='ltr' id='par_1_69' title="bbox 374 3851 1955 3929">
     <span class='ocr_line' id='line_1_69' title="bbox 374 3851 1955 3929; baseline 0.006 -21"><span class='ocrx_word' id='word_1_535' title='bbox 374 3851 568 3917; x_wconf 85' lang='lat' dir='ltr'><strong>rull&#39;us,</strong></span> <span class='ocrx_word' id='word_1_536' title='bbox 592 3863 649 3909; x_wconf 89' lang='lat' dir='ltr'><strong>ut</strong></span> <span class='ocrx_word' id='word_1_537' title='bbox 668 3863 785 3910; x_wconf 88' lang='lat' dir='ltr'><strong>erat</strong></span> <span class='ocrx_word' id='word_1_538' title='bbox 808 3860 1267 3924; x_wconf 88' lang='lat' dir='ltr'><strong>vanus,advertit.</strong></span> <span class='ocrx_word' id='word_1_539' title='bbox 1299 3860 1583 3929; x_wconf 84' lang='lat' dir='ltr'><strong>Postquam</strong></span> <span class='ocrx_word' id='word_1_540' title='bbox 1616 3873 1795 3918; x_wconf 90' lang='lat' dir='ltr'><strong>autem</strong></span> <span class='ocrx_word' id='word_1_541' title='bbox 1822 3879 1955 3919; x_wconf 78' lang='lat' dir='ltr'><strong>con-</strong></span> 
     </span>
    </p>
   </div>
   <div class='ocr_carea' id='block_1_70' title="bbox 375 3949 1953 4024">
    <p class='ocr_par' dir='ltr' id='par_1_70' title="bbox 375 3949 1953 4024">
     <span class='ocr_line' id='line_1_70' title="bbox 375 3949 1953 4024; baseline 0.006 -21"><span class='ocrx_word' id='word_1_542' title='bbox 375 3949 570 4004; x_wconf 84' lang='lat' dir='ltr'><strong>vivium</strong></span> <span class='ocrx_word' id='word_1_543' title='bbox 599 3959 683 4005; x_wconf 89' lang='lat' dir='ltr'><strong>est</strong></span> <span class='ocrx_word' id='word_1_544' title='bbox 711 3949 935 4017; x_wconf 86' lang='lat' dir='ltr'><strong>ﬁnitum,</strong></span> <span class='ocrx_word' id='word_1_545' title='bbox 964 3953 1077 4022; x_wconf 88' lang='lat' dir='ltr'><strong>ipse</strong></span> <span class='ocrx_word' id='word_1_546' title='bbox 1103 3952 1258 4008; x_wconf 91' lang='lat' dir='ltr'><strong>simul</strong></span> <span class='ocrx_word' id='word_1_547' title='bbox 1280 3968 1343 4009; x_wconf 89' lang='lat' dir='ltr'><strong>ac</strong></span> <span class='ocrx_word' id='word_1_548' title='bbox 1372 3954 1624 4011; x_wconf 85' lang='lat' dir='ltr'><strong>Claudius</strong></span> <span class='ocrx_word' id='word_1_549' title='bbox 1654 3972 1747 4024; x_wconf 91' lang='lat' dir='ltr'><strong>per</strong></span> <span class='ocrx_word' id='word_1_550' title='bbox 1763 3958 1953 4012; x_wconf 88' lang='lat' dir='ltr'><strong>atrium</strong></span> 
     </span>
    </p>
   </div>
   <div class='ocr_carea' id='block_1_71' title="bbox 376 4040 1952 4116">
    <p class='ocr_par' dir='ltr' id='par_1_71' title="bbox 376 4040 1952 4116">
     <span class='ocr_line' id='line_1_71' title="bbox 376 4040 1952 4116; baseline 0.004 -20"><span class='ocrx_word' id='word_1_551' title='bbox 376 4040 563 4097; x_wconf 81' lang='lat' dir='ltr'><strong>domus</strong></span> <span class='ocrx_word' id='word_1_552' title='bbox 604 4042 837 4099; x_wconf 74' lang='lat' dir='ltr'><strong>basilica:</strong></span> <span class='ocrx_word' id='word_1_553' title='bbox 876 4043 1216 4100; x_wconf 87' lang='lat' dir='ltr'><strong>deambulare</strong></span> <span class='ocrx_word' id='word_1_554' title='bbox 1242 4056 1540 4116; x_wconf 74' lang='lat' dir='ltr'><strong>cmpcrunt,</strong></span> <span class='ocrx_word' id='word_1_555' title='bbox 1584 4048 1682 4102; x_wconf 90' lang='lat' dir='ltr'><strong>sibi</strong></span> <span class='ocrx_word' id='word_1_556' title='bbox 1727 4049 1952 4102; x_wconf 89' lang='lat' dir='ltr'><strong>invicem</strong></span> 
     </span>
    </p>
   </div>
   <div class='ocr_carea' id='block_1_72' title="bbox 377 4134 1954 4207">
    <p class='ocr_par' dir='ltr' id='par_1_72' title="bbox 377 4134 1954 4207">
     <span class='ocr_line' id='line_1_72' title="bbox 377 4134 1954 4207; baseline 0.004 -19"><span class='ocrx_word' id='word_1_557' title='bbox 377 4134 532 4191; x_wconf 87' lang='lat' dir='ltr'><strong>ﬁdem</strong></span> <span class='ocrx_word' id='word_1_558' title='bbox 558 4150 622 4191; x_wconf 86' lang='lat' dir='ltr'><strong>ac</strong></span> <span class='ocrx_word' id='word_1_559' title='bbox 644 4136 955 4197; x_wconf 84' lang='lat' dir='ltr'><strong>cbaritatem</strong></span> <span class='ocrx_word' id='word_1_560' title='bbox 973 4142 1319 4195; x_wconf 87' lang='lat' dir='ltr'><strong>sacramentis</strong></span> <span class='ocrx_word' id='word_1_561' title='bbox 1337 4141 1810 4196; x_wconf 82' lang='lat' dir='ltr'><strong>intercurrentibus</strong></span> <span class='ocrx_word' id='word_1_562' title='bbox 1835 4157 1954 4207; x_wconf 85' lang='lat' dir='ltr'><strong>pro-</strong></span> 
     </span>
    </p>
   </div>
   <div class='ocr_carea' id='block_1_73' title="bbox 376 4225 1951 4299">
    <p class='ocr_par' dir='ltr' id='par_1_73' title="bbox 376 4225 1951 4299">
     <span class='ocr_line' id='line_1_73' title="bbox 376 4225 1951 4299; baseline 0.004 -21"><span class='ocrx_word' id='word_1_563' title='bbox 376 4225 667 4283; x_wconf 86' lang='lat' dir='ltr'><strong>mittentes.</strong></span> <span class='ocrx_word' id='word_1_564' title='bbox 701 4228 791 4284; x_wconf 84' lang='lat' dir='ltr'><strong>ﬂis</strong></span> <span class='ocrx_word' id='word_1_565' title='bbox 811 4228 885 4283; x_wconf 91' lang='lat' dir='ltr'><strong>ita</strong></span> <span class='ocrx_word' id='word_1_566' title='bbox 912 4230 1271 4299; x_wconf 90' lang='lat' dir='ltr'><strong>loquentibus,</strong></span> <span class='ocrx_word' id='word_1_567' title='bbox 1298 4230 1373 4284; x_wconf 87' lang='lat' dir='ltr'><strong>ait</strong></span> <span class='ocrx_word' id='word_1_568' title='bbox 1392 4231 1648 4285; x_wconf 82' lang='lat' dir='ltr'><strong>Claudius</strong></span> <span class='ocrx_word' id='word_1_569' title='bbox 1672 4231 1951 4286; x_wconf 82' lang='lat' dir='ltr'><strong>Eberuli&#39;o:</strong></span> 
     </span>
    </p>
   </div>
   <div class='ocr_carea' id='block_1_74' title="bbox 378 4316 1956 4391">
    <p class='ocr_par' dir='ltr' id='par_1_74' title="bbox 378 4316 1956 4391">
     <span class='ocr_line' id='line_1_74' title="bbox 378 4316 1956 4391; baseline 0.002 -18"><span class='ocrx_word' id='word_1_570' title='bbox 378 4316 620 4374; x_wconf 84' lang='lat' dir='ltr'><strong>Delectat</strong></span> <span class='ocrx_word' id='word_1_571' title='bbox 640 4320 875 4375; x_wconf 89' lang='lat' dir='ltr'><strong>animum</strong></span> <span class='ocrx_word' id='word_1_572' title='bbox 903 4321 969 4375; x_wconf 92' lang='lat' dir='ltr'><strong>ad</strong></span> <span class='ocrx_word' id='word_1_573' title='bbox 993 4332 1247 4377; x_wconf 89' lang='lat' dir='ltr'><strong>metatum</strong></span> <span class='ocrx_word' id='word_1_574' title='bbox 1281 4330 1426 4376; x_wconf 88' lang='lat' dir='ltr'><strong>tuum</strong></span> <span class='ocrx_word' id='word_1_575' title='bbox 1450 4323 1663 4378; x_wconf 87' lang='lat' dir='ltr'><strong>haurire</strong></span> <span class='ocrx_word' id='word_1_576' title='bbox 1692 4334 1893 4391; x_wconf 88' lang='lat' dir='ltr'><strong>potum,</strong></span> <span class='ocrx_word' id='word_1_577' title='bbox 1912 4322 1956 4376; x_wconf 89' lang='lat' dir='ltr'><strong>si</strong></span> 
     </span>
    </p>
   </div>
   <div class='ocr_carea' id='block_1_75' title="bbox 377 4407 1959 4482">
    <p class='ocr_par' dir='ltr' id='par_1_75' title="bbox 377 4407 1959 4482">
     <span class='ocr_line' id='line_1_75' title="bbox 377 4407 1959 4482; baseline 0.001 -20"><span class='ocrx_word' id='word_1_578' title='bbox 377 4407 497 4463; x_wconf 80' lang='lat' dir='ltr'><strong>vina</strong></span> <span class='ocrx_word' id='word_1_579' title='bbox 526 4410 886 4467; x_wconf 87' lang='lat' dir='ltr'><strong>odoramentis</strong></span> <span class='ocrx_word' id='word_1_580' title='bbox 923 4420 1102 4467; x_wconf 89' lang='lat' dir='ltr'><strong>essent</strong></span> <span class='ocrx_word' id='word_1_581' title='bbox 1127 4414 1381 4479; x_wconf 89' lang='lat' dir='ltr'><strong>immista,</strong></span> <span class='ocrx_word' id='word_1_582' title='bbox 1413 4422 1669 4468; x_wconf 87' lang='lat' dir='ltr'><strong>autcerte</strong></span> <span class='ocrx_word' id='word_1_583' title='bbox 1697 4413 1959 4482; x_wconf 67' lang='lat' dir='ltr'><strong>putentia-</strong></span> 
     </span>
    </p>
   </div>
   <div class='ocr_carea' id='block_1_76' title="bbox 378 4499 1955 4575">
    <p class='ocr_par' dir='ltr' id='par_1_76' title="bbox 378 4499 1955 4575">
     <span class='ocr_line' id='line_1_76' title="bbox 378 4499 1955 4575; baseline 0.005 -22"><span class='ocrx_word' id='word_1_584' title='bbox 378 4499 450 4555; x_wconf 89' lang='lat' dir='ltr'><strong>ris</strong></span> <span class='ocrx_word' id='word_1_585' title='bbox 479 4500 588 4554; x_wconf 88' lang='lat' dir='ltr'><strong>vini</strong></span> <span class='ocrx_word' id='word_1_586' title='bbox 620 4500 928 4558; x_wconf 87' lang='lat' dir='ltr'><strong>libationem</strong></span> <span class='ocrx_word' id='word_1_587' title='bbox 958 4504 1246 4560; x_wconf 77' lang='lat' dir='ltr'><strong>Strenuitas</strong></span> <span class='ocrx_word' id='word_1_588' title='bbox 1275 4514 1363 4559; x_wconf 90' lang='lat' dir='ltr'><strong>tua</strong></span> <span class='ocrx_word' id='word_1_589' title='bbox 1393 4506 1707 4575; x_wconf 88' lang='lat' dir='ltr'><strong>requireret.</strong></span> <span class='ocrx_word' id='word_1_590' title='bbox 1748 4505 1873 4559; x_wconf 72' lang='lat' dir='ltr'><strong>liaac</strong></span> <span class='ocrx_word' id='word_1_591' title='bbox 1891 4520 1955 4561; x_wconf 87' lang='lat' dir='ltr'><strong>eo</strong></span> 
     </span>
    </p>
   </div>
   <div class='ocr_carea' id='block_1_77' title="bbox 456 4632 1405 4703">
    <p class='ocr_par' dir='ltr' id='par_1_77' title="bbox 456 4632 1405 4703">
     <span class='ocr_line' id='line_1_77' title="bbox 456 4632 1405 4703; baseline 0.006 -16"><span class='ocrx_word' id='word_1_592' title='bbox 456 4641 487 4673; x_wconf 77' lang='grc' dir='ltr'><strong>ι</strong></span> <span class='ocrx_word' id='word_1_593' title='bbox 509 4632 697 4701; x_wconf 80' lang='lat' dir='ltr'><strong>Regm.</strong></span> <span class='ocrx_word' id='word_1_594' title='bbox 730 4644 784 4689; x_wconf 90' lang='lat' dir='ltr'><strong>et</strong></span> <span class='ocrx_word' id='word_1_595' title='bbox 805 4635 1003 4692; x_wconf 81' lang='lat' dir='ltr'><strong>Cltesn.</strong></span> <span class='ocrx_word' id='word_1_596' title='bbox 1032 4638 1131 4703; x_wconf 88' lang='lat' dir='ltr'><strong>al.,</strong></span> <span class='ocrx_word' id='word_1_597' title='bbox 1156 4654 1405 4693; x_wconf 71' lang='lat' dir='ltr'><strong>exercere.</strong></span> 
     </span>
    </p>
   </div>
   <div class='ocr_carea' id='block_1_78' title="bbox 505 4704 1957 4778">
    <p class='ocr_par' dir='ltr' id='par_1_78' title="bbox 505 4704 1957 4778">
     <span class='ocr_line' id='line_1_78' title="bbox 505 4704 1957 4778; baseline 0.003 -19"><span class='ocrx_word' id='word_1_598' title='bbox 505 4704 816 4778; x_wconf 81' lang='lat' dir='ltr'><strong>Legendum</strong></span> <span class='ocrx_word' id='word_1_599' title='bbox 842 4707 979 4778; x_wconf 81' lang='lat' dir='ltr'><strong>forte</strong></span> <span class='ocrx_word' id='word_1_600' title='bbox 1009 4706 1216 4772; x_wconf 85' lang='lat' dir='ltr'><strong>Latina,</strong></span> <span class='ocrx_word' id='word_1_601' title='bbox 1244 4709 1292 4762; x_wconf 89' lang='lat' dir='ltr'><strong>id</strong></span> <span class='ocrx_word' id='word_1_602' title='bbox 1319 4720 1401 4763; x_wconf 87' lang='lat' dir='ltr'><strong>est</strong></span> <span class='ocrx_word' id='word_1_603' title='bbox 1434 4710 1680 4775; x_wconf 79' lang='lat' dir='ltr'><strong>Falerna,</strong></span> <span class='ocrx_word' id='word_1_604' title='bbox 1720 4721 1775 4763; x_wconf 91' lang='lat' dir='ltr'><strong>ut</strong></span> <span class='ocrx_word' id='word_1_605' title='bbox 1800 4725 1957 4778; x_wconf 86' lang='lat' dir='ltr'><strong>supra</strong></span> 
     </span>
    </p>
   </div>
   <div class='ocr_carea' id='block_1_79' title="bbox 382 4774 1963 4841">
    <p class='ocr_par' dir='ltr' id='par_1_79' title="bbox 382 4774 1963 4841">
     <span class='ocr_line' id='line_1_79' title="bbox 382 4774 1963 4841; baseline 0.003 -13"><span class='ocrx_word' id='word_1_606' title='bbox 382 4774 474 4829; x_wconf 89' lang='lat' dir='ltr'><strong>lib.</strong></span> <span class='ocrx_word' id='word_1_607' title='bbox 507 4790 588 4836; x_wconf 82' lang='grc' dir='ltr'>ιιι,</span> <span class='ocrx_word' id='word_1_608' title='bbox 615 4791 737 4834; x_wconf 64' lang='grc' dir='ltr'><strong>(νειμ.</strong></span> <span class='ocrx_word' id='word_1_609' title='bbox 768 4775 855 4841; x_wconf 79' lang='grc'><strong>19,</strong></span> <span class='ocrx_word' id='word_1_610' title='bbox 896 4776 973 4831; x_wconf 90' lang='lat' dir='ltr'><strong>sic</strong></span> <span class='ocrx_word' id='word_1_611' title='bbox 1000 4779 1139 4832; x_wconf 91' lang='lat' dir='ltr'><strong>dicta</strong></span> <span class='ocrx_word' id='word_1_612' title='bbox 1169 4796 1197 4832; x_wconf 90' lang='lat' dir='ltr'><strong>a</strong></span> <span class='ocrx_word' id='word_1_613' title='bbox 1246 4780 1473 4833; x_wconf 71' lang='lat' dir='ltr'><strong>Falerno</strong></span> <span class='ocrx_word' id='word_1_614' title='bbox 1505 4774 1684 4836; x_wconf 89' lang='lat' dir='ltr'><strong>monte</strong></span> <span class='ocrx_word' id='word_1_615' title='bbox 1724 4781 1773 4834; x_wconf 88' lang='lat' dir='ltr'><strong>in</strong></span> <span class='ocrx_word' id='word_1_616' title='bbox 1806 4774 1963 4834; x_wconf 60' lang='lat' dir='ltr'><strong>Gam-</strong></span> 
     </span>
    </p>
   </div>
   <div class='ocr_carea' id='block_1_80' title="bbox 382 4843 1964 4918">
    <p class='ocr_par' dir='ltr' id='par_1_80' title="bbox 382 4843 1964 4918">
     <span class='ocr_line' id='line_1_80' title="bbox 382 4843 1964 4918; baseline 0.004 -20"><span class='ocrx_word' id='word_1_617' title='bbox 382 4846 541 4918; x_wconf 81' lang='lat' dir='ltr'><strong>pania</strong></span> <span class='ocrx_word' id='word_1_618' title='bbox 570 4843 775 4918; x_wconf 82' lang='lat' dir='ltr'><strong>Felice.</strong></span> <span class='ocrx_word' id='word_1_619' title='bbox 810 4846 1050 4901; x_wconf 83' lang='lat' dir='ltr'><strong>Laticina</strong></span> <span class='ocrx_word' id='word_1_620' title='bbox 1096 4860 1271 4904; x_wconf 86' lang='lat' dir='ltr'><strong>tamen</strong></span> <span class='ocrx_word' id='word_1_621' title='bbox 1320 4852 1587 4907; x_wconf 82' lang='lat' dir='ltr'><strong>Alteserra</strong></span> <span class='ocrx_word' id='word_1_622' title='bbox 1640 4861 1785 4918; x_wconf 78' lang='lat' dir='ltr'><strong>putat</strong></span> <span class='ocrx_word' id='word_1_623' title='bbox 1824 4851 1964 4905; x_wconf 81' lang='lat' dir='ltr'><strong>dicta</strong></span> 
     </span>
    </p>
   </div>
   <div class='ocr_carea' id='block_1_81' title="bbox 380 4913 1962 4989">
    <p class='ocr_par' dir='ltr' id='par_1_81' title="bbox 380 4913 1962 4989">
     <span class='ocr_line' id='line_1_81' title="bbox 380 4913 1962 4989; baseline 0.004 -22"><span class='ocrx_word' id='word_1_624' title='bbox 380 4913 1010 4989; x_wconf 19' lang='lat' dir='ltr'><strong>fuisse‘vinaalbatqund</strong></span> <span class='ocrx_word' id='word_1_625' title='bbox 1034 4934 1184 4987; x_wconf 74' lang='lat' dir='ltr'><strong>aqua:</strong></span> <span class='ocrx_word' id='word_1_626' title='bbox 1210 4922 1445 4974; x_wconf 82' lang='lat' dir='ltr'><strong>coluretn</strong></span> <span class='ocrx_word' id='word_1_627' title='bbox 1473 4913 1920 4987; x_wconf 66' lang='lat' dir='ltr'><strong>repraasentarent</strong></span> <span class='ocrx_word' id='word_1_628' title='bbox 1944 4937 1962 4989; x_wconf 87' lang='lat'><strong>;</strong></span> 
     </span>
    </p>
   </div>
   <div class='ocr_carea' id='block_1_82' title="bbox 384 4985 1963 5061">
    <p class='ocr_par' dir='ltr' id='par_1_82' title="bbox 384 4985 1963 5061">
     <span class='ocr_line' id='line_1_82' title="bbox 384 4985 1963 5061; baseline 0.004 -24"><span class='ocrx_word' id='word_1_629' title='bbox 384 4985 1036 5061; x_wconf 38' lang='lat' dir='ltr'><strong>hinc‘i&#39;irgiliusﬁltteid.</strong></span> <span class='ocrx_word' id='word_1_630' title='bbox 1062 4985 1156 5061; x_wconf 77' lang='lat' dir='ltr'><strong>lib.</strong></span> <span class='ocrx_word' id='word_1_631' title='bbox 1194 5005 1206 5042; x_wconf 85' lang='grc' dir='ltr'><strong>ι</strong></span> <span class='ocrx_word' id='word_1_632' title='bbox 1237 4989 1497 5043; x_wconf 74' lang='grc' dir='ltr'><strong>ιαεέοευηι</strong></span> <span class='ocrx_word' id='word_1_633' title='bbox 1528 4985 1738 5060; x_wconf 66' lang='lat' dir='ltr'><strong>Lyceum</strong></span> <span class='ocrx_word' id='word_1_634' title='bbox 1765 4985 1963 5061; x_wconf 61' lang='lat' dir='ltr'><strong>regali?-</strong></span> 
     </span>
    </p>
   </div>
   <div class='ocr_carea' id='block_1_83' title="bbox 382 5054 1966 5123">
    <p class='ocr_par' dir='ltr' id='par_1_83' title="bbox 382 5054 1966 5123">
     <span class='ocr_line' id='line_1_83' title="bbox 382 5054 1966 5123; baseline 0.004 -16"><span class='ocrx_word' id='word_1_635' title='bbox 382 5056 481 5108; x_wconf 86' lang='lat' dir='ltr'><strong>bus</strong></span> <span class='ocrx_word' id='word_1_636' title='bbox 512 5054 729 5109; x_wconf 79' lang='lat' dir='ltr'><strong>ferculis</strong></span> <span class='ocrx_word' id='word_1_637' title='bbox 757 5056 1017 5123; x_wconf 79' lang='lat' dir='ltr'><strong>adjungit.</strong></span> <span class='ocrx_word' id='word_1_638' title='bbox 1050 5059 1289 5114; x_wconf 65' lang='lat' dir='ltr'><strong>Gazttiua</strong></span> <span class='ocrx_word' id='word_1_639' title='bbox 1316 5069 1490 5113; x_wconf 85' lang='lat' dir='ltr'><strong>autem</strong></span> <span class='ocrx_word' id='word_1_640' title='bbox 1515 5054 1634 5114; x_wconf 73' lang='lat' dir='ltr'><strong>vina</strong></span> <span class='ocrx_word' id='word_1_641' title='bbox 1678 5071 1801 5114; x_wconf 90' lang='lat' dir='ltr'><strong>tunc</strong></span> <span class='ocrx_word' id='word_1_642' title='bbox 1828 5054 1966 5114; x_wconf 57' lang='lat' dir='ltr'><strong>Tem-</strong></span> 
     </span>
    </p>
   </div>
   <div class='ocr_carea' id='block_1_84' title="bbox 385 5126 1964 5201">
    <p class='ocr_par' dir='ltr' id='par_1_84' title="bbox 385 5126 1964 5201">
     <span class='ocr_line' id='line_1_84' title="bbox 385 5126 1964 5201; baseline 0.006 -26"><span class='ocrx_word' id='word_1_643' title='bbox 385 5126 531 5193; x_wconf 82' lang='lat' dir='ltr'><strong>poris</strong></span> <span class='ocrx_word' id='word_1_644' title='bbox 555 5126 791 5201; x_wconf 65' lang='lat' dir='ltr'><strong>celebria</strong></span> <span class='ocrx_word' id='word_1_645' title='bbox 817 5137 1001 5201; x_wconf 75' lang='lat' dir='ltr'><strong>erant,</strong></span> <span class='ocrx_word' id='word_1_646' title='bbox 1027 5139 1083 5201; x_wconf 81' lang='lat' dir='ltr'><strong>ut</strong></span> <span class='ocrx_word' id='word_1_647' title='bbox 1105 5145 1169 5201; x_wconf 73' lang='lat' dir='ltr'><strong>ex</strong></span> <span class='ocrx_word' id='word_1_648' title='bbox 1200 5131 1299 5182; x_wconf 84' lang='lat' dir='ltr'><strong>hoc</strong></span> <span class='ocrx_word' id='word_1_649' title='bbox 1322 5132 1543 5198; x_wconf 77' lang='lat' dir='ltr'><strong>aliisque</strong></span> <span class='ocrx_word' id='word_1_650' title='bbox 1561 5131 1801 5201; x_wconf 81' lang='lat' dir='ltr'><strong>Gregorii</strong></span> <span class='ocrx_word' id='word_1_651' title='bbox 1834 5132 1964 5185; x_wconf 88' lang='lat' dir='ltr'><strong>locis</strong></span> 
     </span>
    </p>
   </div>
   <div class='ocr_carea' id='block_1_85' title="bbox 386 5195 1961 5264">
    <p class='ocr_par' dir='ltr' id='par_1_85' title="bbox 386 5195 1961 5264">
     <span class='ocr_line' id='line_1_85' title="bbox 386 5195 1961 5264; baseline 0.008 -22"><span class='ocrx_word' id='word_1_652' title='bbox 386 5206 550 5258; x_wconf 82' lang='lat' dir='ltr'><strong>patet.</strong></span> <span class='ocrx_word' id='word_1_653' title='bbox 582 5195 783 5250; x_wconf 78' lang='lat' dir='ltr'><strong>Eadem</strong></span> <span class='ocrx_word' id='word_1_654' title='bbox 815 5197 999 5251; x_wconf 86' lang='lat' dir='ltr'><strong>laudat.</strong></span> <span class='ocrx_word' id='word_1_655' title='bbox 1024 5199 1276 5253; x_wconf 88' lang='lat' dir='ltr'><strong>Sidonius</strong></span> <span class='ocrx_word' id='word_1_656' title='bbox 1316 5195 1485 5253; x_wconf 66' lang='lat' dir='ltr'><strong>carm.</strong></span> <span class='ocrx_word' id='word_1_657' title='bbox 1522 5201 1607 5264; x_wconf 77' lang='lat' dir='ltr'><strong>i7,</strong></span> <span class='ocrx_word' id='word_1_658' title='bbox 1656 5195 1961 5255; x_wconf 80' lang='lat' dir='ltr'><strong>Cassiodor.</strong></span> 
     </span>
    </p>
   </div>
   <div class='ocr_carea' id='block_1_86' title="bbox 383 5264 1965 5333">
    <p class='ocr_par' dir='ltr' id='par_1_86' title="bbox 383 5264 1965 5333">
     <span class='ocr_line' id='line_1_86' title="bbox 383 5264 1965 5333; baseline 0.006 -17"><span class='ocrx_word' id='word_1_659' title='bbox 383 5264 476 5333; x_wconf 80' lang='lat' dir='ltr'><strong>lib.</strong></span> <span class='ocrx_word' id='word_1_660' title='bbox 525 5281 623 5330; x_wconf 78' lang='grc' dir='ltr'>ιιι,</span> <span class='ocrx_word' id='word_1_661' title='bbox 677 5266 840 5333; x_wconf 86' lang='lat' dir='ltr'><strong>epist.</strong></span> <span class='ocrx_word' id='word_1_662' title='bbox 895 5267 985 5332; x_wconf 65' lang='lat'>1‘2,</span> <span class='ocrx_word' id='word_1_663' title='bbox 1015 5279 1069 5323; x_wconf 91' lang='lat' dir='ltr'><strong>et</strong></span> <span class='ocrx_word' id='word_1_664' title='bbox 1113 5270 1223 5323; x_wconf 88' lang='lat' dir='ltr'><strong>alii.</strong></span> <span class='ocrx_word' id='word_1_665' title='bbox 1266 5270 1356 5325; x_wconf 68' lang='lat' dir='ltr'><strong>Sic</strong></span> <span class='ocrx_word' id='word_1_666' title='bbox 1408 5270 1546 5323; x_wconf 91' lang='lat' dir='ltr'><strong>dicta</strong></span> <span class='ocrx_word' id='word_1_667' title='bbox 1599 5272 1761 5325; x_wconf 80' lang='lat' dir='ltr'><strong>fuisse</strong></span> <span class='ocrx_word' id='word_1_668' title='bbox 1810 5271 1965 5325; x_wconf 81' lang='lat' dir='ltr'><strong>docet</strong></span> 
     </span>
    </p>
   </div>
   <div class='ocr_carea' id='block_1_87' title="bbox 384 5332 1965 5406">
    <p class='ocr_par' dir='ltr' id='par_1_87' title="bbox 384 5332 1965 5406">
     <span class='ocr_line' id='line_1_87' title="bbox 384 5332 1965 5406; baseline 0.006 -20"><span class='ocrx_word' id='word_1_669' title='bbox 384 5332 623 5406; x_wconf 84' lang='lat' dir='ltr'><strong>Isidorus</strong></span> <span class='ocrx_word' id='word_1_670' title='bbox 676 5332 772 5388; x_wconf 83' lang='lat' dir='ltr'><strong>lib.</strong></span> <span class='ocrx_word' id='word_1_671' title='bbox 828 5352 997 5402; x_wconf 79' lang='lat' dir='ltr'><strong>mn,</strong></span> <span class='ocrx_word' id='word_1_672' title='bbox 1053 5341 1191 5406; x_wconf 92' lang='lat' dir='ltr'><strong>quod</strong></span> <span class='ocrx_word' id='word_1_673' title='bbox 1243 5357 1272 5392; x_wconf 92' lang='lat' dir='ltr'><strong>e</strong></span> <span class='ocrx_word' id='word_1_674' title='bbox 1323 5339 1460 5393; x_wconf 87' lang='lat' dir='ltr'><strong>Gaza</strong></span> <span class='ocrx_word' id='word_1_675' title='bbox 1509 5341 1790 5395; x_wconf 74' lang='lat' dir='ltr'><strong>Palestina:</strong></span> <span class='ocrx_word' id='word_1_676' title='bbox 1834 5342 1965 5395; x_wconf 88' lang='lat' dir='ltr'><strong>urbe</strong></span> 
     </span>
    </p>
   </div>
   <div class='ocr_carea' id='block_1_88' title="bbox 383 5405 1854 5477">
    <p class='ocr_par' dir='ltr' id='par_1_88' title="bbox 383 5405 1854 5477">
     <span class='ocr_line' id='line_1_88' title="bbox 383 5405 1854 5477; baseline 0.004 -20"><span class='ocrx_word' id='word_1_677' title='bbox 383 5405 801 5477; x_wconf 73' lang='lat' dir='ltr'><strong>adveherentur.</strong></span> <span class='ocrx_word' id='word_1_678' title='bbox 831 5407 965 5462; x_wconf 90' lang='lat' dir='ltr'><strong>Vide</strong></span> <span class='ocrx_word' id='word_1_679' title='bbox 988 5405 1081 5466; x_wconf 76' lang='lat' dir='ltr'><strong>lib.</strong></span> <span class='ocrx_word' id='word_1_680' title='bbox 1105 5409 1173 5464; x_wconf 89' lang='lat' dir='ltr'><strong>de</strong></span> <span class='ocrx_word' id='word_1_681' title='bbox 1205 5410 1383 5463; x_wconf 81' lang='lat' dir='ltr'><strong>Gloria</strong></span> <span class='ocrx_word' id='word_1_682' title='bbox 1413 5409 1731 5477; x_wconf 82' lang='lat' dir='ltr'><strong>Conf.,cap.</strong></span> <span class='ocrx_word' id='word_1_683' title='bbox 1764 5410 1854 5464; x_wconf 75' lang='lat'><strong>65.</strong></span> 
     </span>
    </p>
   </div>
   <div class='ocr_carea' id='block_1_89' title="bbox 461 5475 1967 5551">
    <p class='ocr_par' dir='ltr' id='par_1_89' title="bbox 461 5475 1967 5551">
     <span class='ocr_line' id='line_1_89' title="bbox 461 5475 1967 5551; baseline 0.003 -21"><span class='ocrx_word' id='word_1_684' title='bbox 461 5485 485 5512; x_wconf 70' lang='lat'><strong><em>‘</em></strong></span> <span class='ocrx_word' id='word_1_685' title='bbox 526 5475 680 5530; x_wconf 83' lang='lat' dir='ltr'><strong>Coll).</strong></span> <span class='ocrx_word' id='word_1_686' title='bbox 713 5492 764 5530; x_wconf 86' lang='lat' dir='ltr'><strong>a.</strong></span> <span class='ocrx_word' id='word_1_687' title='bbox 785 5479 878 5551; x_wconf 74' lang='lat' dir='ltr'><strong>ait.</strong></span> <span class='ocrx_word' id='word_1_688' title='bbox 898 5494 1092 5551; x_wconf 78' lang='lat' dir='ltr'><strong>_ma_nu,</strong></span> <span class='ocrx_word' id='word_1_689' title='bbox 1131 5481 1183 5531; x_wconf 79' lang='lat' dir='ltr'><strong>in</strong></span> <span class='ocrx_word' id='word_1_690' title='bbox 1226 5482 1373 5551; x_wconf 80' lang='lat' dir='ltr'><strong>cujus</strong></span> <span class='ocrx_word' id='word_1_691' title='bbox 1400 5475 1755 5535; x_wconf 29' lang='lat' dir='ltr'><strong>Putris—atrio.</strong></span> <span class='ocrx_word' id='word_1_692' title='bbox 1786 5480 1967 5534; x_wconf 83' lang='lat' dir='ltr'><strong>Abbas</strong></span> 
     </span>
    </p>
   </div>
   <div class='ocr_carea' id='block_1_90' title="bbox 377 5547 1963 5618">
    <p class='ocr_par' dir='ltr' id='par_1_90' title="bbox 377 5547 1963 5618">
     <span class='ocr_line' id='line_1_90' title="bbox 377 5547 1963 5618; baseline 0.003 -21"><span class='ocrx_word' id='word_1_693' title='bbox 377 5560 511 5599; x_wconf 76' lang='lat' dir='ltr'><strong>vero</strong></span> <span class='ocrx_word' id='word_1_694' title='bbox 526 5547 870 5618; x_wconf 77' lang='lat' dir='ltr'><strong>_monasterio</strong></span> <span class='ocrx_word' id='word_1_695' title='bbox 891 5548 951 5602; x_wconf 87' lang='lat' dir='ltr'><strong>S.</strong></span> <span class='ocrx_word' id='word_1_696' title='bbox 986 5549 1195 5603; x_wconf 84' lang='lat' dir='ltr'><strong>Martini</strong></span> <span class='ocrx_word' id='word_1_697' title='bbox 1233 5547 1357 5603; x_wconf 74' lang='lat' dir='ltr'><strong>tunc</strong></span> <span class='ocrx_word' id='word_1_698' title='bbox 1379 5553 1963 5618; x_wconf 65' lang='lat' dir='ltr'><strong>praeeratEustacitius,</strong></span> 
     </span>
    </p>
   </div>
   <div class='ocr_carea' id='block_1_91' title="bbox 370 5611 1965 5691">
    <p class='ocr_par' dir='ltr' id='par_1_91' title="bbox 370 5611 1965 5691">
     <span class='ocr_line' id='line_1_91' title="bbox 370 5611 1965 5691; baseline 0.005 -25"><span class='ocrx_word' id='word_1_699' title='bbox 370 5611 870 5691; x_wconf 46' lang='lat' dir='ltr'><strong>geumEustocltius,</strong></span> <span class='ocrx_word' id='word_1_700' title='bbox 902 5634 958 5671; x_wconf 88' lang='lat' dir='ltr'><strong>ut</strong></span> <span class='ocrx_word' id='word_1_701' title='bbox 988 5620 1251 5691; x_wconf 70' lang='lat' dir='ltr'><strong>observat</strong></span> <span class='ocrx_word' id='word_1_702' title='bbox 1286 5611 1549 5685; x_wconf 45' lang='lat' dir='ltr'><strong>Cui-titius,</strong></span> <span class='ocrx_word' id='word_1_703' title='bbox 1582 5624 1647 5675; x_wconf 88' lang='lat' dir='ltr'><strong>de</strong></span> <span class='ocrx_word' id='word_1_704' title='bbox 1676 5638 1781 5691; x_wconf 87' lang='lat' dir='ltr'><strong>quo</strong></span> <span class='ocrx_word' id='word_1_705' title='bbox 1830 5611 1965 5675; x_wconf 76' lang='lat' dir='ltr'><strong>infra</strong></span> 
     </span>
    </p>
   </div>
   <div class='ocr_carea' id='block_1_92' title="bbox 371 5684 1967 5754">
    <p class='ocr_par' dir='ltr' id='par_1_92' title="bbox 371 5684 1967 5754">
     <span class='ocr_line' id='line_1_92' title="bbox 371 5684 1967 5754; baseline 0.003 -16"><span class='ocrx_word' id='word_1_706' title='bbox 371 5686 437 5739; x_wconf 80' lang='lat' dir='ltr'><strong>in</strong></span> <span class='ocrx_word' id='word_1_707' title='bbox 482 5684 621 5739; x_wconf 69' lang='lat' dir='ltr'><strong>Vitis</strong></span> <span class='ocrx_word' id='word_1_708' title='bbox 652 5686 889 5752; x_wconf 80' lang='lat' dir='ltr'><strong>Patrum,</strong></span> <span class='ocrx_word' id='word_1_709' title='bbox 918 5702 1038 5754; x_wconf 89' lang='lat' dir='ltr'><strong>cap.</strong></span> <span class='ocrx_word' id='word_1_710' title='bbox 1073 5689 1165 5744; x_wconf 68' lang='grc' dir='ltr'><strong>2η.</strong></span> <span class='ocrx_word' id='word_1_711' title='bbox 1205 5690 1340 5744; x_wconf 84' lang='lat' dir='ltr'><strong>Male</strong></span> <span class='ocrx_word' id='word_1_712' title='bbox 1372 5691 1513 5746; x_wconf 88' lang='lat' dir='ltr'><strong>hunc</strong></span> <span class='ocrx_word' id='word_1_713' title='bbox 1540 5684 1717 5746; x_wconf 81' lang='lat' dir='ltr'><strong>locum</strong></span> <span class='ocrx_word' id='word_1_714' title='bbox 1746 5692 1812 5746; x_wconf 89' lang='lat' dir='ltr'><strong>de</strong></span> <span class='ocrx_word' id='word_1_715' title='bbox 1857 5694 1967 5746; x_wconf 68' lang='lat' dir='ltr'><strong>bla-</strong></span> 
     </span>
    </p>
   </div>
   <div class='ocr_carea' id='block_1_93' title="bbox 374 5755 1963 5829">
    <p class='ocr_par' dir='ltr' id='par_1_93' title="bbox 374 5755 1963 5829">
     <span class='ocr_line' id='line_1_93' title="bbox 374 5755 1963 5829; baseline 0.004 -21"><span class='ocrx_word' id='word_1_716' title='bbox 374 5755 488 5829; x_wconf 69' lang='lat' dir='ltr'><strong>jori</strong></span> <span class='ocrx_word' id='word_1_717' title='bbox 526 5755 861 5829; x_wconf 73' lang='lat' dir='ltr'><strong>Monasterio</strong></span> <span class='ocrx_word' id='word_1_718' title='bbox 893 5759 1141 5828; x_wconf 80' lang='lat' dir='ltr'><strong>intelligit</strong></span> <span class='ocrx_word' id='word_1_719' title='bbox 1188 5760 1461 5815; x_wconf 86' lang='lat' dir='ltr'><strong>Alteserra</strong></span> <span class='ocrx_word' id='word_1_720' title='bbox 1487 5802 1501 5825; x_wconf 90' lang='lat'><strong>,</strong></span> <span class='ocrx_word' id='word_1_721' title='bbox 1545 5764 1689 5829; x_wconf 86' lang='lat' dir='ltr'><strong>quod</strong></span> <span class='ocrx_word' id='word_1_722' title='bbox 1728 5778 1757 5814; x_wconf 88' lang='lat' dir='ltr'><strong>a</strong></span> <span class='ocrx_word' id='word_1_723' title='bbox 1797 5763 1963 5815; x_wconf 88' lang='lat' dir='ltr'><strong>sancti</strong></span> 
     </span>
    </p>
   </div>
   <div class='ocr_carea' id='block_1_94' title="bbox 373 5825 1973 5901">
    <p class='ocr_par' dir='ltr' id='par_1_94' title="bbox 373 5825 1973 5901">
     <span class='ocr_line' id='line_1_94' title="bbox 373 5825 1973 5901; baseline 0.002 -20"><span class='ocrx_word' id='word_1_724' title='bbox 373 5825 624 5895; x_wconf 68' lang='lat' dir='ltr'><strong>Martini,</strong></span> <span class='ocrx_word' id='word_1_725' title='bbox 675 5827 833 5884; x_wconf 86' lang='lat' dir='ltr'><strong>hodie</strong></span> <span class='ocrx_word' id='word_1_726' title='bbox 879 5825 1086 5900; x_wconf 77' lang='lat' dir='ltr'><strong>insigni</strong></span> <span class='ocrx_word' id='word_1_727' title='bbox 1118 5830 1431 5901; x_wconf 77' lang='lat' dir='ltr'><strong>collegiata,</strong></span> <span class='ocrx_word' id='word_1_728' title='bbox 1488 5825 1810 5887; x_wconf 68' lang='lat' dir='ltr'><strong>tuerinstetio</strong></span> <span class='ocrx_word' id='word_1_729' title='bbox 1864 5848 1973 5896; x_wconf 73' lang='lat' dir='ltr'><strong>nun</strong></span> 
     </span>
    </p>
   </div>
   <div class='ocr_carea' id='block_1_95' title="bbox 2054 3302 3633 3376">
    <p class='ocr_par' dir='ltr' id='par_1_95' title="bbox 2054 3302 3633 3376">
     <span class='ocr_line' id='line_1_95' title="bbox 2054 3302 3633 3376; baseline -0.002 -16"><span class='ocrx_word' id='word_1_730' title='bbox 2054 3307 2204 3376; x_wconf 85' lang='lat' dir='ltr'><strong>pueri</strong></span> <span class='ocrx_word' id='word_1_731' title='bbox 2235 3306 2470 3361; x_wconf 82' lang='lat' dir='ltr'><strong>Eberulli</strong></span> <span class='ocrx_word' id='word_1_732' title='bbox 2493 3318 2613 3359; x_wconf 90' lang='lat' dir='ltr'><strong>cum</strong></span> <span class='ocrx_word' id='word_1_733' title='bbox 2647 3303 2837 3371; x_wconf 81' lang='lat' dir='ltr'><strong>gladiis</strong></span> <span class='ocrx_word' id='word_1_734' title='bbox 2876 3318 2938 3355; x_wconf 89' lang='lat' dir='ltr'><strong>ac</strong></span> <span class='ocrx_word' id='word_1_735' title='bbox 2966 3302 3194 3356; x_wconf 88' lang='lat' dir='ltr'><strong>lanceis:</strong></span> <span class='ocrx_word' id='word_1_736' title='bbox 3225 3302 3633 3371; x_wconf 81' lang='lat' dir='ltr'><strong>obseratumque</strong></span> 
     </span>
    </p>
   </div>
   <div class='ocr_carea' id='block_1_96' title="bbox 2053 3392 3633 3471">
    <p class='ocr_par' dir='ltr' id='par_1_96' title="bbox 2053 3392 3633 3471">
     <span class='ocr_line' id='line_1_96' title="bbox 2053 3392 3633 3471; baseline -0.006 -14"><span class='ocrx_word' id='word_1_737' title='bbox 2053 3401 2379 3471; x_wconf 83' lang='lat' dir='ltr'><strong>reperientes</strong></span> <span class='ocrx_word' id='word_1_738' title='bbox 2416 3397 2641 3461; x_wconf 89' lang='lat' dir='ltr'><strong>ostium,</strong></span> <span class='ocrx_word' id='word_1_739' title='bbox 2688 3394 2928 3449; x_wconf 74' lang='lat' dir='ltr'><strong>effracds</strong></span> <span class='ocrx_word' id='word_1_740' title='bbox 2952 3394 3159 3449; x_wconf 76' lang='lat' dir='ltr'><strong>cellulae</strong></span> <span class='ocrx_word' id='word_1_741' title='bbox 3208 3394 3418 3457; x_wconf 86' lang='lat' dir='ltr'><strong>vitreis,</strong></span> <span class='ocrx_word' id='word_1_742' title='bbox 3455 3392 3633 3447; x_wconf 84' lang='lat' dir='ltr'><strong>hastas</strong></span> 
     </span>
    </p>
   </div>
   <div class='ocr_carea' id='block_1_97' title="bbox 2054 3485 3629 3561">
    <p class='ocr_par' dir='ltr' id='par_1_97' title="bbox 2054 3485 3629 3561">
     <span class='ocr_line' id='line_1_97' title="bbox 2054 3485 3629 3561; baseline -0.005 -16"><span class='ocrx_word' id='word_1_743' title='bbox 2054 3509 2148 3561; x_wconf 83' lang='lat' dir='ltr'><strong>per</strong></span> <span class='ocrx_word' id='word_1_744' title='bbox 2179 3489 2393 3561; x_wconf 84' lang='lat' dir='ltr'><strong>parietis</strong></span> <span class='ocrx_word' id='word_1_745' title='bbox 2416 3489 2680 3545; x_wconf 84' lang='lat' dir='ltr'><strong>fenestras</strong></span> <span class='ocrx_word' id='word_1_746' title='bbox 2710 3486 2977 3556; x_wconf 89' lang='lat' dir='ltr'><strong>injiciunt,</strong></span> <span class='ocrx_word' id='word_1_747' title='bbox 3006 3485 3518 3552; x_wconf 66' lang='lat' dir='ltr'><strong>Claudiumqucjant</strong></span> <span class='ocrx_word' id='word_1_748' title='bbox 3544 3502 3629 3538; x_wconf 86' lang='lat' dir='ltr'><strong>se-</strong></span> 
     </span>
    </p>
   </div>
   <div class='ocr_carea' id='block_1_98' title="bbox 2055 3580 3635 3650">
    <p class='ocr_par' dir='ltr' id='par_1_98' title="bbox 2055 3580 3635 3650">
     <span class='ocr_line' id='line_1_98' title="bbox 2055 3580 3635 3650; baseline -0.005 -9"><span class='ocrx_word' id='word_1_749' title='bbox 2055 3586 2307 3641; x_wconf 85' lang='lat' dir='ltr'><strong>mivivum</strong></span> <span class='ocrx_word' id='word_1_750' title='bbox 2354 3584 2461 3638; x_wconf 87' lang='lat' dir='ltr'><strong>ictu</strong></span> <span class='ocrx_word' id='word_1_751' title='bbox 2499 3581 2830 3650; x_wconf 82' lang='lat' dir='ltr'><strong>transligunt.</strong></span> <span class='ocrx_word' id='word_1_752' title='bbox 2874 3580 3138 3635; x_wconf 82' lang='lat' dir='ltr'><strong>Satellites</strong></span> <span class='ocrx_word' id='word_1_753' title='bbox 3162 3589 3338 3633; x_wconf 88' lang='lat' dir='ltr'><strong>autem</strong></span> <span class='ocrx_word' id='word_1_754' title='bbox 3375 3580 3489 3647; x_wconf 88' lang='lat' dir='ltr'><strong>ejus</strong></span> <span class='ocrx_word' id='word_1_755' title='bbox 3518 3590 3635 3647; x_wconf 86' lang='lat' dir='ltr'><strong>post</strong></span> 
     </span>
    </p>
   </div>
   <div class='ocr_carea' id='block_1_99' title="bbox 2052 3670 3635 3741">
    <p class='ocr_par' dir='ltr' id='par_1_99' title="bbox 2052 3670 3635 3741">
     <span class='ocr_line' id='line_1_99' title="bbox 2052 3670 3635 3741; baseline -0.006 -8"><span class='ocrx_word' id='word_1_756' title='bbox 2052 3679 2188 3733; x_wconf 85' lang='lat' dir='ltr'><strong>ostia</strong></span> <span class='ocrx_word' id='word_1_757' title='bbox 2199 3689 2247 3731; x_wconf 90' lang='lat' dir='ltr'><strong>et</strong></span> <span class='ocrx_word' id='word_1_758' title='bbox 2262 3676 2521 3731; x_wconf 87' lang='lat' dir='ltr'><strong>sublectis</strong></span> <span class='ocrx_word' id='word_1_759' title='bbox 2533 3672 3001 3727; x_wconf 77' lang='lat' dir='ltr'><strong>nbduntur.Abb:ts</strong></span> <span class='ocrx_word' id='word_1_760' title='bbox 3013 3671 3377 3741; x_wconf 85' lang='lat' dir='ltr'><strong>apprehensus</strong></span> <span class='ocrx_word' id='word_1_761' title='bbox 3388 3684 3418 3724; x_wconf 88' lang='lat' dir='ltr'><strong>a</strong></span> <span class='ocrx_word' id='word_1_762' title='bbox 3432 3670 3635 3724; x_wconf 84' lang='lat' dir='ltr'><strong>duobus</strong></span> 
     </span>
    </p>
   </div>
   <div class='ocr_carea' id='block_1_100' title="bbox 2054 3761 3637 3837">
    <p class='ocr_par' dir='ltr' id='par_1_100' title="bbox 2054 3761 3637 3837">
     <span class='ocr_line' id='line_1_100' title="bbox 2054 3761 3637 3837; baseline -0.007 -10"><span class='ocrx_word' id='word_1_763' title='bbox 2054 3771 2284 3835; x_wconf 86' lang='lat' dir='ltr'><strong>clericis,</strong></span> <span class='ocrx_word' id='word_1_764' title='bbox 2317 3770 2455 3823; x_wconf 88' lang='lat' dir='ltr'><strong>inter</strong></span> <span class='ocrx_word' id='word_1_765' title='bbox 2482 3768 2777 3837; x_wconf 71' lang='lat' dir='ltr'><strong>gladzorum</strong></span> <span class='ocrx_word' id='word_1_766' title='bbox 2806 3765 2947 3819; x_wconf 88' lang='lat' dir='ltr'><strong>acies</strong></span> <span class='ocrx_word' id='word_1_767' title='bbox 2972 3764 3059 3818; x_wconf 80' lang='lat' dir='ltr'><strong>vix</strong></span> <span class='ocrx_word' id='word_1_768' title='bbox 3089 3766 3238 3817; x_wconf 91' lang='lat' dir='ltr'><strong>vivus</strong></span> <span class='ocrx_word' id='word_1_769' title='bbox 3267 3761 3519 3831; x_wconf 86' lang='lat' dir='ltr'><strong>eripitur;</strong></span> <span class='ocrx_word' id='word_1_770' title='bbox 3553 3776 3637 3817; x_wconf 89' lang='lat' dir='ltr'><strong>re-</strong></span> 
     </span>
    </p>
   </div>
   <div class='ocr_carea' id='block_1_101' title="bbox 2054 3854 3637 3930">
    <p class='ocr_par' dir='ltr' id='par_1_101' title="bbox 2054 3854 3637 3930">
     <span class='ocr_line' id='line_1_101' title="bbox 2054 3854 3637 3930; baseline -0.006 -12"><span class='ocrx_word' id='word_1_771' title='bbox 2054 3864 2352 3930; x_wconf 85' lang='lat' dir='ltr'><strong>seratisque</strong></span> <span class='ocrx_word' id='word_1_772' title='bbox 2382 3860 2533 3915; x_wconf 87' lang='lat' dir='ltr'><strong>ostiis</strong></span> <span class='ocrx_word' id='word_1_773' title='bbox 2575 3861 2728 3913; x_wconf 90' lang='lat' dir='ltr'><strong>turba</strong></span> <span class='ocrx_word' id='word_1_774' title='bbox 2758 3858 3105 3927; x_wconf 84' lang='lat' dir='ltr'><strong>gladiatorum</strong></span> <span class='ocrx_word' id='word_1_775' title='bbox 3147 3855 3473 3926; x_wconf 72' lang='lat' dir='ltr'><strong>ingreditur.</strong></span> <span class='ocrx_word' id='word_1_776' title='bbox 3492 3854 3637 3908; x_wconf 70' lang='lat' dir='ltr'><strong>Nou~</strong></span> 
     </span>
    </p>
   </div>
   <div class='ocr_carea' id='block_1_102' title="bbox 2058 3946 3638 4018">
    <p class='ocr_par' dir='ltr' id='par_1_102' title="bbox 2058 3946 3638 4018">
     <span class='ocr_line' id='line_1_102' title="bbox 2058 3946 3638 4018; baseline -0.006 -7"><span class='ocrx_word' id='word_1_777' title='bbox 2058 3955 2187 4011; x_wconf 87' lang='lat' dir='ltr'><strong>nulli</strong></span> <span class='ocrx_word' id='word_1_778' title='bbox 2235 3956 2397 4009; x_wconf 83' lang='lat' dir='ltr'><strong>etiam</strong></span> <span class='ocrx_word' id='word_1_779' title='bbox 2448 3947 2978 4006; x_wconf 82' lang='lat' dir='ltr'><strong>matriculariurumd</strong></span> <span class='ocrx_word' id='word_1_780' title='bbox 3010 3959 3065 4003; x_wconf 89' lang='lat' dir='ltr'><strong>et</strong></span> <span class='ocrx_word' id='word_1_781' title='bbox 3106 3949 3433 4018; x_wconf 89' lang='lat' dir='ltr'><strong>reliquorum</strong></span> <span class='ocrx_word' id='word_1_782' title='bbox 3479 3946 3638 4017; x_wconf 82' lang='lat'><strong>355</strong></span> 
     </span>
    </p>
   </div>
   <div class='ocr_carea' id='block_1_103' title="bbox 2059 4041 3637 4118">
    <p class='ocr_par' dir='ltr' id='par_1_103' title="bbox 2059 4041 3637 4118">
     <span class='ocr_line' id='line_1_103' title="bbox 2059 4041 3637 4118; baseline -0.004 -18"><span class='ocrx_word' id='word_1_783' title='bbox 2059 4061 2373 4118; x_wconf 85' lang='lat' dir='ltr'><strong>pauperum,</strong></span> <span class='ocrx_word' id='word_1_784' title='bbox 2406 4062 2500 4113; x_wconf 92' lang='lat' dir='ltr'><strong>pro</strong></span> <span class='ocrx_word' id='word_1_785' title='bbox 2524 4045 2729 4098; x_wconf 61' lang='lat' dir='ltr'><strong>scelere</strong></span> <span class='ocrx_word' id='word_1_786' title='bbox 2757 4043 3045 4097; x_wconf 86' lang='lat' dir='ltr'><strong>commisso</strong></span> <span class='ocrx_word' id='word_1_787' title='bbox 3078 4049 3274 4095; x_wconf 90' lang='lat' dir='ltr'><strong>tectum</strong></span> <span class='ocrx_word' id='word_1_788' title='bbox 3313 4041 3523 4096; x_wconf 65' lang='lat' dir='ltr'><strong>cellulae</strong></span> <span class='ocrx_word' id='word_1_789' title='bbox 3550 4056 3637 4095; x_wconf 87' lang='lat' dir='ltr'><strong>co-</strong></span> 
     </span>
    </p>
   </div>
   <div class='ocr_carea' id='block_1_104' title="bbox 2059 4132 3639 4202">
    <p class='ocr_par' dir='ltr' id='par_1_104' title="bbox 2059 4132 3639 4202">
     <span class='ocr_line' id='line_1_104' title="bbox 2059 4132 3639 4202; baseline -0.006 -7"><span class='ocrx_word' id='word_1_790' title='bbox 2059 4150 2252 4195; x_wconf 73' lang='lat' dir='ltr'><strong>nantur</strong></span> <span class='ocrx_word' id='word_1_791' title='bbox 2275 4146 2540 4193; x_wconf 87' lang='lat' dir='ltr'><strong>evertere.</strong></span> <span class='ocrx_word' id='word_1_792' title='bbox 2571 4136 2674 4190; x_wconf 80' lang='lat' dir='ltr'><strong>Sed</strong></span> <span class='ocrx_word' id='word_1_793' title='bbox 2700 4148 2751 4189; x_wconf 88' lang='lat' dir='ltr'><strong>et</strong></span> <span class='ocrx_word' id='word_1_794' title='bbox 2785 4149 3133 4202; x_wconf 82' lang='lat' dir='ltr'><strong>energument</strong></span> <span class='ocrx_word' id='word_1_795' title='bbox 3164 4149 3227 4187; x_wconf 90' lang='lat' dir='ltr'><strong>ac</strong></span> <span class='ocrx_word' id='word_1_796' title='bbox 3258 4134 3456 4186; x_wconf 70' lang='lat' dir='ltr'><strong>diversi</strong></span> <span class='ocrx_word' id='word_1_797' title='bbox 3487 4132 3639 4202; x_wconf 84' lang='lat' dir='ltr'><strong>egeni</strong></span> 
     </span>
    </p>
   </div>
   <div class='ocr_carea' id='block_1_105' title="bbox 2057 4223 3641 4298">
    <p class='ocr_par' dir='ltr' id='par_1_105' title="bbox 2057 4223 3641 4298">
     <span class='ocr_line' id='line_1_105' title="bbox 2057 4223 3641 4298; baseline -0.006 -12"><span class='ocrx_word' id='word_1_798' title='bbox 2057 4247 2177 4287; x_wconf 87' lang='lat' dir='ltr'><strong>cum</strong></span> <span class='ocrx_word' id='word_1_799' title='bbox 2208 4229 2371 4298; x_wconf 91' lang='lat' dir='ltr'><strong>petris</strong></span> <span class='ocrx_word' id='word_1_800' title='bbox 2398 4236 2453 4282; x_wconf 91' lang='lat' dir='ltr'><strong>et</strong></span> <span class='ocrx_word' id='word_1_801' title='bbox 2481 4227 2709 4281; x_wconf 78' lang='lat' dir='ltr'><strong>fustibus</strong></span> <span class='ocrx_word' id='word_1_802' title='bbox 2746 4226 2812 4279; x_wconf 92' lang='lat' dir='ltr'><strong>ad</strong></span> <span class='ocrx_word' id='word_1_803' title='bbox 2845 4223 3205 4279; x_wconf 88' lang='lat' dir='ltr'><strong>ulciscendam</strong></span> <span class='ocrx_word' id='word_1_804' title='bbox 3244 4223 3479 4277; x_wconf 71' lang='lat' dir='ltr'><strong>basilica:</strong></span> <span class='ocrx_word' id='word_1_805' title='bbox 3518 4225 3641 4277; x_wconf 90' lang='lat' dir='ltr'><strong>vio-</strong></span> 
     </span>
    </p>
   </div>
   <div class='ocr_carea' id='block_1_106' title="bbox 2059 4313 3627 4387">
    <p class='ocr_par' dir='ltr' id='par_1_106' title="bbox 2059 4313 3627 4387">
     <span class='ocr_line' id='line_1_106' title="bbox 2059 4313 3627 4387; baseline -0.007 -10"><span class='ocrx_word' id='word_1_806' title='bbox 2059 4321 2276 4377; x_wconf 87' lang='lat' dir='ltr'><strong>lentiam</strong></span> <span class='ocrx_word' id='word_1_807' title='bbox 2324 4317 2766 4387; x_wconf 57' lang='lat' dir='ltr'><strong>proﬁciscuntur,</strong></span> <span class='ocrx_word' id='word_1_808' title='bbox 2810 4314 3025 4383; x_wconf 87' lang='lat' dir='ltr'><strong>indigne</strong></span> <span class='ocrx_word' id='word_1_809' title='bbox 3056 4313 3316 4376; x_wconf 82' lang='lat' dir='ltr'><strong>ferentes,</strong></span> <span class='ocrx_word' id='word_1_810' title='bbox 3359 4328 3455 4367; x_wconf 92' lang='lat' dir='ltr'><strong>cur</strong></span> <span class='ocrx_word' id='word_1_811' title='bbox 3486 4314 3627 4367; x_wconf 41' lang='lat' dir='ltr'><strong>talia.</strong></span> 
     </span>
    </p>
   </div>
   <div class='ocr_carea' id='block_1_107' title="bbox 2059 4404 3640 4483">
    <p class='ocr_par' dir='ltr' id='par_1_107' title="bbox 2059 4404 3640 4483">
     <span class='ocr_line' id='line_1_107' title="bbox 2059 4404 3640 4483; baseline -0.004 -17"><span class='ocrx_word' id='word_1_812' title='bbox 2059 4427 2181 4483; x_wconf 72' lang='lat' dir='ltr'><strong>quo:</strong></span> <span class='ocrx_word' id='word_1_813' title='bbox 2230 4423 2501 4477; x_wconf 85' lang='lat' dir='ltr'><strong>nunquam</strong></span> <span class='ocrx_word' id='word_1_814' title='bbox 2546 4406 2683 4461; x_wconf 79' lang='lat' dir='ltr'><strong>facta</strong></span> <span class='ocrx_word' id='word_1_815' title='bbox 2722 4404 2957 4472; x_wconf 79' lang='lat' dir='ltr'><strong>fuerant,</strong></span> <span class='ocrx_word' id='word_1_816' title='bbox 2992 4415 3176 4461; x_wconf 87' lang='lat' dir='ltr'><strong>essent</strong></span> <span class='ocrx_word' id='word_1_817' title='bbox 3226 4404 3422 4460; x_wconf 91' lang='lat' dir='ltr'><strong>ibidem</strong></span> <span class='ocrx_word' id='word_1_818' title='bbox 3453 4419 3640 4473; x_wconf 76' lang='lat' dir='ltr'><strong>perpe-</strong></span> 
     </span>
    </p>
   </div>
   <div class='ocr_carea' id='block_1_108' title="bbox 2061 4498 3641 4572">
    <p class='ocr_par' dir='ltr' id='par_1_108' title="bbox 2061 4498 3641 4572">
     <span class='ocr_line' id='line_1_108' title="bbox 2061 4498 3641 4572; baseline -0.005 -13"><span class='ocrx_word' id='word_1_819' title='bbox 2061 4514 2219 4560; x_wconf 88' lang='lat' dir='ltr'><strong>trata.</strong></span> <span class='ocrx_word' id='word_1_820' title='bbox 2248 4502 2383 4570; x_wconf 80' lang='lat' dir='ltr'><strong>Quid</strong></span> <span class='ocrx_word' id='word_1_821' title='bbox 2414 4501 2594 4572; x_wconf 85' lang='lat' dir='ltr'><strong>plura?</strong></span> <span class='ocrx_word' id='word_1_822' title='bbox 2623 4499 2987 4555; x_wconf 80' lang='lat' dir='ltr'><strong>Extrahuntur</strong></span> <span class='ocrx_word' id='word_1_823' title='bbox 3010 4498 3223 4571; x_wconf 84' lang='lat' dir='ltr'><strong>fugaces</strong></span> <span class='ocrx_word' id='word_1_824' title='bbox 3253 4514 3317 4555; x_wconf 85' lang='lat' dir='ltr'><strong>ex</strong></span> <span class='ocrx_word' id='word_1_825' title='bbox 3347 4499 3565 4567; x_wconf 84' lang='lat' dir='ltr'><strong>abditis,</strong></span> <span class='ocrx_word' id='word_1_826' title='bbox 3587 4509 3641 4554; x_wconf 87' lang='lat' dir='ltr'><strong>et</strong></span> 
     </span>
    </p>
   </div>
   <div class='ocr_carea' id='block_1_109' title="bbox 1989 4638 2369 4708">
    <p class='ocr_par' dir='ltr' id='par_1_109' title="bbox 1989 4638 2369 4708">
     <span class='ocr_line' id='line_1_109' title="bbox 1989 4638 2369 4708; baseline -0.013 -13"><span class='ocrx_word' id='word_1_827' title='bbox 1989 4643 2039 4703; x_wconf 83' lang='grc' dir='ltr'>ι)</span> <span class='ocrx_word' id='word_1_828' title='bbox 2066 4638 2369 4708; x_wconf 81' lang='lat' dir='ltr'><strong>distinguit.</strong></span> 
     </span>
    </p>
   </div>
   <div class='ocr_carea' id='block_1_110' title="bbox 2136 4707 3645 4777">
    <p class='ocr_par' dir='ltr' id='par_1_110' title="bbox 2136 4707 3645 4777">
     <span class='ocr_line' id='line_1_110' title="bbox 2136 4707 3645 4777; baseline -0.001 -14"><span class='ocrx_word' id='word_1_829' title='bbox 2136 4710 2161 4747; x_wconf 72' lang='grc' dir='ltr'>ά</span> <span class='ocrx_word' id='word_1_830' title='bbox 2209 4707 2549 4763; x_wconf 70' lang='grc' dir='ltr'><strong>ΜηιτὶοιιΙθτίἰ</strong></span> <span class='ocrx_word' id='word_1_831' title='bbox 2601 4707 2917 4761; x_wconf 84' lang='lat' dir='ltr'><strong>dicebantur</strong></span> <span class='ocrx_word' id='word_1_832' title='bbox 2962 4723 3225 4777; x_wconf 87' lang='lat' dir='ltr'><strong>pauperes</strong></span> <span class='ocrx_word' id='word_1_833' title='bbox 3266 4707 3355 4776; x_wconf 87' lang='lat' dir='ltr'><strong>qui</strong></span> <span class='ocrx_word' id='word_1_834' title='bbox 3404 4708 3645 4762; x_wconf 60' lang='lat' dir='ltr'><strong>ecclesia)</strong></span> 
     </span>
    </p>
   </div>
   <div class='ocr_carea' id='block_1_111' title="bbox 2065 4778 3645 4845">
    <p class='ocr_par' dir='ltr' id='par_1_111' title="bbox 2065 4778 3645 4845">
     <span class='ocr_line' id='line_1_111' title="bbox 2065 4778 3645 4845; baseline -0.001 -13"><span class='ocrx_word' id='word_1_835' title='bbox 2065 4780 2411 4833; x_wconf 79' lang='lat' dir='ltr'><strong>facultatibus</strong></span> <span class='ocrx_word' id='word_1_836' title='bbox 2437 4779 2738 4839; x_wconf 90' lang='lat' dir='ltr'><strong>alebantur,</strong></span> <span class='ocrx_word' id='word_1_837' title='bbox 2771 4778 2913 4845; x_wconf 90' lang='lat' dir='ltr'><strong>quod</strong></span> <span class='ocrx_word' id='word_1_838' title='bbox 2942 4778 2995 4832; x_wconf 91' lang='lat' dir='ltr'><strong>in</strong></span> <span class='ocrx_word' id='word_1_839' title='bbox 3047 4780 3290 4845; x_wconf 88' lang='lat' dir='ltr'><strong>catalogo</strong></span> <span class='ocrx_word' id='word_1_840' title='bbox 3320 4792 3414 4831; x_wconf 92' lang='lat' dir='ltr'><strong>seu</strong></span> <span class='ocrx_word' id='word_1_841' title='bbox 3456 4779 3645 4831; x_wconf 90' lang='lat' dir='ltr'><strong>matri-</strong></span> 
     </span>
    </p>
   </div>
   <div class='ocr_carea' id='block_1_112' title="bbox 2066 4847 3646 4915">
    <p class='ocr_par' dir='ltr' id='par_1_112' title="bbox 2066 4847 3646 4915">
     <span class='ocr_line' id='line_1_112' title="bbox 2066 4847 3646 4915; baseline -0.002 -10"><span class='ocrx_word' id='word_1_842' title='bbox 2066 4852 2185 4905; x_wconf 90' lang='lat' dir='ltr'><strong>cula</strong></span> <span class='ocrx_word' id='word_1_843' title='bbox 2230 4864 2415 4904; x_wconf 91' lang='lat' dir='ltr'><strong>eorum</strong></span> <span class='ocrx_word' id='word_1_844' title='bbox 2448 4848 2659 4903; x_wconf 89' lang='lat' dir='ltr'><strong>nomina</strong></span> <span class='ocrx_word' id='word_1_845' title='bbox 2708 4847 2979 4915; x_wconf 88' lang='lat' dir='ltr'><strong>descripta</strong></span> <span class='ocrx_word' id='word_1_846' title='bbox 3022 4857 3223 4911; x_wconf 88' lang='lat' dir='ltr'><strong>essent,</strong></span> <span class='ocrx_word' id='word_1_847' title='bbox 3259 4855 3313 4899; x_wconf 90' lang='lat' dir='ltr'><strong>ut</strong></span> <span class='ocrx_word' id='word_1_848' title='bbox 3350 4847 3534 4901; x_wconf 90' lang='lat' dir='ltr'><strong>videre</strong></span> <span class='ocrx_word' id='word_1_849' title='bbox 3562 4858 3646 4902; x_wconf 91' lang='lat' dir='ltr'><strong>est</strong></span> 
     </span>
    </p>
   </div>
   <div class='ocr_carea' id='block_1_113' title="bbox 2070 4916 3647 4986">
    <p class='ocr_par' dir='ltr' id='par_1_113' title="bbox 2070 4916 3647 4986">
     <span class='ocr_line' id='line_1_113' title="bbox 2070 4916 3647 4986; baseline -0.002 -12"><span class='ocrx_word' id='word_1_850' title='bbox 2070 4921 2207 4986; x_wconf 91' lang='lat' dir='ltr'><strong>apud</strong></span> <span class='ocrx_word' id='word_1_851' title='bbox 2249 4916 2613 4973; x_wconf 88' lang='lat' dir='ltr'><strong>Frodoardum</strong></span> <span class='ocrx_word' id='word_1_852' title='bbox 2649 4918 2741 4970; x_wconf 87' lang='lat' dir='ltr'><strong>lib.</strong></span> <span class='ocrx_word' id='word_1_853' title='bbox 2800 4933 2835 4971; x_wconf 83' lang='grc' dir='ltr'><strong>ιι</strong></span> <span class='ocrx_word' id='word_1_854' title='bbox 2873 4917 3008 4969; x_wconf 86' lang='lat' dir='ltr'><strong>llist.</strong></span> <span class='ocrx_word' id='word_1_855' title='bbox 3053 4916 3395 4979; x_wconf 79' lang='lat' dir='ltr'><strong>Rbemensis,</strong></span> <span class='ocrx_word' id='word_1_856' title='bbox 3426 4931 3546 4984; x_wconf 93' lang='lat' dir='ltr'><strong>cap.</strong></span> <span class='ocrx_word' id='word_1_857' title='bbox 3593 4918 3647 4979; x_wconf 82' lang='grc'><strong>5.</strong></span> 
     </span>
    </p>
   </div>
   <div class='ocr_carea' id='block_1_114' title="bbox 2070 4986 3649 5055">
    <p class='ocr_par' dir='ltr' id='par_1_114' title="bbox 2070 4986 3649 5055">
     <span class='ocr_line' id='line_1_114' title="bbox 2070 4986 3649 5055; baseline -0.002 -10"><span class='ocrx_word' id='word_1_858' title='bbox 2070 4992 2515 5052; x_wconf 84' lang='lat' dir='ltr'><strong>llincmar.,etc.</strong></span> <span class='ocrx_word' id='word_1_859' title='bbox 2565 4990 2641 5042; x_wconf 78' lang='lat' dir='ltr'><strong>Eo</strong></span> <span class='ocrx_word' id='word_1_860' title='bbox 2667 4988 2828 5040; x_wconf 87' lang='lat' dir='ltr'><strong>etiam</strong></span> <span class='ocrx_word' id='word_1_861' title='bbox 2880 4987 3098 5039; x_wconf 88' lang='lat' dir='ltr'><strong>nomine</strong></span> <span class='ocrx_word' id='word_1_862' title='bbox 3153 4986 3334 5038; x_wconf 83' lang='lat' dir='ltr'><strong>donati</strong></span> <span class='ocrx_word' id='word_1_863' title='bbox 3386 4996 3513 5040; x_wconf 90' lang='lat' dir='ltr'><strong>sunt</strong></span> <span class='ocrx_word' id='word_1_864' title='bbox 3556 4989 3649 5055; x_wconf 90' lang='lat' dir='ltr'><strong>qui</strong></span> 
     </span>
    </p>
   </div>
   <div class='ocr_carea' id='block_1_115' title="bbox 2070 5056 3645 5130">
    <p class='ocr_par' dir='ltr' id='par_1_115' title="bbox 2070 5056 3645 5130">
     <span class='ocr_line' id='line_1_115' title="bbox 2070 5056 3645 5130; baseline -0.003 -15"><span class='ocrx_word' id='word_1_865' title='bbox 2070 5059 2331 5130; x_wconf 83' lang='lat' dir='ltr'><strong>ejusmodi</strong></span> <span class='ocrx_word' id='word_1_866' title='bbox 2364 5074 2674 5127; x_wconf 86' lang='lat' dir='ltr'><strong>pauperum.</strong></span> <span class='ocrx_word' id='word_1_867' title='bbox 2708 5066 2767 5130; x_wconf 81' lang='lat' dir='ltr'><strong>et</strong></span> <span class='ocrx_word' id='word_1_868' title='bbox 2782 5057 2977 5130; x_wconf 86' lang='lat' dir='ltr'><strong>domus</strong></span> <span class='ocrx_word' id='word_1_869' title='bbox 3010 5058 3189 5121; x_wconf 87' lang='lat' dir='ltr'><strong>inqua</strong></span> <span class='ocrx_word' id='word_1_870' title='bbox 3218 5056 3645 5130; x_wconf 83' lang='lat' dir='ltr'><strong>hospitabantur,</strong></span> 
     </span>
    </p>
   </div>
   <div class='ocr_carea' id='block_1_116' title="bbox 2069 5126 3648 5201">
    <p class='ocr_par' dir='ltr' id='par_1_116' title="bbox 2069 5126 3648 5201">
     <span class='ocr_line' id='line_1_116' title="bbox 2069 5126 3648 5201; baseline 0 -19"><span class='ocrx_word' id='word_1_871' title='bbox 2069 5126 2188 5199; x_wconf 43' lang='lat' dir='ltr'><strong>q&#39;ute</strong></span> <span class='ocrx_word' id='word_1_872' title='bbox 2215 5126 2688 5201; x_wconf 13' lang='lat' dir='ltr'><strong>matricularctiam</strong></span> <span class='ocrx_word' id='word_1_873' title='bbox 2737 5127 3033 5201; x_wconf 51' lang='lat' dir='ltr'><strong>dicebat”,</strong></span> <span class='ocrx_word' id='word_1_874' title='bbox 3063 5142 3244 5180; x_wconf 82' lang='lat' dir='ltr'><strong>curam</strong></span> <span class='ocrx_word' id='word_1_875' title='bbox 3271 5126 3561 5201; x_wconf 67' lang='lat' dir='ltr'><strong>habebant,</strong></span> <span class='ocrx_word' id='word_1_876' title='bbox 3591 5136 3648 5182; x_wconf 87' lang='lat' dir='ltr'><strong>ut</strong></span> 
     </span>
    </p>
   </div>
   <div class='ocr_carea' id='block_1_117' title="bbox 2072 5196 3649 5269">
    <p class='ocr_par' dir='ltr' id='par_1_117' title="bbox 2072 5196 3649 5269">
     <span class='ocr_line' id='line_1_117' title="bbox 2072 5196 3649 5269; baseline -0.003 -16"><span class='ocrx_word' id='word_1_877' title='bbox 2072 5196 2291 5269; x_wconf 79' lang='lat' dir='ltr'><strong>patetex</strong></span> <span class='ocrx_word' id='word_1_878' title='bbox 2324 5198 2546 5269; x_wconf 77' lang='lat' dir='ltr'><strong>formula</strong></span> <span class='ocrx_word' id='word_1_879' title='bbox 2570 5199 2629 5269; x_wconf 74' lang='lat' dir='ltr'><strong>ii</strong></span> <span class='ocrx_word' id='word_1_880' title='bbox 2649 5212 2714 5249; x_wconf 82' lang='lat' dir='ltr'><strong>ex</strong></span> <span class='ocrx_word' id='word_1_881' title='bbox 2742 5198 2858 5265; x_wconf 85' lang='lat' dir='ltr'><strong>lege</strong></span> <span class='ocrx_word' id='word_1_882' title='bbox 2879 5196 3117 5269; x_wconf 75' lang='lat' dir='ltr'><strong>liotnana</strong></span> <span class='ocrx_word' id='word_1_883' title='bbox 3148 5197 3284 5260; x_wconf 85' lang='lat' dir='ltr'><strong>apud</strong></span> <span class='ocrx_word' id='word_1_884' title='bbox 3311 5196 3649 5269; x_wconf 78' lang='lat' dir='ltr'><strong>Bignonium,</strong></span> 
     </span>
    </p>
   </div>
   <div class='ocr_carea' id='block_1_118' title="bbox 2070 5268 3653 5338">
    <p class='ocr_par' dir='ltr' id='par_1_118' title="bbox 2070 5268 3653 5338">
     <span class='ocr_line' id='line_1_118' title="bbox 2070 5268 3653 5338; baseline -0.002 -14"><span class='ocrx_word' id='word_1_885' title='bbox 2070 5271 2221 5338; x_wconf 84' lang='lat' dir='ltr'><strong>cujus</strong></span> <span class='ocrx_word' id='word_1_886' title='bbox 2263 5269 2423 5322; x_wconf 90' lang='lat' dir='ltr'><strong>etiam</strong></span> <span class='ocrx_word' id='word_1_887' title='bbox 2481 5268 2541 5320; x_wconf 91' lang='lat' dir='ltr'><strong>V.</strong></span> <span class='ocrx_word' id='word_1_888' title='bbox 2574 5268 2679 5338; x_wconf 66' lang='grc' dir='ltr'><strong>(31.Δ</strong></span> <span class='ocrx_word' id='word_1_889' title='bbox 2717 5278 2861 5321; x_wconf 59' lang='lat' dir='ltr'><strong>nota:</strong></span> <span class='ocrx_word' id='word_1_890' title='bbox 2909 5268 2961 5321; x_wconf 90' lang='lat' dir='ltr'><strong>in</strong></span> <span class='ocrx_word' id='word_1_891' title='bbox 3009 5269 3149 5323; x_wconf 87' lang='lat' dir='ltr'><strong>hunc</strong></span> <span class='ocrx_word' id='word_1_892' title='bbox 3205 5270 3375 5321; x_wconf 88' lang='lat' dir='ltr'><strong>locum</strong></span> <span class='ocrx_word' id='word_1_893' title='bbox 3410 5268 3653 5338; x_wconf 67' lang='lat' dir='ltr'><strong>legendus</strong></span> 
     </span>
    </p>
   </div>
   <div class='ocr_carea' id='block_1_119' title="bbox 2073 5336 3648 5405">
    <p class='ocr_par' dir='ltr' id='par_1_119' title="bbox 2073 5336 3648 5405">
     <span class='ocr_line' id='line_1_119' title="bbox 2073 5336 3648 5405; baseline -0.003 -11"><span class='ocrx_word' id='word_1_894' title='bbox 2073 5336 2219 5395; x_wconf 81' lang='lat' dir='ltr'><strong>sunt.</strong></span> <span class='ocrx_word' id='word_1_895' title='bbox 2252 5340 2330 5392; x_wconf 82' lang='lat' dir='ltr'><strong>Ex</strong></span> <span class='ocrx_word' id='word_1_896' title='bbox 2367 5338 2466 5391; x_wconf 88' lang='lat' dir='ltr'><strong>hoc</strong></span> <span class='ocrx_word' id='word_1_897' title='bbox 2519 5336 2834 5405; x_wconf 87' lang='lat' dir='ltr'><strong>translatum</strong></span> <span class='ocrx_word' id='word_1_898' title='bbox 2862 5348 2946 5392; x_wconf 91' lang='lat' dir='ltr'><strong>est</strong></span> <span class='ocrx_word' id='word_1_899' title='bbox 2973 5342 3133 5392; x_wconf 88' lang='lat' dir='ltr'><strong>etiam</strong></span> <span class='ocrx_word' id='word_1_900' title='bbox 3166 5339 3302 5391; x_wconf 77' lang='lat' dir='ltr'><strong>istu-l</strong></span> <span class='ocrx_word' id='word_1_901' title='bbox 3358 5351 3549 5390; x_wconf 89' lang='lat' dir='ltr'><strong>nomen</strong></span> <span class='ocrx_word' id='word_1_902' title='bbox 3581 5336 3648 5405; x_wconf 82' lang='lat' dir='ltr'><strong>ad</strong></span> 
     </span>
    </p>
   </div>
   <div class='ocr_carea' id='block_1_120' title="bbox 2072 5402 3651 5476">
    <p class='ocr_par' dir='ltr' id='par_1_120' title="bbox 2072 5402 3651 5476">
     <span class='ocr_line' id='line_1_120' title="bbox 2072 5402 3651 5476; baseline -0.003 -12"><span class='ocrx_word' id='word_1_903' title='bbox 2072 5411 2307 5475; x_wconf 71' lang='lat' dir='ltr'><strong>eos,&#39;qui</strong></span> <span class='ocrx_word' id='word_1_904' title='bbox 2350 5408 2637 5476; x_wconf 87' lang='lat' dir='ltr'><strong>cujuslibet</strong></span> <span class='ocrx_word' id='word_1_905' title='bbox 2684 5402 2926 5463; x_wconf 72' lang='lat' dir='ltr'><strong>ecClesia:</strong></span> <span class='ocrx_word' id='word_1_906' title='bbox 2977 5423 3160 5463; x_wconf 88' lang='lat' dir='ltr'><strong>curam</strong></span> <span class='ocrx_word' id='word_1_907' title='bbox 3217 5409 3500 5476; x_wconf 78' lang='lat' dir='ltr'><strong>habebant,</strong></span> <span class='ocrx_word' id='word_1_908' title='bbox 3560 5402 3651 5473; x_wconf 81' lang='lat' dir='ltr'><strong>qui</strong></span> 
     </span>
    </p>
   </div>
   <div class='ocr_carea' id='block_1_121' title="bbox 2073 5473 3649 5541">
    <p class='ocr_par' dir='ltr' id='par_1_121' title="bbox 2073 5473 3649 5541">
     <span class='ocr_line' id='line_1_121' title="bbox 2073 5473 3649 5541; baseline -0.005 -5"><span class='ocrx_word' id='word_1_909' title='bbox 2073 5473 2322 5536; x_wconf 79' lang='lat' dir='ltr'><strong>custodes</strong></span> <span class='ocrx_word' id='word_1_910' title='bbox 2360 5473 2454 5532; x_wconf 78' lang='lat' dir='ltr'><strong>seu</strong></span> <span class='ocrx_word' id='word_1_911' title='bbox 2486 5478 2831 5532; x_wconf 89' lang='lat' dir='ltr'><strong>matricnlarii</strong></span> <span class='ocrx_word' id='word_1_912' title='bbox 2861 5480 3208 5532; x_wconf 82' lang='lat' dir='ltr'><strong>ecclesiarum</strong></span> <span class='ocrx_word' id='word_1_913' title='bbox 3246 5475 3371 5526; x_wconf 75' lang='lat' dir='ltr'><strong>dicti</strong></span> <span class='ocrx_word' id='word_1_914' title='bbox 3404 5473 3649 5541; x_wconf 77' lang='lat' dir='ltr'><strong>fuerunt;</strong></span> 
     </span>
    </p>
   </div>
   <div class='ocr_carea' id='block_1_122' title="bbox 2074 5544 3649 5619">
    <p class='ocr_par' dir='ltr' id='par_1_122' title="bbox 2074 5544 3649 5619">
     <span class='ocr_line' id='line_1_122' title="bbox 2074 5544 3649 5619; baseline -0.003 -13"><span class='ocrx_word' id='word_1_915' title='bbox 2074 5552 2214 5619; x_wconf 89' lang='lat' dir='ltr'><strong>quod</strong></span> <span class='ocrx_word' id='word_1_916' title='bbox 2245 5566 2437 5603; x_wconf 87' lang='lat' dir='ltr'><strong>nomen</strong></span> <span class='ocrx_word' id='word_1_917' title='bbox 2482 5553 2718 5604; x_wconf 87' lang='lat' dir='ltr'><strong>retinent</strong></span> <span class='ocrx_word' id='word_1_918' title='bbox 2760 5552 2919 5602; x_wconf 87' lang='lat' dir='ltr'><strong>etiam</strong></span> <span class='ocrx_word' id='word_1_919' title='bbox 2970 5565 3132 5611; x_wconf 87' lang='lat' dir='ltr'><strong>nunc,</strong></span> <span class='ocrx_word' id='word_1_920' title='bbox 3176 5548 3263 5619; x_wconf 74' lang='lat' dir='ltr'><strong>qui</strong></span> <span class='ocrx_word' id='word_1_921' title='bbox 3294 5544 3649 5619; x_wconf 67' lang='lat' dir='ltr'><strong>CCCIBSiarum</strong></span> 
     </span>
    </p>
   </div>
   <div class='ocr_carea' id='block_1_123' title="bbox 2073 5615 3651 5692">
    <p class='ocr_par' dir='ltr' id='par_1_123' title="bbox 2073 5615 3651 5692">
     <span class='ocr_line' id='line_1_123' title="bbox 2073 5615 3651 5692; baseline -0.003 -17"><span class='ocrx_word' id='word_1_922' title='bbox 2073 5615 2453 5692; x_wconf 77' lang='lat' dir='ltr'><strong>parocliialium</strong></span> <span class='ocrx_word' id='word_1_923' title='bbox 2481 5621 2616 5674; x_wconf 90' lang='lat' dir='ltr'><strong>bona</strong></span> <span class='ocrx_word' id='word_1_924' title='bbox 2637 5618 3201 5692; x_wconf 83' lang='lat' dir='ltr'><strong>administrant,_vulg_o</strong></span> <span class='ocrx_word' id='word_1_925' title='bbox 3216 5615 3286 5692; x_wconf 78' lang='lat' dir='ltr'><strong>l_e_s</strong></span> <span class='ocrx_word' id='word_1_926' title='bbox 3308 5616 3651 5692; x_wconf 55' lang='lat' dir='ltr'><strong>merguilliers</strong></span> 
     </span>
    </p>
   </div>
   <div class='ocr_carea' id='block_1_124' title="bbox 2072 5683 3648 5764">
    <p class='ocr_par' dir='ltr' id='par_1_124' title="bbox 2072 5683 3648 5764">
     <span class='ocr_line' id='line_1_124' title="bbox 2072 5683 3648 5764; baseline -0.005 -18"><span class='ocrx_word' id='word_1_927' title='bbox 2072 5683 2613 5764; x_wconf 10' lang='lat' dir='ltr'><strong>dicti.ilmm_o_etiam_</strong></span> <span class='ocrx_word' id='word_1_928' title='bbox 2655 5690 2912 5745; x_wconf 80' lang='lat' dir='ltr'><strong>Alcuinus</strong></span> <span class='ocrx_word' id='word_1_929' title='bbox 2942 5683 3177 5764; x_wconf 38' lang='lat' dir='ltr'><strong>se_bea&#39;_t.i</strong></span> <span class='ocrx_word' id='word_1_930' title='bbox 3207 5683 3437 5764; x_wconf 38' lang='lat' dir='ltr'><strong>&#39;Ma-tltilli</strong></span> <span class='ocrx_word' id='word_1_931' title='bbox 3465 5687 3648 5764; x_wconf 46' lang='lat' dir='ltr'><strong>matri:</strong></span> 
     </span>
    </p>
   </div>
   <div class='ocr_carea' id='block_1_125' title="bbox 2073 5753 3647 5829">
    <p class='ocr_par' dir='ltr' id='par_1_125' title="bbox 2073 5753 3647 5829">
     <span class='ocr_line' id='line_1_125' title="bbox 2073 5753 3647 5829; baseline -0.001 -15"><span class='ocrx_word' id='word_1_932' title='bbox 2073 5763 2354 5826; x_wconf 78' lang='lat' dir='ltr'><strong>Ctrlarium,</strong></span> <span class='ocrx_word' id='word_1_933' title='bbox 2387 5761 2436 5813; x_wconf 91' lang='lat' dir='ltr'><strong>id</strong></span> <span class='ocrx_word' id='word_1_934' title='bbox 2460 5771 2541 5814; x_wconf 87' lang='lat' dir='ltr'><strong>est</strong></span> <span class='ocrx_word' id='word_1_935' title='bbox 2571 5761 2862 5825; x_wconf 80' lang='lat' dir='ltr'><strong>alumnum,</strong></span> <span class='ocrx_word' id='word_1_936' title='bbox 2892 5760 3086 5829; x_wconf 84' lang='lat' dir='ltr'><strong>passim</strong></span> <span class='ocrx_word' id='word_1_937' title='bbox 3117 5754 3264 5811; x_wconf 90' lang='lat' dir='ltr'><strong>dicit.</strong></span> <span class='ocrx_word' id='word_1_938' title='bbox 3302 5753 3434 5811; x_wconf 85' lang='lat' dir='ltr'><strong>Vide</strong></span> <span class='ocrx_word' id='word_1_939' title='bbox 3459 5757 3647 5825; x_wconf 82' lang='lat' dir='ltr'><strong>Gangii</strong></span> 
     </span>
    </p>
   </div>
   <div class='ocr_carea' id='block_1_126' title="bbox 2077 5832 2427 5887">
    <p class='ocr_par' dir='ltr' id='par_1_126' title="bbox 2077 5832 2427 5887">
     <span class='ocr_line' id='line_1_126' title="bbox 2077 5832 2427 5887; baseline -0.011 -2"><span class='ocrx_word' id='word_1_940' title='bbox 2077 5832 2427 5887; x_wconf 79' lang='lat' dir='ltr'><strong>Glossarium.</strong></span> 
     </span>
    </p>
   </div>
  </div>
