3966 6348
402 401 469 463 ftis
1327 400 1387 463 s.
1431 406 1758 463 cnsconu
1800 372 2098 464 ariseort
2140 404 2567 469 runonsusts

3527 404 3632 465 £56

367 520 652 578 crudeliter
683 516 1033 583 trucidantur,
1062 515 1423 586 pavimentum
1448 516 1653 572 cellula:
1683 521 1808 571 tabo
1832 534 1941 571 Ina-
1972 519 2028 581 Α
2055 522 2286 578 maximo
2332 524 2581 591 flagraret
2625 512 2891 588 incendio,
2922 522 3038 580 haec
3067 518 3258 581 domus
3302 516 3631 579 circumdata

364 613 592 666 culatur.
626 608 914 679 Postquam
943 623 1073 664 vero
1096 611 1398 677 interempti
1420 618 1567 683 sunt,
1594 609 1944 664 extrahuntur

364 706 532 768 foras,
563 711 617 758 et
664 703 789 757 nudi
830 716 992 771 super
1022 704 1239 756 humum
1277 701 1520 773 frigidam
1551 704 1942 776 relinquuntur.

363 795 717 849 Pcrcussores
742 809 869 850 vero
899 803 1055 849 nocte
1096 795 1339 864 sequenti
1368 794 1718 864 apprehensis
1760 793 1946 865 spoliis

361 886 482 955 fuga
513 887 839 942 dilabuntur.
874 886 1058 941 Adfuit
1084 896 1262 955 autem
1304 888 1392 943 Dei
1432 887 1561 942 ultio
1597 888 1665 943 de
1696 891 1944 956 praesenti

360 994 523 1049 super
561 995 676 1048 eos,
708 980 795 1050 qui
828 980 1041 1035 beatum
1070 981 1264 1035 atrium
1298 983 1530 1035 humano
1556 984 1812 1052 sanguine
1833 985 1946 1051 pol-

360 1070 598 1127 luerunt.
626 1074 730 1127 Sed
770 1088 868 1128 nec
905 1074 1020 1142 ejus
1053 1072 1259 1128 facinus
1287 1089 1504 1142 parvum
1528 1089 1647 1129 esse
1673 1088 1943 1145 censetur,

361 1180 518 1233 quem
549 1166 671 1219 talia
698 1164 883 1219 beatus
904 1166 1133 1218 antistes
1156 1166 1389 1233 perferre
1415 1168 1673 1236 permisit.
1708 1169 1943 1238 Magnam

361 1272 425 1308 ex
473 1256 572 1309 hoc
608 1270 703 1309 rex
752 1254 1080 1309 iracundiam
1127 1254 1328 1317 habuit,
1361 1256 1454 1310 sed
1484 1265 1690 1326 cegnta
1737 1259 1945 1314 ratione

355 1350 581 1418 'quicvil.
602 1350 705 1403 Res
729 1359 903 1405 tamen
933 1348 1100 1418 ipsius
1127 1349 1374 1418 infelicis,
1404 1358 1510 1417 tam
1538 1352 1762 1407 mobiles
1784 1370 1940 1423 quam

361 1441 682 1509 immobiles,
714 1459 829 1514 quae
852 1447 899 1498 ei
922 1446 987 1497 de
1017 1447 1243 1513 pmpriis
1265 1446 1423 1501 rebus
1445 1447 1643 1503 relictm.
1670 1448 1875 1504 fuerant
1893 1461 1941 1518 η,

359 1536 470 1588 suis
500 1535 745 1589 fidelibus
763 1536 1104 1603 condonavit,
1136 1538 1223 1605 qui
1253 1553 1475 1594 uxorem
1502 1540 1621 1610 ejus
1643 1542 1793 1598 valde
1814 1558 1940 1612 spo-

360 1626 536 1679 liatam
587 1627 639 1680 iu
675 1639 857 1681 sancta
900 1623 1115 1683 basilica
1164 1630 1510 1699 reliquerunt.
1557 1632 1763 1702 Corpus
1813 1649 1942 1690 vero

354 1718 561 1773 Claudii
603 1728 657 1773 et
686 1720 1032 1788 reliquorum,
1080 1731 1329 1790 parentes
1366 1723 1593 1791 proximi
1636 1722 1939 1782 auferentes

353 1810 409 1864 in
436 1824 583 1865 suam
610 1810 904 1878 regionem,
930 1810 1275 1880 sepelierunt.

2049 612 2297 681 ﬂammis,
2328 615 2635 670 nullatenus
2672 624 2757 671 est
2782 618 2996 673 adusta.
3021 617 3126 672 ista
3155 632 3222 673 eo
3258 616 3496 681 dicente,
3523 624 3633 670 sta-

2052 703 2144 758 tim
2186 705 2503 762 Mummolus
2552 722 2713 762 cursu
2771 707 2961 777 rapido
3004 723 3125 764 cum
3178 709 3434 777 episeopo
3479 706 3632 760 Bert-

2048 796 2309 852 cbramno
2352 798 2418 852 ad
2470 800 2687 855 domum
2739 801 2860 870 Syri
2908 800 3484 869 acceditzvallatoque
3528 800 3627 852 ho-

2047 886 2216 952 mine,
2249 890 2468 957 pignora
2512 891 2617 946 sibi
2670 901 2855 946 sancta
2900 891 3154 960 praacepit
3202 888 3434 945 ostendi.
3462 887 3631 956 Negat

2048 976 2156 1033 ille.
2182 979 2384 1035 Tamen
2408 983 2677 1052 cogitans,
2706 982 2848 1053 quod
2878 998 2976 1052 pro
3002 982 3207 1037 malitia
3248 982 3426 1050 aliqua
3466 980 3515 1035 ei
3546 979 3631 1033 lue

2049 1083 2367 1139 pararentur
2415 1073 2646 1140 insidia),
2699 1075 2815 1128 ait:
2846 1073 2966 1128 Noli
3014 1072 3238 1142 fatigare
3275 1085 3483 1133 senem,
3527 1082 3629 1123 nec

2046 1175 2234 1220 sancto
2265 1165 2463 1220 inferre
2507 1166 2781 1235 injuriam,
2815 1165 2909 1221 sed
2951 1165 3186 1234 acceptis
3219 1178 3249 1217 a
3283 1178 3371 1217 me
3412 1169 3626 1216 centum

2045 1257 2226 1313 aureis
2267 1258 2518 1314 abst-ede.
2555 1258 2648 1312 lllo
2687 1272 2899 1327 quoque
2944 1256 3255 1319 insistente,
3305 1262 3365 1307 ut
3414 1260 3627 1305 sanctas

2045 1348 2253 1403 videret
2280 1350 2550 1418 reliquias,
2585 1349 2846 1404 ducentos
2872 1362 3066 1403 aureos
3094 1346 3313 1409 obtulit;
3344 1354 3516 1399 etnec
3546 1343 3627 1396 sic

2046 1443 2276 1497 obtinuit
2302 1459 2423 1498 eum
2454 1447 2730 1508 recedere,
2760 1443 2864 1498 nisi
2897 1444 3008 1511 ipsa
3038 1443 3258 1510 pignora
3289 1440 3622 1494 viderentur.

2047 1536 2197 1590 Tunc
2238 1538 2557 1591 Mummulus
2582 1537 2781 1591 elevari
2829 1538 2893 1591 ad
2938 1537 3194 1604 parietem
3227 1536 3425 1591 scalam
3475 1534 3626 1599 jubet

2046 1631 2225 1701 (erant
2252 1632 2396 1687 enim
2429 1636 2481 1688 in
2512 1634 2724 1688 sublimi
2774 1633 2993 1702 parietis
3038 1640 3225 1687 contra
3276 1631 3524 1685 altarium
3569 1628 3622 1683 in

2046 1724 2263 1793 capsula
2297 1724 2608 1797 reconditm)
2630 1769 2643 1790 ,
2677 1725 2961 1778 diaconum
3003 1736 3161 1777 suum
3206 1719 3464 1776 scandere
3486 1733 3623 1789 prm-

2045 1816 2209 1883 cepit.
2242 1817 2344 1881 Qui
2374 1832 2466 1884 per
2488 1816 2684 1887 gradus
2714 1815 2979 1871 scandens
3010 1814 3188 1880 scalm,
3217 1810 3622 1883 apprehendens

428 1902 595 1956 XXX.
634 1903 801 1972 igitur
850 1901 1229 1960 Gundovaldus
1269 1904 1403 1961 duos
1448 1901 1512 1960 a'd
1557 1908 1763 1965 amicos
1809 1926 1937 1968 suos
1974 1883 2017 1944 Β
2044 1925 2285 1979 capsam,
2312 1883 2384 1964 ita
2427 1883 2660 1965 tremore
2711 1922 3006 1965 concussus
3058 1917 3161 1972 est,
3207 1918 3264 1974 ut
3310 1920 3411 1961 nec
3440 1905 3623 1959 vivens

350 1994 555 2065 legatos
583 1995 801 2064 direxit,
835 1995 1062 2052 clericos
1095 1997 1317 2068 utique:
1344 2014 1410 2053 ex
1441 2000 1636 2067 quibus
1662 2018 1801 2060 unus
1836 2006 1933 2060 ab-

353 2091 447 2142 bas
472 2087 787 2151 Cadurcinae
811 2089 979 2157 urbis,
1009 2089 1219 2145 litteras
1242 2106 1374 2161 quas
1413 2106 1716 2165 acceperat,
1748 2109 1934 2156 cavata

344 2181 554 2236 codicis
576 2181 757 2236 tabula
808 2181 909 2237 sub
936 2197 1057 2238 cera
1086 2184 1406 2239 recondidit.
1434 2186 1537 2242 Sed
1568 2192 1934 2259 apprehensus

350 2272 419 2325 ab
449 2272 763 2328 hominibus
796 2276 935 2344 regis
983 2274 1397 2345 Guntcliramni,
1450 2281 1679 2347 repertis
1718 2283 1930 2352 litteris,

345 2370 404 2423 in
430 2370 573 2440 regis
595 2371 937 2439 praesentiam
961 2382 1043 2428 est
1065 2374 1328 2431 deductus
1361 2391 1377 2431 :
1408 2377 1496 2448 qui
1526 2392 1701 2437 caesus
1730 2398 1933 2453 gravrs-

345 2460 508 2520 'sime.
534 2462 585 2515 in
616 2463 913 2518 custodiam
942 2476 1019 2520 εει
1054 2474 1314 2523 retrusus.

422 2551 613 2608 XXXI.
649 2555 779 2610 Erat
808 2563 933 2612 tunc
968 2559 1229 2628 temporis
1263 2560 1642 2620 Gundovaldus
1691 2563 1743 2620 in
1801 2567 1933 2626 urbe

346 2634 729 2714 Burdegalensi
756 2662 784 2700 a
812 2648 1199 2705 Bertchramno
1216 2651 1471 2722 cpiscorio
1499 2654 1656 2712 valde
1681 2657 1927 2716 dilectus.

345 2735 624 2806 lnquirens
662 2745 1014 2807 autemqute
1064 2739 1112 2794 ei
1158 2736 1336 2796 causa:
1389 2743 1636 2799 Solatium
1689 2749 1932 2816 prmbere

344 2838 585 2893 possent,
622 2828 861 2882 narravit
900 2830 1140 2899 quidam,
1181 2832 1321 2901 quod
1351 2833 1539 2905 aliquis
1586 2836 1641 2891 in
1688 2840 1932 2909 partibus

343 2921 581 2973 Orientis
614 2937 728 2986 rex,
760 2923 938 2977 ablato
965 2925 1133 2978 sancti
1163 2925 1333 2995 Sergii
1366 2925 1392 2965 1³
1435 2932 1685 3001 martyris
1712 2934 1926 3004 pollice,

348 3010 402 3064 in
428 3010 618 3064 dextro
647 3012 867 3066 brachio
906 3016 1153 3083 corporis
1179 3017 1260 3070 sui
1293 3019 1568 3074 seruissel.
1602 3022 1841 3095 Cumque
1880 3028 1931 3083 ci

347 3101 641 3155 necessitas
673 3104 737 3156 ad
780 3104 1154 3173 depellendum
1202 3108 1450 3168 inimicos
1495 3116 1823 3187 obvenisset,
1876 3121 1928 3178 in

346 3193 450 3247 hoc
477 3193 640 3267 356
670 3198 903 3253 confisus
933 3201 1152 3265 auxilio,
1184 3204 1271 3257 ubi
1300 3205 1472 3261 dextri
1505 3208 1685 3264 lacerti
1717 3214 1923 3269 erexis-

2041 2009 2318 2071 putaretur
2346 2001 2412 2057 ad
2462 2010 2657 2058 terrain
2703 2001 2922 2057 reverti.
2973 2001 3225 2055 Attamen
3273 2006 3512 2069 accepta,
3567 2008 3621 2051 ut

2038 2092 2295 2158 diximus,
2324 2091 2568 2163 capsula,
2590 2107 2709 2163 qua:
2739 2091 2806 2149 de
2852 2090 3058 2163 pariete
3088 2090 3377 2160 pendebat,
3409 2088 3618 2145 detulit.

2038 2187 2151 2254 Qua
2176 2192 2533 2255 perscrutata,
2568 2184 2892 2241 Mummolus
2911 2197 2973 2239 os
2995 2183 3064 2239 de
3088 2182 3259 2238 sancti
3278 2181 3443 2253 digito
3470 2196 3620 2250 repe-
3703 2214 3707 2216 ν

2039 2280 2131 2346 rit,
2155 2278 2297 2349 quod
2324 2279 2497 2334 cultro
2525 2276 2693 2335 ferire
2711 2292 2817 2334 non
2841 2276 3050 2332 metuit.
3067 2275 3251 2331 Posito
3278 2277 3421 2332 enim
3449 2274 3619 2331 desu~

2036 2385 2132 2441 per
2172 2371 2372 2440 cultro,
2399 2380 2453 2427 et
2489 2371 2569 2427 sic
2594 2370 2662 2425 de
2705 2371 2809 2426 alio
2840 2366 3189 2441 percutiebat.
3220 2370 3461 2438 Cumque
3498 2377 3618 2437 post

2033 2461 2195 2540 357
2228 2467 2425 2521 multos
2451 2465 2589 2521 ictus
2616 2464 2702 2520 vix
2751 2464 2919 2533 frangi
2972 2463 3252 2533 potuisset,
3282 2460 3514 2517 divisum
3562 2461 3616 2515 iu

2037 2569 2148 2613 tres
2188 2567 2365 2628 partes
2417 2557 2705 2612 ossiculum
2738 2555 2979 2611 diversas
3030 2554 3086 2609 in
3130 2561 3311 2624 partes
3339 2552 3615 2610 dilabitur.

2033 2652 2212 2707 Credo
2243 2667 2349 2706 non
2379 2659 2495 2706 erat
2524 2657 2801 2718 acceptum
2830 2647 3078 2720 martyri,
3113 2656 3171 2703 ut
3200 2647 3314 2703 haec
3360 2647 3449 2703 ille
3488 2662 3618 2703 con-

2036 2742 2289 2813 tingeret.
2320 2743 2470 2797 Tune
2501 2740 2663 2796 flente
2680 2740 3054 2796 vehementius
3082 2736 3356 2805 Eufronio,
3388 2750 3617 2808 proster.

2035 2845 2237 2889 nuntur
2266 2847 2454 2890 omnes
2497 2833 2549 2887 in
2606 2831 2925 2896 orationem,
2976 2831 3324 2899 deprecantes
3362 2839 3420 2884 ut
3476 2831 3616 2885 Deus

2034 2925 2343 2995 dignaretur
2373 2922 2680 2989 ostendere,
2706 2938 2825 2992 quae
2850 2921 2918 2977 ab
2938 2921 3108 2975 oculis
3138 2921 3348 2975 fuerant
3368 2919 3616 2974 humanis

2034 3015 2232 3069 ablata.
2267 3013 2397 3069 Post
2426 3011 2727 3066 orationem
2767 3018 2944 3065 autem
3002 3018 3235 3079 repertae
3278 3016 3405 3064 sunt
3452 3010 3625 3078 parti.

2031 3106 2189 3169 enim,
2222 3120 2285 3157 ex
2315 3103 2509 3171 quibus
2534 3117 2637 3159 una
2666 3101 2987 3156 Mummolus
3016 3110 3310 3170 assumpta,
3330 3099 3614 3165 abscessit,

2032 3197 2128 3251 sed
2161 3211 2290 3265 non,
2319 3205 2380 3249 ut
2424 3193 2608 3259 credo,
2653 3208 2774 3249 eum
2823 3193 2992 3263 gratia
3048 3193 3316 3263 martyris,
3366 3191 3507 3246 sicut
3557 3192 3611 3245 iu

346 3294 430 3339 ευι
460 3262 663 3351 uiuam,
697 3291 941 3357 protinus
979 3262 1262 3349 multitudo
1310 3262 1927 3371 ιιοειῑιιητςέιιιεςξ-ξιξῷ.
1953 3262 1999 3327 C
2030 3262 2283 3357 sequenti
2317 3286 2645 3341 declaratum
2698 3294 2805 3340 est.
2832 3262 2986 3338 iDum
3022 3262 3203 3337 autem
3245 3284 3298 3337 iu
3336 3282 3438 3337 liae
3481 3281 3614 3338 urbe

342 3380 478 3448 tyris
502 3395 757 3449 oppressa
787 3383 1003 3448 virtute,
1040 3385 1315 3440 labebatur
1344 3388 1394 3442 in
1446 3380 1797 3460 fugam-llaec
1827 3411 1922 3452 au-

345 3472 496 3526 diens
520 3472 919 3538 Gundolvadus,
946 3477 1216 3544 inquirere
1239 3460 1541 3546 diligentius
1565 3487 1746 3553 erepit,
1774 3491 1922 3558 quis-

344 3578 469 3617 nam
524 3574 669 3620 esset
728 3566 780 3618 in
824 3582 889 3620 eo
934 3568 1072 3633 loco,
1120 3572 1206 3637 qui
1246 3572 1497 3640 reliquias
1550 3578 1720 3631 sancti
1755 3579 1923 3649 Sergii

340 3658 596 3726 martyris
640 3659 925 3711 meruisset
982 3661 1243 3727 accipere.
1304 3662 1511 3717 Interea
1568 3670 1806 3735 proditus
1859 3675 1926 3729 ab

338 3747 598 3816 episcopo
629 3749 1009 3805 Bertehramno
1048 3750 1336 3808 Eufronius
1366 3755 1471 3827 [ΑΙ.
1505 3757 1724 3831 Eufronl
1766 3778 1926 3831 uego-

345 3837 507 3891 tiator
534 3853 628 3906 per
657 3838 991 3893 inimicitiam
1019 3882 1033 3908 ,
1077 3844 1198 3911 quia
1233 3844 1454 3900 invitum
1487 3849 1773 3917 aliquando
1802 3870 1922 3909 eum

344 3930 675 3995 tetenderat,
702 3931 915 3986 inhians
939 3933 1175 3987 facultati
1209 3937 1325 4006 ejus
1360 3950 1403 3991 ε.
1435 3940 1587 4003 Quod
1626 3942 1715 3998 ille
1761 3946 1924 4017 diSpi-

344 4022 518 4088 ciens,
552 4024 615 4076 ad
647 4024 805 4077 aliam
840 4025 1023 4078 urbem
1074 4029 1362 4095 transiens,
1396 4034 1615 4088 caesarie
1644 4048 1924 4096 crescente

335 4116 664 4184 regreditur.
698 4117 782 4171 Ait
808 4133 940 4191 ergo
968 4120 1246 4189 episcopus
1276 4140 1290 4176 :
1338 4125 1429 4179 Est
1471 4126 1556 4181 ltie
1580 4129 1792 4199 quidam
1822 4132 1924 4204 Sy.

335 4219 452 4268 rus,
488 4206 775 4261 Eufronius
805 4210 1019 4285 nomine
1039 4251 1055 4276 ,
1098 4212 1185 4280 qui
1217 4212 1283 4266 de
1311 4213 1471 4269 domo
1511 4232 1601 4271 sua
1634 4220 1918 4278 ecclesiam

342 4300 563 4365 faciens,
596 4302 754 4370 hujus
782 4303 950 4358 sancti
984 4305 1236 4376 reliquias
1264 4308 1576 4377 collocavit;
1610 4320 1666 4367 et
1694 4314 1920 4383 plurima

340 4408 403 4445 ex
441 4392 521 4444 liis
564 4393 735 4461 signa,
768 4395 965 4449 virtute
993 4397 1244 4466 martyris
1273 4399 1586 4467 epitulante,
1621 4406 1918 4475 conspexit.
1949 4413 1958 4422 '

339 4482 470 4539 Nam
528 4500 649 4539 cum
694 4503 937 4557 tempore
983 4490 1213 4559 quodam
1262 4492 1670 4565 Burdegalensis
1728 4482 1920 4555 civitas

583 4663 732 4746 C-lii.
790 4682 842 4721 a.
891 4666 985 4746 ait.
1039 4681 1218 4746 manu.
1276 4671 1672 4746 Creterivero,
1712 4678 1850 4746 quod
1890 4696 1921 4733 a

339 4738 418 4816 pri
442 4737 587 4787 ribus
614 4736 853 4816 reficiunt
880 4738 1069 4816 fuerat.
1100 4740 1255 4804 Bad.,
1284 4752 1332 4816 et
1370 4745 1616 4813 quidquid
1644 4736 1675 4798 ἁ
1721 4736 1911 4816 ῂνὶονὶρ

338 4813 451 4881 ius,
478 4806 779 4881 εἰῇ-ΕΤΕΙ).
808 4806 1056 4878 ειΙῂᾳιιοά
1080 4827 1111 4863 α
1134 4814 1341 4881 praprio
1362 4806 1785 4879 r'elms'relicluiu,
1808 4829 1913 4873 etC.

339 4876 480 4954 idem
513 4878 665 4954 (Iulli.
698 4878 792 4931 alt.
824 4876 985 4938 manu
1011 4876 1169 4948 infra,
1204 4876 1412 4937 uxorem
1440 4887 1550 4954 ejus
1582 4876 1813 4940 omnibus
1840 4904 1918 4942 Μ-
1948 4916 1953 4919 ~

334 4948 426 5017 bus
457 4946 750 5017 spoliatam.

397 5016 433 5095 ,ιι
456 5017 695 5096 Celebris
718 5019 884 5075 fuitin
910 5021 1130 5079 Oriente
1151 5022 1209 5079 S.
1230 5024 1470 5093 Sergius,
1502 5026 1589 5095 qui
1616 5025 1717 5079 sub
1744 5025 1914 5081 Maxi-

337 5100 516 5165 miano
544 5095 865 5165 imperatore
887 5095 1140 5165 martyrio
1154 5103 1556 5151 consummatus
1579 5095 1775 5150 dicitur
1790 5114 1909 5154 cum

335 5156 567 5236 llaeclio,
600 5157 737 5223 apud
769 5156 1072 5236 Rosapbaiu
1103 5166 1441 5235 Comagen’s,
1472 5181 1565 5223 seu
1608 5166 1906 5234 Euphrate-

334 5229 428 5308 sim
466 5229 733 5308 Augustae.
766 5229 949 5308 urbem
973 5274 1015 5308 ,__
1036 5250 1152 5302 qun
1182 5249 1245 5308 ea
1270 5229 1438 5308 'ejus'
1459 5239 1675 5293 nomine
1694 5229 1703 5234 ’
1722 5249 1903 5307 postea

324 5292 667 5377 Scrgiopoli:
683 5297 820 5351 dicta
843 5310 951 5377 est;
974 5292 1120 5358 Hane
1159 5292 1346 5360 urbem
1378 5306 1572 5361 frustra
1601 5292 1907 5377 expugnare

327 5365 573 5443 inpiavii
608 5365 877 5443 Chosroes
918 5370 1201 5428 Persarum
1244 5390 1369 5439 rex,
1398 5365 1702 5431 Justiniano
1732 5365 1905 5443 impe-

326 5442 506 5514 rante.
537 5440 794 5514 Eumdem
823 5449 1110 5514 martyrem
1133 5446 1293 5514 veluti
1317 5446 1599 5514 specialem
1626 5440 1905 5513 patron—um

338 5510 514 5584 natum
546 5510 828 5584 ACIIOSI‘OBS
858 5510 1017 5577 alter,
1046 5514 1147 5568 sub
1174 5510 1406 5569 Mauricii
1458 5510 1776 5584 principatu,
1805 5534 1903 5573 cu~

328 5578 417 5655 jus
450 5581 719 5636 basilicam
748 5596 907 5655 cruce
932 5598 1117 5652 aurea,
1150 5584 1418 5654 variisque
1434 5578 1591 5655 donis
1614 5578 1905 5655 locupleta-

328 5650 431 5713 't‘it,
461 5659 519 5727 ut
544 5662 762 5727 pag-ant
792 5653 1047 5727 Evagrius
1079 5650 1175 5727 lib.
1201 5670 1275 5719 tv,
1308 5650 1427 5726 c'ap.
1456 5652 1551 5727 28,
1602 5665 1657 5713 et
1689 5650 1778 5714 lib.
1808 5674 1859 5711 vt
1884 5700 1901 5727 ,

323 5734 455 5799 (an.
500 5722 590 5799 ﬁll;
622 5722 1388 5799 TheophylactusSimocatta'
1411 5726 1513 5799 lib.
1538 5722 1611 5791 vv,
1643 5722 1899 5799 capalﬁi

325 5782 687 5856 :Nircultorus,
716 5782 821 5848 etc.
846 5782 998 5850 'Vide
1042 5797 1326 5850 Baronium
1358 5798 1424 5851 ad
1470 5814 1560 5854 an.
1601 5782 1727 5855 i555:
1768 5782 1900 5854 Hine

325 5854 505 5927 δαείη
540 5854 730 5916 nomen
764 5865 899 5934 apud
931 5865 1259 5923 Christianos
1291 5869 1491 5937 pariter
1539 5879 1588 5926 et
1633 5869 1896 5926 barbarus

1945 4630 2000 4696 Β

2027 3388 2398 3443 morarentur,
2468 3376 2815 3431 Faustianum
2865 3373 2893 3411 ά
2950 3375 3324 3447 presbyterum
3372 3374 3610 3443 Aquensi

2029 3472 2148 3527 urbi
2178 3473 2489 3541 episcopum
2516 3469 2755 3525 ordinari
2789 3466 3126 3537 praecipiunt.
3180 3466 3359 3536 Nuper
3383 3466 3528 3521 enim
3559 3467 3611 3520 in

2030 3565 2264 3635 Aquensi
2291 3562 2421 3618 urbe
2471 3562 2755 3630 episcopus
2799 3560 3028 3625 obierat,
3062 3568 3117 3614 et
3147 3558 3381 3613 Nicetius
3427 3571 3613 3613 comes

2028 3657 2130 3711 ioci
2164 3656 2322 3722 illius,
2356 3668 2645 3724 germanus
2673 3651 2875 3707 Rustici
2910 3650 3023 3705 Vici
3059 3648 3315 3705 Julieusis
3341 3649 3607 3719 episcopi,

2029 3744 2447 3816 praeceptimiem
2490 3743 2558 3797 ab
2588 3742 2890 3810 Chilperico
2918 3740 3195 3807 elicuerat,
3218 3746 3277 3794 ut
3306 3747 3613 3795 tonsoratus

2027 3838 2234 3892 civitati
2290 3836 2365 3891 illi
2423 3835 2679 3891 sacerdos
2741 3834 2983 3889 daretur.
3041 3832 3149 3889 Sed
3223 3830 3612 3889 Gundovaldus

2026 3932 2308 3986 destruere
2334 3929 2519 3985 nitens
2550 3928 2667 3999 ejus
2697 3928 2937 3995 decreta,
2969 3927 3279 3983 convocatis
3307 3926 3611 3997 Episcopis,

2022 4023 2184 4093 jussit
2203 4039 2323 4077 eum
2356 4021 2619 4077 benedici.
2648 4020 3065 4101 Bertchramnus
3092 4030 3271 4082 autem
3298 4020 3607 4088 episcopus,

2026 4117 2117 4187 qui
2145 4124 2262 4172 erat
2289 4116 2623 4185 metropolis,
2655 4129 2851 4170 cavens
2885 4114 3085 4177 futura,
3134 4111 3427 4168 Palladium
3470 4111 3610 4166 San-

2027 4208 2262 4263 tonicum
2291 4207 2518 4278 injungit
2547 4206 2639 4277 qui
2664 4222 2785 4262 eum
2829 4205 3191 4261 benediceret.
3220 4204 3352 4259 Nam
3381 4213 3440 4258 et
3465 4204 3607 4258 oculi

2024 4310 2074 4365 ei
2102 4326 2168 4365 eo
2190 4319 2432 4380 tempore
2461 4324 2489 4363 a
2518 4309 2832 4380 lippitudine
2860 4309 3243 4378 gravabantur.
3274 4308 3394 4363 Fuit
3421 4315 3601 4362 autem

2025 4412 2090 4465 ad
2126 4413 2261 4466 hanc
2289 4411 2679 4466 ordinationem
2710 4419 2765 4465 et
2790 4409 3012 4465 Orestes
3060 4407 3367 4465 \‘asatcnsis
3397 4394 3625 4489 episco?

2025 4529 2124 4586 pus
2158 4532 2172 4569 :
2203 4513 2296 4570 sed
2322 4512 2542 4585 negavit
2566 4512 2666 4567 hoc
2693 4527 2872 4568 coram
2905 4527 3049 4583 rege.

2028 4687 2240 4741 celebre
2290 4687 2451 4742 fuisse
2478 4696 2644 4756 patet.
2675 4687 3007 4743 Justinianus
3035 4704 3193 4743 unam
3236 4689 3284 4745 ei
3326 4689 3604 4745 basilicam

2026 4758 2222 4830 dicavit
2252 4758 2356 4811 CP.
2390 4760 2612 4830 alteram
2666 4759 2993 4830 Ptolemaide
3022 4775 3087 4813 ex
3123 4759 3404 4830 Procopio.
3440 4761 3605 4816 Pere-

2024 4829 2352 4893 grinationes
2376 4829 2440 4881 ad
2464 4828 2522 4884 S.
2557 4830 2800 4892 Sergium
2831 4829 2881 4882 iu
2932 4832 3175 4893 Araplias
3203 4828 3309 4884 seu
3331 4831 3602 4897 Saraphas

2024 4898 2382 4952 Ιςιιιι1.ιηιιιι·ἱιι
2411 4899 2618 4968 synodo
2645 4899 2857 4953 Nieama
2884 4916 2940 4966 n,
2972 4915 3034 4953 ex
3062 4899 3267 4954 Joanne
3298 4902 3516 4955 Moscho
3548 4903 3601 4955 in

2026 4968 2185 5041 Prato
2213 4971 2387 5036 spirit.
2420 4984 2539 5041 cap.
2577 4968 2697 5023 180.
2725 4969 2855 5023 Vide
2882 4981 2936 5024 et
2966 4969 3111 5025 iufra‘
3144 4983 3386 5026 nostrum
3436 4970 3601 5041 Greg.

2021 5039 2088 5093 de
2120 5038 2265 5092 Glor.
2297 5041 2447 5092 Mart.
2484 5039 2573 5094 ιιι).
2602 5054 2646 5095 t.
2680 5054 2796 5107 cap.
2831 5041 2921 5094 97.

2096 5120 2117 5146 ο
2170 5110 2326 5162 Forte
2375 5109 2513 5178 quod
2563 5119 2685 5163 tunc
2725 5110 2962 5178 episcopi
3008 5110 3357 5175 clericorum,
3408 5109 3600 5165 saltem

2019 5179 2412 5250 defunctorum,
2463 5183 2596 5232 bona
2629 5180 2729 5250 sibi
2774 5189 3133 5250 arrugarent:
3178 5182 3318 5250 quod
3374 5182 3599 5237 vetitum

2014 5262 2196 5318 postea
2223 5248 2320 5301 fuit
2351 5264 2438 5301 an.
2470 5250 2597 5314 lilii,
2620 5249 2677 5302 iu
2710 5248 2921 5304 Coueil.
2957 5252 3128 5306 Paris.
3161 5248 3352 5314 v,can.
3382 5253 3433 5304 8.

2080 5319 2107 5356 ‘1
2147 5320 2297 5372 Colb.
2328 5334 2377 5373 a.
2408 5331 2459 5373 et
2488 5319 2701 5388 Regm.,
2738 5318 3150 5377 Faustinianum.
3182 5321 3379 5375 Civitas
3420 5329 3600 5378 mrtem

2012 5389 2277 5462 Aquensis
2299 5388 2384 5462 hic
2406 5398 2720 5462 memorata,
2745 5390 2875 5462 a'ias
2896 5391 3061 5460 Aqua:
3082 5391 3413 5454 Tarbellicus,
3432 5392 3595 5462 vulgo

2013 5459 2166 5530 Acus,
2198 5472 2290 5514 seu
2326 5459 2459 5523 Dux,
2484 5468 2538 5513 et
2566 5459 2725 5514 Vicus
2749 5459 2896 5525 Julii,
2920 5459 3014 5516 seu
3043 5463 3242 5525 Adura,
3271 5464 3430 5530 vulgo
3453 5459 3598 5525 Aire,
3662 5484 3675 5489 -

2012 5529 2516 5601 Novemnopulanéae
2547 5530 2724 5601 urbes,
2760 5530 2907 5584 fuere
2945 5546 3154 5597 semper
3179 5533 3277 5586 sub
3308 5529 3599 5601 metropoli

2008 5599 2245 5654 Elusana
2275 5614 2389 5654 sive
2428 5600 2705 5654 Ausciensi
2730 5641 2744 5666 ,
2784 5601 2924 5655 sicut
2960 5612 3012 5656 et
3045 5603 3256 5656 Vasate.
3296 5599 3599 5655 Earum—ta-

2011 5684 2132 5723 men
2162 5672 2428 5739 episcOpi,
2464 5666 2783 5737 perturbatis
2815 5682 2940 5724 tunc
2972 5672 3165 5736 rebus,
3222 5672 3599 5741 Burdigalensi

2009 5743 2284 5812 episwpo,
2312 5742 2400 5808 qui
2425 5742 2613 5795 vicina:
2657 5742 2963 5809 provincia,
2997 5741 3047 5795 id
3079 5752 3162 5796 est
3187 5743 3495 5812 Aquitaniae
3520 5742 3597 5811 ll,

2007 5811 2450 5880 increpelitauus
2489 5820 2634 5878 erat,
2670 5826 2856 5881 parcre
2884 5813 3227 5883 eogebntur.
