3966 6348
252 408 355 463 457

1178 407 1492 466 HISTORIA
1536 408 1976 465 FRANCORUSI.
2019 406 2215 463 LIBER
2259 406 2621 465 SEPTIMUS.

3428 414 3543 468 458'

328 520 543 578 XXXII.
589 520 833 575 Posthaec
878 518 1021 575 misit
1062 517 1253 576 iterum
1282 523 1664 578 Gundovaldus
1702 524 1838 576 duos
1867 525 1913 583 Α
1945 521 2043 575 hac
2072 535 2231 575 causa
2282 524 2601 590 putabantur
2638 537 2758 577 esse
2802 525 3110 593 partit-ipes.
3144 524 3390 580 Posthtec
3436 542 3534 582 rex

250 617 495 685 legatos,
528 613 827 678 Zotannni,
876 626 1082 667 necnon
1129 621 1182 695 e_t
1210 613 1518 681 Zabnll'um,
1563 615 1627 667 ad
1668 629 1844 683 regem

251 725 375 764 cum
405 707 570 776 virgis
601 707 929 762 consecratis
961 715 1011 771 ⁸,
1040 706 1187 775 juxta
1220 707 1377 761 ritum
1412 707 1756 772 Francorum,
1792 715 1848 762 ttt

252 798 477 864 scilicet,
508 814 616 854 non
638 799 1079 866 contingerentur
1107 796 1174 851 ab
1206 797 1331 857 ullo.
1361 798 1453 851 sed
1495 802 1733 865 exposita
1772 796 1847 852 le-

252 902 472 969 gatione
502 912 624 953 cum
652 909 913 963 responso
951 901 1370 949 reverterentur.
1404 893 1510 949 Sed
1544 893 1595 946 hi
1625 893 1842 958 incauti,

256 991 567 1060 priusquam
607 987 745 1058 regis
777 984 1115 1056 praesentiam
1160 993 1479 1051 cernerent,
1525 985 1704 1040 multis
1728 1000 1845 1055 qum

254 1081 510 1150 petebant
537 1077 978 1147 cxplanaverunt.
1009 1076 1289 1145 Extemplo
1310 1091 1489 1130 sermo
1517 1076 1753 1130 cucurrit
1779 1075 1843 1130 ad

257 1188 476 1244 regem;
506 1171 686 1239 itaque
717 1169 879 1224 vmcti
909 1168 1114 1223 catenis
1141 1169 1192 1223 in
1220 1168 1358 1237 regis
1389 1168 1725 1237 praesentiam
1752 1167 1845 1222 de-

252 1262 542 1317 ducuntur.
568 1259 717 1315 Tune
742 1258 815 1313 illi
843 1260 967 1330 quid
994 1267 1318 1327 quaererent,
1350 1256 1415 1311 ad
1447 1272 1605 1327 quem
1631 1256 1841 1322 directi,

252 1353 393 1410 vela
422 1366 526 1422 quo
554 1350 749 1406 fuerint
782 1350 927 1405 missi
952 1364 1148 1420 negare
1173 1364 1276 1404 non
1301 1348 1434 1412 ausi,
1467 1350 1619 1403 aiunt
1653 1364 1667 1402 :
1698 1346 1844 1403 Gun-

254 1444 538 1509 dovaldus,
564 1441 655 1511 qui
674 1457 843 1511 nuper
866 1442 932 1496 ab
952 1440 1168 1496 Oriente
1187 1441 1431 1509 veniens,
1452 1440 1578 1495 dicit
1597 1455 1655 1495 se
1678 1440 1841 1494 ﬁlium

253 1555 373 1594 esse
404 1536 571 1608 patris
601 1537 761 1591 vestri
806 1535 948 1603 regis
970 1530 1409 1599 Chlothacharii,
1462 1532 1605 1588 misit
1642 1548 1740 1588 nos
1787 1543 1843 1589 ut

252 1631 417 1701 358
443 1628 675 1682 debitam
709 1628 1007 1695 portionem
1034 1626 1183 1695 regni
1228 1626 1308 1680 sui
1346 1626 1565 1694 recipiat
1596 1642 1610 1679 :
1641 1625 1719 1679 sin
1751 1642 1843 1679 au-

254 1732 358 1774 tem
382 1737 410 1774 a
442 1719 591 1775 vobis
618 1733 723 1772 non
748 1715 1008 1783 redditur,
1032 1715 1286 1772 novet-itis
1312 1732 1433 1771 enm
1461 1717 1514 1771 in
1541 1717 1634 1770 has
1660 1726 1840 1785 partes

251 1830 371 1867 cum
402 1812 648 1868 exercitu
676 1824 797 1865 esse
826 1818 1132 1864 venturum.
1180 1808 1379 1862 Omnes
1409 1808 1551 1863 enim
1584 1807 1685 1863 viri
1730 1809 1837 1862 lor-

1951 612 2383 668 Cuntchramnus
2406 615 2528 668 data
2558 615 2609 669 in
2641 628 2800 669 manu
2831 617 2970 686 regis
2996 616 3322 673 Childeberti
3353 617 3530 683 hasta,

1947 702 2021 757 ait
2044 719 2058 756 :
2085 703 2194 758 Hoc
2222 715 2307 759 est
2334 705 2587 759 indicium
2611 706 2750 774 quod
2783 707 2877 763 tibi
2918 722 3077 764 omne
3102 723 3324 779 regnum
3352 724 3530 766 meum

1949 794 2139 850 tradidi
2181 794 2233 851 ά.
2291 797 2371 850 Ex
2416 797 2516 851 hoc
2555 811 2696 852 nunc
2736 800 2902 863 \atle,
2947 809 3001 854 et
3051 814 3241 855 omnes
3289 801 3533 857 civitates

1949 901 2114 951 meas,
2145 897 2393 958 tanquam
2424 898 2540 941 tuas
2569 890 2831 960 proprias,
2873 893 2973 946 sub
3003 890 3078 944 tui
3118 891 3255 960 juris
3282 891 3531 947 domina-

1948 980 2148 1035 tionem
2177 981 2403 1051 snbjire.
2437 982 2574 1035 Nihil
2607 983 2771 1049 enim,
2810 984 3123 1038 facientibus
3152 984 3315 1055 359
3344 999 3532 1053 pecca-

1948 1069 2035 1137 tis,
2065 1070 2134 1126 de
2172 1075 2338 1140 st'rpe
2369 1088 2483 1128 mea
2538 1075 2811 1140 remansit,
2862 1075 2962 1130 nisi
3013 1084 3066 1129 tu
3100 1084 3305 1130 tantum
3340 1085 3399 1143 ⁸,
3438 1076 3531 1145 qui

1946 1163 2049 1215 mei
2078 1161 2260 1217 fratris
2290 1178 2349 1217 es
2390 1164 2546 1217 Iilius.
2588 1166 2664 1218 'I‘u
2710 1166 2852 1220 enim
2884 1166 3057 1222 haeres
3098 1168 3149 1222 in
3180 1168 3328 1231 omni
3368 1184 3533 1238 regno

1946 1267 2066 1307 meo
2095 1254 2352 1320 succede,
2405 1258 2615 1311 caeteris
2642 1258 3012 1314 exhtercdibus
3055 1260 3227 1316 iactis.
3266 1261 3417 1319 Tunc
3447 1276 3534 1317 re-

1945 1348 2085 1403 lictis
2115 1350 2382 1416 omnibus,
2410 1361 2684 1423 assumpto
2710 1366 2950 1407 seorsum
2983 1369 3169 1421 puero,
3212 1355 3347 1410 clam
3382 1356 3531 1410 locu-

1943 1448 2030 1497 tus
2066 1454 2182 1511 est,
2226 1445 2371 1513 prius
2399 1445 2675 1502 obtestans
2728 1447 3165 1517 diligentissime,
3216 1464 3286 1505 ne
3323 1458 3531 1504 secreta

1942 1534 2231 1591 collocutio
2273 1535 2364 1590 ulli
2397 1536 2668 1591 hominum
2702 1537 3047 1607 panderetur.
3079 1537 3229 1593 Tunc
3273 1538 3531 1594 indicavit

1942 1625 1993 1680 ei
2041 1640 2175 1694 quos
2215 1626 2266 1680 in
2314 1627 2541 1680 consilio
2581 1627 2841 1696 haberet,
2878 1637 2969 1682 aut
2996 1638 3276 1697 sperneret
3304 1643 3334 1681 a
3363 1628 3530 1683 collo-

1942 1715 2097 1785 quio;
2128 1716 2322 1785 quibus
2343 1731 2401 1771 se
2430 1718 2696 1783 crederet,
2728 1733 2865 1788 quos
2891 1719 3113 1786 vitaret,
3141 1734 3275 1789 quos
3298 1719 3529 1774 honora-

1942 1816 2025 1862 ret
2051 1810 2399 1877 muneribus,
2450 1827 2583 1881 qttos
2612 1812 2678 1867 ab
2706 1812 2913 1868 honore
2955 1810 3270 1881 depelleret.
3321 1814 3525 1869 Interea

253 1905 445 1960 tissimi
479 1902 711 1973 regionis
735 1902 1053 1969 illinshqute
1082 1900 1220 1955 ultra
1259 1900 1615 1954 Doronon'am
1645 1900 1743 1953 sita
1770 1897 1837 1954 ad
1866 1885 1911 1945 Β
1941 1898 2285 1966 interdicens,
2320 1910 2378 1956 ut
2411 1902 2651 1971 Egidiutn
2686 1904 2994 1974 episcopum
3028 1904 3406 1971 Rhemensem,
3437 1906 3526 1975 qui

250 1997 454 2051 Callias
497 1994 749 2061 pertinet,
781 1992 830 2047 ei
861 1991 1129 2062 conjuncti
1161 2000 1316 2056 sunt;
1350 2000 1403 2046 et
1432 1991 1502 2045 ita
1551 1988 1669 2044 iniit
1700 2006 1713 2043 :
1744 1988 1837 2044 Ju-

250 2083 449 2139 dICabit
473 2092 597 2138 tunc
621 2084 779 2146 Deus,
808 2095 928 2134 cum
956 2081 1007 2135 in
1034 2081 1190 2134 unius
1211 2080 1382 2147 campi
1406 2080 1626 2148 planitie
1645 2078 1837 2147 junxe-

250 2175 443 2241 rimus,
476 2182 651 2227 utrum
677 2171 777 2225 sint
809 2170 1206 2225 Chlothacharii
1235 2168 1393 2233 filius,
1433 2184 1498 2223 an
1528 2184 1657 2225 non.
1685 2169 1836 2224 Tunc

248 2282 344 2322 rex
378 2266 562 2321 furore
589 2278 878 2320 succensus
905 2262 1066 2333 jussit
1109 2277 1203 2318 eos
1229 2264 1294 2317 ad
1326 2263 1592 2318 trocltleas
1622 2264 1834 2320 extendi

248 2366 304 2414 et
328 2357 623 2411 fortissime
650 2356 821 2424 caedi,
868 2367 925 2409 ut
950 2354 995 2409 si
1035 2369 1162 2409 vera
1208 2364 1388 2409 essent
1411 2369 1529 2423 quae
1568 2354 1831 2423 dicerent,

248 2449 551 2505 evidentius
578 2447 971 2516 approbarent;
996 2453 1050 2501 et
1073 2446 1118 2501 si
1147 2445 1345 2516 aliquid
1371 2446 1475 2500 doli
1501 2446 1675 2502 adhuc
1695 2447 1834 2501 intra

252 2554 532 2612 pectorum
559 2556 750 2594 arcana
784 2540 1096 2600 retinerent,
1126 2540 1205 2592 vis
1237 2547 1623 2593 tormentorum
1658 2548 1835 2594 extor—

246 2645 437 2706 queret
460 2634 660 2689 invitis.
695 2632 896 2687 Deinde
926 2632 1347 2687 increseentibos
1375 2632 1663 2701 suppliciis.
1688 2633 1836 2688 aiunt

248 2737 461 2796 neptem
493 2726 632 2780 illius
654 2766 669 2791 ,
717 2724 766 2779 id
799 2733 879 2779 est
912 2726 1050 2793 regis
1087 2724 1371 2791 Chilperiei
1421 2727 1580 2779 tiliam
1609 2723 1671 2789 ι’,
1712 2741 1831 2780 eum

246 2816 519 2887 Magnulfo
548 2817 935 2871 Tolosanornm
982 2815 1232 2884 episcopo
1278 2814 1468 2870 exsilio
1500 2816 1830 2882 deputatam,

246 2911 530 2964 thesauros
575 2922 762 2961 omnes
802 2906 869 2958 ab
918 2907 1033 2975 ipso
1081 2904 1429 2959 Gundovaldo
1478 2906 1717 2961 sublatos
1767 2917 1830 2973 c;

144 3048 153 3057 ,
245 2998 416 3067 ipsum
465 3012 678 3067 quoque
724 3010 899 3064 regem
958 2993 1027 3049 ab
1070 2994 1322 3049 omnibus
1373 2993 1665 3064 majoribus
1703 3007 1832 3053 natu

245 3089 573 3146 Childeberti
629 3086 768 3157 regis
824 3087 1116 3155 expetitum
1167 3098 1289 3141 esse
1328 3099 1343 3138 :
1383 3085 1477 3140 sed
1536 3088 1829 3155 prtcsertim

246 3198 364 3238 cum
392 3181 829 3238 Guntchratnnus
864 3180 1000 3233 Boso
1027 3186 1150 3233 ante
1182 3177 1281 3232 hos
1310 3192 1480 3233 annos
1523 3176 1832 3236 Constanti-

249 3275 480 3342 nopolim
512 3273 762 3334 abiisset,
809 3271 1089 3341 ipsumque
1116 3269 1167 3325 in
1198 3268 1397 3325 Gallias
1424 3270 1719 3328 invitasset.

318 3362 560 3419 XXXIII.
600 3362 802 3430 Quibus
830 3363 1021 3428 caesis,
1062 3371 1115 3417 et
1145 3363 1196 3415 in
1243 3376 1517 3417 carcerem
1566 3364 1820 3428 retrusis,

248 3472 341 3512 rex
373 3456 623 3512 arcessiri
667 3442 913 3519 nepotem
942 3468 1096 3506 suum
1125 3450 1521 3507 Childebertum
1544 3452 1695 3522 jubet
1714 3494 1728 3514 .
1775 3462 1833 3508 ut

248 3548 453 3603 scilicet
497 3545 766 3615 conjuncti
817 3543 1013 3613 pariter
1061 3543 1303 3598 Immines
1353 3545 1483 3598 istos
1521 3542 1707 3598 audire
1736 3543 1832 3599 de-

248 3636 456 3691 berent.
488 3635 729 3702 Denique
756 3650 875 3688 cum
918 3634 1075 3687 simul
1122 3632 1393 3702 conjuncti
1425 3634 1571 3688 viros
1598 3634 1831 3689 interro-

248 3736 458 3795 garent,
490 3727 818 3778 iteraverunt
853 3738 913 3779 ea
942 3720 1155 3792 regibus
1185 3725 1340 3777 simttl
1371 3724 1689 3793 astantibus,
1715 3740 1830 3795 qua:

248 3823 393 3887 prius
420 3816 569 3870 solus
615 3832 708 3871 rex
751 3815 1181 3869 Guntchramnus
1228 3815 1449 3870 audivit.
1498 3818 1829 3871 Asserebant

251 3910 403 3963 etiam
435 3918 743 3962 constanter
772 3908 909 3961 hanc
934 3921 1171 3972 causam,
1205 3909 1342 3960 sicut
1366 3907 1472 3975 jam
1503 3922 1662 3974 supra
1692 3908 1830 3963 dixi-

252 4016 395 4066 mus,
439 4000 688 4055 omnibns
714 3999 1016 4054 senioribus
1047 3999 1101 4051 in
1144 4011 1306 4066 regno
1334 3997 1659 4052 Childeberti
1691 4000 1831 4070 regis

252 4109 365 4150 esse
396 4094 685 4162 cognitam.
720 4093 784 4146 Et
821 4093 890 4146 ob
913 4091 1016 4145 hoc
1039 4090 1277 4145 nonnuili
1306 4090 1372 4145 de
1402 4091 1666 4159 prioribus
1691 4091 1829 4161 regis

253 4188 578 4242 Childeberti
609 4190 661 4239 in
708 4185 808 4240 hoc
837 4184 1087 4255 placitum
1117 4182 1263 4237 abire
1294 4185 1615 4248 timuerunt,
1658 4184 1744 4255 qui
1774 4182 1829 4237 in

320 4330 345 4358 ⁸
384 4322 554 4377 Graeci
604 4320 759 4383 legati
790 4318 1078 4372 caduceum
1130 4314 1442 4370 deferebant
1477 4330 1543 4371 ex
1586 4317 1648 4370 L.
1693 4316 1831 4372 Sun-

254 4402 383 4445 ctum
412 4392 477 4459 [Γ.
507 4392 569 4443 de
598 4407 765 4442 rerum
797 4389 963 4441 divisi
986 4406 1065 4442 ne.
1099 4387 1229 4439 Iline
1274 4387 1826 4459 Mercuriusdenrum

259 4457 466 4517 nuntius
505 4475 662 4529 manu
704 4460 943 4529 gestabat
1006 4459 1296 4529 caducentn
1323 4496 1339 4519 ,
1380 4473 1534 4523 quem
1580 4457 1826 4529 Virgilius

257 4532 337 4587 lib.
370 4548 420 4586 tv
452 4528 665 4585 Eneid.
700 4526 898 4598 virgam
936 4529 1189 4596 appellat.
1219 4526 1480 4581 Caeterum
1527 4528 1674 4583 solus
1701 4529 1822 4583 cod.

255 4602 397 4656 Colb.
428 4618 480 4655 a.
521 4602 813 4667 legatorum
844 4600 1058 4652 nomina
1093 4598 1363 4665 exprimit.
1470 4608 1473 4611 ‘

321 4672 345 4710 δ
385 4673 715 4741 Rigunthem
737 4670 1466 4741 Reecarisdodesponsatam.

322 4753 346 4781 α
388 4738 561 4806 ΕιΠῑὶ,
605 4740 827 4792 sublatos
857 4738 1156 4792 reddidisse.

320 4811 345 4847 ἀ
385 4812 601 4865 llastam
629 4813 832 4878 regium
867 4808 1072 4876 insigne
1110 4809 1245 4877 apud
1290 4806 1524 4878 Francos
1549 4806 1822 4862 exstitisse
1852 4808 1855 4811 ’

255 4891 389 4949 patet
413 4899 472 4935 ex
501 4877 1000 4939 annquCItilderici
1027 4878 1042 4931 Ι
1067 4880 1227 4946 regis,
1250 4880 1334 4946 qtti
1361 4880 1411 4930 in
1439 4877 1553 4943 ejus
1574 4877 1821 4943 sepulcro

253 4969 365 5004 cum
396 4950 511 5003 aliis
540 4950 766 5004 cimeliis
792 4953 1042 5003 inventus
1084 4960 1185 5001 est.
1222 4948 1295 5001 Ibi
1325 4949 1465 5001 enim
1491 4962 1583 4999 rex
1616 4961 1819 5015 reprre-

252 5030 515 5089 sentatur,
562 5021 836 5088 promissis
867 5020 917 5072 in
960 5019 1210 5072 humeros
1252 5019 1488 5089 capillis,
1505 5016 1724 5089 hastam
1765 5016 1818 5070 iri

250 5094 439 5158 sceptri
501 5086 719 5145 modum
778 5105 937 5143 manu
997 5097 1231 5156 gestans.
1299 5087 1429 5141 Vide
1492 5086 1817 5158 Chiﬂletium

251 5156 364 5229 pag)
396 5164 459 5215 913
478 5204 491 5227 ,
546 5163 599 5214 in
630 5162 763 5215 libro
809 5176 872 5215 ea
898 5161 963 5213 de
992 5176 1048 5213 re.
1075 5159 1218 5212 edito
1248 5160 1346 5213 sub
1369 5157 1645 5211 Anastasis
1675 5156 1821 5210 Chil-

246 5231 405 5285 derici
443 5233 685 5286 nomine.
962 5292 967 5297 ,

335 5314 357 5339 ο
386 5302 509 5357 Erat
550 5314 727 5355 tamen
768 5295 979 5367 insuper
1028 5299 1331 5353 Chlotarius
1370 5298 1619 5367 parvulus
1664 5295 1817 5351 Chil-

248 5372 408 5438 periei
452 5373 611 5437 filius,
640 5372 726 5441 qui
757 5373 892 5438 apud
936 5370 1297 5441 Victoriacunt
1324 5366 1654 5441 nutriebatur
1679 5384 1691 5418 :
1721 5366 1817 5420 sed

245 5456 367 5498 cum
396 5444 627 5495 nondum
655 5438 683 5492 ἐι
708 5441 1039 5496 Gnutramno
1066 5440 1212 5493 visus
1236 5440 1439 5502 inisset,
1468 5448 1524 5491 ut
1553 5438 1665 5507 ipse
1693 5449 1822 5507 con-

246 5515 483 5577 queritur
514 5515 608 5567 Iib.
638 5524 753 5579 vni,
782 5526 902 5580 cap.
927 5511 983 5576 9,
1011 5511 1096 5564 vix
1129 5511 1297 5578 ipsum
1333 5505 1685 5577 habebat—pro
1708 5505 1820 5561 tilio

246 5595 406 5634 restis.

277 5596 473 5707 ἕψεὲῑς
501 5652 655 5707 Colb.
678 5670 730 5707 a.
761 5652 856 5706 alt.
885 5666 1042 5705 manu
1062 5667 1077 5717 ;
1100 5650 1213 5721 alii,
1238 5660 1326 5705 aut
1357 5649 1575 5703 haberet.
1603 5646 1815 5719 Regm.,

242 5722 594 5793 consiliarium
630 5723 853 5776 haberet.
1225 5791 1237 5793 _
1264 5790 1276 5793 _
1321 5773 1329 5779 κ
1366 5790 1367 5793 η

322 5799 348 5838 8
385 5790 754 5847 Childebertns
796 5808 992 5845 annum
1021 5794 1188 5845 aetatis
1220 5790 1284 5845 14
1322 5790 1586 5859 egressus,
1618 5798 1669 5842 et
1697 5803 1810 5839 ma-

235 5862 355 5929 jor,
395 5864 468 5918 uti
496 5876 637 5919 nunc
682 5863 978 5928 loquimur,
1024 5862 1356 5928 declaratus,
1400 5875 1614 5933 regnum
1657 5868 1812 5913 sumu

1939 1990 1987 2044 ei
2031 2003 2245 2059 semper
2276 1992 2517 2047 inimicus
2547 1995 2861 2061 exstiterat,
2913 1994 3059 2049 nullo
3098 1996 3257 2049 modo
3289 2004 3382 2049 aut
3408 2010 3526 2050 cre-

1939 2078 2107 2145 deret,
2139 2090 2229 2137 aut
2256 2097 2434 2139 secum
2464 2084 2685 2141 haberet
2720 2084 2760 2151 τ,
2795 2088 2919 2155 q-uia
2948 2095 3003 2141 et
3040 2086 3139 2157 ipsi
3167 2096 3221 2142 et
3260 2088 3395 2158 patri
3423 2104 3541 2145 suo

1936 2174 2131 2241 saepius
2166 2173 2482 2243 pejerasset.
2515 2175 2718 2231 Deinde
2747 2194 2865 2231 trum
2895 2178 2960 2232 ad
2993 2179 3295 2235 convivium
3324 2195 3524 2236 conve-

1939 2264 2180 2331 nissent,
2236 2263 2617 2321 cohortabatur
2670 2266 3100 2323 Guntchramnus
3155 2282 3254 2325 rex
3306 2286 3521 2326 omnem

1937 2354 2266 2421 exercitum,
2308 2355 2490 2411 dicens
2518 2375 2531 2409 :
2564 2357 2784 2423 Videte,
2818 2373 2850 2412 ο
2880 2358 3003 2426 viri,
3045 2360 3166 2427 quia
3197 2361 3336 2416 Illius
3376 2377 3523 2416 meus

1936 2443 2308 2501 Childebertus
2332 2446 2442 2517 jam
2474 2446 2555 2501 vir
2582 2464 2803 2519 magnus
2831 2449 3056 2505 effectus
3084 2460 3187 2505 est.
3225 2452 3428 2516 Videte,
3464 2462 3522 2508 et

1935 2546 2154 2601 cavete,
2200 2551 2267 2591 ne
2310 2551 2430 2592 eum
2470 2553 2567 2607 pro
2596 2540 2818 2607 parvulo
2850 2541 3088 2596 habeatis
3114 2549 3164 2596 ε.
3214 2542 3521 2613 Relinquite

1938 2638 2077 2678 nunc
2109 2626 2485 2692 perversitates
2504 2669 2517 2691 ,
2548 2636 2706 2697 atque
2737 2631 3178 2699 praesinnptiones
3205 2648 3337 2702 quas
3366 2648 3520 2689 exer-

1934 2715 2067 2769 cetis
2094 2733 2107 2768 :
2137 2716 2257 2785 quia
2288 2731 2379 2772 rex
2408 2726 2521 2784 est,
2561 2719 2648 2773 cui
2683 2734 2777 2775 vos
2805 2736 2945 2776 nunc
2982 2722 3255 2779 deservire
3293 2724 3521 2781 debetis.

1939 2804 2064 2860 llaec
2101 2814 2156 2860 et
2196 2806 2279 2860 his
2316 2808 2510 2863 similia
2551 2809 2790 2878 locutus,
2844 2827 2937 2881 per
2985 2814 3215 2869 triduum
3242 2818 3539 2885 epulantes-

1936 2904 2095 2963 atque
2118 2895 2493 2965 jocuudantes,
2525 2900 2815 2972 multisque
2845 2903 3155 2959 muneribus
3190 2906 3520 2977 locupletan-

1936 2994 2051 3051 tes,
2104 3004 2224 3042 cum
2277 3003 2407 3058 pace
2444 2990 2829 3047 discesserunt.
2881 2994 3029 3053 Tunc
3066 2998 3115 3049 ei
3156 2998 3385 3053 reddidit
3425 3014 3521 3054 rex

1933 3077 2369 3134 Guntchramuns
2396 3083 2596 3149 omnia,
2629 3098 2749 3153 qua:
2776 3093 2926 3153 pater
2953 3085 3069 3153 ejus
3097 3086 3393 3157 Sigibertus
3425 3090 3519 3145 ha-

1935 3170 2146 3238 buerat,
2172 3174 2452 3229 obtestans
2482 3190 2550 3230 ne
2580 3176 2648 3231 ad
2678 3184 2903 3233 matrem
2948 3180 3258 3246 accederet,
3290 3198 3356 3236 ne
3382 3180 3518 3237 forte
3546 3202 3555 3208 ν

1857 3254 1901 3314 C
1934 3264 2128 3335 aliquis
2175 3266 2395 3322 daretur
2439 3268 2660 3335 aditus,
2710 3271 2938 3339 qualiter
2985 3273 3056 3329 ad
3106 3274 3527 3331 Gundovaldunt'

1929 3355 2209 3419 scriberet,
2238 3364 2332 3410 aut
2358 3357 2426 3411 ab
2453 3372 2518 3412 eo
2543 3358 2740 3427 scripta
2768 3360 3095 3430 susciperet.

2002 3447 2246 3504 XXXIV.
2298 3448 2464 3519 Igitur
2515 3447 2898 3505 Gundovaldus
2935 3468 3057 3508 cum
3116 3453 3355 3513 auisset
3413 3455 3516 3515 sibi

1929 3540 2221 3594 exercitum
2272 3540 2656 3610 prepinquare,
2705 3542 2981 3599 relictusa
3014 3545 3286 3601 Desiderio
3348 3546 3510 3613 duce,

1932 3626 2235 3683 Garonnam
2293 3645 2412 3684 eum
2455 3630 2742 3700 Sagittario
2789 3634 3083 3704 episcopo,
3134 3634 3423 3691 Mummolo
3461 3649 3514 3691 et

1934 3720 2181 3775 Bladaste
2208 3720 2460 3787 duobus,
2503 3732 2662 3793 atque
2693 3722 2977 3782 Waddone
3004 3728 3264 3795 transivit,
3309 3727 3517 3786 Convee

1932 3825 2028 3867 nas
2068 3809 2097 3849 ιι
2128 3820 2389 3881 petentes.
2440 3812 2535 3867 Est
2578 3813 2719 3868 enim
2769 3818 2901 3872 urbs
2942 3817 2995 3871 in
3022 3819 3294 3874 cacumine
3320 3822 3533 3877 montis.

1930 3906 2057 3970 sita,
2103 3906 2337 3974 nullique
2365 3908 2529 3960 monti
2557 3910 2829 3975 contigua.
2865 3909 3010 3965 Fons
3040 3924 3264 3975 magnus
3333 3914 3398 3967 ad
3432 3929 3514 3968 ra-

1929 3996 2101 4052 dicem
2127 3997 2319 4052 montis
2340 4013 2647 4068 erumpens,
2671 4001 3031 4057 circumdatus
3053 4016 3196 4059 turre
3216 4006 3506 4072 tutissima;

1930 4087 1997 4142 ad
2027 4102 2182 4157 quem
2204 4088 2364 4158 360
2391 4103 2486 4158 per
2522 4090 2823 4146 cuniculum
2851 4092 3237 4149 descendentes
3261 4110 3327 4148 ex
3358 4096 3527 4162 urbe,

1932 4178 2161 4233 latenter
2197 4178 2382 4233 latices
2431 4180 2707 4235 hauriunt.
2762 4181 2911 4238 Hanc
2939 4183 3081 4237 enim
3126 4184 3397 4252 ingressus
3427 4200 3514 4239 ur-

1932 4315 2045 4385 ipse
2102 4313 2473 4385 administrare
2518 4315 2707 4379 coepit.
2764 4317 2852 4372 Sic
2890 4326 2944 4371 et
2994 4327 3174 4385 postea
3229 4317 3509 4376 Baltltildis

1930 4383 2334 4459 Q_Iilotario__i_ilio
2361 4399 2474 4459 suo
2501 4383 3110 4459 pubertatem‘ingresio
3150 4389 3299 4459 regni
3328 4402 3511 4446 curam

1930 4404 2201 4439 hlilOlilI'lO
2230 4404 2334 4437 IIIIO
2376 4404 2473 4437 SUO
2501 4404 2689 4454 punert
2733 4404 3110 4453 tem‘tngresm
3150 4404 3296 4459 regni

1930 4455 2152 4509 dimisit.
2196 4452 2404 4507 Videsis
2434 4454 2609 4509 Vales.
2656 4404 2748 4515 th.
2786 4473 2861 4511 xu
2906 4473 3011 4511 rer.
3056 4457 3296 4514 Francic.

2002 4524 2028 4563 ιι
2070 4525 2382 4599 Lugdutntm
2422 4526 2796 4599 Cenvenarum
2845 4529 2981 4599 apud
3028 4537 3236 4583 veteres
3276 4530 3521 4599 dicitur,

1933 4608 2039 4652 tum
2065 4612 2093 4648 a
2127 4606 2252 4661 Situ,
2282 4594 2490 4649 Donum
2520 4596 2718 4666 quippe
2747 4594 2890 4666 apud
2916 4607 3123 4652 veteres
3151 4599 3329 4653 Gallos
3359 4594 3511 4656 mons

1934 4675 2051 4731 est,
2087 4677 2194 4738 tum
2221 4668 2303 4738 ab
2335 4669 2616 4721 occasione
2654 4682 2756 4735 qua
2783 4669 3052 4723 conditum
3081 4667 3204 4727 fuit.
3239 4672 3377 4738 quod
3409 4676 3514 4725 sci-

1936 4738 2059 4791 licet
2084 4735 2233 4788 multi
2280 4740 2330 4788 in
2354 4753 2472 4807 eum
2516 4740 2692 4791 locant
2729 4742 3094 4793 convenerint.
3124 4735 3512 4807 Rcm’explicat

1936 4808 2289 4874 Hieronymus
2319 4806 2576 4860 adversus
2604 4808 2944 4878 Vigilantium
2975 4808 3026 4862 in
3052 4824 3111 4861 ea
3138 4813 3268 4864 urbe
3288 4806 3465 4864 natum
3493 4828 3508 4865 :

1936 4878 2241 4947 Respondet,
2275 4879 2459 4943 inquit,
2491 4883 2664 4947 generi
2704 4896 2828 4943 suo,
2868 4889 2922 4931 ut
2958 4879 3041 4944 qui
3071 4880 3138 4947 de
3167 4880 3420 4932 latronum
3462 4889 3511 4934 et

1924 4946 2272 5000 Cont'enarum
2303 4956 2449 4999 natus
2475 4945 2545 4999 est
2564 4950 2774 5007 semine,
2804 4964 2929 5016 quos
2958 4948 3049 5001 Cn.
3082 4945 3356 5016 Pompeius
3386 4949 3509 5003 edo-

1924 5021 2046 5071 mita
2089 5016 2346 5084 Hispania
2372 5018 2426 5069 in
2454 5016 2696 5085 Pyrenen
2716 5019 2859 5088 jugis
2898 5018 3152 5088 deposuit,
3190 5026 3236 5069 et
3266 5018 3319 5071 in
3352 5034 3508 5074 unum

1927 5088 2174 5158 oppidum
2220 5090 2578 5157 congregavit,
2634 5087 2859 5158 unde'et
2904 5087 3251 5141 Convenarum
3295 5089 3432 5143 urbs.
3469 5091 3508 5146 li

1924 5156 2079 5211 erant
2104 5156 2427 5227 Wascones,
2462 5160 2549 5223 qui
2585 5157 3115 5227 tuttchrenaeorum
3142 5159 3267 5227 juga
3307 5159 3509 5215 incole-

1927 5228 2076 5283 bant.
2119 5228 2259 5293 Lege
2291 5226 2552 5281 Valesiutn
2592 5226 2651 5280 in
2684 5224 2880 5281 Notitia
2910 5224 3225 5283 Galliarum:
3245 5228 3505 5285 Caeterum

1929 5298 2041 5350 haec
2069 5297 2196 5349 urbs
2220 5310 2361 5350 anno
2389 5294 2494 5352 685
2531 5313 2561 5350 a
2591 5296 2928 5352 Gttntramno
2957 5296 3151 5361 diruta,
3183 5310 3240 5354 ut
3285 5301 3503 5354 inferius

1926 5376 2106 5421 narrat
2145 5367 2469 5436 Gregorius,
2520 5369 2607 5421 diu
2659 5362 2854 5433 iacuit,
2899 5370 3027 5423 sede
3073 5371 3359 5438 episcopali
3398 5372 3505 5423 alio

1926 5440 2213 5503 translata;
2261 5438 2353 5492 sed
2385 5456 2411 5489 a
2444 5438 2777 5501 Bertranoo,
2824 5440 2910 5507 qui
2959 5455 3099 5493 anno
3147 5439 3291 5507 ΗΞο
3323 5439 3500 5492 vivere

1923 5508 2112 5573 desiit,
2146 5518 2412 5575 utcunque
2458 5519 2737 5577 reparata,
2775 5506 2879 5562 coli
2911 5524 2972 5563 ac
3015 5506 3297 5562 inhabitari
3321 5508 3501 5571 cmpit.

1929 5579 2079 5634 Unde
2110 5594 2300 5633 nomen
2328 5578 2648 5633 restitutoris
2671 5580 2964 5644 accipiens,
2995 5593 3130 5631 nunc
3152 5579 3306 5646 vulgo
3330 5580 3501 5632 sancti

1926 5650 2199 5704 Bertraudi
2229 5650 2588 5710 Convenettsis
2616 5647 2764 5709 urbs,
2802 5648 3229 5701 Sciat-Bernuini
3256 5649 3318 5701 de
3347 5646 3499 5700 Com-

1924 5722 2141 5787 minges,
2194 5721 2415 5789 dicitur,
2464 5724 2564 5776 sub
2610 5720 2894 5789 instrepoli
2932 5717 3210 5775 Ausciensi
3257 5718 3312 5773 in
3372 5717 3500 5774 ινα.

1917 5806 2119 5847 scema.
