3966 6348
481 391 585 447 ιδθ

1480 384 1539 441 S.
1579 384 1907 441 GREGORII
1954 384 2253 441 lﬂl’ISCOI‘l
2294 377 2715 439 'l'lillONiﬁNSlS

3641 389 3746 443 HO

477 516 596 570 bern
634 513 686 567 in
717 511 866 568 initio
893 511 1324 584 Quadragcsimm
1354 515 1560 570 loculus
1590 524 1671 568 est
1699 514 1940 581 civibus,
1970 514 2051 567 di-
2084 518 2135 575 Α
2159 519 2284 559 esse
2323 519 2352 557 a
2378 503 2696 557 Christianis
2745 501 2877 556 tanti
2928 501 3176 573 martyris
3218 502 3491 558 basilicam
3540 505 3747 562 violan-

474 621 600 661 cens
635 629 648 659 -.
688 606 952 662 Noverit's
989 624 1077 664 me
1118 623 1238 663 cum
1287 610 1536 664 omnibus
1561 649 1575 672 ,
1629 613 1717 676 qui
1781 611 1831 662 in
1884 624 2052 679 regno

472 697 801 755 Childeberti
844 700 1138 769 habentur,
1188 702 1415 755 electum
1467 716 1586 755 esse
1634 717 1843 771 regem,
1892 712 2051 770 atque

472 790 656 845 haberi
685 806 893 847 mecum
924 808 1025 845 non
1058 793 1321 846 modicum
1348 792 1622 848 solatium.
1662 792 1768 848 Sed
1798 798 2047 860 quoniam

473 885 639 936 irater
680 898 827 936 meus
856 883 1285 937 Guntchramnus
1316 899 1408 938 rex
1447 884 1766 938 immensum
1794 885 2050 938 adversas

472 990 558 1029 me
606 985 789 1029 movet
832 976 1158 1043 exercitum,
1211 984 1421 1042 oportet
1461 989 1554 1028 vos
1599 976 1850 1030 alimenta
1892 987 2050 1044 atque

471 1077 719 1122 ctmctam
762 1068 1143 1137 supellectilem
1196 1068 1327 1122 intra
1378 1084 1652 1122 murorum
1703 1069 2048 1127 munitionem

471 1161 826 1235 coricludere,
872 1173 931 1215 ut
977 1161 1181 1216 scilicet
1208 1162 1333 1216 dum
1364 1161 1519 1215 nobis
1547 1160 1637 1215 illa
1670 1162 1835 1229 pietas
1872 1161 2048 1216 divina

471 1266 629 1324 auget
673 1254 919 1309 solatium
944 1295 959 1319 ,
1013 1269 1117 1309 non
1146 1254 1376 1323 pereatis
1408 1254 1605 1322 inopia.
1647 1254 1771 1308 lixae
1799 1255 1904 1309 illis
1932 1268 2046 1308 cre-

471 1345 754 1411 dentibus,
799 1360 1131 1415 quaecunque
1169 1344 1366 1400 habere
1396 1351 1682 1413 potuerunt
1727 1344 2050 1400 collocantes

474 1438 526 1491 in
555 1437 687 1493 urbe
713 1435 1086 1506 praeparabant
1111 1449 1169 1490 se
1197 1434 1262 1488 ad
1294 1434 1670 1489 resistendum.
1705 1435 1779 1487 Eo
1810 1443 2049 1502 tempore

471 1529 905 1585 Guntchramnus
944 1542 1035 1583 rex
1084 1526 1227 1580 misit
1257 1526 1462 1579 litteras
1502 1524 1567 1577 ad
1601 1524 2004 1578 Gundovaldum
2029 1562 2046 1589 ,

468 1636 535 1676 ex
568 1620 783 1674 nomine
814 1617 1169 1673 Brunichildis
1217 1616 1413 1685 reginae
1440 1616 1491 1667 in
1512 1615 1723 1683 quibus
1767 1625 1884 1667 erat
1918 1615 2050 1668 scri-

470 1720 620 1783 ptum
641 1751 654 1774 ,
687 1719 743 1764 ut
790 1709 977 1764 relicto
1003 1706 1239 1763 exercitu
1280 1714 1334 1760 ct
1358 1705 1412 1773 in
1441 1707 1555 1761 loca
1583 1719 1676 1769 sua
1703 1705 1850 1759 abire
1875 1702 2045 1775 jusso,

474 1806 590 1875 ipse
632 1801 890 1865 remotior
926 1800 1063 1869 apud
1112 1798 1553 1869 Burdegalensem
1600 1797 1785 1851 urbem
1826 1795 2045 1850 hiberna

2156 597 2300 663 dam,
2332 594 2485 665 cujus
2525 596 2661 649 ostia
2687 610 2899 651 summo
2937 596 3119 651 studio
3146 595 3394 652 obserata
3422 606 3596 652 erant.
3636 598 3750 657 Nec

2155 709 2305 749 mora
2346 701 2778 764 apprOpinquans
2802 702 3070 752 exercitus
3111 714 3233 754 eum
3282 717 3525 759 reserare
3558 706 3746 777 templi

2154 787 2333 840 valvas
2380 803 2484 841 non
2516 788 2735 854 valeret,
2770 790 2943 859 ignem
2989 793 3269 858 accendit;
3302 800 3748 870 consumptisun

2153 880 2338 947 ostiis,
2382 896 2592 933 omnem
2635 883 2987 937 substantiam
3034 896 3386 957 cunctamque
3433 892 3745 959 supellecti-

2154 970 2279 1031 lem,
2311 988 2469 1038 quam
2503 972 2554 1024 in
2585 988 2647 1026 ea
2693 972 2935 1028 invenire
2963 987 3267 1045 potuerunt,
3301 994 3419 1033 cum
3450 982 3617 1036 sacris
3642 984 3744 1038 mi-
3814 996 3831 1001 '

2153 1060 2386 1114 nisteriis
2432 1063 2785 1117 abstulerunt.
2846 1064 2952 1120 Sed
3004 1070 3200 1123 multos
3260 1070 3329 1124 tbi
3364 1062 3513 1126 ultio
3562 1075 3742 1130 divina

2151 1155 2446 1207 conterruit
2478 1152 2525 1206 ι).
2559 1152 2689 1208 Nam
2719 1157 2985 1227 plerisque
3016 1152 3204 1216 manus
3233 1161 3487 1221 divinitus
3513 1168 3743 1223 ureban-

2152 1251 2267 1309 tur,
2303 1244 2611 1301 cmittentes
2658 1247 2857 1302 fumum
2889 1266 3172 1320 magnum,
3204 1255 3341 1309 sicut
3377 1271 3443 1311 ex
3490 1258 3741 1315 incendio

2150 1349 2370 1404 surgere
2395 1337 2552 1392 solet.
2600 1337 2849 1395 Nonnulli
2881 1344 3081 1411 arrepti
3113 1361 3139 1397 ει
3170 1346 3431 1414 daemone,
3467 1364 3560 1418 per
3580 1367 3739 1405 ener-

2150 1428 2289 1498 giam
2320 1429 2712 1487 dcbacchantes
2752 1446 3042 1505 martyrem
3075 1436 3465 1492 declamabant.
3512 1438 3736 1496 Plurimi

2151 1535 2280 1575 vero
2302 1524 2494 1576 semoti
2524 1537 2553 1576 a
2578 1526 2736 1579 sociis
2768 1535 2790 1563 ε
2826 1528 3052 1596 propriis
3083 1543 3140 1582 se
3166 1529 3358 1598 jaculis
3399 1532 3734 1590 sauciabant.

2152 1611 2432 1682 Reliquum
2478 1629 2602 1671 vero
2632 1617 2820 1687 vulgus
2861 1617 3039 1675 inante
3077 1635 3182 1675 non
3214 1622 3327 1676 sine
3358 1624 3541 1693 grandi
3585 1635 3736 1681 metu

2151 1718 2490 1773 progressum
2520 1716 2621 1761 est.
2655 1708 2791 1774 Quid
2827 1708 3014 1775 plura?
3054 1712 3377 1766 Convenitur
3417 1713 3484 1767 ad
3522 1713 3735 1772 Conve-

2154 1811 2251 1849 nas
2277 1796 2379 1869 (sic
2415 1798 2557 1852 enim
2589 1798 2818 1855 diximus
2850 1816 3039 1855 nomen
3087 1802 3250 1873 urbis)
3283 1805 3557 1874 omnisque
3606 1808 3734 1876 pba-

469 1894 776 1951 deduceret.
805 1892 1102 1961 Scripserat
1124 1890 1265 1944 enim
1299 1895 1411 1943 haec
1433 1888 1637 1954 do!ose,
1667 1897 1724 1942 ut
1752 1886 1821 1942 de
1841 1902 1906 1941 eo
1930 1885 2041 1955 ple-
2082 1898 2121 1955 Β
2149 1890 2300 1960 Ιειιιείι
2324 1891 2374 1945 in
2405 1892 2710 1948 suburbana
2734 1894 2877 1948 urbis
2899 1896 3176 1962 campania
3208 1908 3581 1952 castramctata
3623 1910 3728 1969 est,

469 1989 593 2044 nius
627 1985 752 2057 quid
791 1992 1001 2053 ageret,
1052 1991 1231 2051 posset
1260 1994 1570 2051 agnoscere.
1618 1979 1780 2047 lgitur
1812 1992 2048 2032 commo«

470 2088 623 2135 rante
651 2094 717 2133 eo
756 2076 895 2147 apud
923 2074 1109 2128 urbem
1153 2072 1460 2135 Cunveuas,
1492 2072 1699 2125 locutus
1727 2079 1809 2125 est
1838 2069 2047 2135 incolis,

469 2166 861 2225 dicenszEcce
905 2164 1014 2233 jam
1066 2161 1335 2217 exercitus
1364 2160 1787 2229 appropinquat,
1838 2157 2049 2228 egredi-

471 2259 601 2315 mini
649 2258 714 2312 ad
746 2256 1126 2313 resistendum.
1158 2254 1359 2319 Quibus
1405 2250 1832 2321 egredientibus,
1877 2252 1927 2305 hi
1958 2266 2049 2306 oc—

470 2361 727 2422 eupantes
766 2358 943 2418 portas
973 2358 1130 2416 atque
1169 2345 1505 2410 claudentes,
1539 2345 1756 2399 excluso
1781 2340 1911 2399 furis
1950 2357 2049 2412 po-

471 2444 627 2514 pulo,
676 2456 796 2495 cum
848 2440 1098 2508 episcopo
1156 2439 1254 2491 loci
1293 2448 1355 2501 η,
1405 2447 1591 2491 cuncta
1651 2452 1769 2504 qua:
1817 2436 1868 2488 in
1918 2435 2049 2489 urbe

469 2534 709 2591 invenire
766 2541 1087 2602 potuerant,
1146 2529 1256 2582 suis
1318 2526 1611 2581 ditionihus
1676 2525 2044 2580 subdiderunt.

466 2628 742 2695 Tantaque
781 2623 852 2679 ibi
901 2621 1184 2678 mu‘titudo
1217 2635 1449 2675 annona:
1493 2628 1650 2687 atque
1690 2617 1797 2672 vini
1836 2628 2045 2686 reperta

468 2729 571 2786 est,
602 2729 658 2774 ut
682 2718 727 2773 si
756 2716 986 2771 viriliter
1010 2713 1314 2777 stetissent,
1349 2725 1445 2781 per
1466 2710 1757 2765 multorum
1787 2723 2041 2763 annormn

467 2813 638 2884 spatia
678 2811 853 2867 victus
881 2807 1143 2863 alimentis
1184 2821 1288 2860 non
1320 2814 1559 2874 egerent.

540 2903 755 2962 XXXV.
795 2904 1085 2961 Audierant
1111 2900 1252 2957 enim
1295 2914 1363 2953 eo
1388 2906 1628 2965 tempore
1674 2895 1836 2950 duces
1880 2894 2045 2949 Gunt-

466 3000 707 3055 chramn.
738 2994 901 3065 regis,
945 2990 1351 3047 Gundovaldum
1383 2988 1519 3043 ultra
1550 2984 1851 3040 Garounam
1882 2985 2049 3063 in_lit~

406 3100 409 3101 '
466 3100 585 3145 tore
612 3087 847 3143 residere
874 3099 995 3139 cum
1043 3082 1244 3151 ingenti
1288 3079 1524 3134 hostium
1555 3076 1922 3140 multitudine;
1964 3074 2045 3143 ip-

464 3196 661 3253 sosque
708 3179 1029 3245 thesauros,
1078 3188 1210 3243 quos
1250 3171 1534 3241 Rigunthis
1584 3169 1809 3230 tulerat,
1860 3180 2041 3221 secum

2152 1981 2329 2050 ibique
2374 1983 2610 2039 extensis
2666 1986 2908 2039 tentoriis
2957 1986 3240 2041 residebat.
3304 1989 3622 2045 Vastahatur
3678 1994 3731 2048 in

2150 2072 2374 2126 circuitu
2426 2082 2531 2128 tota
2572 2074 2716 2142 regio
2754 2092 2766 2127 :
2810 2076 3047 2130 nonnulli
3098 2091 3275 2132 autem
3325 2077 3392 2132 ab
3440 2083 3729 2149 exercitu,

2150 2180 2284 2233 quos
2326 2165 2515 2219 fortior
2542 2168 2779 2221 avaritia:
2810 2169 3026 2223 aculeus
3077 2170 3415 2237 terebrabat,
3463 2173 3670 2245 longius
3697 2192 3729 2231 a

2148 2255 2260 2309 suis
2298 2264 2610 2324 evagant‘es,
2645 2258 3036 2326 perimebantur
3063 2261 3129 2313 ab
3156 2260 3364 2316 incolis.

2220 2348 2381 2418 352
2412 2348 2651 2403 XXXVI.
2687 2351 3055 2406 Ascendcbant
3085 2353 3226 2407 enim
3252 2350 3277 2389 ἀ
3313 2355 3464 2408 multi
3495 2371 3590 2425 pcr
3615 2358 3728 2410 cel-

2154 2437 2291 2502 lem,
2332 2448 2389 2493 et
2431 2454 2551 2493 cum
2584 2438 2933 2497 Gnndovaldo
2958 2445 3153 2510 saepius
3180 2446 3554 2514 loquebantur,
3589 2449 3728 2503 inie-

2151 2540 2335 2584 rentes
2367 2529 2416 2584 ei
2446 2533 2685 2584 convicia
2708 2573 2723 2597 ,
2756 2548 2817 2586 ac
2847 2534 3121 2590 dicentes:
3153 2535 3302 2589 Tune
3328 2552 3387 2589 es
3418 2539 3587 2605 pictor
3618 2540 3727 2604 ille,

2150 2621 2239 2689 qui
2270 2632 2511 2688 tempore
2548 2622 2949 2678 Chlotharharii
2984 2616 3123 2694 regis
3156 2642 3249 2696 per
3279 2633 3512 2681 oratoria
3548 2634 3728 2699 parie—

2152 2724 2234 2768 tes
2262 2723 2424 2784 atque
2446 2731 2688 2771 cameras
2716 2717 3045 2771 charaxahas
3073 2719 3131 2770 εἰ)
3164 2719 3312 2773 Tune
3335 2735 3392 2773 cs
3422 2720 3531 2785 ille,
3564 2737 3728 2789 qui-tn

2154 2806 2508 2863 Ballomercm
2541 2809 2759 2863 nomine
2787 2810 2979 2878 saapius
3019 2809 3309 2864 Galliarum
3352 2812 3539 2865 incolae
3580 2813 3727 2865 νοεὶ-

2151 2899 2363 2952 labant?
2388 2898 2534 2953 Tune
2563 2915 2621 2954 cs
2649 2899 2767 2965 ille,
2792 2900 2882 2967 qui
2912 2900 3223 2970 plerumque
3252 2916 3283 2956 a
3312 2903 3526 2972 regibus
3555 2902 3728 2956 ἑτι-ειη.

2148 3002 2331 3043 eorum
2358 2998 2576 3057 propter
2599 2988 2693 3044 has
2723 2991 3163 3059 prtesumptiones
3190 3007 3319 3061 quas
3350 2994 3577 3060 prolers,
3606 3004 3727 3047 ton-

2150 3091 2360 3136 soratus
2399 3093 2453 3136 et
2500 3080 2687 3137 exsilio
2737 3084 2889 3137 datus
2934 3084 3027 3139 es?
3061 3083 3154 3139 Vel
3193 3086 3309 3153 quis
3350 3096 3433 3150 te,
3473 3085 3727 3141 infelicis~

2150 3172 2284 3228 sime
2316 3172 2620 3240 hominum,
2656 3174 2707 3253 in
2749 3175 2862 3229 hmc
2903 3176 3016 3229 loca
3059 3176 3309 3243 adduxit,
3349 3176 3565 3232 edicito.
3595 3180 3727 3246 Quis

464 3234 878 3332 renitereﬂunc
909 3234 1109 3337 impetu
1129 3264 1270 3319 facto
1289 3234 1409 3318 cum
1442 3257 1849 3331 equitibus[Ed.
1874 3253 2044 3325 equis]
2076 3234 2118 3295 (ἶ
2153 3262 2248 3317 tibi
2278 3270 2479 3317 tantam
2510 3245 2784 3317 audaciam
2816 3267 3088 3332 praestitit,
3114 3275 3170 3319 ut
3190 3267 3296 3320 dan
3322 3267 3526 3320 inorum
3557 3234 3725 3323 agre.

464 3368 767 3423 Garonnam
818 3363 976 3433 θοι
1010 3357 1260 3433 ,natando
1308 3353 1605 3417 transiere,
1663 3350 1930 3405 nonnullis
1977 3350 2045 3403 de

463 3457 701 3513 exercitu
731 3454 784 3509 ιιι
816 3466 974 3506 amne
1004 3449 1283 3503 demersis.
1316 3446 1526 3514 Reliqui
1556 3444 1609 3497 in
1641 3444 1788 3497 littus
1817 3441 2041 3510 egressi,

467 3549 798 3614 reqo’rentes
824 3539 1225 3597 Gundovaldum
1245 3578 1259 3605 ,
1305 3538 1621 3591 invenerunt
1659 3534 1895 3589 camelos
1922 3548 2041 3586 cum

463 3636 662 3706 ingenti
691 3632 926 3705 pondere
953 3630 1067 3684 auri
1096 3639 1254 3696 atque
1275 3628 1509 3698 argenti,
1540 3627 1654 3681 sive
1683 3627 1888 3693 equites
1916 3623 2042 3695 [Pro

463 3725 665 3798 equos]
694 3738 828 3794 quos
883 3722 1053 3776 fessos
1100 3734 1194 3789 per
1236 3719 1348 3772 vias
1402 3717 1709 3786 reliquerat.
1748 3714 2042 3769 Audientes

462 3817 717 3886 deinceps
756 3828 850 3868 eos
892 3809 1032 3867 infra
1060 3824 1242 3865 muros
1282 3809 1427 3863 urbis
1455 3808 1777 3864 Conveuicae
1802 3820 2042 3862 commo-

461 3908 592 3975 rari,
640 3906 839 3964 relictis
868 3904 1121 3974 plaustris
1149 3917 1212 3956 ac
1241 3901 1470 3956 diversis
1500 3901 1889 3970 impedimentis
1918 3915 2040 3955 cum

462 4004 658 4075 populo
688 4002 947 4066 minore,
982 3997 1313 4054 robustiores
1344 3996 1437 4050 viri
1487 3997 1656 4063 ipsum
1680 4036 1697 4064 ,
1737 3996 1873 4051 sicut
1928 3996 2039 4065 jam

462 4094 766 4151 Garonnam
817 4090 1177 4157 transierant,
1228 4088 1435 4156 insequi
1500 4087 1788 4141 destinant.
1838 4086 2039 4153 Quibus

462 4184 888 4261 properantibus,
921 4191 1184 4238 venerunt
1211 4180 1277 4234 ad
1312 4178 1583 4234 basilicam
1606 4177 1774 4233 sancti
1808 4177 2041 4231 Vincen-

461 4279 541 4345 tii,
570 4294 687 4347 qua:
715 4288 798 4331 est
825 4276 975 4347 juxta
1027 4274 1315 4329 terminum
1347 4271 1683 4341 Agennensis
1727 4268 1906 4333 urbis,
1948 4268 2037 4323 ubi

461 4371 574 4438 ipse
598 4377 800 4436 martyr
848 4383 942 4434 pro
968 4366 1165 4421 Christi
1194 4365 1407 4420 nomine
1434 4377 1657 4432 agonem
1683 4362 1877 4416 dicitur
1902 4376 2038 4416 cou-

461 4472 790 4523 summasse;
854 4459 1276 4523 inveneruntque
1326 4470 1445 4510 eam
1511 4452 1759 4508 refertam
1808 4453 2038 4509 diversis

462 4548 727 4605 thesauris
782 4547 1094 4602 incolarum.
1153 4546 1283 4600 Erat
1328 4546 1471 4601 enim
1521 4558 1643 4613 spes
1687 4543 1874 4598 incolis
1929 4557 2035 4598 non

2145 3368 2269 3423 gum
2314 3363 2621 3408 nostrorum
2665 3356 2794 3409 lines
2834 3355 3062 3411 auderes
3103 3356 3401 3425 attingere?
3436 3359 3591 3412 Certe
3620 3362 3723 3413 sia

2145 3456 2412 3512 quoquam
2452 3458 2510 3497 es
2551 3453 2803 3498 evocatus
2829 3486 2845 3512 ,
2887 3445 3033 3499 clara
3075 3461 3206 3501 voce
3246 3456 3465 3501 testare.
3510 3450 3585 3502 En
3631 3452 3724 3505 tibi

2145 3546 2272 3589 ante
2302 3536 2490 3590 oculos
2520 3546 2745 3591 mortem
2776 3539 3113 3607 expositam;
3142 3554 3208 3593 en
3241 3541 3406 3609 ipsam
3436 3557 3589 3609 quam
3633 3544 3725 3600 diu

2143 3627 2381 3693 qumsisti
2408 3626 2555 3682 exitii
2584 3626 2827 3695 foveam,
2864 3630 2918 3683 in
2958 3646 3116 3700 quam
3150 3647 3391 3701 praaceps
3423 3634 3718 3701 dejiciaris.

2145 3715 2240 3770 Dic
2267 3716 2531 3773 satellites
2557 3718 2754 3773 viritim
2778 3760 2794 3786 ,
2820 3721 2903 3775 vel
2933 3735 2962 3773 a
2989 3722 3182 3790 quibus
3212 3722 3450 3777 inviteris
3478 3718 3723 3781 enuntia.

2144 3809 2213 3862 At
2239 3807 2328 3863 ille
2355 3823 2475 3863 cum
2505 3810 2621 3865 lucc
2650 3812 2892 3878 audiret,
2924 3813 3143 3882 prOpius
3169 3828 3329 3883 super
3371 3826 3574 3884 portam
3622 3832 3724 3872 as-

2146 3907 2264 3953 tans
2292 3900 2503 3954 dicebat
2534 3920 2545 3954 :
2579 3902 2731 3967 Quod
2766 3919 2852 3958 tne
2891 3903 3337 3959 Chlothacbarius
3378 3917 3527 3975 pater
3568 3923 3723 3962 meus

2143 4004 2365 4046 exosum
2399 3992 2683 4061 habuerit,
2725 3994 2952 4051 habetur
2994 3996 3324 4068 incognitum
3364 4000 3534 4066 nulli;
3570 4004 3715 4069 quod

2151 4092 2328 4138 autem
2375 4086 2442 4140 ab
2481 4100 2581 4151 eo,
2616 4089 2697 4142 vel
2735 4088 2987 4159 deinceps
3010 4104 3039 4142 a
3070 4090 3317 4143 fratribus
3348 4091 3445 4143 sim
3477 4100 3722 4146 tonsora-

2143 4185 2260 4238 tus,
2304 4177 2646 4233 manifestum
2695 4188 2778 4234 est
2823 4180 3092 4235 omnibus.
3146 4181 3209 4235 Et
3257 4182 3371 4236 hinc
3420 4198 3503 4235 tne
3552 4198 3717 4236 causa

2141 4265 2353 4319 Narseti
2388 4266 2643 4334 praefecto
2670 4268 2831 4323 ltalim
2860 4269 3038 4337 iunxit
3060 4310 3074 4333 ,
3110 4271 3290 4340 ibique
3321 4286 3540 4325 uxorem
3570 4274 3720 4326 acci-

2145 4356 2298 4427 piens
2322 4397 2337 4421 ,
2363 4358 2495 4411 duos
2526 4358 2664 4413 ﬁlius
2689 4361 2957 4429 generavi.
2984 4360 3099 4429 Qua
3131 4372 3340 4416 mortua
3360 4404 3375 4427 ,
3416 4364 3712 4430 assumptis
3786 4428 3795 4433 γ

2142 4466 2353 4506 tnecum
2385 4451 2590 4520 liberis,
2620 4452 3134 4523 ConstantinOpolim
3164 4454 3292 4509 abii.
3318 4454 3399 4508 Ab
3422 4454 3720 4523 imperato-

2141 4545 2292 4599 ribus
2310 4559 2440 4600 vero
2462 4556 2738 4616 susceptus
2761 4545 3161 4615 benignissime,
3185 4558 3354 4616 usque
3371 4546 3436 4601 ad
3455 4546 3560 4601 hoc
3580 4556 3720 4600 tem-

536 4733 561 4760 ι
603 4723 649 4775 ls
677 4733 785 4776 erat
819 4720 1061 4785 Ruﬁnus,
1106 4721 1196 4789 qui
1227 4719 1325 4773 hoc
1349 4721 1463 4789 ipso
1491 4734 1630 4774 anno
1659 4719 1898 4773 Concilio
1932 4721 2033 4772 Ma-
2066 4728 2112 4786 D
2144 4720 2377 4777 transiit,
2405 4720 2562 4781 idque
2591 4720 2794 4773 itineris
2822 4721 2954 4773 ratio
2986 4731 3313 4788 postuiaoat,
3343 4732 3501 4789 atque
3527 4738 3588 4776 ea
3623 4741 3715 4779 oe-

459 4798 649 4852 tiscon.
682 4809 717 4847 ιι
755 4792 1086 4861 subscripsit.

528 4864 556 4904 δ
588 4866 735 4919 lianc
759 4858 1031 4919 basilicam
1067 4863 1118 4917 in
1150 4861 1292 4915 valle
1318 4861 1570 4930 Capraria
1617 4873 1782 4930 prope
1824 4858 2032 4930 Lugdu-

458 4951 584 4990 num
611 4936 981 4991 Convenarum
1011 4934 1167 4989 sitam
1194 4930 1360 4987 fuisse
1384 4928 1659 4985 contendit
1682 4928 1881 4993 Joseph
1904 4928 2035 4984 Sca-

463 5007 594 5078 liger
619 5006 708 5060 lib.
741 5021 787 5058 vt
811 5005 892 5078 de
909 5004 1303 5078 Emendationc‘
1319 5012 1482 5078 temp.
1512 5000 1662 5073 Unde
1690 4998 2032 5078 allucipatum

460 5070 623 5129 fuisse
666 5083 815 5142 putat
854 5072 1190 5143 Gregorium,
1216 5073 1303 5141 qui
1344 5070 1516 5140 ipsam
1548 5072 1722 5143 prope
1763 5070 2029 5143 Aginnnm

459 5140 677 5199 stetisse
702 5140 1002 5210 scripserit,
1032 5140 1366 5219 confundens
1398 5142 1599 5219 locum,
1634 5140 1684 5195 in
1714 5140 2035 5219 quqbcatus

458 5222 661 5282 martyr
683 5228 865 5282 pas~us
888 5224 990 5282 est,
1017 5228 1137 5267 cum
1168 5213 1383 5268 basilica
1418 5213 1584 5279 ipsius
1614 5213 1886 5282 memoria:
1906 5224 2036 5282 con-

458 5280 695 5339 secrata.
733 5285 802 5337 At
840 5280 1038 5335 fallitur
1075 5283 1301 5350 ipsemet
1342 5283 1598 5351 Scaliger.
1646 5281 1791 5333 llanc
1834 5280 2034 5347 quippe

457 5354 762 5419 basilicam,
793 5366 950 5419 quam
981 5352 1293 5409 Guntratnni
1325 5353 1520 5405 milites
1545 5351 1832 5414 violarunt,
1868 5364 2033 5419 prope

456 5424 723 5495 éginnum
748 5418 887 5487 erat,
920 5430 974 5474 et
1002 5421 1216 5495 quidem
1242 5423 1294 5474 in
1330 5422 1447 5474 loco
1476 5420 1813 5495 Pompeiaco,
1848 5418 1936 5495 ubi
1966 5418 2025 5474 S.

460 5489 769 5549 Vincentius
792 5505 978 5561 passus
1003 5489 1104 5546 est.
1133 5490 1241 5561 Nec
1262 5501 1518 5559 repugnat
1541 5492 1615 5542 rei
1639 5496 1806 5561 gestae
1834 5489 2022 5561 series,

456 5557 811 5620 Gundobaldo
835 5563 1030 5630 quippe
1057 5557 1353 5630 Burdigala:
1383 5557 1676 5625 existente,
1708 5557 2029 5621 Guntramni

456 5635 726 5689 exercitus
759 5648 824 5688 ex
857 5629 1072 5686 l’ictavo
1102 5629 1168 5683 ad
1198 5629 1519 5684 Dordoniam
1551 5630 1746 5681 llmneu
1774 5630 2018 5682 accessit.

457 5699 573 5767 Quo
599 5705 783 5757 nuntio
813 5702 1026 5756 territus
1052 5700 1431 5755 Guudobaldus
1450 5744 1463 5765 ,
1495 5699 1629 5767 apud
1659 5697 1937 5751 Couvcnas
1962 5714 2024 5754 se

458 5779 696 5839 recepit,
725 5789 834 5840 quo
862 5788 980 5824 cum
1013 5779 1283 5840 pergvret,
1318 5770 1632 5823 Gtmtranmi
1671 5768 1936 5840 exercitus
1967 5777 2023 5821 ut

460 5838 664 5897 hostem
718 5838 1127 5909 insequeretur,
1175 5858 1267 5910 per
1328 5841 1676 5908 Aginneucm
1735 5838 2017 5891 terminum

2137 4792 2354 4859 casione
2383 4792 2577 4842 milites
2618 4791 2899 4844 ecclesiam
2942 4794 3001 4845 S.
3051 4792 3311 4845 Vincentii
3352 4792 3713 4859 diripuerunt.

2139 4858 2273 4912 Tum
2307 4872 2696 4929 prosequentes
2726 4869 2960 4928 emptum
2990 4862 3091 4915 iter
3116 4862 3183 4915 ad
3214 4862 3410 4914 montis
3430 4858 3568 4925 ,icui
3615 4866 3719 4918 im-

2137 4930 2369 4996 positutn
2402 4939 2516 4983 erat
2546 4930 2858 4998 Lugdunum
2899 4933 3267 4984 Convenarum
3292 4973 3306 4993 ,
3338 4930 3549 4986 radices
3581 4949 3718 4998 per-

2138 5014 2365 5066 venere,
2411 5009 2467 5053 ut
2517 5010 2699 5055 narrat
2744 5001 3051 5068 Gregorius.
3091 5000 3221 5055 Vide
3270 5001 3359 5057 lib.
3409 5000 3478 5055 de
3530 5002 3717 5059 Gloria

2138 5068 2292 5121 Mart.
2340 5085 2458 5136 cap.
2511 5069 2632 5123 103.
2687 5071 2759 5123 De
2804 5070 2903 5123 hac
2940 5071 3191 5137 basilica,
3236 5082 3288 5124 et
3327 5073 3492 5125 altera
3538 5074 3717 5129 eidem

2138 5149 2323 5209 sancto
2354 5138 2698 5209 dicata,quas
2728 5150 3070 5194 exstruxerat
3096 5150 3187 5194 aut
3216 5140 3499 5193 adornaret
3534 5143 3712 5196 Leon-

2138 5207 2435 5280 t_ins_episc.
2470 5207 2765 5280 Burdigalae
2787 5249 2802 5274 ,
2835 5209 3156 5263 Fortunatus
3181 5209 3274 5280 lib.
3308 5226 3360 5275 I,
3396 5226 3562 5264 carm.
3601 5214 3635 5267 8
3660 5225 3716 5269 et

2137 5278 2190 5331 9.
2222 5278 2434 5350 Festum
2462 5278 2622 5350 hujus
2646 5278 2820 5333 Eancti
2851 5282 3040 5334 colitur
3064 5282 3151 5333 die
3178 5281 3208 5333 9
3238 5279 3403 5334 Junii.

2212 5358 2233 5417 ἒ
2273 5348 2360 5402 Sic
2382 5348 2607 5405 Colea.
2630 5351 2722 5403 alt.
2745 5366 2921 5403 manu.
2943 5350 3132 5404 Creteri
3151 5394 3165 5417 ,
3187 5352 3361 5403 semoti
3386 5369 3416 5403 a
3436 5352 3710 5407 seditione.

2207 5414 2233 5453 ⁶¹
2271 5417 2361 5473 Sic
2390 5419 2537 5490 Colb.
2588 5435 2640 5472 a.
2675 5421 2861 5487 licgm.
2885 5461 2899 5483 ,
2935 5420 3039 5473 Sed
3070 5414 3357 5490 etiplurimi
3384 5437 3560 5474 eorum
3590 5439 3717 5490 age—

2135 5488 2255 5540 bant
2284 5488 2473 5541 occulte
2495 5532 2509 5554 ,
2537 5498 2583 5542 et
2613 5490 2947 5558 loquebamur
2976 5507 3088 5543 cum
3116 5489 3482 5544 Gundobaldo.
3513 5488 3713 5546 (ἐξειδτί

2133 5572 2254 5611 cum
2290 5559 2827 5622 Bec.,Abscoudebaut
2857 5562 2992 5613 enim
3019 5577 3072 5614 se
3101 5561 3249 5612 multi
3269 5600 3283 5623 ,
3315 5568 3421 5614 etc.

2206 5637 2229 5664 ⁸
2270 5628 2399 5681 Hinc
2424 5631 2788 5683 clmraxaturre
2812 5629 2967 5683 dicta:
2994 5642 3117 5683 sunt
3141 5631 3433 5684 deletioues
3457 5646 3551 5684 seu
3581 5646 3714 5683 can-

2132 5696 2446 5751 cellationes
2474 5700 2783 5766 scriptun-ar,
2809 5711 2861 5753 et
2884 5702 3103 5753 maculae
3132 5702 3198 5754 ab
3228 5708 3551 5754 atramento.
3581 5702 3701 5757 vos

2132 5775 2503 5888 ltﬁzﬂrnielntum
2549 5769 2607 5825 S.
2657 5770 2918 5838 Remigii,
2966 5780 3020 5825 et
3061 5770 3298 5851 Margull.
3349 5771 3441 5825 lih.
3494 5774 3569 5837 tl,
3603 5772 3693 5826 fec

2132 5852 2271 5890 muta
2308 5852 2389 5891 II.
