3966 6348
199 406 312 462 ιιι

1098 400 1412 455 HlSTORlA
1456 396 1897 454 FRANCORUM.
1934 394 2137 450 LIBER
2174 393 2536 453 SEPTIMUS.

3358 387 3461 447 με

196 532 311 589 pus
342 515 467 569 visi.
510 514 647 568 Aule
686 512 784 568 hos
815 513 957 568 enim
998 528 1167 568 annos
1196 528 1315 568 cum
1347 512 1785 569 Guntchramnus
1814 519 1863 578 Α
1888 510 2062 578 posito
2089 511 2207 579 igne
2234 511 2285 563 in
2314 508 2556 565 ecclesiae
2598 509 2779 573 domo,
2803 507 3242 563 concurrentibus
3273 507 3341 562 ad
3382 509 3461 562 in-

197 609 353 663 Boso
394 602 910 671 Constantinopolim
962 603 1216 671 abiisset,
1272 614 1321 657 et
1375 618 1476 672 ego
1522 600 1785 655 sollicitus

193 715 399 759 causas
412 699 631 752 fratrum
650 709 888 750 meorum
904 693 1187 763 diligenter
1199 692 1445 757 ritnarer,
1460 690 1683 761 cognovi
1697 702 1787 757 ge-

196 798 538 853 nerationem
567 800 803 846 nostram
829 787 982 842 valde
1006 794 1329 841 attenualam
1348 827 1361 849 ,
1384 798 1484 838 uec
1508 796 1787 852 superesse

197 886 272 941 de
296 886 464 952 stirpe
486 892 686 944 nostra,
704 876 1217 932 nisiChildebertum
1235 885 1289 928 et
1311 872 1785 937 Guntchramnum,

200 975 432 1029 fratrem
480 971 715 1035 scilicet,
768 976 822 1022 et
859 965 1039 1021 fratris
1081 965 1187 1019 mei
1248 962 1436 1016 lilium.
1482 960 1597 1015 Filii
1643 959 1785 1014 enim

200 1061 497 1131 Chilperici
542 1059 684 1129 regis
723 1072 841 1112 cum
886 1057 1001 1124 ipso
1044 1055 1392 1117 interierant,
1436 1065 1541 1104 uno
1583 1059 1786 1103 tantum

202 1155 435 1226 parvulo
459 1152 715 1209 derelicto
739 1159 789 1204 ⁸.
812 1149 1245 1204 Guntchramnus
1270 1145 1429 1215 363
1455 1143 1618 1197 frater
1640 1157 1789 1197 meus

206 1250 355 1303 tilias
385 1262 488 1300 non
521 1244 750 1299 habebat
776 1258 790 1308 ;
822 1240 1201 1296 Childebertus
1232 1250 1397 1304 nepos
1438 1243 1641 1300 uoster,
1689 1233 1790 1287 mi-

206 1340 357 1394 nime
386 1337 536 1390 fortis
564 1342 701 1389 erat.
733 1332 883 1387 Tunc
910 1328 1348 1386 Guntchramnus
1380 1325 1516 1378 Boso
1546 1324 1632 1377 his
1659 1322 1785 1379 mihi

206 1432 496 1499 diligenter
539 1424 829 1492 expositis,
882 1420 1121 1475 invitavit
1165 1432 1283 1482 me,
1336 1416 1561 1469 dicens:
1608 1413 1777 1477 Veni,

207 1522 333 1591 quia
366 1521 434 1575 ab
459 1517 706 1572 omnibus
744 1512 891 1583 regni
932 1511 1073 1580 regis
1102 1507 1424 1564 Childebcrti
1452 1505 1781 1575 principibus

208 1612 484 1677 invitaris,
518 1624 617 1665 nec
642 1608 925 1678 quisquam
956 1614 1143 1659 contra
1174 1613 1225 1657 te
1256 1602 1449 1656 mutire
1478 1613 1641 1653 ausus
1670 1606 1775 1653 est.

174 1708 428 1764 'Scimus
467 1705 611 1759 enim
652 1714 841 1755 omnes
882 1708 935 1753 te
977 1697 1143 1750 lilium
1182 1709 1302 1749 esse
1345 1690 1785 1755 Chlothacharii;

211 1815 313 1854 nec
340 1798 597 1853 remansit
627 1797 679 1849 in
710 1793 894 1849 Galliis
923 1792 1009 1861 qui
1040 1805 1263 1858 regnum
1296 1786 1424 1842 illud
1456 1800 1639 1855 regere
1668 1797 1792 1854 pos-

1889 599 2134 653 cendium
2165 600 2505 669 mitigandum
2530 599 2749 654 inclusis
2768 608 2814 665 ε,
2839 599 2928 653 ille
2949 599 3065 668 fuga
3088 599 3461 669 dilapsus‘abs-

1888 691 2069 746 cessit.
2103 692 2255 745 Mane
2290 703 2466 745 autem
2510 691 2670 755 facto,
2698 690 2967 745 exercitus
2994 691 3185 744 iterum
3215 689 3278 742 ad
3317 689 3456 744 bella

1889 785 2182 853 consurgit,
2208 800 2270 837 ac
2301 800 2364 838 ex
2392 783 2555 852 virgis
2587 784 2758 838 fasces
2790 783 3011 847 faciunt,
3035 781 3187 849 quasi
3218 781 3283 834 ad
3312 796 3464 836 com-

1890 874 2137 944 plcudam
2193 875 2384 929 vallem
2439 874 2784 941 profundam.
2815 888 2935 943 quae
2973 888 3003 927 a
3044 880 3193 941 parte
3233 873 3465 926 Orientis

1891 966 1993 1019 sita
2027 976 2141 1019 erat
2173 982 2185 1018 :
2216 965 2311 1020 sed
2343 979 2539 1018 nocere
2567 964 2681 1018 hare
2712 965 2954 1017 machina
2988 963 3117 1017 nihil
3147 963 3339 1032 p0tuit.
3368 961 3467 1017 Sa-

1891 1057 2139 1127 gittarius
2165 1071 2295 1110 vero
2322 1057 2607 1124 episcopus
2636 1056 2961 1125 frequentius
3002 1069 3181 1108 muros
3221 1069 3339 1106 cum
3383 1067 3467 1105 ar-

1891 1148 1991 1201 mis
2038 1145 2391 1211 circumibat,
2439 1155 2490 1200 et
2536 1147 2729 1214 saepius
2777 1144 2979 1215 lapides
3024 1152 3207 1199 contra
3249 1143 3459 1197 hostem

1894 1251 2051 1290 manu
2086 1236 2300 1304 propria
2326 1235 2456 1304 jeclt
2481 1250 2511 1289 e
2540 1250 2715 1288 tnuro.

1965 1325 2253 1380 XXXVIII.
2281 1324 2517 1393 Denique
2541 1325 2575 1378 ii
2598 1325 2685 1393 qui
2710 1323 2893 1376 urbem
2918 1321 3322 1391 impugnabant,
3346 1334 3467 1374 cum

1891 1420 2136 1474 viderent
2161 1419 2303 1487 quod
2333 1418 2464 1472 nihil
2487 1415 2743 1485 prolicere
2766 1424 3013 1483 possent,
3043 1413 3257 1466 nuntios
3284 1412 3467 1465 occul-

1894 1522 1976 1567 tos
2016 1512 2083 1566 ad
2126 1511 2466 1565 Mummolum
2510 1509 2775 1577 dirigunt,
2809 1507 3087 1560 dicentes:
3126 1504 3468 1575 Recognosce

1892 1602 2166 1656 dominum
2206 1609 2354 1655 tuum
2380 1644 2393 1668 ,
2424 1608 2477 1654 et
2516 1614 2545 1651 a
2594 1599 2938 1667 perversitate
2980 1598 3076 1649 i<ta
3123 1595 3334 1648 tandem
3374 1593 3469 1645 ali-

1894 1690 2106 1758 quando
2154 1690 2373 1743 desiste.
2425 1688 2554 1754 Qua:
2601 1688 2744 1741 enim
2793 1696 2844 1740 te
2889 1685 3118 1739 amentia
3165 1684 3359 1749 vallat,
3412 1691 3469 1735 ut

1896 1784 2076 1850 ignoto
2106 1779 2307 1833 homini
2337 1776 2713 1847 subjungaris?
2746 1776 2888 1830 Uxor
2915 1774 3056 1828 enim
3088 1782 3173 1825 tua
3199 1772 3308 1840 jam
3336 1786 3458 1824 cum

209 1892 317 1952 sit,
366 1888 465 1943 nisi
517 1899 569 1940 tu
617 1885 890 1942 advenias.
939 1884 1007 1937 At
1048 1896 1148 1950 ego
1194 1880 1334 1935 datis
1382 1880 1430 1933 ei
1463 1877 1644 1931 multis
1672 1892 1790 1929 mu-
1821 1886 1867 1944 Β
1896 1873 2017 1927 liliis
2048 1874 2312 1940 captivata
2344 1880 2466 1934 est;
2496 1866 2589 1920 lilii
2622 1867 2695 1920 tui
2735 1874 2791 1919 ut
2833 1874 2957 1933 pote
2989 1861 3009 1901 τ
3038 1863 3150 1932 jam
3196 1858 3462 1914 interfecti

211 1982 463 2046 uerihus,
524 1994 620 2048 per
672 1976 950 2031 duodecim
1000 1974 1114 2028 loca
1168 1981 1352 2026 sancta
1394 1969 1461 2023 ab
1504 1982 1569 2022 eo
1612 1965 1788 2021 susci-

212 2075 299 2143 pio
350 2079 718 2133 sacramenta,
769 2074 827 2121 ut
890 2077 1112 2120 securus
1169 2062 1222 2116 in
1266 2062 1367 2114 hoc
1433 2071 1651 2128 regnum
1702 2069 1791 2108 ac-

211 2166 483 2223 cederem.
536 2160 664 2217 Veni
716 2159 857 2214 enim
911 2157 1198 2212 Massiliam
1227 2198 1241 2223 ,
1286 2155 1468 2222 ibique
1517 2166 1603 2205 me
1650 2149 1792 2218 epis-

210 2272 379 2325 copus
422 2267 625 2308 summa
672 2250 997 2320 benignitate
1028 2244 1263 2313 suscepit
1299 2260 1313 2297 :
1371 2242 1601 2296 habebat
1645 2238 1788 2294 enim

213 2352 415 2414 scripta
460 2346 734 2402 seniorum
771 2342 919 2411 regni
964 2339 1173 2409 nepetis
1214 2338 1340 2392 mei.
1382 2335 1462 2389 Ex
1506 2334 1607 2389 hoc
1648 2334 1787 2387 enim

214 2441 537 2499 Aviniouem
586 2435 787 2491 accessi
832 2433 983 2504 juxta
1025 2431 1215 2500 placita
1253 2426 1455 2497 patricii
1494 2421 1786 2478 Muunnoli.

211 2530 647 2588 Cuntehramnus
670 2541 794 2580 vero
822 2525 1103 2578 immemor
1128 2516 1451 2575 sacramenti
1477 2530 1542 2570 ac
1566 2513 1792 2583 promis-

210 2623 376 2678 sionis
406 2635 555 2686 sum,
586 2617 872 2672 thesauros
905 2625 1055 2667 meos
1084 2610 1337 2676 abstulit,
1368 2619 1422 2663 et
1451 2608 1503 2661 in
1534 2621 1683 2659 suam
1712 2604 1793 2658 di-

211 2718 411 2771 tionem
454 2712 686 2781 subegit.
728 2709 881 2763 Nuuc
917 2716 1093 2760 autem
1136 2702 1505 2772 recognoscite
1532 2700 1652 2768 quia
1692 2710 1791 2766 ego

209 2826 325 2866 sum
357 2823 453 2863 rex
477 2848 493 2873 ,
526 2805 665 2859 sicut
693 2812 747 2858 et
791 2800 956 2855 frater
999 2812 1151 2853 uicus
1187 2794 1639 2851 Guntchramnus.
1688 2789 1793 2845 Ta-

212 2916 332 2956 men
366 2898 411 2952 si
448 2906 595 2951 tanto
626 2893 749 2949 odio
789 2906 942 2946 mens
969 2898 1141 2944 vestra
1180 2875 1472 2957 grassatur,
1501 2884 1586 2938 vel
1616 2880 1680 2936 ad
1710 2898 1793 2936 re-

212 3006 329 3061 gem
374 2995 617 3043 vestrum
650 2983 883 3037 deducar
908 3022 921 3047 ,
964 2990 1018 3035 et
1048 2980 1093 3032 si
1122 2994 1207 3033 me
1232 2977 1499 3046 cognoscit
1533 2974 1746 3027 fratrem
1774 3013 1789 3037 ,

212 3079 351 3149 quod
382 3075 618 3131 voluerit
649 3073 825 3130 faciat.
857 3073 1013 3126 Certe
1042 3070 1084 3123 si
1112 3084 1213 3123 nec
1244 3069 1346 3122 hoc
1378 3064 1675 3129 volueritis,
1709 3061 1791 3126 vel

214 3174 372 3226 liceat
398 3166 531 3223 mihi
565 3166 809 3236 regredi,
833 3164 973 3217 unde
1003 3161 1153 3229 prius
1181 3172 1428 3227 egressus
1457 3171 1594 3211 sum.
1620 3154 1792 3210 Abibo

1894 1973 2037 2016 sunt.
2063 1962 2180 2028 Quo
2204 1960 2350 2014 ruis?
2373 1958 2569 2028 quidve
2602 1956 2941 2025 prmstolaris,
2972 1954 3071 2005 nisi
3104 1953 3178 2005 uti
3207 1951 3465 2005 corruas?

1895 2052 2114 2107 llaacille
2133 2050 2377 2105 mandata
2391 2048 2657 2117 accipiens
2669 2045 2974 2107 dixit:.lam,
2991 2054 3043 2097 ut
3061 2043 3231 2105 video,
3249 2057 3467 2112 regnum

1897 2153 2139 2200 nostrum
2176 2142 2335 2195 finem
2365 2139 2593 2207 accipit,
2626 2147 2679 2191 et
2708 2136 2943 2206 potentia
2976 2133 3134 2189 cadit.
3173 2132 3343 2187 Unum
3377 2147 3470 2184 su-

1896 2245 2105 2304 perest,
2135 2234 2178 2286 si
2204 2232 2545 2286 securitatem
2576 2228 2697 2281 vita:
2728 2244 2811 2281 me
2842 2226 3039 2279 habere
3065 2238 3462 2291 Cognoscerem.

1893 2326 1961 2380 de
1993 2325 2163 2377 multo
2200 2337 2293 2375 vos
2325 2320 2505 2375 labore
2533 2326 2771 2388 poteram
2804 2328 3099 2370 removere.
3136 2314 3464 2367 Discedenti-

1892 2418 1991 2473 bus
2020 2415 2247 2480 nuutiis,
2293 2412 2609 2482 Sagittarius
2649 2411 2933 2480 episcopus
2973 2421 3093 2460 cum
3138 2404 3464 2470 Mummolo,

1892 2507 2166 2565 Chariulfo
2187 2518 2346 2577 atque
2368 2505 2645 2560 Waddone
2676 2503 2740 2556 ad
2767 2499 3049 2556 ecclesiam
3074 2499 3244 2568 pergit
3291 2496 3472 2567 ibique

1892 2600 1995 2655 sibi
2022 2600 2249 2653 invicem
2274 2606 2602 2652 sacramenta
2635 2592 2916 2657 dederunt,
2945 2601 3002 2644 ut
3028 2590 3072 2643 si
3102 2589 3169 2643 de
3202 2598 3321 2641 vita:
3353 2603 3474 2656 pro-

1893 2691 2151 2746 missione
2191 2688 2450 2743 certiores
2493 2685 2718 2751 fierent,
2760 2684 2942 2736 relicta
2982 2679 3216 2733 amicitia
3257 2678 3473 2733 Gundo-

1892 2783 2031 2836 valdi
2050 2823 2065 2847 ,
2094 2782 2265 2849 ipsum
2291 2778 2531 2832 hostibus
2553 2776 2848 2829 traderent.
2876 2772 3096 2827 Reversi
3119 2770 3313 2825 iterum
3337 2786 3474 2824 nuu-

1894 2876 1983 2940 tii,
2031 2874 2393 2943 promiserunt
2441 2868 2520 2924 eis
2565 2869 2687 2923 vitm
2734 2867 3097 2921 securitatem.
3150 2863 3475 2917 Mummolus

1891 2982 2019 3023 vero
2044 2968 2213 3021 dixit:
2248 2965 2362 3019 Hoc
2391 2972 2594 3017 tantum
2625 2961 2747 3026 fiat,
2773 2974 2872 3029 ego
2900 2958 3042 3011 hunc
3086 2956 3140 3009 in
3170 2970 3330 3009 manu
3384 2969 3474 3007 ve-

1891 3068 2005 3115 stra
2055 3055 2284 3121 tradam,
2308 3064 2365 3110 et
2403 3069 2504 3125 ego
2546 3064 2936 3122 recognoscens
2973 3047 3247 3102 dominum
3290 3059 3466 3099 meum

1894 3166 2112 3220 regem,
2163 3149 2231 3202 ad
2281 3147 2399 3217 ejus
2448 3142 2787 3214 pnescutiam
2831 3139 3148 3209 properabo.
3199 3137 3350 3190 Tunc
3396 3135 3471 3188 illi

213 3262 352 3317 enim
372 3300 386 3324 ,
417 3268 471 3314 et
499 3256 631 3311 nulli
665 3253 955 3324 quidquam
987 3251 1195 3320 injuria:
1228 3249 1475 3303 inferam.
1505 3248 1705 3301 Tamen
1738 3253 1793 3299 ut
1819 3248 1867 3311 ο
1899 3245 2250 3316 promittunt,
2283 3239 2423 3309 quod
2451 3237 2496 3291 si
2527 3238 2641 3289 haec
2672 3233 2952 3301 impleret,
2993 3230 3165 3298 ipsqu
3209 3228 3259 3281 in
3296 3227 3475 3279 chari-

213 3354 394 3410 sciatis
428 3364 551 3406 vera
579 3362 698 3403 esse
729 3361 849 3416 qua:
879 3344 999 3398 dico
1020 3383 1035 3407 ,
1065 3342 1442 3409 Radegundem
1490 3341 1753 3394 Pictavam
1773 3376 1790 3404 ,

220 3455 273 3498 et
304 3438 643 3512 lngetrudem
674 3435 699 3475 δ
730 3435 1048 3489 Turouicam
1082 3433 1406 3502 interrogate
1436 3446 1450 3483 :
1482 3430 1609 3499 ipsa:
1648 3429 1793 3483 enim

216 3534 367 3588 vobis
412 3528 756 3586 afﬁrmabant
800 3535 944 3581 certa
983 3538 1103 3578 esse
1141 3537 1261 3592 quae
1312 3522 1517 3589 loquor.
1565 3518 1688 3572 flare
1730 3530 1796 3571 eo

216 3624 451 3689 dicente,
474 3619 627 3695 multi
648 3632 767 3673 cum
793 3613 1048 3671 conviciis
1074 3623 1128 3669 et
1150 3610 1480 3681 imprOperiis
1504 3610 1616 3663 htcc
1638 3623 1716 3662 vet
1732 3606 1796 3660 ha

218 3712 707 3785 prosequebantur.

288 3801 559 3859 XXXVII.
598 3800 824 3867 Quintus
853 3805 909 3854 et
935 3796 1175 3852 decimus
1206 3794 1259 3850 in
1290 3794 1390 3848 hac
1418 3791 1699 3848 obsidione
1724 3788 1801 3842 ef-

221 3897 449 3955 fulserat
475 3895 625 3961 dies,
656 3902 711 3948 et
741 3888 1109 3959 Leudegisilus
1137 3901 1301 3943 novas
1329 3886 1395 3939 ad
1424 3882 1821 3939 destruendam.

223 3988 409 4045 urbem
465 3985 742 4040 machinas
804 3980 1174 4049 praeparabat:
1220 3972 1450 4045 plaustra
1494 3974 1635 4027 enim
1683 3985 1801 4025 cum

224 4080 515 4143 arietibus,
558 4073 775 4130 clitellis
814 4066 865 4125 'et
895 4070 1082 4123 axibus
1112 4078 1263 4120 erant
1293 4074 1435 4120 texta
1471 4074 1492 4101 ε
1519 4104 1535 4128 ,
1567 4063 1666 4116 sub
1691 4062 1808 4128 qui-

226 4173 323 4226 bus
351 4169 628 4226 exercitus
658 4171 976 4235 properaret
1001 4158 1068 4213 ad
1094 4156 1448 4213 destruendus
1472 4168 1674 4208 muros.
1701 4150 1806 4206 Sed

226 4280 345 4319 eum
367 4258 924 4331 appropinquassent,
950 4253 1022 4306 ita
1045 4250 1314 4320 lapidibus
1342 4247 1729 4309 obruebantur,
1754 4253 1811 4297 ut

230 4370 415 4410 omnes
466 4352 959 4422 appropinquantes
1013 4359 1169 4401 muro
1207 4349 1543 4397 corruerent.
1599 4338 1813 4406 Cuppas

235 4460 355 4501 cum
388 4442 512 4513 pice
543 4451 597 4497 et
622 4440 778 4508 adipe
822 4450 1079 4493 accensas
1122 4446 1284 4501 supra
1312 4444 1406 4487 eos
1437 4429 1808 4499 projicientes,

230 4539 365 4593 alias
406 4548 539 4590 vero
588 4533 854 4601 lapidibus
901 4530 1086 4600 plenas
1138 4540 1303 4593 super
1327 4539 1420 4579 eos
1469 4520 1810 4591 dejiciebaut.

1898 3348 2005 3393 tate
2048 3336 2413 3403 susciperent,
2457 3339 2509 3383 et
2545 3329 2588 3382 si
2627 3342 2748 3382 eum
2779 3324 2888 3395 regi
2921 3336 3178 3377 excusare
3206 3336 3311 3373 non
3344 3334 3471 3386 pos-

1896 3439 2037 3492 sent,
2073 3429 2123 3481 in
2154 3424 2433 3480 ecclesiam
2466 3427 2741 3489 ponerent,
2769 3432 2835 3470 ne
2867 3415 2989 3467 vitae
3019 3411 3306 3465 amissione
3337 3408 3474 3461 mul-

1898 3529 2158 3578 ctaretur.
2195 3516 2315 3570 llaec
2354 3528 2475 3567 cum
2513 3507 2833 3565 sacramenti
2871 3504 3030 3576 365
3062 3498 3471 3569 interpositione

1899 3615 2159 3686 polliciti,
2189 3612 2575 3665 discesserunt.
2611 3604 2925 3659 Mummolus
2964 3614 3094 3654 vero
3134 3613 3254 3653 cum
3298 3595 3472 3663 Sagit-

1904 3708 2039 3765 tario
2069 3706 2322 3775 episcopo
2351 3709 2406 3756 et
2431 3699 2706 3753 Waddone
2735 3695 2800 3750 ad
2826 3690 3229 3748 Gunduvaldum
3259 3704 3481 3758 pergen-

1905 3808 2032 3862 tes,
2092 3797 2388 3850 dixerunt:
2443 3791 2789 3847 Sacramenta
2850 3783 3119 3839 fidelitatis
3162 3781 3338 3851 qualia
3388 3780 3483 3836 tibi

1903 3889 2188 3953 dedimus,
2232 3886 2350 3954 ipse
2393 3881 2484 3954 qui
2532 3895 2767 3950 praesens
2810 3893 2869 3933 es
2906 3876 3068 3930 nosti.
3117 3874 3264 3928 Nunc
3304 3881 3482 3928 autem

1904 3981 2087 4049 accipe
2130 3976 2349 4033 salubre
2385 3973 2669 4029 consilium
2696 3989 2711 4025 :
2741 3968 2961 4024 discede
2991 3967 3058 4019 ab
3086 3965 3186 4020 hac
3218 3966 3350 4018 urbe
3371 4003 3387 4027 ,
3432 3970 3483 4016 et

1906 4078 2296 4141 reprtesentare
2340 4066 2489 4119 fratri
2538 4076 2665 4129 tuo,
2710 4064 2849 4115 sicut
2886 4073 3029 4125 saepe
3068 4056 3327 4126 quazsisti.
3370 4054 3485 4114 Jam

1908 4164 2050 4219 enim
2094 4177 2213 4215 cum
2258 4160 2338 4212 his
2380 4157 2688 4211 hominibus
2727 4152 2979 4209 collocuti
3023 4164 3242 4211 Sumus,
3289 4158 3339 4202 et
3381 4147 3481 4215 ipsi

1908 4256 2183 4317 dixerunt,
2204 4251 2325 4321 quia
2356 4264 2462 4302 non
2490 4248 2605 4301 vult
2634 4261 2725 4300 rex
2752 4244 2978 4313 perdere
3009 4242 3257 4295 solatium
3297 4250 3443 4291 tuum
3467 4276 3486 4304 ,

1912 4362 1979 4402 eo
2020 4343 2163 4413 quod
2206 4354 2391 4410 parum
2435 4338 2502 4392 de
2546 4334 2887 4407 generatione
2927 4341 3102 4385 vestra
3146 4328 3489 4384 remanserit.

1914 4440 1983 4493 At
2013 4436 2105 4491 ille
2133 4420 2434 4501 intelligens
2460 4430 2642 4484 dolum
2676 4441 2860 4481 eorum
2883 4466 2897 4488 ,
2930 4423 3181 4494 lacrymis
3215 4419 3491 4490 perfusus,

1916 4531 2032 4585 ait:
2063 4527 2381 4582 Iuvitatione
2411 4533 2591 4578 vestra
2623 4521 2676 4576 in
2709 4519 2804 4573 has
2842 4517 3043 4573 Gallias
3084 4530 3201 4568 sum
3240 4512 3493 4577 delatus;

241 4628 349 4685 Sed
379 4642 502 4682 cum
531 4638 635 4680 nox
667 4622 958 4678 certamina
990 4617 1341 4688 prohiberet,
1375 4616 1554 4667 hostes
1595 4611 1659 4665 ad
1701 4625 1798 4665 cas

1926 4621 2300 4676 thesaurorum
2348 4629 2477 4670 vero
2525 4624 2798 4674 meorum,
2848 4609 2901 4661 iu
2945 4606 3135 4675 quibus
3180 4605 3498 4657 immensum

238 4732 314 4775 tra
344 4718 574 4788 regressi
605 4724 747 4771 sunt.
781 4715 907 4767 Erat
930 4722 1107 4767 autem
1140 4726 1257 4765 eum
1281 4705 1629 4763 Gundovaldo
1656 4702 1817 4774 364

236 4826 290 4866 et
333 4810 642 4865 Chariulfus
684 4804 735 4872 ἀ,
781 4805 938 4858 valde
985 4804 1133 4857 dives
1173 4817 1234 4856 ac
1284 4809 1617 4868 pra'potens,
1667 4795 1818 4863 cujus

237 4902 514 4971 apothecis
552 4914 615 4953 ac
658 4895 1046 4967 promptuariis
1086 4894 1211 4946 urbs
1248 4890 1406 4944 valde
1446 4890 1637 4941 referta
1664 4894 1815 4938 erat:

239 4997 306 5049 de
328 4994 484 5063 cujus
509 4989 804 5046 substantia
847 4986 902 5040 hi
950 4986 1182 5038 maxime
1220 4982 1516 5035 alebantur.
1546 4976 1818 5030 Bladastes

239 5097 416 5141 autem
467 5086 582 5136 haec
629 5094 857 5134 cernens
906 5091 1026 5146 qua:
1067 5074 1408 5142 gerebantur,
1457 5080 1704 5124 metuens
1753 5079 1819 5118 ne

243 5176 611 5247 Leudegisilus
638 5174 855 5228 obtenta
878 5165 1103 5221 victoria
1130 5178 1223 5219 eos
1254 5163 1408 5218 morti
1440 5161 1691 5222 traderet,
1722 5155 1822 5210 im-

319 5343 348 5369 ⁸
388 5332 453 5385 Et
483 5340 657 5383 tamen
682 5341 747 5381 ex
780 5325 920 5379 libro
951 5337 998 5374 VI
1028 5361 1041 5382 ,
1069 5334 1189 5386 cap.
1221 5315 1325 5380 2/5,
1355 5309 1819 5386 Gundobaldusin

241 5380 452 5459 Gallia—s
480 5380 785 5453 accesserat
823 5406 946 5448 ante
996 5380 1283 5458 Chilperici
1342 5386 1635 5439 interitum.
1694 5380 1824 5434 Vide

240 5488 404 5541 supra
434 5485 553 5539 Cap.
585 5467 675 5519 5‘2.

315 5540 345 5599 δ
386 5561 539 5615 Colb.
575 5573 623 5611 a.
654 5567 709 5613 et
740 5556 889 5619 Bec.,
924 5552 1281 5622 Ingotrudent.
1313 5546 1605 5622 Colb._m.,
1641 5540 1819 5622 Intro-

242 5612 511 5705 gundonr:
528 5612 752 5705 lieng
785 5612 1185 5705 Iatragu'ndam.
1369 5627 1447 5671 est
1469 5612 1780 5705 lngeltrndis
1806 5650 1821 5690 τ

240 5682 368 5773 qua:
417 5682 800 5773 tuonaslueriu'm
852 5698 903 5748 in
938 5682 1083 5773 atrio
1130 5690 1370 5773 basilica;
1402 5682 1570 5765 sancti
1612 5682 1819 5737 Martini

242 5756 596 5830 condiderat:
624 5771 690 5823 de
719 5783 821 5837 qua
852 5765 1045 5833 smpius
1074 5761 1304 5831 loquitur
1333 5756 1641 5824 Gregorius.

314 5863 337 5885 "
386 5866 473 5921 Sic
513 5865 637 5919 Bec.
676 5877 797 5916 cum
835 5858 1032 5919 editis;
1074 5854 1197 5916 alii,
1241 5862 1403 5911 tecta;
1443 5846 1596 5903 Colb.
1639 5862 1687 5899 a.
1731 5845 1823 5898 alt.

1924 4712 2134 4782 pondus
2180 4707 2389 4777 argenti
2433 4704 2739 4759 continetur
2783 4707 2841 4753 et
2886 4697 3035 4763 auri,
3065 4710 3129 4749 ac
3166 4695 3498 4749 diversarum

1923 4804 2255 4872 specierum,
2280 4796 2476 4866 aliquid
2507 4795 2558 4849 in
2599 4791 2868 4847 Avcunica
2899 4788 3030 4843 urbe
3073 4784 3360 4845 retinetur,
3405 4782 3501 4834 ali-

1924 4896 2049 4967 quid
2073 4894 2509 4950 Guntchratunus
2528 4886 2666 4939 Boso
2682 4881 2922 4945 diripuit.
2952 4878 3061 4945 Ego
3081 4890 3208 4928 vero
3235 4874 3383 4941 juxta
3409 4872 3501 4924 Dei

1925 4988 2211 5051 auxilium,
2245 4999 2340 5053 spe
2365 4979 2513 5035 omni
2554 4979 2608 5032 iu
2639 4973 2792 5027 vobis
2818 4970 3011 5039 posita,
3038 4966 3188 5020 vobis
3215 4962 3499 5017 consilium

1929 5094 2106 5134 meum
2131 5073 2362 5136 credidi,
2390 5085 2484 5139 per
2509 5080 2606 5121 vos
2634 5076 2858 5132 regnare
2887 5072 3099 5125 semper
3121 5054 3327 5123 optavi.
3355 5053 3505 5107 Nunc

1927 5185 2048 5225 cum
2084 5169 2196 5222 Deo
2226 5164 2376 5219 vobis
2405 5162 2475 5215 sit
2501 5159 2644 5213 actio
2669 5197 2683 5222 ,
2714 5154 2760 5208 si
2789 5151 2915 5222 quid
2945 5148 3076 5205 utihi
3117 5145 3380 5202 mendacii
3424 5145 3506 5198 di-

1929 5319 2087 5359 manu
2102 5342 2117 5365 ,
2153 5307 2281 5353 tecta
2312 5302 2475 5349 erant.

1999 5394 2027 5433 σι
2064 5362 2219 5447 (ξυιυ.
2251 5405 2324 5443 m.
2358 5395 2412 5440 et
2438 5383 2635 5438 Chcsn.
2664 5379 2734 5433 al.
2755 5422 2769 5445 ,
2813 5375 3081 5447 Ariulfus;
3110 5370 3257 5447 infra
3293 5362 3507 5421 Horis!-

1925 5469 2007 5539 fus
2033 5482 2052 5532 ;
2270 5457 2582 5525 Mariulfus,
2614 5452 2709 5506 sed
2737 5443 2870 5503 infra
2894 5488 2907 5511 ,
2941 5443 3227 5510 Cariulfus.

2001 5570 2024 5597 ε
2062 5556 2212 5611 Coll).
2246 5568 2321 5615 a.,
2363 5548 2591 5603 inclusus
2634 5545 2755 5603 ille.
2797 5549 2850 5595 et
2894 5537 3017 5609 post'
3057 5528 3463 5589 concurrentibus
3490 5566 3509 5592 ,

1927 5632 2021 5685 alt.
2056 5643 2212 5682 manu
2245 5622 2480 5677 additum
2509 5627 2589 5673 est
2616 5615 2863 5669 omnibus.

1937 5790 1947 5800 ο
2006 5722 2023 5761 ί
2068 5721 2221 5776 Golb.
2253 5734 2304 5773 a.
2327 5758 2344 5782 ,
2379 5725 2433 5771 ut
2464 5722 2611 5785 pulo.
2659 5709 2850 5776 Regtu.
2872 5741 2886 5768 ,
2920 5711 2989 5768 et,
3018 5707 3069 5750 ut
3096 5693 3246 5747 credo
3274 5732 3288 5757 ,
3317 5689 3414 5760 ﬁiii
3443 5700 3516 5745 tut

1920 5807 2032 5859 1am
2048 5831 2064 5857 ,
2093 5801 2198 5848 ulc.
