3966 6348
435 307 543 366 445

1421 305 1480 363 S.
1522 304 1844 362 ϐιιιςϐυιιιι
1889 303 2186 361 ΕΙῚΞΟΟΡΙ
2226 302 2654 361 TURONENSIS

3582 299 3692 356 ιιι

436 419 661 475 xeritls:
704 417 819 487 ipse
862 414 1005 472 enim
1041 412 1248 487 judicet
1290 432 1509 473 causam
1554 436 1752 475 meam.
1788 421 1913 473 lla'c
1949 434 2014 473 eo
2042 420 2091 477 Δ
2119 426 2176 471 ut
2203 418 2377 481 video,
2424 419 2493 473 de
2522 419 2623 473 fide
2656 417 2911 487 promissa
2944 424 3221 483 servatur,
3250 431 3370 471 nam
3399 430 3565 471 cerno
3606 434 3693 475 me

436 514 675 575 dicente,
707 509 984 577 respondit
1028 509 1383 564 Mummolus:
1428 509 1569 564 Nihil
1615 512 1709 565 tibi
1749 510 2013 566 fallaciter

438 603 728 671 loquimur,
760 602 853 656 sed
884 616 1009 656 ecce
1036 602 1182 656 viros
1212 601 1537 656 fortissimos
1568 613 1771 656 stantes
1797 603 1861 657 ad
1894 620 2015 670 por-

441 703 549 747 tam
595 702 742 746 tuum
807 693 1112 761 operientes
1169 692 1475 748 adventum.
1524 693 1674 746 Nunc
1710 702 1886 748 autem
1923 694 2014 749 de-

443 798 585 850 pone
614 783 888 837 baltheum
917 797 1091 835 meum
1121 796 1339 836 aureum
1370 796 1477 850 quo
1516 782 1776 852 cingeris,
1818 798 1886 838 ne
1921 786 2015 838 vi-

443 875 623 927 dearis
656 875 706 926 in
734 873 990 942 jactantia
1024 872 1345 942 procedere,
1372 881 1428 927 et
1465 880 1611 926 tuum
1652 874 1868 941 accinge
1904 874 2015 941 gla-

441 967 588 1020 dium
610 1007 624 1029 ,
656 981 941 1035 meumque
967 968 1213 1021 restitue.
1262 967 1326 1019 Et
1366 964 1494 1019 ille:
1538 964 1653 1019 Non
1682 966 2014 1035 simpliciter,

448 1057 656 1123 inquit,
687 1056 799 1109 haec
830 1055 990 1109 verba
1020 1056 1273 1124 suscipio,
1308 1063 1365 1107 ut
1391 1070 1452 1108 ea
1482 1070 1598 1123 quae
1626 1055 1693 1110 de
1722 1057 1825 1110 tuis
1852 1070 2019 1125 usque

446 1161 590 1200 nunc
642 1148 694 1199 in
744 1145 1006 1200 charitate
1055 1154 1081 1181 ι
1119 1161 1243 1198 usus
1281 1159 1430 1212 sum,
1475 1159 1504 1198 a
1551 1160 1637 1199 me
1687 1144 2015 1201 auferantur.

453 1236 777 1290 Mummolus
804 1250 932 1289 vero
953 1234 1229 1289 asserebat
1250 1249 1369 1288 cum
1418 1235 1755 1303 juramento,
1798 1234 1926 1290 nihil
1968 1238 2017 1291 ei

446 1327 674 1389 moleste
716 1325 850 1379 fieri.
895 1324 1105 1394 Egressi
1147 1324 1305 1395 igitur
1335 1331 1540 1393 portam
1561 1367 1577 1392 ,
1610 1324 1677 1379 ab
1706 1324 1898 1380 Olloue
1928 1326 2015 1380 Bi-

448 1417 679 1486 turigum
709 1416 906 1471 comite
936 1423 991 1470 et
1020 1415 1231 1469 Bosone
1259 1424 1537 1484 susceptus
1564 1424 1666 1469 est.
1697 1415 2017 1470 Mummolus

450 1520 628 1565 autem
659 1526 778 1565 cum
808 1508 1128 1565 satellitibus
1159 1510 1211 1563 in
1244 1511 1429 1564 urbem
1471 1526 1780 1580 regressus,
1811 1522 2017 1581 portam

452 1604 759 1656 firmissime
786 1600 1080 1655 obseravit.
1112 1600 1207 1653 llic
1236 1610 1411 1655 autem
1465 1594 1601 1656 cum'
1628 1616 1688 1656 se
1740 1603 1791 1655 in
1846 1602 2020 1657 mani-

456 1695 551 1749 bus
578 1695 913 1748 inimicorum
941 1702 1190 1749 cerneret
1219 1692 1505 1758 traditum,
1538 1694 1762 1748 elevatis
1801 1694 1868 1749 ad
1907 1710 2017 1750 c03—

2117 507 2167 560 iu
2199 510 2386 562 mortis
2413 510 2583 563 exitio
2615 509 2865 576 positum.
2898 507 2995 561 Cui
3025 507 3114 562 ille
3142 522 3159 562 :
3194 507 3308 578 Ego
3338 508 3583 576 egrediar
3607 509 3694 565 fo-

2115 615 2225 665 ras,
2256 609 2311 655 et
2337 601 2512 656 omnia
2566 602 2840 671 mitigabo.
2871 600 2987 667 Quo
3028 599 3358 671 egrediente,
3406 600 3694 657 confestim

2115 705 2181 746 ex
2202 691 2355 759 jussu
2383 693 2499 760 ejus
2526 694 2716 746 vallata
2739 693 3059 758 estdomus,
3084 699 3142 746 ut
3170 690 3258 746 hic
3280 692 3694 749 interficeretur.

2116 780 2219 835 Sed
2244 791 2299 836 et
2329 782 2413 835 ille
2434 797 2554 837 cum
2577 781 2873 837 diutissime
2894 790 3075 835 contra
3102 780 3360 837 bellantes
3383 782 3692 850 restitisset,

2117 872 2263 925 venit
2287 873 2351 924 ad
2382 874 2597 927 ostium.
2628 870 2867 942 Cumque
2894 872 3258 941 egrederetur,
3292 872 3397 926 duo
3426 888 3546 927 cum
3578 874 3695 927 lan-

2117 963 2225 1017 ceis
2251 973 2473 1031 utraque
2502 963 2549 1018 ei
2580 965 2744 1017 latera
2776 963 2991 1028 feriunt,
3033 964 3216 1032 sicque
3244 963 3439 1018 cecidit
3465 972 3520 1018 et
3548 980 3693 1018 mor-

2119 1062 2238 1108 tuus
2293 1064 2394 1109 est.
2421 1055 2539 1120 Quo
2566 1055 2679 1110 viso
2706 1054 3000 1125 Episcopus
3032 1054 3423 1125 (Sagittarius),
3453 1056 3582 1110 dum
3628 1057 3694 1109 ti-

2119 1159 2269 1199 more
2311 1154 2679 1201 consternatus
2730 1154 2968 1216 paveret,
3000 1146 3074 1202 ait
3103 1147 3168 1201 ad
3198 1162 3320 1202 eum
3360 1147 3579 1216 quidam
3627 1146 3695 1201 de

2118 1237 2416 1292 astantibus
2447 1255 2461 1290 :
2491 1237 2695 1307 Inspice
2726 1238 2954 1307 propriis
2996 1237 3204 1308 oculis,
3249 1239 3518 1308 episcope,
3574 1253 3695 1307 qua

2119 1336 2396 1395 geruntur,
2423 1337 2477 1383 et
2503 1336 2644 1384 tecto
2672 1329 2829 1400 367
2861 1329 3036 1396 capite
3060 1343 3129 1384 ne
3152 1330 3479 1398 agnoscaris,
3504 1330 3694 1384 silvam

2120 1430 2272 1490 pete,
2303 1428 2360 1475 ut
2407 1420 2750 1475 abscondaris
2800 1420 3091 1488 paululum,
3141 1428 3301 1489 atque
3352 1420 3429 1474 ira
3483 1420 3697 1476 labente

2122 1512 2295 1579 possis
2322 1512 2566 1565 evadere.
2599 1513 2668 1564 At
2696 1510 2784 1565 ille
2812 1518 3031 1580 accepto
3060 1510 3302 1577 consilio,
3328 1510 3453 1565 dum
3477 1510 3696 1566 obtecto

2121 1603 2294 1670 capite
2317 1603 2497 1671 fugere
2522 1602 2803 1665 niteretur,
2831 1611 3070 1656 extracto
3091 1602 3306 1673 quidam
3334 1601 3509 1671 gladio
3536 1612 3697 1670 caput

2121 1692 2237 1761 ejus
2279 1709 2397 1746 cum
2450 1692 2659 1746 cucullo
2708 1692 2929 1746 decidit.
2964 1692 3167 1748 Deinde
3213 1691 3576 1762 unusquisque
3627 1693 3695 1747 ad

448 1784 554 1838 lum
586 1785 830 1838 manibus
871 1792 924 1838 et
953 1782 1150 1847 oculis,
1192 1783 1306 1835 ait:
1337 1782 1503 1836 Iudex
1534 1793 1761 1850 aeterne,
1793 1793 1847 1837 et
1888 1784 2020 1839 ultio
2052 1787 2096 1846 Β
2126 1784 2333 1852 propria
2365 1784 2597 1849 rediens,
2630 1797 2846 1853 magnas
2878 1798 2972 1851 per
3022 1781 3162 1835 viam
3193 1781 3400 1850 praedas
3427 1795 3480 1838 et
3524 1782 3698 1836 homi-

448 1893 571 1928 vera
614 1876 1004 1940 innocentium,
1052 1874 1220 1940 Deus,
1251 1889 1279 1926 a
1313 1889 1418 1943 quo
1459 1874 1633 1927 omnis
1658 1874 1862 1943 jusﬁtia
1897 1891 2022 1945 pro-

448 1966 623 2030 cedit,
674 1966 760 2019 cui
807 1964 1146 2020 mendacium
1194 1980 1300 2018 non
1349 1966 1559 2033 placet,
1605 1966 1658 2018 in
1701 1982 1808 2036 quo
1848 1968 2023 2022 nullus

448 2059 604 2112 dolus
650 2072 823 2125 neque
864 2057 1096 2112 versutia
1138 2056 1358 2111 malitiae
1389 2058 1720 2121 continetur,
1753 2059 1845 2113 tibi
1876 2073 2024 2114 com-

454 2147 652 2202 mendo
679 2162 893 2201 causam
923 2161 1126 2211 meam,
1158 2146 1453 2216 deprecans
1482 2156 1539 2201 ut
1563 2148 1637 2202 sis
1664 2150 1916 2205 velociter
1941 2149 2019 2204 ul-

460 2247 544 2291 tor
571 2253 732 2305 super
756 2251 867 2298 eos,
889 2236 975 2305 qui
998 2251 1085 2291 me
1112 2235 1384 2290 insontem
1415 2237 1660 2291 manibus
1691 2238 2025 2296 tradiderunt

450 2329 814 2384 inimicorum.
851 2328 976 2382 Haec
1001 2344 1121 2384 cum
1152 2327 1370 2383 dixisset
1390 2370 1404 2391 ,
1431 2331 1750 2397 consignans
1777 2345 1835 2384 se
1865 2346 2023 2385 cruce

452 2421 727 2474 Dominica
750 2460 764 2483 ,
797 2419 946 2474 abire
971 2419 1135 2489 coapit
1158 2433 1282 2473 cum
1329 2419 1636 2473 hominibus
1677 2421 2019 2487 supradictis.

450 2510 692 2580 Cumque
721 2526 749 2562 a
777 2522 930 2579 porta
961 2528 1018 2569 se
1040 2515 1201 2584 366
1225 2515 1584 2585 elougasscnt,
1611 2519 1750 2571 sicut
1771 2526 1851 2571 est
1879 2519 2023 2572 circa

453 2602 638 2655 urbem
680 2603 835 2657 vallis
872 2612 978 2658 tota
1022 2606 1073 2659 in
1111 2610 1458 2676 praecipitium
1481 2650 1496 2673 ,
1540 2608 1800 2675 impulsus
1818 2610 1902 2682 ab
1930 2610 2022 2666 Ol-

459 2694 580 2749 loue
612 2694 805 2749 cecidit
827 2737 841 2761 ,
871 2697 959 2752 illo
989 2712 1202 2769 quoque
1230 2701 1495 2774 clamante
1523 2720 1535 2754 :
1567 2704 1642 2756 En
1668 2703 1821 2757 vobis
1852 2704 2026 2758 Ballo-

453 2800 655 2839 merem
689 2796 925 2841 vestrum
947 2829 964 2854 ,
994 2792 1083 2857 qui
1129 2806 1189 2845 se
1229 2799 1370 2860 regis
1401 2801 1456 2847 et
1484 2792 1701 2848 fratrem
1729 2793 1857 2848 dicit
1881 2802 1939 2851 et
1965 2794 2024 2849 II-

457 2874 618 2931 lium.
640 2878 704 2931 Et
730 2877 964 2933 immissa
989 2882 1192 2947 lancea,
1214 2885 1378 2937 voluit
1403 2899 1524 2940 eum
1558 2886 1899 2955 transfigere,
1930 2886 2026 2941 sed

450 2964 661 3033 repulsa
699 2980 729 3017 a
770 2966 987 3023 circulis
1019 2968 1199 3023 loricae
1226 2971 1354 3024 nihil
1386 2973 1585 3025 nocuit.
1627 2973 1865 3043 Denique
1903 2989 2025 3029 cum

458 3055 694 3111 elevatus
724 3056 791 3110 ad
828 3066 1062 3114 montem
1106 3062 1313 3130 regredi
1342 3062 1623 3130 ni'eretur,
1659 3064 1797 3120 Boso
1828 3068 2027 3119 emisso

2123 1872 2259 1928 cidia
2287 1874 2428 1929 fecit.
2462 1872 2823 1941 Fredegundis
2852 1882 3030 1926 autem
3061 1872 3143 1927 his
3172 1872 3356 1927 diebus
3384 1872 3695 1942 Cuppanem

2124 1964 2177 2020 in
2203 1965 2525 2021 Tolosanum
2555 1965 2776 2028 direxit,
2812 1974 2869 2018 ut
2896 1964 3098 2019 scilicet
3124 1964 3283 2017 tiliam
3307 1976 3455 2017 suam
3501 1965 3698 2020 exinde

2123 2042 2441 2128 quocunque
2469 2058 2626 2113 modo
2657 2064 2853 2126 posset,
2879 2064 3113 2111 erueret.
3136 2054 3397 2110 Ferebant
3414 2057 3556 2111 enim
3586 2058 3698 2125 ple-

2123 2150 2272 2221 rique
2297 2149 2366 2205 ob
2394 2151 2495 2205 hoc
2538 2163 2657 2205 eum
2689 2148 3059 2202 transmissum
3084 2186 3099 2212 ,
3128 2154 3187 2201 ut
3215 2147 3259 2201 si
3290 2145 3697 2202 Gundovaldum

2124 2240 2410 2309 reperisset
2439 2239 2647 2306 vivum,
2674 2239 2853 2293 multis
2881 2238 3123 2294 illectum
3158 2239 3598 2307 promissionibus
3629 2240 3697 2293 ad

2124 2347 2239 2388 eam
2271 2332 2656 2387 transduceret.
2686 2331 2792 2387 Sed
2823 2345 2945 2386 cum
2984 2330 3083 2385 hoc
3125 2329 3303 2385 facere
3349 2332 3702 2399 nequivisset,

2124 2432 2392 2493 acceptam
2424 2423 2745 2492 Rigunthem
2777 2438 2806 2477 a
2837 2424 2956 2478 loco
3002 2422 3093 2476 illo
3138 2422 3364 2488 reduxit,
3421 2438 3526 2477 non
3581 2425 3704 2478 sine

2123 2513 2306 2585 grandi
2340 2513 2632 2566 humilitate
2660 2522 2817 2580 atque
2843 2514 3165 2566 contumelia
3198 2521 3245 2564 ο.

2194 2604 2306 2658 XL.
2340 2604 2499 2673 Igitur
2527 2602 2888 2671 Leudegisilus
2916 2601 3019 2654 dux
3057 2615 3175 2655 cum
3206 2599 3473 2671 thesauris
3522 2600 3704 2654 omni-

2123 2694 2242 2761 bus,
2275 2710 2407 2764 quos
2436 2695 2680 2763 superius
2710 2693 3121 2756 nominavimus,
3171 2692 3236 2747 ad
3291 2708 3469 2763 regem
3523 2695 3703 2760 venit;

2125 2799 2261 2855 quos
2289 2795 2466 2854 postea
2490 2800 2583 2840 rex
2610 2786 2928 2855 pauperilnn
2958 2794 3013 2839 et
3040 2782 3285 2840 ecclesiis
3309 2785 3570 2855 erogavit.
3594 2784 3707 2855 Ap-

2126 2876 2385 2947 prehensa
2414 2890 2538 2931 vero
2569 2891 2736 2931 uxore
2765 2876 3035 2929 llummoli
3062 2917 3077 2940 ,
3108 2874 3374 2944 inquirere
3399 2891 3489 2930 rex
3519 2877 3705 2946 coepit,

2125 2969 2250 3055 quid
2282 2968 2515 3041 thesauri
2546 2982 2678 3038 quos
2726 2968 2760 3023 ii
2807 2975 3279 3038 congregaverant,
3331 2967 3703 3025 devenissent.

2127 3060 2234 3115 Sed
2265 3060 2353 3113 illa
2380 3074 2709 3129 cognoscens
2737 3059 2906 3113 virum
2938 3075 3090 3114 suum
3134 3057 3471 3114 interfectum
3504 3059 3708 3129 fuisse,

456 3145 632 3214 lapide
657 3155 817 3216 caput
864 3148 980 3216 ejus
1017 3150 1261 3216 libravit,
1306 3152 1395 3222 qui
1427 3155 1648 3211 cecidit.
1688 3164 1741 3209 et
1781 3167 2022 3210 mortuus
2053 3143 2101 3208 Ο
2132 3160 2187 3205 et
2210 3164 2425 3205 omnem
2447 3149 2757 3220 jactantiam
2791 3164 2974 3217 eorum
3006 3164 3225 3219 prorsus
3255 3150 3306 3204 in
3338 3159 3531 3204 terram
3583 3165 3708 3204 cor-

449 3244 549 3291 est.
597 3235 856 3308 Venitque
899 3254 1061 3299 omne
1102 3244 1318 3313 vulgus,
1362 3252 1414 3298 et
1451 3244 1639 3299 defixis
1684 3246 1733 3299 in
1764 3262 1883 3300 cum
1916 3248 2031 3299 lan-

450 3331 581 3396 ceis,
610 3331 774 3400 pedes
801 3332 917 3401 ejus
944 3334 1065 3388 fune
1089 3335 1344 3404 ligantes,
1373 3352 1466 3406 per
1492 3340 1667 3391 omnia
1698 3342 2032 3393 exercituum

452 3430 624 3474 castra
658 3431 932 3477 traxerunt
956 3441 971 3488 ;
1000 3425 1399 3495 evellentesque
1426 3428 1697 3482 caesariem
1725 3443 1787 3482 ac
1816 3428 2033 3482 barbam

462 3513 579 3579 ejus
600 3553 613 3574 ,
647 3513 964 3581 insepultum
993 3516 1106 3581 ipso
1138 3518 1185 3569 in
1220 3518 1333 3570 loco
1358 3533 1463 3586 quo
1494 3519 1803 3587 interfectus
1833 3519 2032 3585 fuerat,

455 3604 805 3670 reliquerunt.
832 3603 996 3659 Noote
1018 3621 1147 3659 vero
1174 3609 1435 3676 sequenti,
1461 3610 1496 3663 ii
1520 3611 1608 3676 qui
1636 3611 1789 3679 primi
1811 3625 1963 3666 erant
1983 3610 2033 3681 δ,

456 3704 643 3743 omnes
684 3692 964 3749 thesauros
1003 3711 1135 3763 quos
1178 3698 1228 3750 iu
1272 3700 1407 3753 urbe
1449 3702 1686 3769 reperire
1713 3712 2031 3772 potuerunt,

459 3797 579 3836 cum
608 3782 918 3839 ministeriis
946 3785 1186 3841 ecclesiae
1207 3789 1340 3842 clam
1362 3790 1714 3846 abstulerunt.
1737 3793 1888 3849 Mane
1909 3811 2038 3853 vero

459 3874 713 3930 reseratis
744 3886 1014 3945 portarum
1046 3880 1212 3933 valvis
1236 3923 1250 3948 ,
1296 3883 1536 3937 immisso
1574 3886 1807 3940 exercitu
1827 3928 1841 3952 ,
1880 3903 2039 3944 omne

457 3964 645 4033 vulgus
673 3963 935 4021 inclusum
966 3970 1019 4023 in
1049 3985 1142 4023 ore
1166 3971 1325 4040 gladii
1354 3974 1705 4039 tradderunt,
1736 3980 2039 4035 sacerdotes

457 4071 664 4125 quoque
708 4057 918 4115 Domini
960 4077 1081 4117 cum
1129 4066 1388 4121 ministris
1424 4069 1488 4121 al
1532 4069 1646 4141 ipsa
1683 4073 2038 4130 ecclesiarum

458 4146 642 4202 altaria
686 4150 1033 4209 trucidautes.
1079 4156 1362 4227 Postquam
1417 4170 1593 4214 autem
1624 4173 1844 4219 cunctos
1875 4164 2040 4222 inter-

462 4240 729 4309 fecerunt,
752 4254 809 4297 ut
850 4260 956 4300 non
998 4261 1300 4305 remaneret
1338 4252 1584 4321 mingens
1620 4255 1686 4309 ad
1735 4258 1989 4325 parietem
2019 4301 2035 4327 ,

464 4347 678 4387 omnem
732 4336 917 4391 urbem
962 4354 1081 4392 cum
1130 4342 1373 4396 ecclesiis
1422 4342 1751 4413 reliquisque
1802 4347 2040 4404 aedificiis

467 4424 886 4494 succenderunt,
912 4428 1044 4481 nihil
1070 4430 1139 4484 ibi
1162 4444 1353 4499 praeter
1383 4432 1601 4485 humum
1630 4449 1849 4490 vacuam
1878 4437 2040 4493 relin-

459 4520 703 4579 quentes.

535 4600 776 4656 XXXIX.
805 4603 966 4673 Igitur
992 4605 1357 4679 Leudegisilus
1386 4615 1599 4672 rediens
1623 4616 1689 4671 ad
1718 4626 1890 4672 castra
1918 4634 2037 4676 cum

462 4689 753 4748 Mummolo
796 4708 844 4750 et
878 4695 1186 4766 Sagittario,
1215 4700 1488 4760 Chariulfo
1509 4714 1565 4760 et
1585 4705 1883 4775 Waddone,
1908 4725 2041 4763 nun-

442 4783 565 4843 _.tios
592 4785 799 4842 occulte
827 4789 893 4843 ad
925 4805 1104 4862 regem
1133 4792 1333 4864 dirigit,
1368 4798 1492 4866 quid
1519 4798 1586 4853 de
1629 4799 1710 4853 bis
1739 4801 1856 4857 fieri
1888 4804 2032 4857 velit.

461 4878 529 4932 At
571 4876 663 4933 ille
693 4882 906 4949 capitali
938 4899 1032 4939 eos
1071 4886 1231 4955 jussit
1285 4888 1441 4944 finire
1492 4895 1780 4958 sententia.
1830 4895 2036 4950 Waddo

462 4977 586 5023 tunc
614 4985 733 5024 cum
762 4973 1053 5045 Chariulfo,
1080 4979 1281 5034 relictis
1304 4982 1425 5037 filiis
1451 4984 1746 5050 obsidibus,
1778 4987 2041 5042 discesse-

461 5070 586 5114 runt
613 5062 681 5116 ab
707 5064 807 5119 eis.
841 5067 1026 5122 Delato
1048 5086 1256 5141 quoque
1284 5075 1469 5129 nuntio
1491 5076 1557 5131 de
1586 5077 1777 5132 horum
1802 5078 2039 5147 interitu,

458 5164 583 5204 cum
616 5152 716 5207 hoc
745 5155 1065 5215 Mnmmolus
1094 5165 1431 5232 advertisset,
1466 5170 1742 5224 accinctus
1770 5171 1932 5225 armis
1963 5180 2044 5226 tu-

459 5241 668 5307 guriutn
700 5242 1019 5313 Leudegisilj
1052 5254 1197 5318 petit.
1252 5253 1320 5309 At
1353 5257 1442 5311 ille
1491 5259 1675 5313 videns
1727 5276 1869 5327 eum,
1924 5262 2039 5314 ait:

463 5331 602 5398 Quid
633 5335 733 5402 sic,
764 5336 955 5406 inquit,
986 5345 1134 5408 quasi
1164 5344 1370 5414 fugiens
1392 5348 1574 5404 venis?
1604 5350 1699 5405 Cui
1723 5351 1811 5406 ille
1839 5368 1851 5407 :
1880 5351 2043 5421 Nihil,

538 5518 565 5585 fl
599 5510 732 5585 Cod.
762 5516 967 5585 Casin.,
1002 5521 1054 5574 in
1084 5522 1305 5579 civitate.

537 5577 791 5661 {’Casiu"
823 5589 858 5642 ii
881 5577 969 5661 qui
997 5593 1137 5645 missi
1163 5577 1327 5646 erant.

2132 3242 2323 3309 ruisse,
2351 3242 2526 3296 omnia
2561 3242 2776 3311 pandit,
2808 3241 3046 3312 dixitque
3076 3241 3300 3295 multum
3352 3241 3525 3295 adhuc
3566 3241 3710 3310 apud

2135 3337 2321 3392 urbem
2352 3337 2679 3392 Avennicam
2728 3335 2841 3390 auri
2872 3344 3031 3404 atque
3058 3334 3263 3403 argenti
3293 3348 3433 3402 esse,
3482 3347 3603 3401 qua:
3642 3334 3710 3391 ad

2135 3429 2276 3498 regis
2319 3430 2559 3484 notitiam
2591 3441 2697 3482 non
2748 3427 3039 3482 venissent.
3088 3426 3384 3496 Statimque
3427 3424 3569 3481 misit
3613 3439 3714 3481 rex

2134 3521 2277 3575 viros
2304 3520 2391 3591 qui
2423 3520 2536 3574 haec
2564 3518 2775 3575 deferre
2792 3518 3183 3574 deberentcum
3209 3533 3313 3573 uno
3344 3533 3530 3587 puero,
3550 3532 3715 3587 quem

2134 3608 2290 3664 valde
2316 3608 2577 3664 creditum
2607 3607 2925 3662 Mummolus
2957 3606 3188 3671 habens,
3221 3606 3336 3661 hate
3363 3606 3413 3660 ei
3438 3620 3717 3661 commen-

2136 3699 2381 3756 daverat.
2414 3702 2684 3756 Abeuntes
2714 3708 2890 3755 autem
2920 3707 3245 3769 acceperunt
3273 3699 3469 3765 omnia,
3511 3712 3632 3768 quae
3663 3699 3717 3755 in

2136 3795 2271 3850 urbe
2299 3796 2482 3851 relicta
2511 3793 2747 3850 fuerant.
2780 3793 2981 3849 Ferunt
3008 3802 3183 3849 autem
3217 3794 3443 3850 ducenta
3471 3803 3522 3848 et
3551 3794 3719 3861 quin-

2138 3888 2388 3958 quaginta
2420 3888 2615 3943 talenta
2660 3886 2864 3957 argenti
2914 3885 3101 3951 fuisse,
3155 3888 3268 3940 auri
3321 3900 3445 3941 vero
3487 3884 3720 3954 amplius

2137 3992 2298 4047 quam
2329 3977 2564 4046 triginta.
2594 3975 2703 4033 Sed
2733 3976 2867 4041 haec,
2897 3987 2955 4032 ut
2977 3976 3173 4037 ferunt,
3204 3976 3272 4031 de
3314 3983 3524 4044 reperto
3572 3975 3717 4028 anti-

2138 4086 2244 4141 quo
2292 4070 2543 4125 thesauro
2570 4069 2807 4125 abstulit.
2855 4068 3007 4136 Quod
3036 4084 3129 4123 rex
3160 4067 3388 4121 divisum
3417 4082 3536 4121 cum
3564 4064 3723 4119 Chil—

2138 4164 2362 4219 deberto
2388 4177 2514 4233 rege
2540 4169 2734 4228 nepote
2759 4175 2877 4225 suo,
2915 4170 3116 4228 partem
3144 4175 3291 4215 suam
3324 4159 3554 4213 maxime
3583 4172 3720 4225 pau-

2142 4253 2360 4323 peribus
2388 4261 2470 4307 est
2515 4252 2770 4321 largitus;
2800 4251 3010 4305 mulieri
3060 4258 3240 4305 autem
3286 4249 3419 4303 nihil
3468 4248 3724 4316 amplius,

2139 4359 2297 4416 quam
2324 4358 2385 4400 ea
2412 4358 2529 4412 quae
2553 4343 2620 4398 de
2651 4342 2951 4411 parentibus
2979 4343 3253 4405 habuerat,
3281 4341 3611 4409 relinquens.

2212 4434 2348 4491 XLI.
2378 4434 2527 4488 Tunc
2554 4442 2608 4488 et
2629 4433 2787 4487 homo
2809 4433 2898 4487 ille
2925 4432 3167 4486 immensi
3184 4430 3423 4501 corporis
3448 4430 3513 4484 ad
3536 4444 3719 4500 regem

2068 4507 2215 4581 l)de
2242 4524 2511 4578 Mummoli
2559 4522 2908 4578 familiaribus
2956 4522 3214 4585 adductus
3260 4530 3361 4587 est,
3408 4521 3480 4575 ita
3530 4536 3727 4591 magno

2146 4630 2370 4685 corpore
2399 4616 2591 4680 elatus,
2623 4622 2680 4667 ut
2707 4614 2841 4668 duos
2870 4621 2962 4667 aut
2993 4621 3099 4667 lrcs
3132 4612 3292 4680 pedes
3321 4626 3482 4679 super
3522 4611 3717 4681 longis-

2143 4714 2310 4765 simos
2351 4709 2598 4764 homines
2649 4716 2926 4778 putaretur
2964 4720 3202 4778 magnus,
3252 4706 3503 4776 liguarius
3547 4702 3728 4775 faber,

2146 4802 2234 4872 qui
2263 4816 2365 4855 non
2388 4800 2557 4854 multo
2585 4809 2702 4868 post
2728 4798 2878 4854 obiit.

2210 4893 2376 4963 368
2401 4890 2560 4945 XLII.
2583 4889 2827 4944 Postharc
2845 4886 3075 4942 edictum
3096 4901 3123 4939 a
3136 4885 3405 4956 judicibus
3426 4885 3605 4940 datum
3620 4896 3730 4953 est,

2144 4991 2202 5037 ut
2230 4983 2319 5051 qui
2350 4984 2402 5036 in
2435 4982 2533 5035 hac
2559 4979 2896 5048 expeditione
2912 4978 3044 5034 tardi
3070 4976 3300 5045 fuerant,
3321 4978 3728 5035 damnarentur.

2146 5072 2438 5143 Biturigum
2472 5086 2684 5141 quoque
2728 5085 2911 5125 comes
2941 5069 3088 5124 misit
3136 5084 3330 5139 pueros
3372 5082 3518 5133 suos,
3570 5078 3628 5122 ut
3682 5070 3732 5122 in

2145 5163 2305 5219 domo
2334 5163 2475 5217 beati
2512 5161 2747 5227 Martini,
2778 5174 2897 5230 quae
2947 5161 2999 5215 in
3047 5161 3149 5214 hoc
3199 5158 3424 5213 termino
3468 5158 3569 5213 sita
3623 5170 3730 5221 est,

2147 5250 2447 5320 hujusmodi
2477 5251 2720 5305 homines
2745 5249 2976 5318 spoliare
3001 5248 3279 5303 deberent.
3310 5247 3417 5304 Sed
3444 5261 3608 5317 agens
3636 5248 3733 5300 do-

2149 5358 2268 5398 mus
2311 5342 2456 5397 illius
2498 5341 2747 5397 resistere
2788 5338 3002 5396 fortiter
3045 5339 3240 5410 coepit,
3283 5340 3511 5395 dicens:
3545 5338 3734 5394 Sancti

2148 5524 2212 5580 ad
2255 5540 2376 5593 cap.
2402 5522 2474 5575 25
2510 5522 2604 5577 lib.
2639 5537 2712 5593 ix.
2744 5520 2898 5593 Unde
2929 5527 3007 5593 tot
3034 5531 3301 5573 morarum
3330 5514 3516 5593 procul
3564 5513 3734 5569 dubio

2150 5590 2402 5663 pet-tazsns
2451 5592 2802 5663 Reccaredus,
2852 5590 3159 5663 liaddonem
3220 5590 3529 5661 popularem
3575 5600 3732 5642 suam

538 5658 563 5686 ε
593 5652 868 5732 Nunquam
893 5652 1033 5715 enim
1065 5663 1369 5718 Beccaredo
1391 5664 1587 5730 nupsit,
1612 5665 1791 5729 sicuti,
1823 5656 1882 5721 dt
1904 5667 2048 5721 virie-
2146 5652 2245 5721 sibi
2277 5665 2489 5720 tandem
2520 5662 2764 5731 Coniugio
2786 5652 3072 5732 copulavit.

467 5724 575 5786 ter,
603 5738 699 5780 nec
723 5724 1114 5789 Chlodosvinda
1142 5734 1390 5804 Sigiberti
1416 5724 1542 5791 filia.
1576 5724 1708 5794 Vide
1734 5724 1867 5793 infra
1891 5748 2043 5793 notas
