3966 6348
112 318 219 378 με

1020 305 1330 369 HISTORIA
1376 306 1817 368 FRANCOIiUM.
1863 309 2063 366 LIBER
2106 306 2462 367 SEPTIMUS.

3296 315 3400 371 ιισ

112 420 329 491 Martini
360 434 607 488 homines
639 424 672 484 ii
703 438 847 485 sunt.
881 425 1023 483 Nihil
1057 429 1136 482 eis
1156 427 1446 497 quidquam
1474 423 1714 480 inferatis
1745 424 1789 481 Α
1818 420 2063 476 Graviter
2094 428 2218 475 tunc
2244 423 2600 489 negotiatores
2629 422 2884 492 populum
2911 424 3295 495 spoliaverunt,
3326 428 3401 485 ita

116 524 354 593 injuriaz,
402 522 531 590 quia
564 534 670 574 non
702 518 1003 572 habuerunt
1034 515 1478 571 consuetudinem
1507 512 1562 566 in
1593 511 1715 564 tali-

114 616 215 670 bus
246 613 429 669 causis
456 612 628 667 abire.
658 611 718 663 At
752 608 825 663 iEli
849 609 1101 662 dixerunt
1128 624 1139 659 :
1167 606 1305 660 Nihil
1333 606 1485 659 nobis
1510 613 1563 658 et
1583 603 1716 655 Mar-

116 706 231 760 tino
251 712 380 771 tuo,
410 717 571 771 quem
619 714 832 769 semper
873 701 925 753 in
972 698 1149 753 causis
1196 700 1427 751 inaniter
1460 694 1666 765 profers
1701 712 1713 748 :

115 796 205 849 sed
241 804 293 848 et
326 802 383 848 tu
412 802 469 848 et
494 794 617 862 ipsi,
650 791 815 859 pretia
851 789 1155 845 dissolvetis
1178 831 1190 850 ,
1222 804 1317 857 pro
1346 804 1409 842 eo
1453 786 1592 855 quod
1626 800 1715 839 re-

114 890 192 955 gis
223 886 514 953 imperium
546 882 877 949 neglexistis.
938 882 1003 936 Et
1049 880 1163 935 lucc
1210 880 1393 933 dicens
1441 879 1714 949 ingressus

116 993 195 1037 est
224 984 423 1035 atrum
458 980 670 1034 domus.
706 978 957 1031 Protinus
987 976 1172 1031 dolore
1200 987 1484 1044 percussus
1500 972 1711 1037 cecidit,

120 1089 170 1129 et
200 1075 444 1145 graviter
473 1087 635 1141 agere
664 1072 848 1137 coepit.
894 1069 1304 1137 Conversusque
1354 1065 1417 1118 ad
1465 1073 1712 1135 agentem

119 1179 249 1219 voce
280 1164 448 1217 flebili
494 1165 614 1215 ait:
663 1160 812 1229 Rogo
855 1173 911 1213 ut
941 1157 1109 1213 facias
1150 1172 1313 1227 super
1361 1171 1447 1210 tne
1499 1170 1712 1210 crucem

123 1255 360 1321 Domini,
388 1262 443 1309 et
471 1254 685 1308 invoces
713 1265 906 1306 nomen
928 1250 1069 1306 beati
1093 1248 1323 1305 Martini.
1356 1248 1509 1303 Nunc
1534 1257 1711 1301 autem

122 1346 369 1417 cognovi,
403 1345 544 1415 quod
578 1359 765 1414 magna
823 1338 1120 1398 est‘virtus
1165 1342 1319 1411 ejus;
1371 1356 1491 1394 nam
1537 1340 1714 1410 ingre-

123 1437 301 1489 diente
332 1451 417 1488 me
446 1434 637 1487 atrium
668 1433 880 1499 domus,
911 1432 1018 1486 vidi
1048 1433 1217 1486 virum
1245 1446 1430 1485 senem
1454 1430 1712 1486 exhiben-

123 1536 226 1581 tem
258 1525 507 1579 arborem
537 1526 587 1577 in
622 1539 779 1577 manu
808 1537 924 1591 sua,
963 1536 1083 1591 qua:
1126 1536 1250 1576 mox
1281 1522 1516 1575 extensis
1544 1520 1708 1575 ramis

126 1633 280 1671 onme
311 1618 509 1670 atrium
544 1615 695 1669 texit.
731 1615 803 1669 Ex
836 1630 898 1668 ea
928 1615 1069 1668 enim
1100 1628 1235 1668 unus
1285 1630 1372 1668 tne
1414 1612 1587 1682 attigit
1628 1627 1713 1666 ra-

130 1727 264 1773 mus,
296 1710 362 1764 de
389 1710 545 1777 cujus
588 1707 693 1763 ictu
723 1707 966 1761 turbatus
996 1706 1193 1760 corrui.
1231 1706 1296 1760 Et
1326 1707 1553 1761 innueus
1600 1706 1710 1761 suis

1819 522 1871 566 ut
1896 511 1983 565 vix
2010 512 2093 565 vel
2150 510 2383 566 modium
2415 520 2439 550 ο
2461 527 2709 577 armeme,
2743 522 2836 568 aut
2885 514 3259 570 semimodium
3288 513 3411 585 viui.

1819 620 1924 658 uno
1966 604 2159 657 triante
2206 603 2611 658 venurndareut.
2667 604 2978 661 Subdebant
3028 621 3089 661 se
3134 622 3398 676 pauperes

1815 697 2056 761 servitio,
2105 706 2160 750 ut
2198 698 2730 768 quantulumcunque
2766 698 2834 753 de
2877 697 3130 753 alimento
3161 700 3399 768 porrige-

1814 796 1933 841 rent
1956 784 2004 842 ά.

1886 877 2071 933 XLVI.
2106 880 2411 935 liisdiehus
2438 880 2859 948 Christophorus
2882 881 3181 949 negotiator
3201 881 3265 935 ad
3292 885 3401 936 Au-

1818 972 2171 1027 rellanensem
2201 974 2389 1027 urbem
2448 974 2600 1027 abiit.
2629 974 2888 1028 Audierat
2938 975 3102 1038 enim,
3161 974 3302 1041 quod
3333 987 3400 1028 eo

1817 1063 2042 1119 multum
2070 1064 2174 1117 vini
2200 1064 2431 1119 delatum
2457 1064 2663 1118 fuisset.
2696 1065 2897 1120 Abiens
2917 1080 3065 1134 ergo,
3091 1075 3400 1131 comparato

1813 1154 1961 1218 vino,
1984 1163 2039 1209 et
2066 1155 2316 1209 lintribus
2355 1157 2568 1210 invecto
2589 1196 2604 1221 ,
2632 1166 2851 1225 accepta
2897 1172 2925 1210 a
2953 1171 3142 1212 socero
3174 1157 3397 1225 pecunia

1814 1247 2005 1312 multa,
2032 1262 2151 1302 cum
2174 1248 2382 1305 duobus
2407 1251 2589 1318 pueris
2611 1249 2923 1304 Saxonibus
2947 1253 3089 1303 viam
3111 1250 3396 1320 equitando

1814 1339 2044 1395 terebat.
2071 1340 2226 1395 Pueri
2253 1355 2384 1395 vero
2413 1342 2503 1396 diu
2528 1343 2803 1397 dominum
2854 1356 3075 1398 exosum
3109 1342 3391 1409 habebant,

1812 1442 1867 1486 et
1900 1431 2216 1502 plerumque
2248 1434 2489 1503 fugerant
2536 1435 2705 1499 illum,
2736 1448 2803 1489 eo
2825 1434 2965 1503 quod
3013 1434 3254 1489 crebrius
3273 1450 3391 1504 gra~

1810 1523 2037 1577 vissime
2062 1525 2491 1580 verberarentur.
2523 1527 2655 1579 tium
2711 1528 2987 1581 venissent
3030 1527 3083 1581 in
3113 1527 3397 1597 quamdam

1813 1617 2024 1681 silvam,
2052 1616 2393 1685 prmcedente
2436 1617 2677 1681 domino,
2712 1633 2845 1685 puer
2883 1633 3021 1671 unus
3047 1618 3277 1684 jaculata
3302 1632 3397 1671 va-

1816 1710 1924 1763 lide
1950 1709 2133 1764 lancea
2158 1750 2173 1774 ,
2202 1710 2479 1763 dominum
2511 1724 2666 1763 suum
2725 1710 3009 1764 transfixit.
3035 1708 3153 1775 Quo
3182 1719 3392 1769 ruente.

129 1803 372 1869 rogabat,
405 1809 464 1854 ut
492 1800 779 1868 ejiceretur
809 1798 876 1852 de
905 1798 1062 1851 atrio.
1115 1796 1376 1866 Egressus
1405 1806 1580 1851 autem
1630 1798 1710 1851 in-
1740 1788 1788 1847 Β
1814 1801 1951 1856 alius
1972 1817 2091 1856 cum
2140 1799 2344 1855 framea
2386 1812 2545 1870 caput
2600 1802 2717 1871 ejus
2758 1802 3089 1865 dilaceravit,
3122 1808 3175 1854 et
3225 1802 3304 1854 sic
3331 1801 3398 1854 ab

134 1908 320 1947 vocare
343 1906 538 1946 nomen
572 1892 709 1945 beati
741 1889 950 1944 llartini
996 1891 1251 1944 attentius
1280 1892 1463 1960 cmpil.
1499 1891 1573 1945 Ex
1608 1890 1708 1946 hoc

134 1986 268 2038 enim
298 1983 633 2039 commodius
662 1996 846 2051 agens,
878 1991 1096 2036 sanatus
1126 1989 1229 2034 cst.

198 2072 377 2128 XLIII.
408 2072 718 2127 Desiderius
748 2086 877 2127 vero
923 2071 1059 2125 infra
1106 2079 1402 2125 castrorum
1459 2071 1708 2125 munitio-

133 2182 247 2220 nem
274 2183 333 2219 se
364 2180 557 2236 resque
605 2179 730 2219 suas
774 2166 982 2220 tutavit.
1041 2164 1244 2219 Waddo
1297 2165 1469 2234 major
1518 2166 1707 2219 domus

132 2257 411 2326 Itiguuthis
437 2257 501 2312 ad
532 2256 926 2311 Brunicltildetn
952 2258 1185 2326 reginam
1213 2258 1446 2319 transiit,
1478 2266 1531 2311 et
1557 2257 1623 2310 ab
1643 2271 1704 2310 ea

131 2359 585 2422 susceptustcum
639 2349 947 2404 muneribus
987 2357 1040 2404 et
1076 2350 1242 2420 gratia
1294 2358 1379 2405 est
1423 2349 1701 2414 dimissus;

132 2446 423 2500 Cltariulfus
458 2444 729 2499 basilicam
759 2444 926 2499 sancti
956 2442 1163 2497 Martini
1192 2441 1413 2508 expetiit
1442 2449 1489 2494 ει.

196 2537 374 2593 XLIV.
408 2538 531 2591 Fuit
560 2536 586 2575 δ
622 2547 745 2591 tunc
776 2536 1031 2606 temporis
1060 2535 1270 2600 mulier,
1306 2548 1423 2603 qua:
1462 2533 1703 2604 spiritum

132 2630 373 2699 pythonis
422 2629 623 2702 [Αι..ει
664 2630 832 2699 infra,
885 2624 1158 2697 phytonis]
1208 2625 1427 2692 habens,
1481 2627 1701 2680 multum

131 2720 405 2784 [restabat
434 2714 664 2773 dominis
688 2717 973 2773 divinando
993 2726 1285 2786 qumstum;
1316 2732 1485 2783 eoque
1509 2717 1557 2768 in
1583 2731 1704 2783 gra-

133 2813 193 2863 lin
226 2808 468 2877 profecit,
499 2818 557 2863 ut
581 2809 650 2864 ab
693 2807 778 2862 bis
807 2806 972 2863 libera
1005 2807 1161 2871 facta,
1190 2808 1304 2861 suis
1345 2806 1703 2860 voluntatibus

131 2904 413 2958 laxaretur.
444 2900 504 2959 Si
536 2907 656 2972 quis
687 2903 829 2957 enim
862 2913 952 2955 aut
982 2902 1199 2966 fttrtum,
1230 2910 1319 2953 aut
1348 2900 1546 2967 aliquid
1578 2900 1700 2952 mali

132 2994 405 3063 perferret,
436 2996 615 3048 statim
648 2994 759 3048 haec
798 3008 903 3063 quo
932 2990 1016 3047 fur
1044 2991 1195 3052 abiit,
1224 2992 1307 3045 cui
1352 2991 1584 3055 tradidit,
1618 2992 1700 3045 vel

133 3088 247 3150 quid
274 3104 339 3141 ex
373 3088 475 3141 hoc
527 3086 730 3145 fecerit,
762 3084 1024 3140 edicebat.
1055 3082 1425 3154 Congregabat
1467 3082 1701 3150 quotidie

1816 1903 2044 1961 utroque
2083 1892 2135 1947 in
2170 1893 2336 1947 frusta
2381 1892 2614 1955 decisus,
2641 1892 2904 1947 exanimis
2928 1901 3011 1946 est
3062 1892 3300 1946 relictus.
3335 1892 3397 1947 lli

1813 1998 1943 2036 vero
1972 1983 2302 2052 accipientes
2334 1984 2637 2049 pecuniam,
2674 1987 2792 2053 fuga
2824 1983 3012 2050 dilapsi
3035 1991 3178 2037 sunt.
3213 1982 3396 2036 Frater

1813 2090 1942 2129 vero
1968 2075 2366 2143 ChristOpbori,
2392 2077 2604 2144 sepulto
2618 2075 2959 2143 corpusculo,
2995 2075 3241 2128 homines
3269 2089 3394 2127 suos

1811 2175 1931 2236 pttSt
1958 2181 2153 2236 pueros
2182 2166 2362 2237 dirigit
2402 2184 2416 2221 :
2442 2166 2530 2234 qui
2553 2165 2825 2234 juniorern
2857 2165 3302 2232 comprehensum
3334 2163 3395 2216 li-

1810 2270 1955 2326 gattl,
2000 2259 2214 2311 seniore
2262 2272 2383 2312 cum
2414 2258 2632 2326 pecunia
2691 2256 2947 2326 fugiente.
2981 2255 3143 2325 37o
3185 2254 3389 2321 Quibus

1813 2346 2178 2412 redeun1ibus,
2205 2362 2325 2402 Cum
2351 2347 2769 2403 vinctumlaxius
2790 2348 3152 2417 reliquissent,
3172 2354 3393 2415 accepta

1810 2442 1990 2497 lancea
2024 2458 2186 2496 unum
2217 2458 2282 2496 ex
2316 2440 2399 2495 his
2447 2454 2477 2495 a
2530 2440 2721 2510 quibus
2776 2440 3169 2502 adducebatur,
3220 2439 3390 2492 inter-

1807 2535 1957 2589 emit.
1982 2535 2087 2590 Sed
2113 2535 2371 2588 deductus
2398 2534 2466 2589 ab
2509 2533 2631 2586 aliis
2677 2547 2845 2601 usque
2881 2532 3133 2597 Turonis,
3165 2529 3392 2584 diversis

1807 2625 2084 2695 suppliciis
2133 2624 2400 2691 affectus,
2446 2625 2915 2694 detruncatusque,
2969 2624 3205 2693 patibulo
3235 2621 3391 2677 valde

1806 2717 2066 2773 exanimis
2095 2725 2119 2755 ο
2150 2727 2232 2772 est
2252 2732 2538 2787 appensus.

1879 2810 2087 2865 XLVII.
2121 2810 2314 2865 Gravia
2348 2818 2474 2864 tunc
2498 2810 2635 2864 inter
2658 2807 2952 2863 Turonicos
2975 2809 3118 2862 cives
3148 2807 3285 2861 bella
3314 2806 3391 2859 ci-

1808 2902 1931 2955 vilia
1960 2911 2334 2956 surrexerunt.
2370 2901 2500 2954 Nam
2542 2901 2834 2966 Siclrarius,
2871 2900 3090 2955 Joannis
3120 2897 3386 2966 quondam

1808 2995 1968 3062 filius,
1998 2995 2121 3050 dum
2146 2996 2338 3050 natalis
2370 2994 2629 3048 Dominici
2667 2993 2925 3046 Solemnia
2958 2992 3096 3059 apud
3128 2990 3385 3043 Montan-

1807 3103 2114 3160 magensem
2150 3086 2169 3125 ί
2204 3088 2374 3142 vicum
2403 3102 2525 3142 cum
2559 3085 2912 3153 Austregisilo
2948 3083 3275 3151 reliquisque
3298 3095 3388 3150 pa-

134 3193 311 3231 aurum
342 3187 742 3246 argentumque,
770 3174 1066 3244 procedens
1095 3178 1146 3228 in
1170 3175 1520 3239 ornamentis,
1553 3176 1622 3228 ita
1646 3184 1703 3228 ut

1813 3183 2061 3252 gensibus
2101 3182 2416 3246 celebraret,
2446 3179 2723 3248 presbyter
2750 3177 2851 3231 loci
2896 3177 3043 3230 misit
3068 3190 3285 3243 puerum
3318 3174 3385 3227 ad

134 3280 402 3339 putaretur
432 3269 634 3339 aliquid
664 3283 783 3323 esse
810 3270 1044 3322 divinum
1096 3268 1147 3320 in
1181 3266 1405 3337 populis.
1445 3264 1551 3321 Sed
1581 3280 1701 3319 cum

134 3364 349 3435 Agerico
380 3363 721 3417 Viridunensi
752 3363 1005 3432 episc0po
1033 3361 1148 3416 haec
1173 3361 1409 3415 nuntiata
1451 3358 1698 3425 fuissent,

134 3458 266 3510 misit
303 3457 466 3527 369
494 3458 561 3511 ad
589 3455 1153 3525 comprehendendum
1185 3470 1324 3510 eam.
1365 3456 1475 3521 Qua
1513 3469 1702 3522 appre-

135 3545 284 3598 hensa
319 3556 371 3599 et
401 3548 465 3598 ad
490 3561 550 3599 se
581 3546 825 3608 adducta,
854 3544 1004 3612 juxta
1038 3544 1087 3598 id
1116 3544 1253 3610 quod
1301 3544 1350 3596 iu
1381 3542 1599 3596 Actibus
1628 3542 1703 3596 Ie-

134 3640 289 3703 gimus
340 3637 644 3705 apostolicis
673 3636 822 3706 (Act.
856 3651 965 3700 xvt,
1006 3634 1120 3698 16),
1154 3634 1399 3702 cognovit
1427 3634 1477 3686 in
1508 3649 1567 3686 ea
1601 3633 1701 3686 im-

134 3730 376 3783 mundum
408 3729 652 3798 spiritum
677 3743 794 3783 esse
825 3727 1094 3797 pythonis.
1124 3727 1361 3795 licuique
1388 3741 1508 3781 cum
1540 3742 1698 3780 exor-

135 3822 344 3873 cistnum
390 3834 555 3889 super
583 3835 700 3873 eam
730 3818 951 3882 diceret,
1001 3834 1063 3872 ac
1107 3818 1334 3871 frontem
1392 3817 1539 3871 illius
1579 3818 1701 3871 oleo

136 3922 306 3966 sancto
344 3923 699 3981 perungeret,
750 3911 1068 3965 exclamavit
1095 3911 1441 3977 diernonium,
1472 3919 1526 3965 et
1571 3911 1699 3979 quid

136 4014 264 4058 esset
291 4004 526 4070 prodidit
555 4003 840 4057 sacerdoti.
877 4002 980 4057 Sed
1010 4018 1131 4055 cum
1167 4017 1259 4067 per
1288 4016 1409 4055 eum
1440 4016 1470 4055 a
1525 4002 1701 4071 puella

138 4109 229 4147 non
258 4095 653 4160 extruderetur,
684 4093 833 4148 abire
864 4093 1119 4161 permissa
1152 4102 1253 4147 est.
1286 4090 1524 4146 Cernetis
1571 4106 1700 4146 vero

138 4187 317 4252 puella,
346 4186 487 4254 quod
514 4191 563 4237 in
589 4186 706 4239 loco
732 4184 821 4239 illo
843 4184 1083 4237 habitare
1110 4197 1214 4237 non
1246 4191 1450 4251 posset,
1478 4181 1543 4236 ad
1571 4182 1700 4237 l-‘re-

140 4279 420 4347 degundem
454 4280 691 4346 reginam
722 4278 872 4347 abiit,
906 4276 1083 4345 ibique
1121 4285 1175 4330 ct
1203 4276 1375 4329 latuit.

202 4371 351 4425 XLV.
385 4371 575 4440 Magna
615 4370 716 4425 hoc
754 4384 895 4423 anno
946 4367 1114 4422 fames
1140 4381 1276 4436 pene
1315 4366 1513 4421 Gallias
1561 4372 1699 4420 totas

140 4465 426 4532 oppressit;
466 4478 588 4516 nam
622 4462 830 4530 plurimi
866 4475 1087 4515 uvarum
1117 4460 1343 4525 semina,
1372 4457 1532 4513 ﬂores
1554 4458 1700 4514 avel-

1803 3274 2102 3341 aliquorum
2134 3271 2407 3325 hominum
2441 3269 2831 3331 invitationem,
2860 3275 2919 3319 ut
2943 3264 3007 3318 ad
3026 3264 3241 3317 domum
3269 3262 3386 3331 ejus

1805 3363 2018 3419 bibendi
2047 3366 2213 3433 gvatia
2245 3363 2428 3416 venire
2452 3360 2730 3415 deberent.
2761 3357 3022 3412 Veniente
3044 3372 3168 3408 vero
3196 3365 3385 3423 puero,

1806 3472 1942 3513 unus
1972 3474 2036 3512 ex
2068 3458 2150 3510 his
2180 3457 2268 3525 qui
2315 3454 2695 3517 imitabantur,
2745 3459 2986 3505 extracto
3041 3449 3216 3518 gladio
3262 3460 3383 3499 eum

1803 3550 1966 3605 ferire
1993 3564 2099 3603 non
2127 3548 2315 3602 metuit
2346 3564 2359 3599 :
2390 3546 2479 3613 qui
2505 3555 2684 3599 statim
2718 3542 2908 3598 cecidit
2938 3550 2989 3596 et
3015 3549 3256 3594 mortuus
3278 3546 3384 3591 est.

1803 3646 1955 3713 Quod
2008 3661 2129 3700 cum
2183 3644 2458 3699 Sicltarius
2510 3642 2786 3705 audisset,
2844 3637 2933 3707 qui
2972 3635 3234 3690 amicitias
3264 3646 3384 3686 cum

1806 3740 2122 3809 presbytero
2168 3736 2454 3801 retinebat,
2485 3732 2626 3801 quod
2670 3732 2875 3785 scilicet
2908 3745 3037 3799 puer
3085 3728 3199 3795 ejus
3232 3724 3387 3780 fuerit

1804 3829 2139 3893 interfectus,
2167 3826 2397 3894 arreptis
2441 3826 2606 3877 armis
2635 3825 2920 3876 ecclesiam
2967 3820 3387 3891 petiit,"Austre-

1801 3922 2013 3991 gisilum
2080 3920 2352 3987 operiens.
2404 3918 2499 3971 Ille
2552 3926 2727 3969 autem
2758 3916 2872 3968 hare
2922 3913 3166 3979 audiens,
3196 3926 3383 3979 appre-

1804 4018 1976 4069 henso
2008 4027 2277 4066 armorum
2308 4020 2586 4079 apparatu,
2621 4018 2805 4061 contra
2835 4021 2955 4059 eum
3004 4003 3223 4072 dirigit:
3261 4003 3386 4054 mis.

1808 4107 1981 4175 lisque
2005 4103 2279 4167 ciuilibus,
2310 4115 2430 4153 cum
2460 4113 2519 4153 se
2564 4112 2685 4166 pars
2715 4106 2936 4161 utraque
2969 4093 3264 4156 colliderct,
3292 4089 3381 4143 Si-

1800 4196 2017 4251 charius
2046 4196 2186 4247 inter
2209 4192 2434 4245 clericos
2466 4199 2701 4256 ereptus,
2737 4186 2803 4239 ad
2834 4186 3013 4238 villam
3061 4198 3210 4235 suam
3246 4180 3382 4235 effu-

1801 4287 1896 4357 git,
1923 4285 2122 4339 relictis
2147 4284 2200 4336 in
2230 4282 2392 4335 domo
2431 4277 2755 4348 presbyteri,
2789 4291 2908 4330 cum
2938 4281 3164 4342 argento
3188 4279 3242 4327 et
3267 4287 3379 4327 ves-

1803 4377 2079 4441 timentis,
2131 4383 2360 4444 quatuor
2407 4372 2587 4440 pueris
2628 4367 2899 4421 sauciatis.
2956 4367 3073 4433 Quo
3124 4362 3381 4432 fugiente,

1803 4466 2386 4536 Austregisilusiterum
2417 4464 2645 4526 irruens,
2673 4458 2965 4514 interfectis
2979 4456 3176 4527 pueris,
3198 4472 3384 4511 aurum

140 4556 377 4619 lanarum,
404 4555 646 4609 nonnulli
674 4554 883 4608 radices
915 4552 1094 4607 herba:
1125 4552 1278 4606 filicis
1306 4551 1587 4619 arefactas,
1616 4568 1701 4605 re-
1729 4536 1779 4596 1)
1805 4568 2190 4627 argentumque
2206 4572 2325 4610 cum
2354 4554 2573 4624 reliquis
2601 4554 2761 4607 rebus
2781 4550 3017 4606 abstulit.
3045 4549 3248 4602 Dehinc
3263 4562 3383 4602 cum

141 4647 408 4718 dactasque
432 4652 482 4703 in
516 4650 826 4717 pulverem,
858 4648 1215 4702 admiscentes
1258 4661 1440 4713 parum
1490 4646 1694 4712 farinae,

141 4754 311 4807 panem
340 4742 731 4805 conficiebant;
780 4740 931 4794 multi
976 4740 1135 4794 etiam
1188 4738 1406 4792 herbam
1460 4746 1698 4807 segetum

140 4833 460 4897 decidentes,
484 4833 733 4887 similiter
763 4832 1046 4885 faciebant.
1076 4829 1310 4883 Fuerunt
1336 4829 1497 4883 etiam
1526 4826 1697 4893 multi,

140 4925 309 4992 quibus
337 4940 439 4979 non
464 4934 581 4978 erat
608 4921 808 4992 aliquid
829 4921 1035 4985 farinae,
1059 4922 1149 4989 qui
1178 4921 1418 4975 diversas
1444 4921 1697 4990 colligen-

140 5027 207 5069 tes
227 5019 440 5078 herbas,
470 5016 882 5071 ctconicdentes
913 5013 1179 5067 tumefacti
1204 5012 1544 5067 deficiebant.
1579 5011 1696 5064 Plu-

143 5110 244 5164 rimi
273 5112 415 5165 enim
450 5119 575 5163 tunc
614 5123 679 5163 ex
724 5106 897 5162 inedia
941 5106 1297 5170 tabescentes,
1328 5104 1524 5159 mortui
1551 5112 1695 5158 sunt.

208 5278 231 5305 "
256 5268 351 5322 Iiic
379 5266 646 5334 designari
672 5263 856 5317 volunt
886 5261 1165 5334 ecclesiam
1196 5260 1362 5314 sancti
1392 5259 1602 5334 Martini
1634 5260 1699 5316 de

142 5336 363 5401 Leriaco,
400 5332 661 5404 hodieque
709 5334 934 5404 collegio
968 5332 1696 5404 canonicoruminsignium

140 5410 256 5467 apud
286 5400 589 5479 Bituriges,
611 5406 711 5461 sub
747 5403 1115 5472 jurisdictione
1162 5402 1329 5455 sancti
1360 5400 1569 5475 Martini
1596 5401 1701 5456 Tu-

141 5481 384 5533 mucosis.

203 5558 227 5596 ιτ
251 5552 362 5602 Hoc
388 5555 550 5615 caput
576 5546 727 5599 deest
754 5544 805 5597 in
828 5543 984 5597 ϐοιο.
1008 5558 1058 5596 a.
1091 5553 1141 5596 et
1175 5541 1293 5595 Vat.

205 5640 221 5666 ε
248 5621 402 5673 Colb.
432 5636 505 5677 a.,
529 5619 605 5668 vel
636 5618 913 5668 modicum.

203 5698 225 5735 ιι
252 5693 348 5743 llic
377 5691 576 5743 desinit
607 5688 739 5738 liber
770 5700 840 5736 vtt
866 5685 921 5736 in
956 5682 1073 5736 Vat.
1102 5694 1153 5738 et
1192 5682 1344 5736 Col-lt.
1377 5696 1451 5745 a.,
1484 5692 1535 5738 ct
1562 5681 1612 5736 in
1638 5681 1701 5736 iis

144 5761 311 5816 icsttnt
344 5761 453 5814 duo
483 5760 653 5826 capita
683 5754 981 5826 scquculia.

1807 4653 1859 4706 in
1888 4650 2089 4721 judicio
2131 4649 2327 4703 civium
2358 4647 2754 4708 convenissent,
2787 4652 2842 4699 et
2882 4653 3203 4712 praeceptum
3245 4649 3387 4697 esset

1808 4757 1867 4802 ut
1909 4745 2310 4815 Austregisilus,
2342 4742 2430 4809 qui
2482 4740 2749 4795 homicida
2802 4751 2933 4803 erat,
2984 4749 3040 4795 et
3091 4740 3385 4794 interfectis

1809 4842 1985 4910 pueris
2013 4854 2101 4893 res
2141 4837 2258 4892 sine
2288 4835 2553 4890 audientia
2578 4843 2602 4880 8
2632 4833 2949 4901 diripuerat,
2982 4847 3203 4885 censura
3231 4831 3381 4899 legali

1807 4930 2275 4986 condemnaretur.
2314 4929 2449 4983 Inito
2505 4926 2701 4996 placito
2745 4924 2925 4991 paucis
2980 4923 3115 4976 infra
3167 4922 3379 4987 diebus,

1806 5025 2082 5081 Sicharius
2106 5024 2329 5079 IUdIt‘lIS
2376 5021 2515 5088 quod
2566 5033 2652 5073 res
2682 5031 2812 5086 quas
2844 5014 3224 5084 Austregisilus
3254 5015 3382 5068 diri.

1805 5124 2014 5188 puerat,
2046 5130 2166 5169 cum
2200 5116 2424 5168 Aunone
2445 5120 2500 5165 et
2551 5110 2660 5163 filio
2681 5117 2843 5176 atque
2864 5108 2982 5174 ejus
3030 5106 3195 5161 fratre
3246 5106 3382 5160 Ebe-

1879 5280 1903 5340 ὲ
1932 5270 2143 5340 Regm.,
2176 5266 2401 5340 panpqu
2427 5272 2499 5317 est
2522 5278 2797 5340 appeusus.

1881 5339 1902 5379 ί
1926 5328 2094 5393 [λικῖἱιε
2119 5328 2252 5403 apud
2278 5336 2519 5388 Turonos
2557 5328 2705 5385 satis
2757 5331 3004 5395 celebris,
3038 5328 3366 5403 vulgoMnn‘

1808 5412 1965 5467 felun.
1992 5411 2065 5464 Ibi
2113 5400 2402 5473 Perpetuus
2444 5404 2724 5458 eccicsiam
2754 5403 3058 5465 :cdiﬁcavil,
3088 5400 3151 5454 uti
3187 5400 3381 5452 dicitur

1806 5482 1940 5536 infra
1974 5473 2064 5533 lib.
2095 5496 2122 5532 x
2174 5494 2290 5544 cap.
2326 5477 2531 5528 ultnno.

1880 5562 1903 5598 ϐ
1932 5552 2080 5617 Apud
2106 5537 2343 5603 Mareulf.
2375 5547 2465 5598 lib.
2494 5560 2529 5609 ι,
2551 5540 2763 5617 cap._‘28
2784 5583 2797 5604 ,
2823 5549 2998 5617 exstat
3022 5537 3378 5617 Formnln_au-

1807 5607 2084 5682 dientialis,
2116 5636 2215 5686 qua
2238 5621 2356 5686 quis
2383 5617 2444 5668 ad
2472 5607 2738 5686 principis
2751 5612 3089 5686 praesentiam
3117 5607 3381 5663 accedere

1807 5696 2115 5762 cogcbzrur,
2136 5682 2204 5743 ad
2236 5682 2458 5758 quodvis
2487 5687 2678 5740 factum
2709 5682 3118 5737 discutiendum.
