3966 6348
585 288 684 364 m

1538 298 1580 355 8
1638 293 1963 352 GREGORII
2004 294 2309 351 El‘lSCUl’l
2350 295 2782 353 TUIiONENSIS

2629 199 2643 225 ϐ

3764 298 3866 355 ιιι

582 422 719 481 ωηο
776 417 1154 477 retinerentur,
1203 411 1505 483 postposito
1579 414 1795 482 placito,
1846 411 2165 481 conjunctus
2196 416 2241 474 Α
2268 410 2512 483 Cumque
2539 427 2779 477 servum,
2804 423 2859 467 ut
2903 422 3181 468 exerceret
3208 427 3428 483 operam
3460 426 3859 483 commneret,

583 516 816 581 Audiuo,
849 520 993 567 mota
1020 508 1308 573 seditione,
1330 521 1449 562 cum
1495 506 1718 562 armatis
1744 506 1873 560 viris
1895 505 2054 559 irruit
2077 520 2169 559 su.

581 621 677 676 per
705 619 801 660 eos
824 609 1012 667 nocte,
1043 599 1283 669 elisoque
1309 596 1539 667 hospitio
1589 597 1644 652 in
1666 611 1773 667 quo
1806 595 2168 667 dormiebant,

582 707 789 767 patrem
818 709 939 749 cunt
1000 691 1166 747 fratre
1190 698 1247 744 et
1303 691 1416 745 filio
1445 687 1738 753 interemit,
1765 701 1958 756 resque
1985 701 2170 740 eorum

581 803 704 842 cum
732 785 1015 856 pecoribus
1036 824 1051 849 ,
1082 780 1489 850 interfectisque
1518 778 1712 843 servis,
1742 776 1982 832 abduxit.
2017 776 2170 844 Quod

584 894 683 934 uos
712 877 1016 943 audientes,
1042 874 1391 929 vehementer
1428 886 1494 926 ex
1527 870 1627 925 hoc
1659 868 1895 936 molesti,
1918 867 2170 937 adjuncto

583 971 785 1040 judice,
815 967 1072 1023 mittimus
1097 965 1161 1020 ad
1191 980 1286 1021 eos
1308 963 1650 1036 legationem,
1687 962 1809 1016 utin
1836 960 2005 1015 nostri
2037 976 2172 1030 pra:-

580 1062 807 1117 sentiam
842 1061 1139 1123 venientes,
1167 1066 1387 1127 accepta
1434 1054 1641 1110 ratione
1682 1069 1804 1109 eum
1850 1067 1982 1124 pace
2009 1054 2169 1123 371

580 1152 940 1219 discederent,
976 1166 1042 1205 ne
1085 1148 1320 1219 iurgium
1353 1147 1406 1201 in
1449 1146 1682 1215 amplius
1708 1144 2013 1215 pullularet.
2037 1143 2169 1208 Oui-

582 1246 683 1301 bus
718 1243 1075 1307 venientibus,
1100 1239 1505 1310 coniunctisque
1533 1235 1760 1302 civibus,
1793 1249 1895 1305 ego
1915 1235 2001 1289 aio
2029 1251 2041 1287 :
2067 1234 2171 1289 No-

581 1340 700 1407 lite,
727 1355 761 1394 o
782 1339 906 1402 viri,
935 1338 986 1392 in
1009 1335 1305 1390 sceleribus
1334 1333 1594 1404 prolicere
1612 1373 1629 1396 ,
1659 1346 1725 1387 ne
1748 1331 1949 1385 malum
1974 1331 2026 1384 in
2048 1329 2183 1389 lene.

582 1434 702 1504 gius
747 1429 1092 1487 extendatur.
1122 1426 1459 1483 Perdidimus
1504 1425 1648 1481 enim
1703 1423 1946 1479 ecclesia:
1984 1423 2168 1478 ﬁlios:

581 1523 869 1580 metuimus
901 1536 1067 1586 nunc,
1095 1535 1164 1577 ne
1185 1527 1243 1576 et
1269 1520 1389 1575 aliis
1416 1519 1468 1574 in
1496 1519 1597 1573 bac
1646 1518 1944 1573 intentione
1988 1529 2170 1572 carea-

581 1632 723 1672 mus.
786 1615 991 1681 Estote,
1021 1628 1228 1682 quaeso,
1264 1611 1491 1682 pacifici,
1525 1619 1581 1664 et
1624 1609 1713 1680 qui
1761 1608 1959 1663 malum
2008 1605 2175 1677 gessit

579 1715 755 1763 stante
792 1708 1057 1762 charttate
1102 1714 1411 1775 componat,
1443 1712 1501 1757 ut
1526 1703 1645 1758 sitis
1691 1700 1784 1756 lilii
1828 1699 2054 1771 pacifici,
2080 1699 2170 1769 qui

2272 504 2584 573 elevataque
2608 507 2752 572 virga
2779 503 2971 557 ictibus
2995 503 3323 569 vetberaret,
3354 503 3446 559 ille
3472 514 3721 559 extracto
3751 505 3863 560 bal-

2273 595 2344 649 tei
2398 595 2573 665 gladio
2609 594 2887 649 dominum
2941 594 3185 648 sauciare
3227 609 3332 647 non
3381 595 3591 649 metuit.
3647 594 3775 662 Quo
3807 597 3858 650 iu

2273 695 2474 741 terram
2506 695 2720 752 ruente,
2752 695 3033 742 currentes
3062 686 3220 740 amici
3265 685 3666 755 apprehensum
3699 688 3862 760 372

2277 793 2492 834 servum
2539 777 2829 833 crudeliter
2850 792 3073 843 caesum,
3103 782 3361 833 truncatis
3404 778 3652 833 manibus
3679 790 3739 834 et
3774 797 3863 851 pe-

2271 869 2449 935 dibus,
2482 870 2718 940 patibulo
2742 871 3148 925 damnaverunt.
3178 871 3394 927 interim
3419 888 3583 926 sonus
3607 872 3660 926 in
3688 872 3737 926 Τ
3741 890 3863 927 uro-

2273 967 2449 1022 nicum
2476 966 2608 1021 exiit
2636 964 2938 1021 Sichariutn
2963 965 3125 1019 fuisse
3154 964 3483 1019 defunctum.
3508 964 3642 1020 Cum
3674 977 3859 1020 autem

2274 1058 2389 1115 haec
2409 1058 2854 1114 Cbramuisindus
2882 1057 3149 1131 audisset,
3172 1058 3514 1111 commonitis
3545 1060 3862 1127 parentibus

2272 1161 2326 1207 et
2345 1150 2553 1213 amicis,
2583 1150 2649 1205 ad
2681 1149 2896 1204 domum
2927 1149 3044 1220 ejus
3070 1160 3343 1219 preperat.
3367 1149 3573 1215 Quibus
3595 1152 3859 1221 spoliatis,

2275 1240 2614 1311 interemptis
2639 1241 2909 1296 nonnullis
2944 1254 3246 1307 servorum,
3288 1241 3478 1296 domus
3506 1257 3723 1310 omnes,
3757 1254 3859 1297 tam

2272 1334 2500 1391 Sicbarii
2528 1350 2691 1405 quam
2722 1334 3072 1404 reliquorum,
3109 1336 3197 1405 qui
3227 1336 3511 1404 participes
3534 1338 3693 1407 bujus
3724 1340 3859 1394 villae

2273 1436 2450 1494 erant,
2475 1425 2720 1481 incendio
2734 1425 3118 1491 concremavit,
3139 1425 3408 1481 abducens
3436 1442 3617 1483 secum
3640 1444 3859 1498 pecora,

2275 1530 2329 1576 et
2357 1535 2690 1590 qumcunque
2736 1534 2955 1575 movere
3008 1519 3206 1589 potuit.
3229 1520 3378 1575 Tunc
3418 1532 3597 1591 partes
3624 1538 3654 1576 a
3677 1522 3862 1593 judice

2277 1613 2342 1666 ad
2370 1612 2643 1667 civitatem
2674 1609 2921 1666 deducta:
2947 1624 3136 1665 causas
3168 1610 3413 1681 proprias
3437 1612 3861 1684 proloquuntur;

2278 1705 2662 1774 inventumque
2686 1712 2771 1759 est
2790 1718 2821 1759 a
2866 1704 3162 1774 iudicibus,
3198 1713 3257 1759 ut
3287 1704 3377 1774 qui
3404 1705 3591 1760 nolens
3612 1708 3863 1777 accipere

579 1801 723 1871 digni
753 1801 869 1856 sitis
893 1814 1116 1871 regnum
1164 1799 1278 1863 Dei,
1311 1798 1429 1866 ipso
1459 1797 1684 1850 Domino
1731 1794 2017 1860 tribuente,
2048 1807 2166 1861 ρετ·
2201 1809 2245 1871 Β
2273 1800 2417 1869 prius
2442 1798 2888 1868 compositionem
2944 1798 3136 1853 domos
3169 1798 3430 1854 incendiis
3476 1801 3717 1869 tradidit,
3750 1818 3863 1857 me-

579 1893 778 1962 cipere.
810 1891 903 1948 Sic
928 1892 1069 1945 enim
1103 1890 1218 1958 ipse
1239 1891 1314 1943 ait
1342 1905 1358 1945 :
1389 1889 1534 1942 Beati
1562 1887 1792 1957 paciﬁci,
1818 1885 2063 1955 quoniam
2089 1885 2165 1954 ip-

580 1999 748 2038 sorum
778 1994 849 2036 est
878 1996 1090 2051 regnum
1114 1979 1357 2033 caelorum
1389 1977 1601 2049 (Matth.
1640 1994 1689 2043 v,
1716 1978 1795 2046 9).
1830 1976 1970 2031 Ecce
1995 1975 2162 2039 enim,

548 2114 555 2125 ι
580 2073 674 2132 atsi
703 2073 776 2127 illi
804 2072 893 2141 qui
908 2085 1061 2125 noxae
1088 2070 1547 2139 subditur,minor
1572 2078 1654 2124 est
1675 2067 1919 2132 facultas,
1943 2076 2165 2136 argento

581 2163 817 2220 ecclesiae
844 2163 1135 2218 redimetur
1168 2180 1180 2213 :
1216 2161 1428 2217 interim
1469 2162 1647 2214 anima
1675 2160 1772 2212 viri
1823 2174 1927 2212 non
1962 2166 2163 2227 pereat.

582 2257 646 2312 Et
675 2257 788 2312 haec
829 2256 1035 2322 dicens,
1064 2255 1233 2309 obtuli
1282 2264 1562 2324 argentum
1620 2252 1900 2318 ecclesiae;
1925 2250 2020 2306 sed
2046 2265 2169 2319 pars

583 2346 994 2413 Citramnisindi,
1019 2360 1137 2416 qua:
1159 2360 1269 2401 mor
1281 2355 1387 2401 tem
1415 2347 1579 2416 patris
1607 2345 1891 2414 fratrisque
1914 2352 1969 2399 et
1994 2343 2165 2412 patrui

582 2438 909 2508 requirebat,
940 2439 1187 2510 accipere
1216 2439 1386 2494 noluit
1418 2447 1464 2491 α.
1493 2438 1586 2492 llis
1623 2436 2049 2500 discedentibus,
2078 2435 2163 2491 Si-

580 2530 792 2586 cbarius
823 2532 926 2586 iter
948 2542 1007 2587 ut
1040 2531 1106 2586 ad
1136 2546 1317 2602 regem
1361 2531 1660 2586 ambularet
1700 2540 1983 2600 praeparat,
2017 2540 2068 2584 et
2095 2529 2166 2585 ob

582 2621 683 2675 hoc
706 2621 982 2676 Pictavum
1017 2621 1084 2675 ad
1130 2637 1350 2677 uxorem
1403 2621 1725 2677 cernendam
1780 2620 2160 2689 proficiscitur.

2274 1891 2528 1945 dietatem
2554 1889 2735 1958 pretii,
2758 1889 2900 1960 quod
2930 1889 2978 1945 ei
3010 1888 3185 1944 fuerat
3208 1890 3531 1960 judicatum,
3561 1892 3860 1949 amitteret.

2276 1981 2344 2036 Et
2374 1982 2474 2036 hoc
2502 1990 2690 2037 contra
2715 1981 2861 2051 leges
2894 1992 3090 2046 actum,
3111 1991 3168 2035 ut
3195 1991 3393 2037 tantum
3426 1984 3634 2052 pacifici
3663 1986 3859 2039 redde-

2274 2084 2482 2138 rentur,
2515 2074 2672 2128 aliam
2702 2087 2831 2129 vero
2861 2073 3202 2128 medietatem
3234 2074 3642 2144 compositionis
3669 2074 3863 2130 Sicha-

2274 2165 2388 2220 rius
2415 2164 2687 2219 redderet.
2714 2163 2865 2219 Tunc
2901 2163 3028 2219 dato
3065 2164 3134 2219 ab
3188 2165 3416 2220 ecclesia
3468 2176 3715 2236 argento,
3742 2183 3863 2237 qua:

2270 2254 2645 2325 judicaverant
2690 2264 2911 2325 accepta
2959 2256 3249 2311 securitate
3279 2255 3305 2295 δ
3332 2254 3683 2327 componunt,
3721 2260 3865 2315 datis

2269 2343 2372 2401 sibi
2403 2353 2583 2414 partes
2627 2344 2857 2401 invicem
2913 2347 3287 2415 sacramentis,
3321 2356 3378 2403 ut
3421 2348 3570 2403 nullo
3622 2366 3863 2419 unquam

2271 2445 2511 2508 tempore
2564 2446 2751 2493 contra
2780 2437 3002 2493 alteram
3052 2453 3174 2507 pars
3223 2440 3390 2495 altera
3423 2442 3782 2499 mussitat-et:
3812 2455 3867 2499 et

2268 2529 2348 2586 sic
2368 2529 2649 2584 altercatio
2674 2529 2961 2583 terminum
2996 2529 3141 2584 fecit.
3186 2563 3191 2569 -

582 2713 3865 2745 W
3346 2727 3865 2739 -——————-——-

890 2843 1244 2916 373-371.
1340 2758 1950 2903 INCIPIUNT
2009 2816 2601 2929 CAPITULA
2665 2818 2974 2899 LIBRI
3024 2816 3183 2905 ()C
3211 2816 3488 2899 [‘AVI.

585 3000 634 3056 I.
683 2999 754 3053 De
785 3017 843 3054 eo
872 3002 1011 3070 quod
1037 3017 1130 3054 rea:
1154 2999 1446 3055 Aurelianis
1475 3004 1630 3058 venit.

3346 2729 3749 2736 --------⁸

585 3070 672 3144 ll.
706 3066 937 3144 Qualiter
965 3074 1012 3125 ei
1039 3073 1260 3142 episwpi
1291 3076 1619 3139 prwsentati;
1650 3084 1697 3129 et
1723 3072 1947 3144 qualiter
1974 3070 2084 3141 ipse
2106 3066 2392 3124 i‘onvivium
2420 3080 2748 3139 pra'parnvtt.

586 3140 700 3197 III.
742 3141 819 3197 De
844 3140 1166 3208 cantoribus,
1197 3140 1242 3197 et
1274 3154 1481 3213 argento
1509 3140 1803 3199 Manuttoli.

586 3213 688 3268 IV.
732 3214 868 3267 Laus
898 3213 1205 3268 Childeberti
1231 3214 1385 3283 regis.

590 3284 667 3355 V._
700 3284 776 3355 De
803 3284 1079 3338 visionibus
1107 3301 1235 3355 quas
1266 3281 1382 3349 rex,
1410 3285 1490 3337 vel
1517 3302 1608 3340 nos
1634 3287 1697 3341 de
1716 3283 2008 3355 Chilperico
2030 3281 2271 3336 vidimus.

586 3353 690 3410 VI.
730 3354 809 3408 De
836 3355 899 3424 iis
928 3372 1054 3424 quos
1082 3353 1514 3421 prtesentavimus.

585 3424 733 3496 VII,
766 3425 844 3496 De
866 3423 1110 3479 Palladio
1133 3426 1389 3496 episcopo,
1420 3428 1639 3495 qualiter
1670 3428 1857 3482 Missas
1889 3425 2044 3479 dixit.

585 3495 759 3553 VIII.
805 3494 882 3548 De
907 3497 1067 3566 signis
1098 3494 1334 3549 ostensis.

584 3567 687 3622 IX.
733 3567 808 3619 De
834 3564 1153 3618 sacramento
1180 3581 1273 3632 pro
1302 3564 1411 3633 ﬁlio
1439 3564 1716 3634 Chilpt'rici
1748 3566 1890 3617 dato.

584 3636 654 3693 X.
696 3636 773 3690 De
802 3636 1098 3703 corporibus
1130 3634 1418 3688 Merovechi
1446 3646 1492 3687 et
1521 3635 1886 3691 Ghlodovcclti.

585 3706 689 3763 XI.
734 3708 810 3769 De
837 3707 1061 3759 ostiariis
1090 3714 1138 3759 et
1167 3706 1377 3758 interitu
1403 3704 1610 3760 Boanti.

585 3776 670 3833 XI
679 3776 733 3847 μ
768 3775 847 3847 De
876 3773 1145 3847 Tlteodoro
1173 3776 1429 3847 episwpo,
1461 3786 1507 3828 et
1531 3777 1685 3847 plaga
1716 3791 1875 3847 super
1901 3772 2227 3847 Iiatharrunt.

586 3846 763 3924 XI.
800 3845 882 3924 pe
908 3843 1554 3924 legationeGunteIiramni
1583 3843 1650 3901 ad
1677 3846 2055 3901 Childebertum
2084 3844 2299 3900 directa.

585 3917 748 3974 XIV.
789 3915 867 3970 De
896 3915 1123 3986 periculo
1152 3917 1203 3969 in
1233 3918 1463 3985 ﬂumine.

586 3988 715 4045 XV.
756 3987 834 4042 De
861 3988 1184 4041 conversione
1217 3987 1446 4055 Ulﬁlaici
1471 3989 1695 4042 ataconi.

585 4058 636 4114 Χ
650 4058 747 4115 γι.
794 4057 920 4124 Qua:
949 4059 1012 4111 de
1038 4054 1311 4112 virtutibus
1336 4058 1499 4111 sancti
1527 4057 1741 4113 Martini
1769 4054 1966 4114 retulit.

584 4127 781 4187 XVII.
819 4128 895 4199 De
918 4130 1076 4199 signis
1102 4145 1213 4197 qua:
1237 4139 1602 4199 apparuerunt.
2086 4164 2093 4171 ρ

584 4199 812 4257 XVIII.
858 4197 1006 4266 Quod
1030 4197 1386 4253 Childebértns
1414 4201 1468 4251 in
1497 4197 1709 4253 Italiam
1738 4200 1927 4254 direxit
1956 4198 2255 4265 exercitum,
2287 4207 2334 4252 et
2357 4202 2446 4264 qut
2469 4197 2624 4251 duces
2650 4197 2721 4252 vel
2747 4199 2951 4253 comites
2986 4208 3076 4253 aut
3102 4199 3320 4253 instituti
3352 4208 3469 4252 sunt
3489 4241 3505 4266 ,
3535 4211 3627 4252 aut
3655 4210 3869 4256 remoti.

585 4272 631 4328 Χ
638 4271 720 4327 IX
728 4311 743 4326 .
785 4270 862 4324 De
891 4271 1098 4323 interitu
1132 4267 1338 4339 Dagul/i
1360 4269 1576 4324 abbatis.

584 4342 710 4397 XX.
754 4341 881 4409 Qua:
904 4341 957 4394 in
986 4341 1181 4422 synodo
1207 4341 1501 4395 Matiscensi
1531 4352 1647 4393 acta
1676 4349 1814 4394 sunt.

586 4412 746 4469 XXI.
791 4413 864 4465 De
894 4412 1083 4469 placito
1110 4412 1160 4463 in
1189 4410 1544 4469 Belsonnaco;
1576 4421 1620 4462 et
1649 4412 1713 4464 de
1733 4426 1814 4469 sep

733 4427 864 4465 .ue

587 4482 788 4552 XXII._
824 4480 901 4552 De
930 4481 1065 4534 obitu
1092 4483 1467 4552 episcoporum,
1497 4491 1544 4534 et
1578 4480 1903 4536 Wandelini.

588 4550 813 4607 XXIII.
855 4549 932 4603 De
961 4549 1186 4606 diluviis.

587 4622 803 4677 XXIV.
845 4618 921 4673 De
950 4622 1130 4676 insulis
1160 4622 1337 4679 maris.

586 4692 690 4765 XX
709 4693 781 4765 Υ..
811 4690 889 4765 De
915 4689 1086 4765 insula
1114 4692 1294 4765 inqua
1322 4693 1528 4765 sanguis
1559 4693 1822 4763 apparuit.

586 4764 690 4819 XX
708 4761 800 4816 VI.
845 4762 921 4816 De
951 4761 1309 4831 Eberulfo‘qui
1337 4761 1445 4818 diti:
1473 4765 1592 4831 fuit.

585 4834 687 4888 XX
700 4832 834 4889 VII.
878 4835 1027 4900 Quod
1056 4832 1353 4889 Desiderius
1382 4836 1451 4887 ad
1478 4851 1645 4904 regem
1673 4834 1823 4888 abiit.

893 4409 1083 4481 placito
1110 4412 1160 4463 in
1189 4410 1544 4475 Belsonnaco;
1576 4412 1713 4481 etde
1733 4409 1970 4477 sepulcro
1996 4410 2209 4465 violato.

1875 4904 1952 4958 vel
1979 4905 2040 4957 de
2064 4884 2244 4975 legatis
2270 4904 2623 4976 Hispanorum
2650 4906 2783 4957 clam
2812 4905 2879 4957 αλ
2908 4902 3295 4976 [θ’τεάεριιηιιεηι
3324 4909 3512 4961 missis.

584 4976 797 5046 XXIX.
843 4977 994 5042 Quod
1024 4973 1381 5043 Fredegu'ndis
1410 4977 1578 5041 misit,
1607 4973 1695 5045 qui
1719 4973 2100 5029 Childebertum
2116 4973 2457 5046 interﬁceret.

585 5045 775 5116 XXX.
809 5048 956 5113 Quod
982 5063 1115 5102 exert
1130 5048 1233 5099 itus
1264 5048 1317 5099 in
1344 5047 1725 5116 Septimaniam
1753 5046 1898 5099 abiit.

585 5114 806 5186 XXXI.
842 5116 918 5186 De
947 5118 1297 5186 interiectione
1326 5114 1627 5170 Praetextati
1653 5117 1898 5184 episwpi.

585 5184 832 5240 XXXII.
874 5185 950 5240 De
978 5184 1182 5240 interitu
1208 5187 1474 5242 Dontnolce
1502 5190 1681 5242 uxoris
1709 5186 1964 5242 Nectarii.

660 5319 889 5375 ‘Iultoc
925 5323 1099 5388 capite
1149 5330 1204 5376 et
1251 5320 1304 5372 in
1354 5321 1473 5375 aliis
1521 5320 1681 5375 variis
1729 5320 1972 5390 Gregorii
2025 5320 2158 5373 locis

583 5391 828 5457 exempla
886 5391 1147 5446 habentur
1209 5390 1449 5459 pessima:
1486 5391 1886 5445 consuetudinis
1934 5390 2159 5444 inimici-

585 5466 688 5519 tias
719 5461 949 5531 privatas
998 5462 1162 5515 armis
1206 5461 1579 5531 persequendi,
1608 5476 1728 5529 qum
1783 5462 2035 5531 principis
2058 5459 2158 5514 itu-

603 5529 758 5599 aerio,
787 5545 880 5587 aut
918 5534 1090 5602 legunt
1136 5530 1449 5585 auctoritate
1477 5534 1697 5602 omnino
1748 5546 1864 5602 non
1908 5529 2158 5596 prohibe-

603 5551 758 5599 ⁵⁸81⁵10,
787 5551 880 5587 ant
918 5551 1090 5602 19811111
1136 5551 1449 5585 aucwrttnte
1478 5551 1697 5583 υωιιιιιυ
1748 5551 1852 5583 Ill)"
1908 5551 2158 5596 ιιι-οιιιυϐ·

583 5551 739 5660 initur
776 5605 913 5674 apud
965 5604 1225 5665 Francos,
1273 5601 1518 5674 quamvis
1547 5601 1708 5654 certis
1739 5599 1952 5674 linibus
2003 5615 2158 5655 coer-

583 5679 686 5731 cita
743 5672 907 5731 esSet.
962 5676 1015 5729 Si
1069 5675 1246 5741 itapte
1297 5672 1473 5740 quivis
1516 5679 1610 5723 aut
1666 5672 2007 5733 vulneratus,
2063 5680 2155 5724 aut

583 5753 732 5803 certe
776 5747 985 5802 occisus
1032 5744 1238 5809 luisset,
1273 5750 1398 5797 tunc
1454 5741 1733 5813 prepinqui
1780 5741 1920 5799 illius
1944 5752 1999 5798 et
2038 5742 2153 5797 alli-

2266 5335 2383 5400 nes,
2408 5333 2500 5373 seu
2525 5329 2578 5400 et
2604 5319 2761 5401 amici
2807 5323 3087 5401 ἱῃῌυηξιηι
3140 5326 3550 5401 couveniebaut,
3604 5328 3886 5401 injuriam

2267 5391 2317 5472 vi
2346 5391 2785 5472 e_t‘artuis“ulturi_.
2826 5392 2954 5472 Vide
2982 5390 3270 5449 formulam
3330 5396 3395 5450 18
3418 5399 3509 5451 lib.
3538 5390 3551 5450 ἰ
3579 5390 3890 5472 Marcum,

2264 5470 2322 5537 et
2358 5461 2631 5537 biguonii
2680 5470 2853 5537 notas.
2904 5463 3033 5537 llaec
3078 5479 3241 5537 prava
3294 5470 3671 5537 consuetudo,
3736 5461 3887 5532 diu};

2268 5529 2478 5655 ninia,"
2505 5533 2701 5612 srepius
2732 5534 2784 5586 in
2841 5529 3224 5603 capitularibus
3283 5552 3470 5609 regum
3512 5529 3887 5608 postmodum

2265 5616 2329 5655 ve
2356 5614 2422 5654 ua
2478 5614 2575 5655 un.

2336 5671 2659 5753 ilijusmodi
2693 5673 3000 5753 securitatis
3050 5676 3279 5734 formula
3310 5690 3494 5736 exstat
3541 5686 3693 5753 apud
3738 5690 3883 5747 Ἁπ-

2262 5742 2391 5800 cull.
2422 5742 2517 5800 lib.
2552 5759 2609 5813 ll,
2639 5760 2759 5813 cap.
2788 5745 2875 5801 18.
