3966 6348
105 359 225 413 με)

97 473 416 531 XXXIII.
461 472 536 528 De
565 473 806 528 inccndio
837 473 978 526 urbis
1012 472 1312 529 Parismcw.

98 546 314 600 XXXI
339 548 398 600 V.
442 547 517 599 De
549 545 797 598 rectausis
828 547 1055 599 tentatis.

99 616 367 672 XXXV.
411 615 490 670 De
518 617 701 686 legatis
729 615 776 668 II
786 616 1105 686 itipanorum.

99 687 276 741 XXX
297 688 397 742 VI.
440 687 519 740 De
548 685 754 741 interitu
783 685 1138 755 Magnovaldi.

99 756 435 812 XXXVII.
491 757 643 824 Quod
671 756 998 810 Childeberto
1027 757 1170 823 ﬁlius
1200 765 1344 810 natus
1371 766 1462 809 est.

99 827 153 881 Χ
165 828 278 882 XX
295 829 464 883 VIII.
509 829 661 894 Quod
691 827 916 898 Ilispani
940 827 994 879 in
1020 826 1216 880 Gallias
1244 836 1604 898 proruperunt.

100 899 277 952 XXX
289 900 398 955 IX.
438 901 518 954 De
541 900 677 952 obitu
709 899 1082 967 episcOporttm.

101 969 235 1023 XL.
282 972 365 1025 De
389 970 606 1038 Pelagio
636 969 917 1022 Turonico.

103 1040 154 1111 ξ
167 1040 275 1111 LI.
322 1040 400 1095 De
426 1043 490 1095 iis
517 1042 606 1111 qui
638 1039 1004 1111 Prtetextatum
1029 1039 1328 1110 episwpum
1358 1039 1739 1111 interfecerunt.

103 1109 306 1164 XLII.
357 1112 508 1177 Quod
538 1110 852 1177 Bippolenus
884 1110 994 1163 dux
1021 1111 1172 1162 datus
1201 1109 1296 1163 est.

1067 357 1385 416 HISTORIA
1429 357 1872 416 FRANCORUM.
1915 359 2117 416 LIBER
2155 361 2496 421 OCTAVUS.

103 1129 306 1164 ALII.
357 1129 506 1177 quoa
538 1129 852 1208 mpporenus
884 1129 994 1163 aux
1021 1129 1172 1192 natus
1201 1129 1296 1192 est.
1431 1181 1442 1192 ο
1813 1180 1846 1192 Η

101 1181 345 1254 ξζιζῌ.
383 1183 542 1254 Quod
573 1182 783 1254 Dicetas
813 1189 981 1254 rector
1010 1179 1300 1254 Provinciae
1327 1180 1618 1254 ordinatur,
1651 1188 1696 1234 et
1719 1181 1783 1254 de
1808 1198 1873 1234 tis
1899 1199 2012 1251 qua:
2043 1183 2293 1237 Antistius
2323 1184 2498 1254 gestit.

104 1251 151 1305 Χ
167 1252 244 1306 LI
265 1253 326 1306 V.
372 1252 451 1306 De
475 1269 534 1306 eo
563 1253 652 1321 qui
674 1268 842 1321 regem
864 1249 1310 1304 Guntcltramnum
1338 1252 1624 1321 interﬁcere
1647 1252 1828 1306 voluit.

105 1322 290 1376 XLV.
337 1322 414 1377 De
447 1324 660 1376 interitu
693 1323 942 1376 Desiderii
971 1323 1142 1375 ducis.

107 1391 328 1450 XLVI.
370 1393 450 1448 De
473 1394 614 1447 obitu
651 1391 974 1446 Leuvichildi
1002 1393 1157 1463 regis.

1490 1562 3175 1591 _______.______—_______

3181 1579 3393 1599 ...νὴ

1066 1692 1534 1798 LIBER
1619 1693 2064 1804 ΟΟΤΑ
2092 1695 2420 1822 VU'S,

186 1922 348 1993 375
381 1920 419 1973 l.
453 1919 619 1986 Igitur
647 1917 1080 1974 Guntchramnus
1126 1932 1217 1971 rex
1253 1931 1396 1972 anno
1441 1918 1698 1990 vigesimo
1729 1925 1773 1982 Α
1806 1921 1966 1977 tionis
1997 1925 2164 1993 gratia
2192 1926 2454 1994 visitaret,
2486 1930 2550 1983 ad
2586 1940 2840 1987 metatum
2875 1944 3114 1990 nostrum
3145 1939 3384 1997 advenit.

113 2025 308 2084 quarto
342 2014 488 2084 regni
520 2013 601 2068 sui
633 2011 699 2067 de
725 2010 1006 2065 Cabillono
1036 2025 1374 2080 progressus,
1404 2011 1703 2068 Nivernen-

115 2123 234 2163 sem
283 2109 470 2162 urbem
503 2103 827 2175 aggreditur.
857 2102 1114 2158 Invitatus
1157 2102 1298 2158 enim
1348 2103 1584 2160 Parisios
1613 2119 1704 2159 ve-

114 2200 294 2255 niebat
335 2206 394 2252 ut
423 2195 708 2263 Chilperici
733 2195 918 2259 filium,
938 2209 1096 2265 quem
1111 2195 1218 2262 iam
1233 2195 1595 2250 Cltlotharium
1611 2211 1705 2252 vo-

114 2294 334 2357 citabat,
354 2306 380 2344 a
404 2306 558 2346 sacro
577 2288 998 2360 regenerationis
1020 2289 1163 2343 fonte
1180 2288 1402 2344 deberet
1420 2291 1670 2359 excipere
1687 2329 1700 2343 .

119 2383 400 2454 Digressus
441 2396 569 2436 vero
609 2395 639 2435 a
680 2380 916 2435 Niverno
946 2379 1013 2434 ad
1042 2379 1482 2436 Aurelianensem
1513 2381 1698 2434 urbem

117 2475 262 2530 venit
324 2489 576 2544 magnum
614 2487 673 2529 se
715 2482 837 2528 tunc
865 2472 1074 2528 civibus
1114 2472 1226 2528 suis
1266 2472 1533 2543 praebens.
1568 2472 1699 2528 Nam

119 2581 210 2636 per
232 2566 422 2621 domos
462 2580 647 2621 eorum
690 2566 947 2620 invitatus
992 2563 1206 2631 adibat,
1239 2573 1295 2620 et
1325 2566 1546 2635 prandia
1579 2565 1699 2621 data

117 2659 310 2712 libabat
339 2675 354 2712 :
385 2657 612 2711 multum
638 2656 704 2711 ah
738 2656 821 2710 his
851 2667 1185 2725 muneratus,
1212 2671 1538 2727 muneraque
1569 2657 1698 2727 ipsis

116 2748 316 2814 proﬂua
360 2749 687 2810 benignitate
719 2749 938 2819 largitus
968 2758 1071 2803 est.
1115 2747 1221 2803 Sed
1262 2763 1384 2802 cum
1415 2749 1478 2802 ad
1509 2750 1695 2802 urbem

119 2841 559 2896 Aurelianensem
583 2841 849 2906 venisset,
876 2850 990 2893 erat
1015 2853 1076 2894 ea
1101 2838 1190 2893 die
1220 2839 1531 2895 soletnnitas
1560 2837 1699 2894 beati

118 2933 346 2998 Martini,
380 2933 434 2988 id
467 2941 548 2987 est
574 2939 762 3001 quarto
801 2930 982 2987 Nonas
1029 2929 1233 2985 mensis
1279 2929 1452 3000 quinti
1475 2939 1525 2986 ιι.
1569 2929 1700 2986 Pro-

119 3026 383 3094 cessitque
411 3025 463 3078 in
498 3024 710 3079 obviam
738 3024 856 3093 ejus
887 3023 1148 3077 immensa
1179 3022 1358 3091 populi
1386 3022 1536 3076 turba
1574 3037 1695 3077 cum

118 3118 278 3188 signis
299 3125 462 3189 atque
494 3115 725 3183 vexillis,
753 3123 1006 3169 canentes
1028 3113 1232 3168 Iaudes.
1268 3115 1332 3167 Et
1358 3113 1486 3168 hinc
1519 3115 1696 3184 lingua

120 3212 406 3283 Syrorum,
443 3211 568 3266 hinc
609 3210 918 3265 Latinorum
942 3251 957 3276 ,
991 3203 1115 3263 hinc
1144 3208 1308 3264 etiam
1342 3210 1576 3279 ipsorum
1603 3211 1696 3265 Ju-

1811 2013 1939 2068 Erat
1963 2016 2106 2069 enim
2134 2017 2204 2071 ibi
2233 2017 2447 2073 basilica
2476 2022 2644 2075 sancti
2676 2023 2818 2077 Aviti
2842 2024 3072 2094 abbatis,
3105 2028 3262 2099 377
3295 2045 3388 2084 cu—

1803 2103 1891 2173 jus
1945 2106 1998 2159 in
2053 2106 2190 2161 libro
2245 2108 2622 2166 Miraculorum
2675 2116 3019 2171 meminimus
3061 2116 3108 2172 b.
3164 2119 3386 2176 Surrexi

1807 2197 2020 2265 gavisus
2045 2241 2060 2265 ,
2094 2198 2283 2266 fateor,
2310 2200 2377 2255 ad
2409 2216 2690 2258 occursum
2725 2206 2841 2274 ejus
2862 2247 2879 2273 ,
2908 2218 2962 2262 et
2987 2209 3110 2264 data
3146 2213 3393 2267 oratione

1805 2287 2086 2358 deprecor,
2121 2297 2178 2344 ut
2202 2289 2255 2345 in
2291 2292 2569 2348 mansione
2593 2310 2708 2349 mea
2739 2297 2978 2368 eulogias
3009 2300 3149 2356 beati
3175 2301 3386 2358 Martini

1805 2380 2115 2450 dignaretur
2135 2383 2569 2454 accipere.Quod
2598 2388 2690 2442 ille
2716 2404 2818 2443 non
2846 2407 3125 2461 respuens,
3150 2394 3386 2463 benigno

1804 2470 1984 2527 animo
2015 2473 2311 2542 ingressus,
2343 2474 2534 2531 hausto
2559 2479 2772 2546 poculo,
2803 2481 3088 2538 admonitis
3134 2484 3290 2539 nobis
3319 2484 3388 2539 ad

1803 2561 2126 2629 convivium,
2157 2563 2311 2618 laetus
2331 2564 2613 2623 abscessit.
2632 2566 2783 2623 Tunc
2808 2569 3222 2628 Bertcbramnus
3247 2574 3380 2629 Bur-

1803 2653 2108 2722 degalensis
2147 2656 2431 2727 episcopus
2463 2672 2583 2714 cum
2631 2659 2884 2716 Palladio
2913 2663 3205 2721 Santonico
3233 2667 3392 2723 valde

1807 2748 1917 2816 regi
1951 2746 2192 2803 infensus
2220 2756 2354 2812 erat,
2387 2765 2483 2820 pro
2510 2755 2855 2821 susceptione
2896 2755 3227 2812 Gttndovaldi
3249 2800 3264 2824 ,
3293 2775 3390 2814 cu-

1796 2836 1885 2907 jus
1908 2853 2070 2909 supra
2101 2841 2443 2897 meminimus
2475 2842 2614 2914 (Lib.
2649 2861 2739 2913 vtt,
2763 2865 2877 2918 cap.
2905 2850 3029 2920 5i);
3062 2852 3155 2906 sed
3182 2861 3238 2908 et
3261 2854 3384 2910 Pal-

1803 2931 1974 2984 ladius
2002 2932 2285 3002 episcopus
2309 2934 2380 2988 ob
2405 2935 2504 2991 hoc
2535 2938 2772 2993 maxime
2797 2941 2936 3010 regis
2961 2943 3096 2997 iram
3135 2943 3382 3001 incurre-

1800 3029 1902 3084 rat,
1926 3021 2065 3089 quod
2093 3022 2142 3076 ei
2169 3023 2364 3093 smpius
2396 3022 2632 3082 fallacias
2655 3028 2940 3086 intulisset.
2975 3032 3211 3089 Discussi
3238 3037 3382 3092 enim

1798 3120 1924 3166 ante
1955 3111 2223 3180 paululum
2255 3115 2465 3170 fuerant
2504 3117 2573 3171 ab
2598 3118 2819 3188 reliquis
2849 3122 3114 3193 episcopis
3150 3135 3206 3181 et
3242 3131 3384 3195 Opti-

1797 3201 2030 3256 matibus
2070 3205 2242 3273 regis,
2273 3218 2370 3260 cur
2403 3205 2814 3264 Gundovaldum
2858 3214 3255 3283 suscepissent,
3288 3232 3384 3273 cur

118 3306 375 3371 decorum,
409 3305 462 3358 in
490 3304 719 3360 diversis
751 3303 998 3358 laudibus
1028 3303 1174 3358 varie
1200 3303 1589 3373 concrepabat,
1616 3304 1693 3358 di-
1723 3297 1770 3358 Β
1799 3293 2138 3369 ῗθυειίθηυῐᾨ
2169 3306 2190 3334 ε
2219 3296 2384 3367 Aquis
2403 3299 2713 3368 episcopum
2735 3301 2800 3354 ad
2827 3305 3238 3372 przeceptiOnem
3265 3307 3383 3376 ejus

118 3411 276 3451 cens:
313 3394 466 3449 Vivat
494 3410 616 3462 rex,
646 3409 977 3464 regnumque
1005 3392 1122 3464 ejus
1143 3394 1194 3448 in
1226 3394 1455 3450 diversis
1488 3395 1694 3464 populis

117 3489 261 3542 annis
313 3487 608 3542 innumeris
655 3487 928 3542 dilatetur.
971 3486 1140 3541 .lttd:ri
1173 3501 1338 3555 vero,
1382 3488 1472 3558 qui
1518 3490 1567 3543 in
1611 3489 1694 3545 his

117 3581 355 3635 laudibus
378 3581 693 3635 videbantur
713 3595 830 3636 esse
851 3581 1158 3651 participes,
1184 3581 1467 3637 dicebant:
1491 3581 1691 3639 Omnes

115 3683 293 3740 gentes
323 3682 376 3727 te
405 3673 623 3729 adorent
655 3673 817 3743 376
847 3673 1050 3743 tibique
1083 3688 1223 3742 genu
1253 3674 1499 3742 flectant,
1528 3686 1691 3746 atque

120 3767 201 3820 tibi
225 3767 332 3820 sint
362 3765 608 3820 subditae.
639 3765 792 3820 Unde
824 3765 1020 3820 factum
1049 3776 1152 3834 est,
1183 3775 1237 3821 ut
1260 3768 1541 3824 celebratis
1567 3770 1694 3826 Mis-

117 3859 202 3920 sis,
233 3872 356 3911 cuut
386 3871 479 3911 rex
520 3856 585 3910 ad
631 3855 933 3911 convivium
979 3857 1280 3923 resideret,
1321 3857 1562 3913 diceret:
1596 3859 1690 3916 Va:

116 3950 248 4016 genti
276 3949 548 4012 Iudaicze,
583 3948 736 4002 mala:
761 3956 812 4002 et
847 3947 1068 4018 perﬁdae
1087 3989 1101 4010 .
1133 3963 1196 4003 ac
1222 3948 1448 4004 subdolo
1477 3963 1691 4012 semper

115 4054 264 4096 sensu
298 4041 516 4096 viventi.
543 4040 623 4096 Ob
654 4040 755 4094 hoc
792 4039 934 4094 enim
963 4038 1123 4105 mihi,
1157 4040 1359 4110 inquit,
1387 4041 1544 4096 hodie
1576 4056 1690 4096 .au-

117 4134 202 4188 des
247 4134 577 4188 adulatorias
624 4131 992 4197 acclamabat,
1026 4140 1081 4184 ut
1125 4145 1211 4186 me
1250 4139 1457 4186 cuncta:
1501 4142 1688 4202 gentes

115 4226 252 4293 quasi
291 4224 568 4280 dominum
624 4223 932 4286 adorarent,
987 4229 1045 4276 ut
1100 4236 1422 4293 synagogam
1463 4238 1683 4290 eorum,

115 4331 218 4383 qua!
245 4315 450 4369 dudum
498 4328 531 4367 a
570 4313 890 4369 Christianis
921 4311 1094 4366 diruta
1141 4321 1256 4378 est,
1299 4313 1543 4382 juberem
1581 4328 1685 4384 ope

115 4408 308 4476 publica
337 4405 604 4461 sublevari
633 4422 646 4458 :
680 4405 820 4475 quod
851 4403 1126 4459 inhibente
1151 4404 1376 4460 Domino
1407 4421 1682 4474 nunquam

113 4513 192 4552 ero
219 4499 478 4553 facturus.
503 4496 546 4552 Ο
569 4511 749 4566 regem
781 4495 1086 4550 admirabili
1118 4494 1396 4565 prudentia
1429 4498 1633 4552 clarum
1661 4499 1674 4553 ε

113 4590 186 4644 Sic
217 4589 480 4646 intellexit
508 4589 846 4643 dolositatem
878 4586 1273 4657 hiereticorum,
1309 4596 1367 4643 ut
1393 4589 1442 4644 ei
1471 4589 1682 4654 penitus

115 4695 203 4736 non
230 4681 472 4737 valerent
500 4679 815 4749 subripere,
848 4693 965 4749 qum
997 4688 1152 4734 erant
1181 4680 1522 4748 postmodum
1559 4695 1679 4750 sug-
1707 4668 1749 4724 (ἶ

110 4775 315 4842 gesturi.
344 4773 461 4830 Jam
491 4774 632 4830 enim
673 4772 940 4829 mediante
987 4772 1145 4841 epulo
1193 4787 1288 4828 rex
1337 4773 1547 4829 locutus
1595 4784 1677 4831 est

112 4866 461 4922 sacerdotibus
489 4865 581 4936 qui
603 4865 868 4940 aderant,
902 4864 1088 4918 dicens
1117 4879 1132 4917 :
1165 4864 1315 4935 Rogo
1348 4875 1405 4919 ut
1430 4866 1483 4920 in
1513 4865 1676 4922 domo

111 4972 210 5012 mea
238 4959 476 5013 crastina
506 4958 594 5011 die
614 4965 848 5012 vestram
879 4969 1190 5025 promerear
1217 4954 1670 5025 benedictionem,

109 5047 283 5119 ﬁatque
310 5050 439 5103 mihi
467 5047 697 5104 salus'in
730 5046 975 5116 ingressu
1007 5056 1185 5102 vestro
1205 5087 1220 5112 ,
1246 5053 1304 5102 ut
1333 5062 1400 5102 ex
1441 5048 1543 5103 hoc
1575 5050 1676 5104 sal-

107 5154 186 5195 rus
208 5143 350 5206 tiam,
375 5156 498 5197 cum
527 5156 689 5207 super
710 5154 796 5194 me
827 5138 1080 5193 humilem
1110 5147 1412 5196 vestrarum
1449 5139 1673 5195 benedi-

106 5235 320 5290 ctiunum
348 5234 510 5290 verba
540 5231 884 5288 deduxerint.
933 5231 1059 5286 Haec
1102 5245 1168 5287 eo
1207 5231 1455 5300 dicente,
1485 5246 1674 5288 omnes

104 5329 283 5394 gratias
311 5336 535 5396 agentes
568 5326 726 5394 epulo
755 5324 973 5394 expleto
999 5323 1354 5379 surreximus.

157 5419 217 5474 ll.
249 5419 404 5474 Mane
426 5427 605 5472 autem
629 5415 788 5482 facto,
812 5415 939 5470 dum
963 5430 1054 5470 rex
1081 5415 1196 5469 loca
1219 5421 1528 5470 sanctorum
1553 5429 1673 5470 ora-

161 5607 185 5632 ³·
215 5598 432 5653 Festum
468 5595 859 5652 Translationis
890 5595 1030 5665 ejus,
1059 5609 1181 5666 quae
1214 5595 1373 5648 etiam
1398 5610 1539 5650 nunc
1573 5612 1668 5653 cc.

103 5664 317 5723 lebratur
346 5669 448 5723 hac
476 5669 592 5737 ipsa
623 5668 713 5721 die
737 5664 930 5737 quarta
949 5664 1099 5720 Julii.

154 5740 181 5777 ⁵
202 5739 252 5793 In
286 5740 424 5794 libro
444 5732 512 5792 de
537 5737 716 5793 Gloria
744 5732 1145 5802 Confessorum,
1178 5751 1296 5804 cap.
1319 5732 1406 5788 99.
1444 5735 1665 5790 Basilica

100 5806 142 5862 ς.
173 5810 308 5865 Aviti
341 5810 609 5879 hodieque
641 5817 840 5875 perstat
864 5822 987 5864 cmn
1012 5806 1236 5876 collegio
1263 5804 1660 5875 canonicorum,

1798 3385 2118 3442 levissimam
2148 3388 2506 3445 ordinassent.
2532 3390 2639 3446 Sed
2671 3391 2807 3448 hanc
2836 3409 3048 3448 causam
3081 3397 3381 3454 ordinatio-

1799 3476 1882 3531 nis
1905 3477 2171 3534 Palladius
2192 3479 2476 3550 epiSCOpus
2498 3497 2526 3535 a
2555 3483 2937 3538 Bertchramno
2960 3489 3255 3553 metrortole
3277 3506 3377 3544 suo

1795 3569 2066 3636 auferens,
2091 3585 2252 3641 super
2271 3587 2330 3627 se
2355 3573 2608 3640 devolvit,
2639 3574 2857 3635 dicens:
2888 3577 3036 3632 Oculi
3067 3583 3378 3653 metropolis
3471 3617 3476 3622 -

1796 3661 1900 3715 mei
1933 3663 2086 3718 valde
2115 3664 2393 3720 doloribus
2422 3668 2792 3736 arctabantur,
2827 3680 2877 3725 et
2909 3686 3009 3741 ego
3035 3673 3294 3742 spoliatus
3315 3687 3371 3732 et

1793 3764 2150 3824 contemptus,
2187 3757 2381 3812 invitus
2405 3760 2472 3812 ab
2499 3773 2564 3814 eo
2599 3759 2651 3813 in
2682 3774 2746 3815 θ»
2785 3763 2902 3816 luco
2935 3762 3194 3821 adductus
3232 3781 3372 3823 sum.

1794 3847 1908 3902 Non
1953 3849 2100 3916 potui
2140 3850 2282 3904 aliud
2327 3848 2504 3906 facere
2532 3896 2546 3920 ,
2597 3853 2698 3907 nisi
2726 3868 2848 3923 quin
2877 3853 2970 3910 ille
2992 3899 3008 3925 ,
3036 3857 3128 3927 qui
3157 3873 3370 3916 omnem

1792 3939 2145 4008 principatum
2175 3939 2472 3997 Galliarum
2497 3957 2555 3998 se
2587 3945 2882 4000 te-tabatur
2905 3949 3172 4017 accipere,
3208 3951 3376 4021 impe-

1790 4029 1963 4106 rabat.
1988 4030 2122 4085 Cum
2152 4033 2265 4086 hinc
2293 4034 2403 4103 regi
2439 4035 2676 4088 nuntiata
2726 4037 2978 4104 fuissent,
3025 4039 3179 4094 valde
3226 4056 3374 4097 com~

1761 4132 1967 4176 .motns
1997 4131 2099 4185 est,
2135 4123 2204 4176 ita
2241 4133 2298 4178 ut
2328 4127 2411 4179 vix
2443 4127 2672 4181 obtineri
2704 4138 2906 4196 posset,
2941 4140 2998 4183 ut
3028 4145 3122 4186 eos
3150 4133 3216 4187 ad
3242 4148 3373 4189 con-

1789 4212 1985 4267 vivium
2013 4213 2318 4278 advocaret,
2338 4230 2473 4284 quos
2493 4225 2650 4270 antea
2677 4233 2784 4270 non
2810 4218 3033 4275 vident.
3053 4221 3362 4279 lntroeunte

1802 4305 1984 4374 itaque
2014 4305 2431 4371 Bertchramno,
2467 4307 2758 4378 interrogat
2795 4323 2886 4364 rex
2917 4327 2928 4362 :
2959 4310 3125 4379 Quis,
3157 4314 3258 4381 ait,
3290 4325 3373 4371 est

1786 4396 1932 4450 iste?
1982 4396 2080 4449 Diu
2124 4397 2266 4450 enim
2315 4407 2433 4452 erat
2460 4398 2603 4468 quod
2648 4401 2716 4454 ab
2766 4415 2831 4456 eo
2861 4402 3005 4457 visus
3036 4418 3142 4457 non
3175 4402 3370 4463 fuerat.

1789 4488 2148 4557 vixeruntque
2165 4505 2176 4540 :
2195 4487 2293 4543 Hic
2319 4499 2406 4544 est
2427 4490 2839 4549 Bertcbramnus
2854 4492 3261 4567 Burdegalensis
3277 4512 3371 4552 ur-

1786 4580 1867 4635 bis
1895 4581 2203 4650 episcopus.
2230 4582 2328 4637 Cui
2353 4582 2476 4640 ille:
2499 4584 2730 4652 Gratias,
2760 4588 2950 4659 inquit,
2976 4588 3202 4660 agimus,
3227 4593 3369 4663 quod

1784 4671 1865 4726 sic
1894 4672 2174 4728 custodiSti
2223 4673 2383 4729 fidem
2427 4678 2760 4745 generationi
2791 4688 2915 4734 tu:e.
2958 4679 3109 4738 Scire
3137 4684 3280 4738 enim
3313 4694 3366 4740 te

1785 4777 2116 4836 Oportuerat,
2150 4769 2495 4824 dilectissime
2526 4780 2703 4840 pater,
2735 4771 2877 4842 quod
2909 4787 3098 4841 parens
3125 4789 3246 4829 eras
3269 4791 3368 4829 no-

1786 4860 1868 4914 bis
1897 4874 1960 4915 ex
1994 4869 2166 4915 matre
2190 4870 2370 4916 nostra
2391 4905 2407 4931 ,
2437 4871 2492 4918 et
2519 4877 2684 4932 super
2714 4872 2928 4932 gentem
2962 4873 3103 4918 tuam
3137 4880 3243 4918 non
3274 4864 3367 4919 de-

1785 4950 1977 5006 bueras
2035 4952 2287 5006 inducere
2347 4961 2547 5022 pestem
2634 4963 2941 5008 extraneam
3024 4953 3342 5026 [Gundoval

1783 5043 1954 5115 dum].
1987 5045 2224 5116 Cumque
2272 5047 2432 5113 talia,
2476 5057 2529 5100 et
2576 5048 2658 5101 his
2699 5047 2892 5103 similia
2945 5049 3364 5106 Bertcbramnus

1782 5135 2039 5201 audisset,
2071 5151 2362 5192 conversus
2393 5137 2458 5190 ad
2489 5138 2782 5192 Palladium
2817 5154 2934 5207 rex,
2967 5140 3040 5194 ait
3066 5157 3078 5193 :
3105 5139 3213 5196 Nec
3242 5143 3358 5210 tibt,

1782 5242 1815 5284 ο
1844 5227 2042 5284 Palladi
2074 5230 2354 5298 cpiscOpe,
2401 5229 2622 5284 nimium
2652 5239 2778 5284 sunt
2809 5233 2994 5302 gratia:
3038 5233 3358 5293 referendm.

1782 5320 1963 5376 Tertio
2001 5319 2144 5375 enim
2188 5319 2317 5373 mihi
2342 5360 2358 5385 ,
2391 5320 2532 5387 quod
2567 5323 2633 5375 de
2673 5321 2927 5391 episcopo
2966 5324 3070 5378 dici
3117 5323 3358 5395 iniquum

1781 5423 1897 5479 est,
1945 5413 2230 5484 pejerasd,
2284 5414 2499 5469 mittens
2550 5415 2716 5486 378
2766 5416 3030 5473 indiculos
3077 5417 3359 5472 dolositate

1773 5595 1858 5649 eui
1889 5595 2194 5677 adjunctum
2228 5605 2310 5649 est
2339 5595 2686 5649 seminarium
2734 5596 2796 5649 ad
2825 5594 3098 5666 jnniorum
3129 5593 3359 5650 clerico-

1776 5682 1891 5720 rqu
1926 5674 2314 5720 institutionem
2348 5680 2515 5734 nuper
2543 5681 2804 5721 erectum.

1848 5747 1869 5773 ε
1912 5735 2065 5789 Colb.
2097 5749 2148 5788 a.
2195 5745 2250 5792 et
2291 5733 2504 5807 Begm.,
2541 5735 2956 5791 Fauttinianum.
2994 5733 3190 5791 Confer
3235 5750 3358 5795 cum

1774 5807 1864 5860 III).
1901 5820 1990 5876 vtt,
2023 5820 2143 5876 cap.
2176 5804 2264 5859 3|.

1829 5832 1864 5860 1.
1903 5832 1990 5876 νη,
2023 5832 2143 5876 υῑιινι.
2176 5832 2264 5859 δι.
