3966 6348
573 381 670 440 151

1576 374 1635 431 S.
1681 373 2007 432 GREGORII
2048 370 2349 431 EPISCOPI
2388 368 2820 427 TUIiONEXSlS

3754 368 3847 423 1.53

582 504 803 570 plenos;
835 510 863 548 a
892 510 975 550 me
1003 492 1346 547 excusabat-is
1370 500 1396 529 ι
1427 507 1521 560 per
1544 492 1830 559 epistolas,
1862 500 1916 544 et
1950 503 2162 557 germa-
2194 488 2246 547 Α
2274 503 2364 542 rex
2401 468 2753 540 nihilominus
2785 484 2837 537 in
2868 483 2954 536 die
2983 491 3168 535 sancto
3220 480 3514 533 Dominicm
3559 481 3847 537 nativnatis

589 606 714 644 mnn
759 602 936 641 meum
982 601 1102 639 cum
1150 584 1362 652 scriptis
1407 583 1531 638 aliis
1575 581 1861 635 invitabas.
1899 579 2170 634 Judicavit

588 682 733 736 enim
762 680 900 734 Deus
928 694 1144 732 causam
1179 692 1382 741 meam,
1420 686 1541 728 cum
1585 686 1686 740 ego
1732 685 2028 740 provocare
2075 684 2169 723 vos

591 786 809 838 semper
832 778 1080 838 tanquam
1110 767 1349 821 ecclesiae
1382 775 1565 834 patres
1592 766 1794 827 studui,
1826 774 1881 817 et
1903 776 2001 815 vos
2029 761 2169 814 circa

592 878 679 917 tne
719 877 932 927 semper
962 860 1147 931 egistis
1172 859 1379 913 dolose.
1405 857 1617 910 Nicasio
1648 866 1824 908 autem
1866 865 1921 909 et
1952 852 2171 909 Antidio

591 952 863 1021 episcopis
885 952 911 989 δ
941 951 1074 1005 dixit
1100 967 1113 1003 :
1144 950 1280 1015 Quid
1336 962 1433 1000 vos
1454 986 1469 1012 ,
1514 961 1548 1000 0
1586 944 1913 999 sanctissimi
1943 953 2121 1012 patres
2150 979 2168 1007 ,

605 1060 701 1110 pro
734 1041 965 1109 regionis
990 1040 1235 1103 utilitate,
1269 1039 1346 1090 vel
1376 1036 1521 1105 regni
1558 1035 1726 1089 nostri
1767 1034 2024 1101 sospitate
2060 1043 2171 1086 tra-

611 1134 819 1194 ctaslis,
854 1132 1079 1186 edicite?
1114 1131 1216 1183 lllts
1242 1143 1453 1197 quoque
1482 1126 1798 1189 tacentibus,
1841 1123 2035 1177 ablutis
2078 1138 2172 1176 rex

605 1228 1124 1293 inanibus,acccpta
1175 1238 1203 1275 a
1255 1221 1622 1275 sacerdotibus
1669 1209 2059 1279 benedictione,
2106 1215 2173 1267 ad

610 1334 851 1373 mensam
882 1318 1106 1379 resedit,
1139 1316 1262 1368 Iacto
1290 1313 1433 1366 vultu
1458 1322 1512 1365 et
1538 1311 1688 1364 hilari
1720 1310 1873 1377 lacie,
1900 1308 2051 1379 quasi
2082 1305 2163 1361 ni-

598 1416 669 1469 hil
702 1414 768 1468 dc
798 1420 1105 1478 contemptu
1134 1424 1231 1463 suo
1258 1408 1449 1461 fuisset
1477 1405 1688 1460 ell'atus.

670 1505 753 1559 lll.
797 1505 997 1557 Interea
1027 1501 1135 1572 jam
1169 1498 1346 1554 medio
1386 1497 1589 1565 prandii
1622 1506 1871 1565 peracto,
1900 1494 2049 1564 jubet
2081 1506 2174 1547 rex

602 1606 654 1647 ut
684 1596 963 1649 diaconum
996 1601 1253 1652 nostrum,
1285 1588 1371 1656 qui
1397 1595 1521 1642 ante
1548 1585 1688 1640 diem
1715 1584 1781 1639 ad
1811 1583 1994 1639 Missas
2026 1582 2173 1651 psal-

601 1704 742 1740 tnuttt
787 1685 1179 1751 reSponsoritttn
1216 1692 1237 1719 ο
1272 1681 1509 1741 dixerat,
1548 1693 1743 1734 canere
1761 1676 2025 1748 juberem.
2058 1676 2175 1742 Quo

600 1790 844 1841 canente,
874 1778 1025 1845 jubet
1074 1777 1259 1828 iterum
1304 1772 1473 1857 mihi,
1517 1781 1574 1824 ut
1610 1783 1797 1823 omnes
1826 1768 2132 1824 sacerdotes
2155 1807 2171 1833 ,

2274 588 2358 631 est
2385 578 2644 631 elevatus.
2680 574 2829 629 Unde
2868 573 2912 626 si
2958 571 3131 626 oratio
3163 583 3337 625 vestra
3368 572 3731 639 prosequitur,
3767 588 3849 640 po-

2273 668 2397 722 terit
2429 668 2534 730 hic,
2578 666 2805 719 Domino
2835 676 3103 718 annuente
3126 704 3141 729 ,
3173 677 3417 730 regnare.
3454 664 3577 716 llaec
3612 679 3745 732 rege
3774 665 3848 718 di-

2273 768 2449 821 cente,
2483 771 2673 811 omnes
2713 756 3010 810 oralionem
3046 754 3297 807 foderunt
3340 755 3404 806 ad
3450 754 3772 820 D-uninum,
3803 768 3853 813 ut

2271 859 2559 915 utrumque
2587 862 2769 915 regem
2795 845 2916 915 ejus
2944 846 3315 900 misericordia
3345 858 3714 901 conservaret.
3745 848 3844 902 Ad-

2268 938 2508 1010 jecitque
2539 952 2629 990 rex
2658 954 2672 989 :
2704 936 2895 990 \‘erutn
2945 937 3070 1006 quia
3115 945 3286 991 mater
3315 938 3434 1004 ejus
3483 938 3847 993 Bruniehildis

2276 1043 2361 1082 me
2391 1029 2621 1081 minatur
2651 1028 2977 1093 interimere,
3004 1027 3097 1082 sed
3130 1025 3260 1081 nihil
3290 1027 3417 1082 mihi
3440 1044 3507 1083 ex
3538 1028 3640 1084 hoc
3667 1031 3854 1085 11111111-

2276 1120 2418 1174 diuis
2444 1130 2546 1173 est.
2583 1120 2840 1174 Dominus
2869 1122 3010 1176 enim
3039 1121 3127 1191 qui
3158 1138 3244 1175 me
3285 1122 3482 1191 eripuit
3510 1123 3577 1177 de
3610 1125 3851 1179 manibus

2279 1213 2618 1267 inimicorum
2658 1229 2902 1268 meorum
2927 1252 2946 1280 ,
2978 1224 3035 1268 et
3072 1213 3141 1267 de
3182 1213 3342 1283 hujus
3370 1215 3580 1270 insidiis
3614 1215 3854 1273 liberabit

2276 1321 2385 1360 me.

2246 1438 2271 1443 --
2351 1399 2412 1452 ν.
2455 1399 2611 1453 Multa
2646 1408 2772 1454 tunc
2797 1408 2853 1455 et
2899 1399 2953 1454 in
2994 1398 3337 1455 Theodorum
3378 1410 3402 1438 ε
3437 1402 3661 1459 adversa
3709 1403 3851 1458 locn-

2277 1500 2359 1545 tus
2402 1500 2502 1553 est,
2552 1505 2874 1558 pretestans,
2906 1491 3049 1560 quod
3094 1492 3137 1545 si
3184 1493 3250 1546 ad
3297 1493 3561 1562 synodum
3602 1496 3842 1557 veniret,

2276 1582 2467 1638 iterum
2515 1584 2704 1638 exsilio
2750 1586 3073 1650 traderetur,
3104 1585 3287 1638 dicens
3316 1603 3328 1638 :
3359 1586 3487 1639 Scio
3516 1588 3661 1641 enim
3709 1590 3846 1656 quod

2276 1674 2463 1729 borum
2492 1690 2649 1731 causa
2676 1691 2988 1742 germanum
3022 1693 3202 1730 meum
3237 1675 3601 1744 Chilpericum
3633 1681 3852 1731 interlici

2279 1762 2424 1818 fecit.
2460 1763 2699 1833 Denique
2730 1779 2827 1818 nec
2856 1779 2952 1817 nos
2982 1779 3077 1832 pro
3107 1765 3233 1819 viris
3267 1768 3386 1817 hab.
3411 1766 3455 1819 ri
3483 1766 3770 1833 debemus,
3812 1770 3853 1820 si

568 1914 575 1923 ,η
600 1871 687 1938 qui
720 1869 960 1928 aderant,
994 1882 1086 1934 per
1116 1880 1288 1919 meam
1320 1856 1813 1926 commonitionem,
1844 1858 1982 1914 datis
2004 1874 2067 1913 ex
2101 1858 2180 1911 ol-
2213 1860 2256 1919 Β
2284 1856 2400 1924 ejus
2433 1872 2617 1912 necem
2655 1857 2838 1911 ulcisci
2889 1872 2993 1910 non
3024 1858 3261 1912 valemus
3295 1857 3395 1911 hoc
3438 1874 3595 1915 anno.
3630 1859 3731 1914 Cui
3762 1874 3854 1917 0ρο

607 1961 729 2013 licio
776 1972 874 2011 suo
924 1956 1151 2027 singulis
1194 1954 1442 2016 clericis,
1476 1966 1657 2006 coram
1704 1965 1829 2019 rege
1869 1949 2183 2019 iuberentur

601 2061 841 2106 cantare.
876 2050 979 2104 Per
1006 2066 1090 2103 me
1112 2046 1257 2101 enim
1290 2044 1580 2099 secundum
1607 2045 1749 2113 regis
1777 2043 2057 2111 imperium
2088 2042 2183 2100 adv

604 2142 815 2207 moniti,
838 2140 1063 2210 quisque
1094 2147 1151 2192 ut
1178 2139 1351 2206 potuit
1372 2135 1425 2189 in
1457 2135 1596 2203 regis
1619 2135 1895 2201 praesentia
1922 2133 2182 2202 psalmum

606 2227 1334 2301 responsorium-decantavit
1363 2224 1413 2280 ἀ.
1442 2226 1574 2282 Cum
1611 2234 1790 2281 autem
1823 2224 2023 2278 fercula
2062 2237 2184 2293 pro—

606 2324 894 2384 ferrentur,
927 2320 1059 2374 dixit
1089 2334 1181 2373 rex
1207 2335 1219 2370 :
1247 2320 1536 2387 Argentum
1571 2332 1732 2372 omne
1766 2314 1909 2386 quod
1938 2314 2181 2379 cernitis,

606 2414 881 2471 Mumtnoli
914 2411 1055 2465 illius
1080 2410 1276 2479 perjuri
1298 2409 1394 2463 fuit
1421 2408 1520 2478 (V.
1551 2410 1644 2463 lib.
1677 2423 1768 2472 tu,
1801 2424 1916 2478 cap.
1938 2404 2051 2475 £0).
2075 2403 2185 2462 Sed

608 2522 773 2573 nunc,
805 2504 972 2575 gratia
1007 2502 1219 2556 Domini
1251 2503 1515 2557 tribuente
1539 2544 1552 2567 ,
1584 2500 1635 2555 in
1675 2508 1911 2554 nostram
1938 2498 2183 2551 domina-

610 2603 808 2655 tionem
842 2597 1151 2650 translatum
1181 2603 1296 2657 est;
1328 2608 1449 2647 nam
1495 2592 1799 2661 quindecim
1848 2607 1913 2645 ex
1954 2604 2023 2645 eo
2048 2589 2183 2644 cati-

608 2706 728 2755 nos,
760 2698 815 2743 ut
842 2690 996 2743 istum
1026 2685 1281 2755 majorem
1312 2684 1548 2746 cernitis,
1571 2685 1678 2751 jam
1724 2681 1964 2750 concidi,
1996 2694 2049 2738 et
2078 2697 2183 2736 non

608 2781 799 2839 exinde
830 2779 1057 2847 amplius
1088 2790 1244 2844 quam
1282 2774 1441 2837 hunc,
1473 2783 1527 2827 et
1551 2774 1716 2827 alium
1758 2772 1827 2826 de
1853 2782 2068 2826 centum
2099 2787 2186 2826 se-

620 2872 893 2943 ptuaginta
929 2869 1078 2924 libris
1110 2866 1401 2921 reservavi.
1433 2865 1497 2918 Et
1522 2865 1647 2934 quid
1678 2865 1907 2933 amplius
1932 2878 2088 2931 quam
2118 2860 2183 2916 ad

609 2980 745 3035 opus
766 2963 1132 3033 quntidiannm
1157 2973 1375 3014 necesse
1398 2970 1481 3010 eSt
1512 2972 1597 3010 me
1618 2954 1886 3010 retinere?
1915 2954 2032 3007 Non
2062 2967 2181 3021 ego,

611 3056 753 3127 quod
802 3054 952 3124 pejus
994 3061 1096 3117 est,
1129 3051 1289 3104 alium
1338 3049 1505 3103 lilium
1541 3056 1734 3115 praeter
1778 3044 2183 3100 Childebertum

614 3148 805 3213 habeo,
837 3144 921 3199 cui
961 3144 1091 3199 satis
1120 3143 1188 3196 sit
1217 3142 1286 3196 de
1325 3138 1592 3194 thesauris
1631 3153 1768 3207 quos
1795 3138 1845 3192 ei
1875 3147 2024 3205 pater
2055 3137 2184 3191 reli-

2284 1950 2536 2018 respondi
2562 1967 2575 2004 :
2602 1950 2669 2003 Et
2697 1949 2815 2018 quis
2844 1946 3528 2016 Chilpericum'interemit,
3558 1950 3660 2003 nisi
3703 1952 3857 2003 inali-

2285 2044 2356 2096 tia
2394 2057 2489 2095 sua
2523 2051 2719 2109 tuaque
2745 2041 2955 2095 oratio?
2984 2040 3176 2096 Multas
3204 2040 3345 2095 enim
3371 2040 3465 2096 tibi
3491 2052 3676 2095 contra
3702 2041 3857 2110 justi-

2285 2132 2413 2187 tiam
2442 2133 2669 2187 tetendit
2691 2131 2936 2196 insidias,
2966 2146 3085 2201 quae
3120 2130 3170 2185 ei
3201 2130 3386 2185 mortis
3412 2129 3634 2186 exitium
3661 2131 3858 2186 intue-

2281 2231 2425 2279 runt.
2454 2221 2627 2289 Quod,
2658 2228 2717 2276 ut
2742 2221 2937 2287 dicam,
2968 2220 3121 2276 valde
3147 2220 3249 2276 hoc
3280 2236 3374 2292 per
3422 2222 3680 2277 visi0nem
3717 2236 3859 2275 smn-

2284 2314 2356 2371 tiii
2385 2313 2627 2381 inspexi,
2655 2326 2777 2367 cum
2810 2311 3049 2366 viderem
3072 2327 3194 2366 eum
3234 2327 3269 2366 a
3298 2320 3349 2366 te
3380 2320 3655 2366 tousorato
3684 2311 3862 2380 capite

2283 2404 2431 2474 quasi
2472 2401 2783 2472 episcopum
2826 2402 3088 2469 ordinari,
3116 2404 3308 2457 deinde
3353 2417 3511 2473 super
3552 2402 3863 2459 cathedram

2286 2509 2469 2561 puram
2500 2493 2612 2549 sola
2645 2494 2865 2561 fuligine
2895 2490 2915 2530 ί
2951 2504 3143 2549 tectam
3187 2494 3488 2561 11110ος1111111
3533 2494 3658 2547 lerri
3686 2534 3699 2556 ,
3731 2509 3866 2562 pra:-

2284 2585 2586 2643 iucentibus
2606 2599 2785 2640 coram
2814 2600 2879 2639 eo
2911 2584 3122 2655 lychnis
3145 2600 3206 2638 ac
3239 2587 3435 2639 cereis.
3470 2584 3551 2637 Me
3582 2584 3700 2637 haec
3739 2598 3865 2637 nar-

2286 2687 2463 2744 rante,
2508 2692 2599 2732 rex
2645 2678 2762 2729 ait:
2794 2675 2910 2729 Vidi
2940 2688 2993 2729 et
3035 2692 3134 2745 ego
3162 2676 3324 2747 380
3363 2676 3522 2729 aliam
3564 2675 3824 2729 visionem
3850 2715 3867 2742 ,

2284 2786 2405 2840 qua!
2434 2770 2589 2840 hujus
2624 2769 2895 2824 interitum
2929 2769 3211 2822 nuntiavit.
3237 2768 3612 2823 Adducebatur
3640 2770 3788 2822 enim
3816 2769 3868 2822 in

2286 2870 2582 2929 consttectu
2627 2877 2749 2919 meo
2778 2877 2811 2917 a
2853 2862 3023 2917 tribus
3069 2863 3335 2933 episcopis
3363 2864 3573 2919 vinctus
3619 2866 3869 2928 catenis,

2284 2970 2514 3023 quorum
2544 2970 2683 3010 unus
2706 2954 2974 3018 Tetricus,
2998 2956 3133 3009 alius
3162 2955 3407 3025 Agricola
3440 2966 3489 3022 8,
3524 2956 3719 3011 tertius
3746 2972 3872 3013 vero

2286 3044 2524 3099 Nicetius
2553 3044 2923 3114 Lugdunensis
2952 3058 3088 3112 erat,
3119 3061 3151 3101 e
3186 3048 3377 3115 quibus
3407 3048 3666 3103 dicebant
3712 3049 3822 3105 duo
3853 3068 3865 3102 :

2288 3136 2511 3201 Solvite,
2543 3152 2849 3203 quassamus
2872 3180 2886 3206 ,
2917 3153 3076 3201 eum,
3108 3146 3165 3193 et
3189 3148 3503 3207 casttgatum
3548 3140 3702 3194 abire
3747 3157 3869 3207 pet-

611 3241 727 3311 quit
756 3257 769 3293 :
801 3248 856 3294 et
899 3253 1017 3307 quae
1045 3236 1154 3305 jam
1200 3234 1268 3288 de
1318 3232 1475 3300 hujus
1505 3230 1793 3286 miserrimi
1838 3230 1997 3284 rebus
2021 3270 2036 3295 ,
2068 3244 2187 3298 qua:
2213 3220 2259 3281 C
2291 3228 2507 3283 mittite.
2534 3226 2739 3297 Quibus
2764 3228 3065 3282 econtrario
3090 3243 3209 3282 cum
3237 3230 3591 3284 amaritudme
3619 3229 3872 3285 Tetricus

622 3330 889 3388 Avinione
922 3329 1151 3382 inventa:
1179 3334 1322 3388 sunt,
1346 3323 1707 3378 transmittere
1735 3320 1934 3375 curavi.
1968 3320 2188 3389 Reliqua

613 3434 740 3477 vero
768 3433 1057 3489 pauperum
1088 3424 1153 3483 et
1181 3415 1529 3471 ecclesiarum
1577 3420 1739 3469 erunt
1781 3410 2187 3469 necessitatibus

615 3514 917 3569 tribuenda.

684 3602 776 3656 iV.
820 3601 992 3657 Unum
1030 3614 1128 3653 vos
1160 3597 1525 3653 tantummodo
1550 3639 1565 3664 ,
1599 3598 1907 3653 sacerdotes
1939 3595 2186 3662 Domini,

618 3693 899 3759 deprecor,
934 3700 992 3743 ut
1021 3705 1117 3759 pro
1140 3690 1247 3743 11110
1274 3702 1394 3743 meo
1419 3688 1764 3742 Childeberto
1788 3686 1996 3742 Domini
2031 3688 2191 3742 mise-

582 3779 904 3836 -ricordiam
932 3781 1095 3851 379
1114 3779 1369 3834 exemtis.
1400 3778 1492 3832 Est
1516 3778 1656 3835 enim
1691 3779 1771 3833 vir
1798 3777 2011 3848 sapiens
2031 3789 2191 3848 atque

622 3871 787 3937 utilis,
820 3880 875 3924 ut
905 3872 973 3923 de
1017 3868 1305 3924 multorum
1354 3884 1613 3923 annorum
1643 3883 1760 3923 alvo
1790 3868 1874 3921 vix
1905 3868 1975 3921 ita
2003 3877 2192 3923 cautus

623 3964 787 4019 homo
814 3964 1035 4032 reperiri
1066 3962 1235 4032 possit
1265 3975 1327 4017 ac
1355 3971 1626 4017 strenuus.
1648 3960 1780 4028 Quia
1805 3960 1851 4015 si
1882 3960 2023 4015 hunc
2049 3958 2192 4015 Deus

620 4058 705 4113 his
732 4057 918 4113 Galliis
946 4055 1246 4112 concedere
1285 4054 1612 4125 dignabitur,
1648 4054 1891 4108 fortassis
1936 4067 2060 4122 spes
2087 4053 2192 4108 erit

619 4152 686 4205 de
717 4152 903 4205 eodem
926 4158 1140 4218 gentem
1170 4159 1428 4211 nostram,
1459 4162 1579 4214 quae
1610 4144 1762 4200 valde
1790 4146 2056 4199 exinanita
2085 4154 2188 4223 est,

624 4256 781 4313 posse
811 4254 1156 4312 consurgere.
1189 4237 1341 4304 Quod
1391 4237 1503 4292 ﬂeri
1544 4240 1693 4304 juxta
1729 4236 1848 4307 ejus
1890 4238 2195 4291 misericor-

619 4338 758 4388 diam
800 4349 904 4389 non
936 4332 1140 4394 diﬂido,
1173 4347 1236 4385 eo
1266 4330 1407 4400 quod
1440 4330 1546 4383 tale
1575 4328 1735 4384 fuerit
1764 4327 1917 4397 pueri
1944 4326 2191 4382 nativita-

622 4428 689 4478 tis
720 4424 1059 4492 prazsagium.
1109 4421 1239 4475 Nam
1282 4422 1335 4474 in
1378 4420 1463 4475 die
1503 4427 1687 4473 sancto
1734 4419 1986 4484 Pascbae,
2016 4425 2194 4472 stante

625 4517 792 4570 fratre
819 4529 939 4567 meo
965 4513 1230 4580 Sigiberto
1258 4513 1309 4564 in
1339 4510 1588 4574 ecclesia,
1620 4510 1942 4577 procedente
1965 4509 2193 4565 diacono

2288 3319 2573 3389 episcopus
2595 3321 2953 3390 respondebat
2977 3336 2990 3375 :
3013 3320 3128 3374 Non
3161 3321 3253 3376 [iet
3279 3322 3370 3387 ita,
3395 3324 3488 3376 sed
3515 3324 3621 3393 igni
3654 3339 3879 3380 concre-

2290 3415 2525 3470 mabitur
2550 3429 2647 3484 pro
2670 3415 2964 3471 sceleribus
2989 3416 3123 3471 suis.
3158 3415 3227 3471 Et
3254 3432 3373 3471 cum
3420 3418 3511 3472 diu
3539 3419 3881 3489 multumque

2288 3509 2441 3579 quasi
2485 3509 2802 3565 altercantes
2850 3509 2963 3564 haec
3011 3510 3153 3565 inter
3201 3525 3261 3564 se
3310 3512 3469 3566 verba
3512 3511 3880 3580 proferrent,

2291 3600 2566 3668 conspicio
2593 3600 2801 3654 eminus
2826 3615 3036 3655 :eneum
3083 3614 3246 3668 super
3280 3603 3453 3671 ignem
3486 3602 3721 3669 positum
3771 3601 3883 3657 fer-

2290 3706 2417 3747 vere
2444 3690 2812 3747 vehementer.
2846 3689 2997 3746 Tunc
3026 3707 3109 3745 me
3142 3692 3334 3757 ﬂente,
3370 3694 3769 3760 apprehensum
3807 3695 3888 3748 in-

2294 3784 2502 3839 lelicem
2537 3782 2905 3852 Cbilpericum
2955 3782 3245 3838 conlractis
3292 3784 3546 3839 membris
3578 3786 3883 3854 projiciunt

2293 3875 2347 3935 in
2377 3891 2608 3931 atticum.
2633 3876 2741 3930 Nec
2762 3890 2933 3942 mora,
2959 3877 3096 3930 inter
3118 3876 3378 3931 undarum
3410 3892 3634 3947 vapnres
3669 3879 3743 3932 ita
3773 3879 3891 3932 «lis-

2296 3967 2508 4024 solutus
2544 3983 2609 4022 ac
2652 3967 2965 4037 liquefactus
2991 3977 3106 4037 est,
3137 3978 3195 4023 ut
3231 3969 3430 4023 nullum
3466 3986 3527 4023 ex
3571 3986 3635 4023 eo
3668 3972 3889 4037 penitus

2298 4056 2555 4111 indicium
2585 4067 2909 4113 remaneret.
2938 4056 3065 4114 Haec
3111 4073 3236 4127 rege
3276 4060 3489 4114 dicente
3508 4103 3522 4127 ,
3551 4060 3884 4116 admiranti-

2298 4147 2609 4214 busnobis,
2639 4134 3038 4218 epulo‘expleto
3064 4150 3414 4204 surreximus.

2364 4236 2453 4292 νι.
2496 4236 2607 4291 Rex
2638 4238 2798 4307 igitur
2826 4238 2877 4290 in
2905 4239 3193 4293 crastinum
3252 4240 3302 4293 in
3361 4239 3700 4294 venationem
3760 4257 3895 4308 111·οο

2292 4342 2506 4397 gressus
2535 4340 2655 4393 est;
2685 4343 2789 4397 quo
2818 4328 3095 4392 redeunte,
3129 4328 3483 4384 Garacbarius
3514 4345 3705 4382 comes
3742 4330 3887 4382 Bur-

2295 4419 2599 4489 degalensis
2620 4431 2781 4489 atque
2803 4418 3073 4473 Blatlastes
3097 4437 3125 4471 a
3149 4420 3301 4473 nobis
3326 4419 3693 4488 reprtesentati
3721 4430 3891 4473 sunt:

2296 4512 2417 4580 qui,
2445 4522 2500 4564 ut
2527 4513 2774 4581 superius
2802 4511 3051 4576 diximus,
3096 4513 3150 4566 iu
3193 4510 3412 4566 basilica
3451 4514 3622 4565 sancti
3656 4512 3892 4567 Martini

624 4620 747 4656 cum
775 4612 959 4657 sancto
990 4602 1398 4670 Evangelioruut
1429 4600 1566 4655 libro
1592 4640 1606 4664 ,
1638 4601 1857 4655 nuntius
1889 4601 2000 4669 regi
2028 4601 2191 4655 adve-
2224 4592 2276 4653 D
2302 4602 2607 4671 coniugium
2659 4603 2923 4669 iecerant,
2957 4619 3053 4672 pro
3093 4617 3160 4657 eo
3190 4603 3329 4671 quod
3369 4603 3724 4658 (inndovaldo
3754 4620 3900 4660 con-

626 4694 724 4758 1111,
748 4707 959 4762 unaque
980 4707 1081 4745 vox
1114 4692 1209 4744 luit
1241 4691 1630 4759 pronuntiantis
1652 4690 1935 4745 lectionem
1962 4707 2194 4759 evange-

626 4784 803 4847 lieam,
835 4797 897 4838 ac
926 4781 1096 4838 nuntii
1121 4781 1390 4835 dicentis:
1415 4779 1582 4834 Filius
1612 4788 1766 4833 natus
1791 4787 1876 4833 est
1905 4782 2020 4844 tibi,
2053 4781 2193 4836 unde

624 4877 819 4930 factum
849 4884 966 4942 est,
1000 4884 1057 4928 111
1088 4874 1260 4927 omnis
1292 4874 1515 4942 populus
1567 4872 1621 4929 in
1655 4882 1879 4941 utraque
1908 4873 2181 4928 annuntia-

623 4967 768 5025 tione
798 4967 1152 5035 proclamaret
1177 4962 1619 5031 pariter:Gloria
1666 4960 1777 5015 Deo
1818 4962 2191 5029 omnip0tenti.

624 5059 727 5113 Sed
753 5058 1074 5127 baptismum
1108 5057 1159 5109 in
1187 5056 1277 5110 die
1304 5066 1489 5109 saneto
1512 5053 1855 5108 Pentecostes
1884 5055 2117 5124 accepit.
2139 5065 2196 5110 et

696 5203 722 5228 α
761 5192 912 5245 Colo.
940 5209 1016 5258 a.,
1040 5202 1083 5245 cl
1117 5202 1164 5243 te
1192 5188 1464 5241 excusabat;
1494 5202 1580 5254 per
1607 5185 1817 5258 litteras.

694 5262 722 5301 δ
764 5256 1009 5317 Nicasius
1034 5261 1443 5321 Incnlismensis,
1475 5258 1543 5310 de
1572 5273 1677 5325 quo
1708 5256 1799 5308 lib.
1832 5271 1907 5321 ix,
1938 5273 2058 5327 cap.
2097 5259 2188 5314 41,

626 5336 884 5389 Antistius
924 5347 1049 5384 vero
1097 5330 1417 5398 Aginnensis
1446 5335 1565 5380 erat
1604 5327 1904 5395 episcopus.
1959 5328 2191 5399 Uterque

625 5403 944 5469 subscripsit
965 5400 1131 5455 Cone.
1168 5400 1366 5469 Matisc.
1402 5412 1459 5450 11.
1483 5464 1511 5469 _
1598 5466 1609 5469 Α
1652 5466 1679 5469 η
1930 5428 1935 5469 ἶ

703 5487 723 5509 τ·
766 5464 1033 5525 1101110100
1062 5468 1310 5522 Graduali
1348 5482 1440 5519 seu
1473 5464 1681 5517 Gradali
1714 5468 2016 5531 respondet.
2046 5468 2193 5522 Psal-

628 5547 733 5607 mi,
764 5544 852 5612 qui
883 5539 1314 5612 post__Ej_tist_o_latn
1360 5538 1690 5612 cantabatur,
1724 5538 1964 5588 meminit
1996 5540 2189 5612 paSsitu

626 5605 966 5681 Augustinus.
1004 5609 1130 5681 Vide
1168 5605 1476 5661 Menardum
1522 5606 1576 5658 in
1621 5617 1945 5660 sacrament.
1992 5607 2187 5675 Grego-

626 5688 698 5740 ria
708 5678 850 5752 1111111,
891 5696 1006 5749 pag.
1038 5678 1163 5732 568.
1622 5743 1631 5752 _

695 5751 721 5789 ιι
759 5743 912 5805 (10111⁷.
943 5743 1013 5804 tit.
1042 5753 1205 5813 prima
1231 5762 1409 5810 manu,
1440 5743 1675 5799 cantavit.
1702 5743 1940 5797 Clericus
1972 5758 2082 5808 post
2111 5749 2190 5798 tli-

627 5833 765 5873 ctum
810 5824 875 5873 ab
914 5820 1163 5886 episeopo
1195 5833 1402 5870 versum
1435 5818 1657 5881 psalmi,
1702 5817 2044 5881 antiphonam
2092 5832 2184 5868 seu

2295 4694 2474 4765 junCti
2505 4696 2750 4750 fuissent.
2780 4695 2909 4749 Nam
2947 4711 3067 4749 cum
3112 4696 3257 4762 prius
3290 4710 3383 4763 pro
3425 4695 3512 4749 hic
3559 4697 3902 4763 deprecatus

2298 4788 2429 4841 nihil
2450 4787 2693 4842 obtinere
2711 4796 3019 4855 potuissem,
3042 4788 3157 4840 haec
3172 4789 3222 4839 in
3246 4784 3488 4854 sequenti
3505 4785 3721 4839 locutus
3740 4802 3902 4844 sum;

2298 4879 2511 4945 Audiat,
2544 4895 2577 4931 o
2607 4894 2725 4942 rex,
2758 4888 2992 4944 potestas
3021 4888 3128 4929 tua.
3173 4876 3312 4929 Ecce
3351 4894 3379 4928 a
3413 4875 3637 4928 Domino
3664 4892 3800 4929 meo
3838 4880 3896 4930 in

2300 4970 2565 5040 legatione
2593 4968 2660 5024 ad
2694 4979 2743 5024 te
2763 4967 2999 5023 directus
3031 4983 3150 5022 sum
3182 4967 3309 5022 :sed
3333 4967 3455 5035 quid
3480 4968 3823 5021 renuntiabo
3850 4970 3908 5023 ei

2300 5062 2392 5127 qui
2419 5074 2507 5115 me
2534 5059 2703 5125 misit,
2732 5072 2854 5114 cum
2900 5057 3032 5114 nihil
3069 5058 3200 5113 mihi
3244 5059 3489 5127 responsi
3523 5058 3763 5115 reddere
3796 5076 3903 5116 ve-

2298 5205 2615 5260 responsum
2645 5189 3034 5259 subiungebat,
3070 5205 3137 5243 eo
3166 5191 3324 5241 1110110
3375 5204 3481 5257 quo
3508 5188 3562 5244 in
3604 5190 3800 5248 Missis
3849 5210 3907 5249 tv

2301 5272 2599 5344 temporum
2630 5260 2897 5329 hodieque
2938 5261 3199 5315 canticum
3232 5262 3392 5314 trium
3422 5265 3715 5315 Puerorum
3753 5278 3913 5319 con-

2298 5347 2546 5386 CIIIIIIIUS.

2377 5413 2399 5439 ο
2442 5404 2491 5455 ls
2514 5411 2626 5455 erat
2670 5399 3012 5455 Massiliensis
3042 5399 3359 5468 episcopus,
3402 5399 3467 5453 de
3507 5416 3609 5469 quo
3639 5400 3812 5469 plura
3853 5407 3919 5458 in

2301 5472 2437 5526 libro
2462 5471 2745 5533 superiori.

2374 5540 2392 5579 ί
2436 5541 2592 5594 Freh.
2625 5542 2719 5605 al.,
2751 5540 2905 5593 nullis
2934 5539 3112 5605 paucis
3138 5547 3340 5593 tectam.

2374 5623 2397 5659 ες
2438 5612 2682 5664 Tetricus
2714 5610 3079 5675 Lingonensis,
3109 5610 3351 5677 Agricola
3380 5623 3507 5663 vero
3533 5608 3921 5671 (lahiilonen-

2297 5682 2389 5733 sis.
2426 5680 2528 5731 Pro
2558 5679 2786 5732 Tetricus
2825 5680 2977 5733 Coll).
3017 5694 3068 5732 a.
3101 5681 3194 5733 alt.
3241 5693 3401 5733 manu
3439 5680 3598 5734 habet
3630 5678 3893 5739 Tcodcn'

2297 5768 2406 5818 cus,
2437 5764 2491 5803 et,
2518 5768 2593 5803 sic
2627 5753 2781 5803 intra.
