3966 6348
258 400 369 456 ιδδ

1200 404 1519 463 HISTORIA
1557 402 2011 464 FRANCORUM.
2057 406 2259 466 LIBER
2295 406 2637 467 OCTAVUS.

3427 408 3537 471 454

254 521 365 578 lis?
392 522 463 577 At
501 520 591 577 ille
637 520 1039 591 obstupci’actus
1082 523 1193 578 ait:
1224 526 1289 579 Et
1326 544 1444 596 quis
1472 537 1554 583 est
1592 531 1842 582 dominus
1870 526 1919 584 Α
1947 528 2163 583 Vitatem
2194 530 2357 601 382
2386 532 2554 585 sancti
2599 529 2820 601 Joannis
2845 527 2874 569 ι)
2914 528 3281 596 exhiberetur,
3310 530 3405 586 sed
3435 546 3536 590 nec

256 623 404 681 tuus,
438 614 529 684 qui
558 622 609 670 te
647 615 841 670 misit?
866 616 963 670 Cui
994 632 1094 685 ego
1122 618 1407 673 subridens
1437 638 1450 674 :
1482 622 1673 675 Beatus
1703 622 1844 677 Mar-

254 708 426 774 tinus,
460 706 674 777 inquio,
705 707 851 761 misit
880 723 988 763 me.
1021 708 1171 764 Tune
1195 711 1282 765 ille
1313 711 1469 781 jussit
1497 712 1601 768 sibi
1644 729 1841 782 reprte-

256 800 465 855 sentari
490 802 655 853 viros.
690 799 795 855 Sed
826 815 946 855 cum
988 801 1040 855 in
1072 802 1188 870 ejus
1216 813 1507 873 conspectu
1542 806 1840 871 venissent,

253 891 463 946 multas
493 890 571 946 eis
600 891 854 959 pertldias
884 906 947 947 ac
984 892 1216 962 perjuria
1246 896 1610 963 exprobravit,
1644 913 1841 954 vocans

252 995 359 1037 eos
390 980 584 1050 saepius
610 981 798 1051 vulpes
839 980 1144 1051 ingeniosas
1173 999 1187 1037 :
1214 985 1308 1039 sed
1341 986 1574 1041 restituit
1602 1002 1694 1043 eos
1719 1004 1842 1058 gra-

252 1070 347 1125 tiae
378 1086 511 1136 sure,
542 1071 775 1127 reddens
799 1086 917 1141 quae
949 1072 1052 1126 illis
1078 1073 1251 1128 ablata
1283 1075 1509 1134 fuerant.

330 1161 451 1217 VII.
490 1162 823 1218 Adveniente
850 1179 1063 1235 quoque
1085 1166 1174 1222 die
1222 1168 1517 1235 Dominico,
1546 1186 1636 1226 rex
1667 1174 1842 1229 eccle-

252 1252 394 1307 siam
426 1252 491 1306 ad
521 1253 820 1322 spectanda
855 1262 882 1293 ιι
912 1254 1194 1312 Missarum
1244 1259 1507 1316 solemnia
1540 1264 1703 1332 petit;
1735 1265 1843 1319 fra-

249 1350 366 1399 tres
403 1342 681 1416 [episcOpi]
727 1360 856 1401 vero
901 1349 1419 1420 consacerdotesque
1447 1354 1539 1422 qui
1591 1355 1837 1425 aderant,

251 1434 435 1511 locum
459 1435 694 1490 Palladio
720 1437 979 1507 episcopo
999 1439 1065 1493 ad
1092 1442 1294 1510 agenda
1323 1442 1454 1499 fe5ta
1475 1446 1837 1513 praebuerunt.

248 1527 374 1596 Quo
424 1528 716 1596 incipiente
766 1529 1125 1599 prophetiam,
1158 1533 1316 1606 381
1357 1535 1466 1591 llex
1506 1536 1837 1610 interrogat,

198 1630 219 1639 ‘
248 1622 377 1691 quis
406 1630 569 1676 esset.
613 1620 856 1692 Cumque
906 1624 1203 1681 Palladium
1247 1630 1553 1700 episcopum
1601 1635 1841 1691 initiasse

256 1713 725 1780 pronuntiassent,
760 1714 939 1769 statim
971 1726 1273 1773 commotus
1308 1735 1401 1774 rex
1441 1722 1515 1776 ait
1544 1723 1680 1790 :Qui
1707 1726 1837 1780 mihi

246 1816 469 1867 semper
506 1802 734 1859 inﬁdelis
763 1814 815 1860 et
864 1806 1100 1876 perfidus
1143 1808 1267 1880 fuit,
1316 1811 1409 1867 ille
1451 1829 1593 1870 nunc
1630 1826 1837 1872 sacrata

1947 628 2069 676 tunc
2094 623 2260 675 venit.
2310 623 2587 677 Moverunt
2634 623 2813 691 itaque
2844 637 2929 677 me
2960 637 3051 691 per
3095 633 3304 691 tempus
3352 625 3536 678 Sterile

1944 712 2011 767 de
2043 715 2157 768 loco
2202 714 2289 768 ubi
2323 715 2666 769 habitabam:
2699 715 2820 769 veni
2854 715 3032 783 igitur,
3061 724 3115 768 et
3140 730 3264 769 ecce
3310 716 3537 769 abscon-

1942 806 2107 869 ditur,
2141 822 2241 863 nec
2278 808 2575 862 ostenditur
2605 807 2733 861 mihi
2770 822 2918 868 puer.
2956 806 3127 871 Unde,
3161 817 3417 876 quantum
3452 807 3535 860 in-

1944 897 2146 967 telligo,
2188 899 2321 953 nihil
2371 908 2451 953 est
2499 900 2640 969 quod
2692 898 3039 968 promittitur,
3080 897 3207 964 sed,
3254 907 3311 952 ut
3346 899 3529 962 credo,

1943 989 2169 1059 alicujus
2195 1005 2261 1044 ex
2288 990 2530 1045 leudibus
2560 990 2755 1044 nostris
2777 990 2845 1043 sit
2871 989 3037 1055 ﬁlius;
3063 1004 3184 1043 nam
3212 990 3254 1042 si
3280 989 3347 1043 de
3368 988 3533 1055 stirpe

1945 1089 2127 1133 nostra
2154 1078 2369 1144 fuisset,
2396 1080 2461 1133 ad
2491 1094 2577 1133 me
2602 1080 2783 1151 utique
2810 1078 2995 1134 fuisset
3020 1081 3355 1148 deportatus.
3389 1080 3532 1132 Ideo-

1943 1185 2047 1237 que
2094 1170 2374 1237 noveritis,
2405 1170 2527 1239 quia
2558 1184 2588 1223 a
2620 1184 2703 1223 me
2742 1186 2846 1222 non
2889 1170 3194 1238 suscipitur,
3237 1172 3337 1225 nisi
3386 1180 3531 1225 certa

1942 1259 2104 1316 de'eo
2143 1275 2464 1331 cognoscam
2496 1260 2711 1313 indicia.
2749 1261 2871 1315 llaec
2905 1264 3127 1317 audiens
3170 1262 3536 1333 Fredegtmdis

1943 1355 2146 1422 regina,
2179 1355 2481 1423 conjunctis
2512 1356 2778 1424 prioribus
2808 1357 2958 1427 regni
3003 1356 3121 1421 sui,
3168 1356 3219 1409 id
3251 1370 3334 1411 est
3366 1357 3537 1410 tribus

1942 1446 2211 1516 episcopis
2242 1457 2295 1501 et
2343 1450 2597 1501 trecentis
2629 1449 2757 1501 viris
2800 1448 3039 1517 Optimis,
3071 1456 3407 1501 sacramenta
3440 1447 3537 1501 de-

1951 1536 2151 1595 derunt
2176 1539 2317 1593 hunc
2343 1554 2371 1591 a
2403 1538 2707 1608 Chilperico
2738 1555 2862 1609 rege
2900 1549 3212 1609 generatum
3245 1538 3409 1616 fuisse
3438 1558 3452 1593 :
3481 1548 3537 1593 et

1941 1633 2019 1687 sic
2043 1633 2275 1699 suspicio
2303 1633 2371 1687 ab
2395 1632 2577 1687 animo
2608 1633 2748 1702 regis
2774 1643 2797 1671 ε
2829 1633 3003 1687 ablata
3031 1643 3131 1687 est.

2014 1723 2081 1777 Χ.
2129 1725 2366 1793 Denique
2409 1740 2528 1778 cum
2562 1724 2833 1778 interitum
2866 1724 3163 1779 Merovechi
3193 1731 3352 1794 atque
3380 1722 3536 1777 Chlo~

1943 1813 2169 1871 dovechi
2224 1814 2418 1884 smpius
2466 1814 2875 1880 lamentaretur,
2924 1815 3261 1884 nesciretque
3310 1814 3396 1868 ubi
3443 1830 3536 1869 eus

246 1893 414 1948 verba
452 1894 808 1963 praedicabit?
840 1896 1096 1968 Egrediar
1121 1915 1341 1966 prorsus
1366 1904 1434 1959 ab
1458 1906 1556 1961 hac
1586 1908 1835 1974 ecclesia,
1870 1898 1919 1959 Β
1947 1917 2223 1975 postquam
2276 1905 2689 1975 interfecerant,
2726 1906 3107 1976 projecissent,
3146 1907 3293 1960 venit
3334 1906 3400 1960 ad
3452 1923 3531 1960 re.

246 2001 317 2039 ne
370 1986 641 2045 inimicum
687 2006 866 2047 meum
911 1994 1123 2049 audiam
1175 1997 1572 2066 praedicantem.
1616 2004 1680 2059 Et
1723 2006 1837 2061 haec

244 2080 464 2147 dicens,
496 2082 675 2151 egredi
707 2085 870 2152 coepit
908 2087 1213 2144 ecclesiam.
1252 2092 1403 2147 'I‘unc
1429 2096 1727 2151 conturbati
1752 2114 1838 2152 sa-

243 2172 500 2228 cerdotes
530 2173 598 2228 de
638 2176 817 2232 fratris
849 2178 1171 2250 humilitate,
1203 2183 1454 2242 dixerunt
1497 2191 1606 2259 regi
1632 2206 1647 2244 :
1680 2190 1837 2246 Vidi-

243 2282 369 2320 mus
400 2268 541 2321 enim
573 2284 694 2324 eum
716 2272 965 2327 convivio
997 2284 1085 2330 tuo
1103 2276 1315 2344 adesse,
1346 2294 1408 2335 ac
1435 2280 1502 2336 de
1527 2281 1645 2351 ejus
1675 2299 1836 2341 manu

246 2366 301 2410 te
347 2357 783 2416 benedictionem
833 2365 1109 2434 accipere;
1142 2380 1194 2423 et
1240 2385 1336 2424 cur
1382 2386 1502 2426 eum
1553 2391 1695 2429 nunc
1743 2392 1837 2433 rex

244 2450 609 2513 aspernatur?
638 2449 696 2506 Si
741 2453 883 2507 enim
932 2455 1220 2512 scissemus
1249 2459 1342 2514 tibi
1389 2477 1634 2529 exosum,
1668 2466 1838 2521 decli-

245 2554 539 2594 nassemus
566 2542 749 2611 utique
779 2545 844 2598 ad
876 2545 1062 2613 alium,
1096 2551 1182 2618 qui
1215 2550 1325 2605 haec
1351 2568 1515 2622 agere
1537 2555 1833 2613 debuisset.

247 2629 427 2692 Nunc,
460 2631 505 2684 si
535 2634 821 2701 permittis,
852 2637 1086 2696 celebret
1112 2657 1227 2710 qua:
1251 2645 1448 2710 cmpit:
1480 2646 1529 2699 in
1564 2657 1836 2717 posterum

245 2733 429 2779 autem
479 2725 524 2780 si
574 2727 772 2798 aliquid
822 2735 1177 2799 opposueris,
1220 2738 1497 2794 canonica:
1546 2741 1838 2799 sanctionis

245 2831 479 2872 censura
527 2818 761 2877 ﬁniatur.
808 2821 925 2877 Jam
969 2826 1111 2880 enim
1160 2827 1427 2885 Palladius
1455 2832 1739 2903 episcopus
1786 2836 1837 2891 in

244 2912 549 2967 sacrarium
581 2926 702 2967 cum
740 2916 928 2984 grandi
973 2916 1278 2976 humilitate
1313 2921 1657 2980 discesserat.
1689 2926 1841 2985 Tunc

244 3014 344 3055 rex
367 2999 531 3068 jussit
559 3017 681 3057 eum
710 3007 980 3075 revocari,
1020 3018 1073 3063 et
1114 3009 1195 3064 sic
1222 3027 1341 3079 quat
1374 3028 1532 3083 agere
1561 3030 1799 3087 coeperat
1821 3062 1836 3087 ,

244 3106 332 3154 ex;
356 3091 543 3145 edivit.
573 3092 707 3148 Nam
735 3109 855 3149 cum
904 3097 1095 3153 iterato
1124 3101 1189 3155 ad
1215 3103 1516 3160 convivium
1546 3110 1688 3176 regis
1722 3109 1845 3165 Pal-

246 3183 424 3235 ladius
451 3194 611 3253 atque
645 3186 1064 3245 Bertchratuttus
1090 3191 1243 3246 asciti
1287 3192 1553 3261 fuissent,
1582 3202 1837 3257 commoti

1940 2014 2059 2068 gem
2095 1997 2254 2052 homo
2283 1999 2372 2068 qui
2404 2000 2647 2053 diceret:
2694 1999 2747 2055 Si
2783 2000 2910 2053 mihi
2952 2000 3280 2053 contrarium
3313 1999 3363 2052 in
3407 2014 3536 2067 pos-

1944 2096 2114 2142 terunt
2140 2103 2248 2143 non
2279 2087 2527 2155 habetur,
2556 2088 2803 2143 iudicnbo
2824 2090 2874 2143 in
2900 2106 3002 2158 quo
3028 2090 3144 2144 loco
3169 2089 3535 2144 Chlodovechi

1940 2178 2169 2234 cadaver
2197 2179 2268 2233 sit
2312 2178 2567 2247 positmn.
2599 2178 2806 2233 Iuravit
2852 2194 2946 2233 rex
2994 2178 3123 2233 nihil
3153 2179 3200 2233 ei
3248 2179 3535 2234 molestum

1943 2268 2055 2323 ﬁeri
2075 2309 2090 2335 ,
2124 2268 2221 2323 sed
2254 2270 2425 2336 potius
2456 2268 2769 2324 muneribus
2801 2268 3065 2337 ampliari.
3097 2269 3249 2324 Tune
3274 2269 3362 2323 ille
3388 2287 3400 2322 :
3430 2269 3535 2325 Ve~

1941 2359 2185 2428 ritatem,
2210 2357 2381 2428 inquit
2401 2400 2415 2424 ,
2446 2373 2531 2412 me
2563 2358 2735 2429 loqui,
2761 2372 2794 2413 o
2822 2373 2913 2412 rex
2937 2401 2951 2425 ,
2979 2360 3092 2427 ipsa
3123 2360 3255 2413 ratio
3282 2352 3398 2428 qua:
3419 2372 3534 2415 acta

1942 2461 2023 2507 est
2064 2451 2461 2520 comprobabit.
2511 2450 2641 2505 Nam
2672 2451 2885 2521 quando
2929 2451 3339 2507 Chloduvcchus
3370 2454 3534 2507 inter-

1944 2544 2113 2600 fectus
2142 2554 2257 2611 est,
2289 2558 2353 2596 ac
2378 2543 2477 2596 sub
2506 2542 2776 2597 stillicidio
2799 2541 3015 2596 oratorii
3047 2542 3322 2613 cujusdam
3352 2545 3531 2611 sepul-

1944 2647 2052 2701 ttts,
2076 2644 2332 2690 metuens
2360 2634 2542 2704 regina
2574 2648 2641 2689 ne
2681 2634 2966 2704 aliquando
2995 2634 3243 2689 inventus
3272 2650 3395 2689 cum
3429 2634 3530 2690 ho-

1946 2742 2076 2781 nore
2101 2726 2440 2795 sepeliretur,
2473 2723 2631 2793 jussit
2661 2739 2781 2780 eum
2813 2724 2863 2779 in
2895 2726 3107 2781 alveum
3156 2725 3409 2781 Matrona:
3435 2725 3535 2780 ilu-

1947 2818 2105 2872 minis
2148 2816 2355 2887 projici.
2386 2814 2537 2873 Tune
2565 2817 2702 2871 intra
2734 2815 2936 2887 lapsum
2962 2815 3013 2884 ά,
3047 2816 3184 2886 quod
3214 2832 3374 2887 opere
3415 2830 3535 2871 meo

1945 2909 2010 2962 ad
2032 2907 2413 2977 capiendorum
2440 2907 2660 2975 piscium
2685 2908 3052 2962 necessitatem
3084 2923 3531 2979 praeparaverant,

1947 3001 2143 3070 reperi.
2172 3000 2279 3056 Sed
2307 3016 2423 3055 cum
2450 3002 2753 3069 ignorarem
2779 3000 3023 3070 quisnam
3053 3012 3229 3067 esset,
3258 3019 3286 3055 a
3314 3008 3533 3060 caesarie

1949 3095 2155 3166 prolixa
2187 3093 2411 3165 c0gnovi
2442 3092 2878 3148 Chlodovechum
2912 3108 3031 3148 esse
3062 3112 3074 3147 :
3107 3108 3189 3164 ap;
3213 3098 3532 3150 reltensum-

1949 3199 2051 3254 que
2076 3184 2132 3238 in
2164 3184 2398 3238 humeris
2427 3182 2493 3237 ad
2541 3182 2686 3237 littus
2712 3182 2910 3249 detuli,
2946 3182 3125 3252 ibique
3150 3199 3273 3239 eum
3314 3186 3533 3255 caaspite

246 3271 480 3327 iniicem
524 3275 687 3331 multa
732 3277 833 3331 sibi
862 3278 928 3333 de
954 3280 1236 3338 adulteriis
1265 3282 1717 3346 acfornicatioue
1744 3306 1837 3347 ex-
1865 3268 1913 3334 (Ξ
1945 3277 2283 3346 superposito
2336 3273 2614 3329 ιυιιιυιτινῑ-
2667 3273 2805 3329 Ecce
2854 3274 3072 3328 salvalis
3120 3276 3340 3330 artubus
3390 3276 3532 3345 quod

246 3370 600 3435 probrarunt,
635 3374 888 3427 nonnulla
934 3374 1097 3430 etiam
1133 3378 1201 3433 de
1239 3377 1511 3450 periuriis.
1541 3384 1743 3453 Quibus
1767 3386 1836 3443 de

245 3462 417 3516 rebus
458 3464 612 3518 multi
654 3465 895 3520 ridebant
923 3483 938 3531 ;
972 3471 1211 3525 nonnulli
1246 3487 1373 3541 vero
1393 3514 1409 3539 ,
1440 3475 1530 3542 qui
1558 3477 1837 3534 alacrioris

254 3559 419 3606 erant
445 3554 705 3621 scientiae,
742 3556 1190 3623 lamentabantur,
1221 3575 1317 3616 cur
1346 3561 1485 3618 inter
1527 3565 1836 3622 sacerdotes

245 3646 463 3702 Domini
479 3648 875 3705 taliter‘zizania
899 3652 1095 3707 diaboli
1112 3654 1452 3723 pullularent.
1486 3658 1837 3715 Discedentes

242 3740 433 3808 itaque
479 3755 511 3793 a
541 3741 677 3811 regis
719 3745 1023 3811 praesentia,
1069 3746 1345 3802 cautiones
1391 3756 1446 3803 et
1495 3748 1837 3819 ﬁdeiussores

243 3832 540 3898 dederunt,
575 3847 629 3889 ut
654 3835 865 3891 decimo
893 3837 1160 3895 Kalendas
1189 3843 1387 3897 mensis
1416 3843 1542 3897 noni
1579 3844 1644 3898 ad
1675 3861 1836 3915 syno-

242 3926 376 3977 dum
401 3926 780 3981 convenirent.

320 4013 458 4068 V'Ill.
490 4014 643 4070 Tunc
666 4028 1025 4086 apparuerunt
1047 4021 1217 4093 signa,
1248 4022 1299 4077 id
1331 4031 1442 4091 est,
1470 4025 1602 4080 radii
1629 4041 1659 4081 a
1689 4034 1837 4096 parte

244 4109 553 4176 Aquilonis,
580 4111 721 4167 sicut
747 4118 941 4184 saepius
980 4132 1239 4188 apparere
1285 4123 1479 4179 solent.
1513 4123 1713 4195 Fulgor
1743 4139 1838 4194 per

245 4200 444 4255 caelum
472 4206 774 4260 occurrisse
801 4208 946 4263 visus
989 4223 1067 4265 eSt
1089 4253 1105 4277 ,
1139 4211 1407 4283 floresque
1440 4216 1507 4269 in
1555 4218 1837 4275 arboribus

246 4293 452 4346 osteusi
482 4305 627 4349 sunt.
660 4297 787 4351 Erat
815 4300 956 4354 enim
989 4303 1189 4358 mensis
1218 4305 1455 4372 quintus.

322 4384 413 4438 IX.
454 4383 702 4442 Posthac
728 4403 821 4443 rex
848 4389 1082 4448 Parisios
1111 4396 1283 4463 venit,
1308 4407 1362 4452 et
1386 4412 1564 4453 coram
1586 4401 1838 4458 omnibus

246 4474 389 4543 loqui
440 4479 636 4545 coepit,
680 4479 908 4535 dicens:
950 4482 1249 4541 Germanus
1300 4502 1453 4544 meus
1504 4491 1838 4559 Chilperieus

247 4568 485 4620 moriens
532 4568 727 4623 dicitur
772 4572 942 4627 ﬁlium
987 4575 1290 4644 reliquisse,
1320 4579 1472 4646 cujus
1520 4583 1832 4647 nutritores,

1939 3369 2171 3423 volueris
2202 3367 2376 3422 efﬁce.
2424 3365 2577 3433 Quod
2605 3380 2725 3419 cum
2770 3382 2859 3419 rex
2909 3367 3292 3437 comperisset,
3326 3369 3532 3423 conﬁu.

1938 3440 2069 3532 gens
2092 3476 2149 3516 se
2172 3460 2237 3515 ad
2260 3462 2595 3515 venationem
2622 3461 2933 3529 procedere,
2959 3461 3277 3532 dezectuque
3304 3465 3531 3531 tumulo,

1942 3554 2143 3623 reperit
2185 3551 2562 3621 corpusculum
2592 3552 2859 3619 integrum
2892 3562 2945 3606 et
2986 3551 3229 3607 illaesum.
3269 3553 3382 3610 Una
3417 3567 3532 3612 tan.

1941 3651 2051 3697 tum
2096 3658 2218 3713 pars
2249 3642 2602 3711 capillorum,
2643 3657 2763 3711 qua:
2811 3643 2994 3697 subter
3043 3643 3243 3708 fuerat,
3272 3646 3382 3713 jam
3430 3647 3531 3703 de-

1940 3734 2203 3799 ﬂuxerat;
2234 3733 2335 3788 alia
2365 3748 2492 3788 vero
2518 3748 2640 3787 cum
2670 3733 2799 3801 ipsis
2828 3734 3056 3788 erinium
3082 3735 3305 3805 ﬂagellas
3336 3737 3531 3793 intacta

1940 3824 2187 3880 durabat.
2221 3822 2612 3895 Cngnitumque
2643 3834 2725 3879 cst
2757 3825 2895 3879 hunc
2946 3840 3063 3880 esse
3109 3842 3264 3895 quem
3314 3844 3408 3883 rex
3452 3831 3529 3885 iu-

1942 3924 2088 3971 tento
2116 3914 2297 3969 animo
2328 3915 2651 3983 requirebat.
2677 3914 2980 3970 Convoca'o
3006 3916 3168 3989 383
3214 3917 3372 3989 igitur
3415 3920 3529 3991 epi.

1942 4020 2106 4075 scopo
2131 4004 2384 4072 civitatis,
2414 4020 2535 4060 cum
2564 4009 2708 4060 clero
2733 4015 2787 4061 et
2806 4006 3021 4076 populo,
3051 4024 3114 4062 ac
3143 4023 3421 4065 cereorum
3452 4011 3534 4066 in-

1941 4096 2352 4151 numerahilium
2395 4106 2618 4164 ornatu,
2649 4096 2714 4150 ad
2746 4097 3015 4153 basilicam
3047 4100 3217 4156 sancti
3265 4100 3531 4159 Vincentii

1940 4188 2131 4244 detulit
2171 4188 2569 4252 tumulandum,
2619 4204 2722 4243 non
2776 4190 2952 4245 minus
3003 4191 3258 4262 plangens
3304 4203 3529 4262 nepotes

1940 4293 2200 4350 mortuos,
2224 4296 2381 4351 quam
2407 4296 2526 4335 cum
2551 4281 2681 4335 vidit
2705 4281 2839 4335 ﬁlios
2868 4283 3113 4351 praprios
3134 4284 3244 4351 jam
3266 4285 3528 4353 sepultos.

1942 4374 2189 4429 Posthzec
2212 4372 2357 4427 misit
2375 4372 2666 4441 Pappolum
2688 4372 3004 4428 Carnotenzc
3030 4374 3174 4429 urbis
3194 4376 3525 4446 episcopum,

1940 4466 2032 4537 qui
2062 4464 2360 4520 Merovechi
2383 4464 2612 4520 cadaver
2638 4462 2939 4534 requirens,
2972 4463 3121 4534 juxta
3152 4466 3524 4524 Chlodovcchi

1944 4557 2203 4613 tumulum
2232 4556 2499 4625 sepelivit.

247 4667 419 4712 mue
446 4659 792 4729 deprecante,
826 4666 1119 4734 petieram,
1162 4676 1218 4721 ιη
1253 4645 1394 4723 θωπί
1415 4671 1482 4726 de
1522 4682 1709 4727 sancto
1756 4645 1836 4726 In;
1866 4649 1919 4710 D
2015 4645 2111 4702 XI.
2144 4648 2410 4703 Ostiarius
2436 4655 2460 4683 ο
2494 4660 2624 4702 vero
2654 4646 2870 4717 quidam
2896 4646 2964 4703 de
2990 4646 3093 4701 alio
3123 4648 3342 4703 estiario
3368 4648 3503 4704 dixit

248 4762 410 4803 vacro
439 4750 491 4803 in
534 4751 793 4807 Dominici
823 4753 1025 4810 Natalis
1053 4758 1391 4815 solemnitate
1418 4761 1668 4818 deberem
1696 4764 1837 4819 exci-

246 4852 397 4906 pere,
423 4851 479 4895 et
508 4856 617 4897 non
650 4856 931 4901 venerunt.
973 4847 1321 4919 Rogaverunt
1368 4850 1621 4921 deinceps
1665 4864 1723 4907 ut
1767 4853 1834 4908 ad

247 4942 495 4987 sanctum
527 4932 732 4989 Pascha
781 4936 1157 5006 baptizaretur,
1189 4941 1284 4995 sed
1326 4956 1427 4997 nec
1472 4952 1597 4998 tunc
1639 4945 1836 5001 allatus

243 5034 332 5079 est
358 5026 559 5083 infans.
592 5027 877 5099 Deprecati
906 5040 1032 5088 sunt
1072 5041 1251 5089 autem
1281 5035 1458 5103 tertio,
1490 5046 1546 5091 ut
1583 5038 1651 5091 ad
1682 5036 1834 5095 festi-

330 5213 357 5243 ι
396 5204 590 5280 Missas
627 5215 873 5275 spectare
918 5207 1256 5274 dicebantur,
1284 5209 1372 5279 qui
1423 5210 1591 5267 sacris
1618 5210 1834 5280 quidem

240 5278 525 5344 mysteriis
552 5281 879 5342 intererant,
931 5281 1024 5334 sed
1072 5296 1179 5334 non
1222 5278 1725 5345 communieahant,
1762 5284 1835 5336 uti

240 5347 455 5419 colligit
484 5358 673 5419 noster
699 5347 970 5404 Habillou.
1007 5351 1059 5404 in
1092 5349 1296 5418 Liturg.
1331 5349 1521 5403 Gallic.
1553 5366 1621 5406 ex
1661 5366 1780 5419 cap.
1806 5352 1839 5405 8

242 5417 352 5471 lib.
383 5435 444 5490 με
465 5418 625 5487 hujus
659 5421 913 5473 historire.
943 5420 1075 5473 Can.
1111 5423 1181 5479 ‘2‘.)
1222 5423 1390 5475 tione.
1438 5436 1495 5475 III
1536 5417 1835 5490 Aureliam,

240 5505 342 5541 an.
376 5486 501 5553 5'38,
531 5486 754 5543 vetitum
782 5500 885 5554 est,
917 5507 982 5546 ne
1012 5492 1133 5560 quis
1164 5508 1283 5545 cum
1316 5493 1480 5548 armis
1511 5493 1722 5547 bellicis
1750 5486 1839 5546 sa;

242 5560 451 5633 eri/icit:
480 5562 734 5633 matutina
765 5560 815 5611 Μ
825 5563 1041 5615 istarum
1081 5562 1185 5616 sive
1212 5565 1493 5633 vespertina
1525 5566 1733 5633 spectet.

324 5629 351 5668 δ’
383 5631 500 5683 Non
532 5631 705 5702 solum
733 5635 785 5685 in
815 5634 970 5686 natali
1007 5634 1217 5688 Domini
1241 5629 1380 5688 αδ.
1405 5629 1644 5702 Joannis,
1671 5633 1761 5688 sed
1790 5641 1847 5687 et

236 5702 307 5755 in
337 5700 591 5758 natalitiis
619 5702 912 5772 Martyrum
948 5703 1239 5771 baptismus
1266 5700 1637 5758 conferebatur
1666 5705 1716 5758 itt
1748 5704 1846 5758 ali-

231 5772 443 5839 quibus
477 5773 744 5827 CCCICSIIS.
772 5778 938 5838 Quem
988 5791 1190 5829 morem
1240 5775 1510 5829 veteribus
1551 5776 1846 5829 cauonibus

231 5843 567 5915 irritistnntes
612 5844 874 5915 abrogare
922 5846 1094 5896 conati
1148 5856 1271 5899 sunt
1324 5855 1499 5915 patres
1537 5844 1760 5900 Concilii
1809 5860 1843 5898 ll

230 5913 482 5979 “nisu,
512 5912 617 5968 hoc
642 5911 785 5967 anno
816 5911 919 5968 585
947 5914 1131 5968 habiti.

1945 4742 2172 4797 Domine
2198 4755 2324 4809 rex,
2353 4739 2438 4794 hic
2464 4748 2685 4809 accepto
2716 4740 2935 4808 praemio
2966 4743 3239 4795 consensit
3265 4751 3322 4795 ut
3353 4750 3408 4796 tu
3452 4742 3533 4797 in-

1946 4833 2249 4889 terﬁciaris.
2291 4832 2777 4901 Apprehensusque
2815 4831 3083 4897 ostiarius,
3116 4832 3184 4885 de
3224 4846 3331 4901 quo
3373 4831 3527 4887 dixe-

1946 4940 2063 4995 rat,
2102 4940 2294 4990 caesus,
2337 4923 2717 4994 suppliciisque
2765 4922 2945 4977 multis
2991 4921 3236 4988 allectus,
3285 4923 3416 4978 nihil
3464 4924 3534 4981 dc-

1946 5034 2105 5076 causa
2137 5035 2237 5088 qua
2264 5017 2695 5086 interrogabatur
2718 5015 2945 5083 aperuit.
2977 5011 3356 5082 Loquebantur
3384 5014 3529 5070 enim

2019 5215 2041 5244 ε
2074 5204 2270 5259 Omnes
2301 5206 2496 5268 praeter
2522 5197 2676 5264 Bad.,
2700 5198 2765 5252 ab
2789 5196 2975 5251 animi:
3001 5196 3155 5266 regis.

2013 5274 2039 5313 ά
2068 5275 2158 5329 S‘c
2198 5272 2349 5327 Colb.
2375 5285 2448 5323 m.
2492 5284 2613 5323 cum
2649 5269 2771 5322 Bec.
2804 5278 2858 5321 et
2906 5280 3070 5333 recte,
3111 5282 3173 5322 ea
3213 5268 3356 5324 enim
3399 5283 3532 5324 voce

1943 5348 2255 5413 designatur
2297 5350 2433 5396 rete.
2463 5341 2529 5393 Et
2574 5338 2624 5392 in
2655 5338 2809 5413 Colb.
2837 5353 2912 5401 a.,
2943 5338 3030 5392 ubi
3074 5338 3324 5413 tempsam
3348 5339 3530 5413 altera

1945 5409 2103 5473 manu
2131 5415 2441 5489 appositum
2457 5420 2572 5489 es_t__,
2591 5419 2720 5489 rete.
2757 5410 2943 5477 Kegm.
2972 5424 3109 5489 ver_o_
3139 5409 3300 5464 habet
3338 5410 3526 5489 lacum.

1949 5489 2119 5551 Editi,
2148 5478 2376 5551 capsum.
2407 5482 2483 5537 De
2507 5480 2792 5535 Chlodovet
2825 5488 2995 5534 morte
3026 5480 3147 5551 vide
3168 5478 3442 5551 supralib.
3471 5493 3523 5551 v,

1948 5575 2069 5628 cap.
2212 5548 2287 5609 De
2315 5553 2552 5630 Merovei
2578 5564 2759 5630 autem
2788 5566 2915 5630 nece
2942 5551 3112 5630 caput
3123 5550 3155 5601 9
3195 5548 3531 5630 ejusdemln

1950 5618 2053 5686 bri.
2091 5629 2324 5695 Uterque
2354 5624 2552 5698 relatus
2597 5622 2849 5698 Parisios,
2881 5623 2930 5698 in
2966 5620 3176 5698 basilica
3204 5618 3373 5698 sancti
3404 5618 3501 5672 Vin

1950 5700 2113 5756 centii
2143 5688 2260 5768 quae
2286 5695 2444 5750 hodie
2473 5691 2641 5748 sancti
2671 5693 2918 5747 Germani
2947 5705 2975 5743 a
3000 5690 3170 5743 Pratis
3198 5688 3414 5753 dicitur,
3447 5704 3524 5744 sev

1991 5772 2130 5825 ultus
2159 5777 2262 5824 est.

1952 5789 2130 5843 plllllls
2159 5789 2262 5824 εει.
2582 5832 2594 5843 _

2026 5850 2049 5877 °
2082 5840 2192 5895 Hoc
2219 5846 2373 5905 caput
2403 5834 2555 5887 deest
2581 5848 2635 5885 tn
2668 5832 2784 5887 Vat.
2816 5841 2867 5885 et
2896 5827 3047 5885 Colb.
3078 5842 3129 5881 a.
3162 5828 3314 5895 Bec.,
3345 5826 3536 5885 Postav

1952 5914 2153 5967 rium...
2185 5909 2246 5960 de
2269 5907 2372 5958 alio
2402 5906 2646 5956 hastario.
