3966 6348
458 322 567 377 ιλδ

1456 296 1515 355 S.
1558 291 1887 351 GREGORH
1926 288 2228 346 EPlSCOPl
2267 286 2697 343 TURONENSIS

3631 282 3748 338 ιπσ

469 441 596 489 tunc
625 427 775 484 multi
807 425 909 477 hoc
939 419 1148 476 insidiis
1185 425 1240 473 et
1287 413 1486 471 invidia
1519 414 1747 477 factum,
1796 410 1935 481 quod
1966 424 2053 461 ος·
2080 411 2128 466 Λ
2159 407 2347 471 rimus,
2378 405 2607 475 qualiter
2656 402 2723 455 ab
2762 401 2866 455 his-
2892 399 3079 455 Galliis
3125 397 3459 460 estrudatur,
3507 397 3594 467 qui
3646 411 3751 453 nos

466 524 650 579 tiarius
681 519 789 580 ille,
822 514 909 569 cui
940 514 1041 568 hoc
1073 512 1273 566 crimen
1320 508 1612 577 impactum
1654 505 1855 568 fuerat,
1888 503 2054 573 pluri-

468 632 611 671 mum
658 628 688 665 a
734 625 857 678 rege
901 608 1233 676 diligeretur.
1279 599 1614 657 Ansoualdus
1654 605 1832 651 autem
1874 593 2058 648 nescio

466 725 571 777 qua
603 706 910 776 suspicione
942 712 1132 764 tactus,
1171 712 1268 751 nec
1294 694 1618 754 va‘edicens,
1646 705 1673 743 a
1705 703 1829 757 rege
1858 688 2061 740 disces-

470 803 560 857 sit.
590 801 702 855 Rex
735 810 864 851 vero
891 792 1220 847 Cabillonum
1249 799 1548 858 regressus,
1575 780 1738 852 jussit
1766 779 2024 832 B'iantum
2043 816 2057 839 ,

472 893 564 964 qui
593 892 691 945 sibi
723 901 939 954 semper
979 884 1151 937 fuerat
1201 878 1452 942 infidelis,
1488 874 1665 945 gladio
1705 871 1927 940 perculi.
1960 867 2062 933 Qui

478 985 701 1037 vallatus
727 980 778 1034 in
810 979 970 1031 domo
998 989 1123 1030 sua.
1157 972 1225 1027 ab
1252 970 1561 1025 hominibus
1586 965 1725 1034 regis
1758 969 2066 1033 peremptus

480 1070 713 1134 interiit,
742 1081 937 1135 resque
967 1078 1077 1119 sua!
1115 1062 1225 1116 fisci
1256 1058 1547 1114 ditionibus
1594 1055 1889 1123 subjugata:
1918 1058 2065 1105 sunt.

550 1162 666 1217 XII.
714 1159 952 1225 Denique
980 1170 1102 1210 cum
1148 1170 1241 1207 rex
1288 1151 1517 1205 maxima
1564 1146 1857 1201 intentione
1884 1142 2067 1196 Theo-

477 1255 667 1310 dorum
698 1252 1005 1321 episcopum
1032 1250 1224 1302 iterum
1259 1242 1507 1313 persequi
1536 1251 1841 1295 conaretur.
1868 1245 1921 1292 et
1946 1236 2073 1290 Mas-

482 1346 601 1401 silia
639 1344 748 1413 jam
798 1343 850 1393 in
892 1337 1221 1393 Childeberti
1271 1333 1410 1399 regis
1453 1330 1870 1385 dominationem
1916 1338 2069 1380 revo-

484 1445 603 1492 cata
649 1433 867 1498 fuisset,
904 1430 969 1484 ad
1014 1425 1377 1482 discutiendas
1409 1436 1599 1476 causas
1630 1419 1914 1473 Ratharius
1945 1416 2074 1469 illuc

486 1528 638 1599 quasi
670 1528 771 1580 dux
808 1533 833 1561 ι
862 1538 890 1575 a
925 1531 1073 1591 parte
1120 1520 1261 1589 regis
1300 1515 1626 1570 Childeberti
1670 1513 1935 1581 dirigitur.
1970 1509 2075 1565 Sed

488 1620 779 1690 postposita
824 1615 1061 1676 actione,
1103 1626 1222 1680 qua:
1264 1609 1314 1663 ei
1356 1623 1384 1661 a
1428 1622 1555 1677 rege
1602 1605 1836 1674 injuncta
1877 1602 2075 1663 fuerat,

488 1713 799 1781 episcopum
830 1708 1023 1768 vallat,
1060 1703 1407 1772 fidejussores
1466 1699 1715 1769 requirit,
1759 1706 1814 1750 et
1853 1694 1919 1749 ad
1950 1709 2079 1762 prm-

2161 496 2486 568 qnotidianis
2527 494 2786 549 incendiis
2826 492 3058 549 confiat.
3100 498 3152 544 et
3202 498 3258 543 tu
3308 504 3405 558 pro
3441 503 3508 543 eo
3556 504 3754 558 rogare

2163 603 2265 641 non
2297 585 2536 641 desinis?
2566 584 2744 638 Satius
2791 583 2932 635 enim
2979 580 3072 634 tibi
3103 590 3220 635 erat
3248 595 3334 633 res
3366 580 3609 634 ecclesize
3645 589 3754 634 tua)

2162 680 2445 749 diligenter
2467 676 2760 746 inquirere,
2792 690 2857 727 ne
2889 674 3210 740 pauperibus
3232 671 3428 738 aliquid
3456 671 3757 738 deperiret,

2164 787 2321 842 quam
2356 786 2448 838 pro
2478 770 2577 820 huc
2608 777 2711 820 tam
2745 765 2948 835 intente
2978 763 3294 831 deposcere.
3324 763 3389 816 Et
3413 765 3584 816 aiebat
3611 780 3622 814 :
3657 760 3759 814 Va:

2167 866 2319 919 nobis
2358 864 2441 930 qui
2483 874 2602 916 eum
2650 875 2753 912 non
2805 871 3090 918 possumus
3138 868 3460 922 expugnare.
3514 853 3579 907 Et
3627 853 3760 906 licet

2168 956 2447 1012 dtemoniis
2477 954 2619 1009 credi
2652 969 2757 1007 non
2788 953 3013 1013 debeat.
3063 959 3236 1003 tamen
3282 948 3452 1016 qualis
3481 958 3625 1004 esset
3668 963 3765 1001 sa-

2169 1048 2381 1109 cerdos,
2410 1046 2477 1098 de
2508 1059 2613 1115 quo
2644 1044 2759 1109 hsce
2796 1043 3006 1097 dtemon
3052 1042 3344 1096 condolens
3385 1040 3760 1106 declamabat,

2172 1140 2437 1210 apparuit.
2472 1138 2575 1192 Sed
2602 1138 2668 1192 ad
2697 1146 2866 1206 empta
2897 1136 3196 1189 redeamus.

2243 1233 2384 1286 Xlll.
2428 1231 2587 1303 Igitur
2620 1231 2821 1301 legatos
2850 1228 2918 1281 ad
2969 1237 3219 1296 nepotem
3267 1239 3420 1278 suum
3451 1223 3768 1279 Childeber-

2177 1336 2287 1382 tum
2336 1337 2429 1377 rex
2481 1322 2692 1392 dirigit,
2743 1322 2831 1391 qui
2881 1321 3190 1375 morabatur
3240 1327 3364 1371 tunc
3411 1317 3477 1371 ad
3526 1326 3766 1371 castrum

2177 1400 2507 1471 Conﬂuentis
2530 1412 2584 1476 ἀ,
2619 1414 2755 1479 qttod
2785 1412 2855 1466 ob
2900 1412 3003 1467 hoc
3053 1424 3247 1466 nomen
3287 1409 3523 1477 accepit,
3573 1422 3671 1475 pro
3704 1423 3771 1462 eo

2179 1506 2319 1573 quod
2362 1503 2577 1560 Mosella
2611 1503 2935 1571 Rhenusque
2985 1501 3146 1573 385
3177 1516 3361 1555 omnes
3406 1500 3611 1565 pariter
3637 1514 3773 1553 con-

2181 1597 2404 1652 ﬂuentes
2435 1598 2485 1648 in
2526 1595 2713 1649 eodem
2761 1593 2879 1645 loco
2908 1594 3217 1660 jungamur.
3255 1592 3317 1643 Et
3346 1591 3467 1659 quia
3510 1590 3770 1658 placitum

2186 1688 2386 1755 fuerat,
2417 1694 2471 1740 ut
2497 1687 2693 1740 Trecas
2718 1684 3020 1753 Campania:
3048 1684 3233 1736 urbem
3258 1681 3323 1734 de
3346 1692 3573 1749 utroque
3605 1697 3775 1751 regno

491 1772 721 1859 sentiam
771 1797 912 1867 regis
960 1793 1348 1850 Guntchramni
1398 1792 1620 1854 direxit,
1662 1799 1717 1840 ut
1761 1788 1965 1841 seil’cet
2012 1787 2076 1837 a=l
2114 1785 2157 1842 Β
2184 1778 2605 1847 conjungerent,
2639 1775 3117 1844 sacerdotibusque
3150 1774 3215 1828 de
3256 1788 3417 1841 regno
3446 1772 3776 1828 Cbildeberti

495 1892 788 1965 synodum,
814 1904 934 1958 quae
967 1885 1257 1941 Matiscone
1303 1884 1475 1937 futura
1523 1892 1666 1945 erat,
1696 1878 1841 1947 quasi
1876 1876 1942 1929 ab
1974 1875 2084 1944 epi-

496 1985 673 2055 scopis
704 1982 1036 2037 damnandus
1076 1978 1308 2032 adesset.
1353 1975 1463 2029 Nec
1493 1973 1661 2027 defuit
1702 1972 1834 2024 ultio
1875 1968 2083 2035 divina,

493 2093 611 2150 quae
639 2090 824 2132 servos
854 2087 980 2129 suos
1008 2071 1076 2124 ab
1105 2085 1198 2124 ore
1226 2082 1419 2123 cauum
1451 2065 1756 2119 rabidorum
1796 2060 2086 2115 defensire

494 2170 793 2228 consuevit.
828 2169 959 2223 Nam
990 2165 1304 2236 egredieute
1344 2162 1599 2230 episcOpo
1631 2173 1657 2211 a
1698 2157 1936 2219 civitate,
1980 2163 2091 2207 sta-

499 2265 590 2317 titn
618 2278 706 2317 res
734 2260 974 2314 ecclesiae
1000 2256 1217 2324 diripit,
1243 2262 1297 2309 et
1320 2252 1425 2307 alia
1448 2248 1661 2320 quidem
1690 2248 1789 2303 sibi
1824 2244 2052 2298 vindicat
2070 2285 2087 2311 ,

499 2353 601 2406 alia
632 2352 732 2406 sub
753 2351 1049 2420 sigillorum
1081 2344 1379 2399 munitione
1403 2339 1693 2396 concludit.
1722 2336 1961 2404 Cumque
1992 2335 2093 2386 hoc

503 2444 752 2508 fecisset,
785 2442 1023 2510 protinus
1065 2436 1295 2491 famulos
1345 2435 1461 2504 ejus
1508 2430 1837 2486 saevissimus
1882 2424 2092 2481 invadit

506 2536 749 2597 mortus,
783 2533 1181 2596 exhaustosque
1210 2526 1359 2581 febre
1399 2522 1663 2593 pert-mit;
1708 2519 1848 2574 filius
1883 2516 2000 2586 ejus
2027 2515 2094 2568 ab

505 2629 608 2684 hoc
633 2625 972 2681 incommodo
994 2623 1219 2685 defecit,
1247 2634 1405 2689 quem
1435 2618 1487 2670 in
1514 2614 1823 2670 suburbano
1851 2608 2095 2664 Massilia;

506 2721 673 2790 ipsius
703 2716 866 2787 385
886 2730 1006 2770 cum
1039 2713 1184 2782 gravi
1216 2711 1417 2782 gemitu
1443 2707 1720 2776 sepelivit;
1751 2704 1951 2772 fuitque
1979 2703 2097 2756 talis

472 2812 689 2877 ,domut
719 2812 835 2878 ejus
869 2807 1045 2875 plaga,
1077 2812 1132 2857 ut
1162 2817 1284 2856 cum
1316 2800 1382 2853 ab
1410 2799 1540 2852 urbe
1574 2798 1660 2851 illa
1691 2806 1773 2850 est
1803 2795 2095 2863 digressus,

508 2903 592 2955 vix
624 2900 689 2954 ad
739 2897 962 2966 patriam
1012 2910 1162 2949 suam
1214 2890 1423 2975 regredj
1456 2897 1750 2959 putaretur.
1782 2885 2101 2939 Theodorus

509 3006 639 3048 vero
683 2990 969 3059 episcopus
1009 3004 1036 3039 a
1085 2984 1488 3057 Guntchramno
1538 2994 1662 3048 rege
1705 2977 1954 3031 detentus
1994 2983 2097 3028 est.

511 3086 614 3142 Sed
646 3083 777 3138 nihil
807 3083 855 3137 ei
884 3097 977 3137 rex
1007 3081 1207 3133 nocuit.
1246 3078 1335 3129 Est
1366 3074 1505 3128 enim
1537 3074 1617 3125 vir
1648 3069 1876 3139 egregiae
1905 3067 2103 3121 sancti-

2187 1886 2483 1942 cougtunm
2513 1884 2617 1924 non
2666 1867 2796 1933 fuit;
2831 1866 2977 1920 Felix
3022 1866 3245 1934 legatus,
3278 1864 3597 1918 salutatione
3638 1878 3776 1931 pra:-

2191 1964 2382 2024 miesa,
2431 1961 2668 2016 ostensis
2714 1959 2925 2021 litteris,
2971 1957 3080 2009 ait:
3120 1956 3343 2009 Patruus
3390 1964 3594 2017 tuus,o
3640 1968 3776 2018 rex,

2190 2057 2470 2125 diligrnter
2501 2057 2824 2120 interrogat,
2857 2049 2974 2120 quis
3005 2057 3055 2102 te
3084 2046 3151 2101 ab
3180 2047 3277 2099 hac
3308 2046 3659 2113 promissione
3690 2061 3778 2098 re-

2192 2149 2383 2212 traxit,
2412 2154 2470 2201 ut
2498 2145 2806 2199 sacerdotes
2839 2142 2987 2212 regni
3021 2141 3184 2194 vestri
3216 2139 3279 2192 ad
3307 2135 3604 2192 Concilium
3636 2135 3779 2205 quod

2195 2239 2349 2294 simul
2401 2234 2792 2299 decreveratis,
2839 2231 3020 2286 venire
3069 2229 3366 2284 differrent.
3418 2237 3497 2283 An
3555 2227 3779 2283 forsitan

2195 2330 2317 2381 mali
2367 2326 2612 2381 homines
2642 2324 2870 2393 aliquam
2922 2322 3058 2375 inter
3092 2336 3183 2374 vos
3210 2320 3494 2374 discordia:
3539 2319 3781 2374 radicem

2196 2416 2389 2470 faciant
2418 2414 2709 2485 pullulare?
2739 2413 2889 2467 Tunc
2909 2426 3028 2482 ego,
3059 2425 3185 2480 rege
3216 2419 3445 2471 tacente.
3473 2410 3741 2479 respondi
3765 2427 3781 2465 :

2148 2545 2156 2555 .
2195 2509 2280 2563 Nil
2312 2507 2541 2571 mirum,
2574 2506 2617 2559 si
2661 2505 2862 2558 zizania
2916 2511 3127 2557 seratur
3170 2502 3303 2556 inter
3347 2502 3609 2571 populos;
3657 2516 3783 2556 nam

2197 2600 2336 2655 inter
2362 2599 2462 2652 bos
2488 2613 2593 2664 quo
2623 2596 2855 2650 radicem
2888 2593 3087 2663 obliget
3116 2601 3164 2659 ε,
3199 2592 3437 2660 protinus
3468 2607 3572 2644 non
3606 2601 3785 2660 potest

2196 2690 2454 2757 reperire.
2482 2688 2697 2742 Nullum
2740 2685 2880 2741 enim
2913 2684 3074 2749 latet,
3101 2682 3241 2753 quod
3272 2680 3645 2737 Childebertus
3686 2699 3786 2739 rex

2198 2784 2358 2836 alium
2401 2789 2606 2850 patrem
2653 2779 2752 2833 nisi
2805 2787 3051 2846 patruum
3104 2790 3207 2830 non
3260 2775 3438 2830 habet.
3472 2777 3655 2845 Neque
3698 2777 3790 2831 ille

2200 2875 2364 2929 alium
2414 2874 2576 2927 filium
2638 2872 2739 2925 nisi
2792 2872 2933 2924 hunc
2983 2871 3180 2924 habere
3221 2869 3487 2938 disponit,
3532 2868 3688 2938 juxta
3737 2869 3789 2925 id

2200 2965 2341 3032 quod
2385 2979 2505 3021 eum
2553 2977 2693 3017 anno
2741 2964 2987 3032 praisenti
3036 2961 3332 3015 audivimus
3380 2963 3519 3031 loqui
3555 2959 3598 3014 τ.
3636 2962 3794 3017 Absit

2202 3074 2330 3130 ergo
2374 3067 2432 3113 ut
2481 3059 2617 3112 inter
2642 3072 2735 3112 eos
2767 3057 2911 3111 radix
2946 3056 3224 3110 discordia:
3254 3056 3551 3125 germinet,
3580 3070 3705 3109 cum
3734 3069 3794 3111 se

512 3173 639 3228 tatis
667 3172 720 3231 δ.
752 3179 807 3226 et
834 3170 885 3224 in
914 3173 1155 3224 oratione
1183 3164 1449 3231 assiduus,
1483 3164 1549 3217 tle
1578 3176 1683 3232 quo
1715 3160 1842 3213 mihi
1886 3160 2100 3228 Magnc-
2128 3146 2173 3208 C
2215 3154 2417 3223 pariter
2442 3160 2494 3204 (ιι
2522 3149 2658 3203 tueri
2688 3148 2950 3210 debeant,
2983 3158 3035 3202 et
3065 3162 3264 3201 amare.
3296 3146 3446 3200 Tunc
3485 3157 3673 3201 vocato
3700 3161 3795 3202 se-

514 3266 656 3320 ricus
700 3260 1055 3318 Treverensis
1101 3261 1388 3329 episcopus
1440 3256 1553 3309 haec
1597 3253 1794 3309 retulit.
1839 3254 1975 3306 Ante
2007 3251 2104 3305 hos

514 3370 683 3411 annos
710 3369 829 3409 cum
857 3353 920 3407 ad
956 3352 1291 3421 przesentiam
1335 3347 1665 3401 Childeberti
1714 3344 1853 3414 regis
1884 3343 1955 3397 ita
2004 3341 2105 3396 sub

516 3447 678 3501 ardua
723 3444 961 3499 custodia
1003 3424 1306 3504 duceretur,
1356 3448 1414 3492 ut
1457 3438 1881 3506 quandocunque
1921 3434 1986 3488 ad
2021 3448 2107 3485 ur-

517 3539 637 3594 bem
694 3538 930 3606 aliquam
985 3535 1253 3596 venisset,
1315 3546 1488 3598 neque
1538 3543 1881 3597 episcopum,
1937 3541 2108 3595 neque

519 3642 837 3699 quemquam
889 3626 955 3680 de
996 3624 1201 3679 civibus
1249 3622 1430 3673 videre
1482 3621 1900 3687 permitteretur,
1944 3617 2105 3670 adte-

520 3718 701 3772 niente
740 3715 1027 3779 Treveros,
1068 3711 1364 3764 nuntiatum
1407 3718 1489 3762 est
1526 3709 1802 3774 episc0po,
1834 3707 1973 3760 hunc
1997 3705 2107 3775 jam

522 3809 577 3863 in
626 3807 745 3861 navi
785 3806 1009 3873 positum
1055 3804 1189 3856 clam
1224 3801 1444 3866 abduci;
1489 3799 1830 3867 surrexitque
1859 3798 2111 3851 sacerdos

525 3900 714 3960 tristis,
745 3913 806 3950 ac
838 3896 1094 3949 velociter
1122 3902 1453 3961 pro-ecutos,
1480 3890 1683 3958 reperit
1703 3903 1821 3942 eum
1846 3888 1909 3941 ad
1941 3887 2107 3952 littus,

524 4003 883 4056 causatusque
904 4002 1023 4041 cum
1054 3983 1384 4048 custodibus,
1408 3997 1503 4036 cur
1528 3990 1670 4034 tanta
1700 3986 1842 4034 esset
1868 3978 2114 4047 impietas

526 4091 583 4137 ut
615 4097 720 4134 non
755 4082 936 4133 liceret
969 4077 1115 4130 fratri
1147 4074 1366 4129 fratrem
1396 4073 1641 4142 aspicere
1675 4090 1687 4125 :
1726 4072 1947 4141 visoque
1995 4080 2115 4125 tan.

525 4178 681 4238 dem,
709 4170 978 4225 osculatus
1020 4183 1139 4222 eum
1163 4207 1178 4231 ,
1212 4165 1491 4235 indulgens
1531 4164 1729 4233 aliquid
1770 4163 2111 4227 vestimenti,

527 4266 789 4323 discessit.
825 4261 1062 4316 Veniens
1108 4263 1285 4330 itaque
1315 4260 1381 4314 ad
1422 4259 1696 4313 basilicam
1728 4256 1896 4312 saneti
1949 4256 2113 4310 Maxi-

531 4358 656 4410 mini
692 4369 715 4395 ε
758 4354 1111 4424 prosternitur
1156 4355 1428 4423 sepulcro,
1473 4352 1602 4406 illud
1653 4350 1878 4420 apostoli
1933 4348 2113 4403 Jacobi

530 4449 767 4501 retinens
795 4464 806 4497 :
841 4444 995 4497 Orate
1019 4460 1112 4511 pro
1138 4445 1349 4497 invicem
1377 4452 1428 4495 ut
1456 4443 1719 4495 salvemini
1751 4440 1891 4510 (Jac.
1917 4457 1970 4505 v,
2007 4441 2111 4505 t6).

2209 3246 2411 3299 cretius
2457 3241 2634 3296 Felice
2673 3242 2869 3310 legato,
2902 3238 3279 3293 Cbildebertus
3309 3254 3402 3293 rex
3445 3237 3684 3307 rogavit,
3713 3237 3795 3290 di-

2207 3351 2335 3392 cens
2360 3352 2374 3391 :
2406 3335 2672 3401 Deprecor
2692 3332 2963 3384 dominum
2988 3340 3041 3384 et
3068 3339 3273 3398 patrem
3306 3343 3479 3382 meum
3497 3368 3512 3395 ,
3538 3337 3597 3382 ut
3623 3328 3795 3382 Theo-

2208 3429 2342 3483 doro
2371 3427 2623 3495 episcopo
2655 3424 2788 3479 nihil
2821 3422 3027 3491 injuria:
3058 3421 3252 3477 inferat
3280 3439 3291 3472 :
3325 3420 3462 3489 quod
3492 3422 3537 3474 si
3570 3420 3793 3483 fecerit,

2210 3520 2490 3576 confestim
2515 3519 2652 3573 inter
2676 3530 2772 3571 nos
2795 3515 3100 3569 scandalum
3124 3512 3463 3584 germinabit,
3488 3512 3800 3582 erimusque

2212 3612 2477 3666 discordia
2507 3607 2826 3678 impediente
2849 3607 3093 3676 disjuucti
3114 3647 3130 3674 ,
3159 3606 3247 3676 qui
3276 3605 3532 3660 debemus
3554 3620 3799 3659 amorem

2215 3707 2409 3759 tuendo
2436 3718 2554 3759 esse
2595 3702 2817 3773 pacifici.
2869 3702 3207 3771 Acceptoque
3248 3708 3303 3754 et
3349 3701 3418 3753 de
3460 3698 3576 3753 aliis
3619 3699 3801 3753 eansis

2211 3811 2495 3866 responso,
2526 3796 2734 3864 legatus
2760 3794 3008 3847 discessit
3037 3801 3088 3845 ε.

2288 3887 2424 3941 XIV.
2468 3886 2628 3939 Nobis
2676 3888 2854 3953 itaque
2892 3884 2944 3937 in
2990 3883 3256 3937 antedicto
3298 3891 3473 3935 ca5tro
3509 3895 3630 3933 cum
3675 3894 3803 3946 rege

2215 3979 2695 4040 commorantibus,
2736 3977 2860 4031 dum
2898 3976 2965 4030 ad
2999 3973 3299 4029 convivium
3340 3971 3596 4042 principis
3632 3984 3803 4039 usque

2215 4075 2439 4129 obscura
2489 4081 2648 4127 nocte
2688 4068 3065 4133 retineremur,
3108 4066 3268 4137 epulo
3308 4073 3522 4132 expleto
3564 4078 3805 4116 surren-

2218 4180 2359 4229 mus,
2390 4161 2769 4230 venientesque
2799 4160 2864 4215 ad
2898 4158 3143 4222 fluvium,
3174 4154 3492 4211 offendimus
3523 4168 3716 4205 navem
3751 4152 3804 4206 in

2219 4256 2398 4309 littore
2423 4294 2437 4317 ,
2468 4269 2586 4323 quae
2614 4252 2767 4306 nobis
2796 4251 2968 4305 fuerat
3001 4256 3328 4319 praeparata;
3360 4243 3807 4299 ascendentibus-

2218 4361 2322 4417 que
2349 4346 2501 4400 nobis
2532 4346 2684 4399 irruit
2704 4344 2853 4398 turba
2878 4343 3151 4396 hominum
3177 4341 3529 4402 diversorum,
3557 4339 3808 4407 impleta-

2219 4454 2325 4507 que
2351 4448 2433 4491 est
2462 4438 2612 4489 navis
2639 4448 2743 4489 tam
2778 4435 3081 4488 hominibus
3106 4448 3261 4502 quam
3288 4432 3438 4500 aquis
3465 4447 3480 4484 :
3507 4430 3599 4484 sed
3636 4431 3808 4483 virtus

534 4538 780 4604 Fusaque
811 4547 899 4587 diu
933 4538 1173 4588 oratione
1203 4550 1323 4589 cum
1373 4533 1644 4601 lacrymis,
1679 4540 1735 4584 ut
1774 4531 1992 4584 fratrem
2037 4530 2119 4583 di-
2149 4526 2196 4582 υ
2225 4531 2433 4585 Domini
2466 4530 2654 4591 adfuit,
2689 4544 2792 4581 non
2817 4529 2933 4582 sine
2963 4526 3149 4595 grandi
3179 4524 3456 4585 miraculo,
3484 4532 3539 4576 ut
3564 4537 3688 4575 cum
3715 4537 3808 4577 us-

532 4637 785 4696 gttaretur
818 4627 1077 4680 Dominus
1124 4627 1400 4696 adjuvare,
1434 4640 1682 4692 egressus
1726 4632 1811 4679 est
1858 4623 2021 4678 foras.
2060 4624 2122 4676 Et

534 4735 656 4775 ecce
688 4720 879 4774 mulier
917 4734 1073 4787 quam
1106 4720 1324 4786 spiritus
1351 4717 1554 4771 erroris
1586 4716 1854 4785 agitabat,
1889 4715 2123 4769 clamare

535 4811 798 4865 sacerdoti
854 4809 1050 4879 cmpit,
1104 4826 1168 4865 ac
1217 4809 1437 4863 dicere:
1470 4808 1513 4861 Ο
1545 4810 1772 4862 sceleste
1823 4815 1877 4859 ct
1919 4807 2122 4861 invete-

536 4914 649 4956 rate
678 4902 920 4966 dierum,
960 4903 1046 4971 qui
1082 4917 1176 4970 pro
1217 4901 1433 4955 inimico
1480 4910 1660 4952 nostro
1692 4898 1974 4953 Theodoro
2003 4915 2124 4952 ora-

518 4998 732 5053 .tiouetn
775 4996 951 5049 fundis
981 4996 1045 5049 ad
1078 4994 1383 5048 Dominum.
1418 4996 1551 5046 Ecce
1584 5008 1679 5046 nos
1707 4990 1943 5060 quotidie
1974 5007 2120 5061 qua:-

611 5157 637 5183 ἰ
672 5150 880 5216 tlegm.,
912 5149 1018 5201 dm:
1045 5151 1189 5220 quasi
1209 5168 1239 5201 a
1266 5159 1428 5216 parte.
1462 5148 1611 5205 Colb.
1645 5165 1740 5214 tn.,
1770 5148 1917 5202 duxit
1938 5148 2116 5217 quasi,

540 5218 675 5271 forte
704 5234 797 5279 pro
825 5223 951 5273 dux.

612 5289 636 5325 h
668 5287 873 5341 Colitur
904 5292 976 5341 uti
1010 5300 1226 5344 sanctus
1257 5292 1305 5342 in
1339 5290 1611 5347 Marlvrol.
1642 5290 1913 5345 Gallicano
1952 5288 2042 5344 die
2082 5286 2118 5340 2

538 5356 794 5414 Januarii.
833 5358 960 5412 Vide
988 5374 1144 5426 supra
1174 5362 1265 5412 lib.
1295 5376 1348 5413 vr
1369 5403 1383 5423 ,
1418 5350 1536 5427 ra'p.
1560 5361 1651 5414 24.
2030 5375 2032 5378 '

611 5441 635 5470 ο
677 5428 830 5483 Colb.
862 5446 934 5482 tn.
960 5440 1014 5481 et
1042 5431 1251 5496 Itegnr,
1286 5430 1520 5482 Martini.
1548 5434 1615 5481 At
1646 5431 1771 5483 licet
1796 5428 2032 5482 Treviris
2052 5428 2121 5482 sit

540 5513 750 5572 quoque
796 5500 1012 5553 basilica
1042 5501 1101 5554 S.
1148 5500 1385 5572 Martini,
1420 5500 1489 5572 ab
1520 5502 1633 5563 ipso
1662 5498 1964 5572 Magnerico
1989 5514 2119 5552 con-

539 5570 686 5631 dita,
720 5583 986 5638 "utiquam
1016 5578 1192 5621 tamen
1239 5570 1307 5621 ibi
1352 5570 1408 5624 S.
1442 5570 1648 5623 Martini
1695 5570 1995 5634 sepulcrum
2027 5585 2120 5621 ex-

542 5644 695 5697 stitit.
722 5640 781 5692 S.
811 5642 1122 5693 Maximinus
1150 5652 1277 5691 vero
1302 5640 1354 5694 in
1377 5641 1599 5703 ecclesia
1628 5638 1928 5692 suburbana
1957 5639 2122 5706 sepul-

543 5720 629 5792 tus
657 5722 736 5792 est
753 5726 913 5792 ._qu.'e
941 5711 1203 5792 hodieque
1235 5710 1399 5792 ipsius
1430 5725 1625 5792 nomen
1647 5708 1877 5792 retinet,
1906 5716 2116 5789 estque,

545 5782 682 5838 sicut
712 5780 1114 5839 etiam'basilica
1158 5780 1216 5835 S.
1247 5781 1458 5837 Martini
1478 5821 1493 5849 ,
1524 5780 1758 5838 celebris
1786 5780 1994 5835 abbatia
2029 5794 2117 5833 or-

2227 4637 2328 4692 que
2370 4622 2563 4675 Iabium
2606 4622 2819 4687 impleta
2853 4619 3077 4680 fuisset,
3122 4623 3285 4687 mergi
3318 4631 3423 4669 non
3455 4625 3657 4683 posset.
3698 4612 3812 4667 Ila-

2227 4714 2483 4769 bebatnus
2511 4712 2652 4767 enim
2680 4711 2953 4764 nobiscum
2984 4709 3125 4763 beati
3158 4709 3364 4761 Martini
3397 4706 3650 4773 reliquias
3681 4721 3809 4761 cum

2226 4808 2391 4877 386
2420 4805 2643 4858 aliorum
2669 4812 2999 4868 sanctorum,
3030 4818 3254 4871 quorum
3288 4802 3480 4854 virtute
3506 4814 3601 4852 nos
3627 4798 3813 4853 credi-

2228 4917 2344 4957 mus
2403 4900 2565 4953 fuisse
2614 4896 2863 4949 salvatus.
2910 4898 2976 4947 At
3019 4910 3144 4948 vero
3189 4908 3322 4947 nare
3369 4892 3430 4945 ad
3471 4891 3619 4944 littus
3669 4890 3818 4946 unde

2223 4995 2423 5063 egressi
2456 4993 2650 5045 fuimus
2688 4992 2982 5053 redeunte,
3024 4995 3275 5043 evacuata
3320 4987 3386 5039 ab
3422 4983 3729 5038 hominibus
3761 4994 3819 5039 et

2221 5146 2363 5201 diuis
2395 5143 2743 5198 Benedictini.

2300 5214 2326 5253 δ
2359 5214 2581 5269 Celebre
2611 5213 2770 5267 etiam
2817 5225 2959 5265 nunc
3002 5220 3057 5265 et
3098 5209 3392 5264 munitione
3416 5208 3816 5271 validissimum

2223 5288 2323 5340 sub
2375 5285 2592 5339 dimcesi
2647 5291 2702 5335 et
2750 5283 2954 5336 ditione
3004 5280 3387 5349 archiepiscopi
3440 5279 3818 5344 Trevirensis,

2222 5358 2381 5418 vulgo
2410 5354 2653 5410 Coblentz
2673 5353 2894 5407 dictum.

2298 5436 2320 5463 ο
2342 5428 2456 5483 Col.
2486 5436 2539 5477 et
2572 5425 2747 5492 Bigu.,
2771 5425 2856 5493 qui
2879 5422 3125 5477 radicem.
3154 5420 3267 5475 Col.
3297 5438 3371 5478 m.
3395 5422 3487 5493 alt.
3518 5434 3686 5483 mam,
3710 5434 3819 5489 quo

2223 5496 2372 5552 duos.
2399 5497 2610 5562 Regm.,
2641 5511 2765 5562 quos
2785 5492 2943 5546 radix
2967 5493 3229 5561 obligat...
3256 5492 3493 5562 reperiri.

2297 5566 2316 5604 τ
2360 5566 2493 5620 Vide
2519 5581 2676 5632 supra
2700 5579 2818 5630 cap.
2847 5563 2898 5626 4,
2932 5572 2985 5616 et
3017 5564 3109 5615 lib.
3140 5578 3230 5625 vu,
3261 5578 3379 5630 cap.
3411 5563 3503 5615 55.

2295 5646 2322 5685 s
2370 5640 2493 5691 Post
2525 5638 2639 5688 haec
2661 5634 2781 5687 Vat.
2810 5644 2863 5687 et
2888 5633 3040 5686 Cnlb.
3071 5633 3373 5697 a.,omissis
3393 5631 3818 5699 capitibusqua-

2226 5710 2541 5769 tuordecim,
2574 5714 2854 5759 transeunt
2896 5704 2962 5758 ad
2992 5713 3152 5772 caput
3179 5702 3271 5767 28,
3300 5703 3441 5773 quod
3473 5711 3553 5756 est
3577 5701 3648 5755 de
3674 5701 3789 5756 Her

2226 5777 2526 5848 meuegildo
2553 5786 2607 5832 et
2636 5775 2892 5846 lugunde.
