3966 6348
217 376 324 444 ιςη

1150 378 1464 445 HISTORIA
1506 388 1946 448 FRANCORUM.
1991 391 2191 448 LIBER
2231 393 2561 454 OCTAVUS.

3392 402 3499 458 ιεδ

215 514 247 553 a
278 499 513 568 lymphis
536 534 552 563 ,
584 495 922 566 repulsisque
946 498 1249 563 extraneis,
1281 503 1398 553 sine
1422 499 1807 568 impedimento
1838 511 1882 562 Α
1914 505 2046 568 tuit,
2070 517 2319 564 scateret.
2357 512 2430 565 Ex
2481 516 2582 567 hoc
2608 512 2735 567 mibi
2778 516 3018 572 miraculi
3056 518 3253 574 lumine
3289 521 3500 577 animus

214 588 587 644 transivimus.
641 585 698 643 In
727 588 964 643 crastino
1001 598 1180 643 autem
1220 588 1341 645 vale
1383 591 1495 659 regi
1543 591 1806 657 dicentes,

212 680 602 736 abscessimus.

290 772 410 826 XV.
451 771 679 826 Profecti
718 770 877 840 igitur
909 770 960 823 in
992 768 1219 835 itinere,
1256 769 1322 823 ad
1353 768 1609 837 Eposium
1636 776 1661 805 ει
1689 783 1808 823 cas-

213 876 360 920 trum
386 865 739 927 accessimus,
770 864 951 933 ibique
980 860 1049 917 ab
1070 862 1313 918 Uliilaico
1365 863 1590 916 diacono
1640 864 1804 929 nacti,

216 968 278 1013 et
328 958 394 1012 ad
436 958 819 1012 monasterium
851 955 968 1026 ejus
996 956 1245 1023 deducti,
1280 956 1661 1026 benignissime
1688 972 1809 1011 sus-

209 1051 357 1118 cepti
390 1063 595 1104 sumus.
652 1048 748 1103 Est
776 1062 920 1102 enim
950 1048 1049 1099 hoc
1081 1046 1467 1102 monasterium
1495 1048 1646 1116 quasi
1679 1047 1806 1101 mil-

211 1143 353 1197 libus
379 1154 497 1197 octo
536 1142 604 1197 ab
628 1142 896 1196 antedicto
939 1150 1149 1207 castro,
1201 1142 1253 1195 in
1296 1140 1492 1195 montis
1528 1142 1805 1197 cacumine

207 1234 449 1289 locatum
482 1250 497 1287 :
544 1233 598 1287 in
629 1248 736 1303 quo
764 1240 949 1287 monte
993 1247 1239 1301 magnam
1270 1233 1543 1289 bailicam
1574 1235 1806 1290 aedifica-

201 1327 323 1391 vit,
371 1341 529 1392 quam
563 1325 703 1379 beati
751 1322 964 1379 Martini
1005 1322 1089 1378 vel
1136 1325 1461 1394 reliquorum
1492 1318 1807 1381 sanctorum

201 1414 460 1488 reliquiis
486 1415 793 1471 illustravit.
841 1415 1251 1472 Commorantes
1272 1427 1456 1473 autem
1486 1418 1587 1483 ibi,
1622 1428 1805 1487 petere

201 1511 279 1562 ab
313 1524 379 1563 eo
401 1507 665 1575 cmpimus
683 1548 699 1571 ,
730 1516 790 1561 ut
819 1506 971 1563 nobis
990 1506 1166 1576 aliqua
1196 1508 1264 1563 de
1287 1511 1662 1566 conversionis
1688 1527 1801 1567 suae

202 1601 355 1655 bono
382 1608 651 1665 narraret,
681 1597 765 1652 veI
795 1598 1022 1664 qualiter
1045 1598 1111 1653 ad
1140 1597 1428 1654 clericatus
1447 1599 1683 1655 ofﬁciunt
1706 1602 1802 1656 ad-'

201 1691 447 1746 venisset
466 1731 482 1756 ,
510 1688 635 1759 quia
666 1695 783 1743 erat
810 1703 1007 1758 genere
1038 1686 1442 1759 Langobardos.
1476 1690 1582 1747 Sed
1613 1693 1802 1762 nequi-

201 1786 301 1841 bat
328 1798 618 1855 exponere,
646 1797 837 1839 vanam
869 1792 978 1839 tota
1008 1783 1308 1841 intentione
1329 1785 1555 1856 cupiens
1575 1788 1796 1857 gloriam

1914 598 2083 667 magis
2108 601 2352 656 accendit
2381 612 2545 657 totam
2568 617 2717 672 spem
2745 620 2916 661 meam
2947 608 2998 663 in
3030 610 3145 680 ejus
3169 613 3366 667 virtute
3393 612 3496 669 tle-

1913 685 2095 754 figere.
2127 688 2329 745 Deinde
2357 692 2681 749 territorium
2706 696 3008 754 Trevericas
3028 701 3173 755 urbis
3198 705 3416 773 cxpetii,
3438 714 3495 761 et

1911 776 1962 829 in
1989 792 2097 847 quo
2128 795 2268 835 nunc
2296 785 2426 838 estis
2454 794 2654 851 monte,
2684 786 3042 845 habitaculum
3069 792 3213 860 quod
3250 796 3490 862 cernitis,

1913 870 2129 939 proprio
2162 872 2344 927 labore
2380 879 2676 931 construxi.
2726 878 2919 947 Ileperi
2960 890 3136 937 tamen
3189 883 3271 937 bic
3316 885 3494 941 Dianae

1909 960 2279 1029 simulacrum,
2304 982 2374 1036 qu
2400 967 2443 1021 id
2470 972 2695 1037 populus
2721 970 2806 1025 hic
2831 972 3138 1028 incredulus
3157 976 3307 1044 quasi
3335 977 3491 1031 deum

1913 1054 2187 1109 adorabat.
2217 1055 2533 1112 Columnam
2556 1061 2716 1114 etiam
2744 1072 2928 1131 statm,
2951 1066 3000 1119 in
3028 1081 3129 1134 qua
3150 1081 3272 1121 cum
3304 1068 3489 1136 grandi

1907 1144 2143 1197 cruriatu
2167 1144 2285 1200 sine
2306 1147 2413 1200 ullo
2435 1149 2626 1216 pedum
2654 1152 2861 1205 stabam
2883 1156 3135 1224 tegmine.
3166 1155 3347 1225 Itaque
3369 1172 3489 1211 cum

1910 1232 2118 1303 hyemis
2148 1243 2358 1304 tempus
2387 1236 2590 1293 solite~d
2619 1243 2947 1306 advenisset,
2974 1245 3043 1297 ita
3071 1246 3249 1315 rigore
3272 1247 3484 1315 glaciali

1908 1327 2123 1393 urebar,
2155 1337 2213 1382 ut
2241 1344 2445 1399 ungues
2477 1332 2670 1399 pedum
2695 1348 2936 1389 meorum
2963 1337 3160 1403 saepius
3187 1338 3266 1391 vis
3296 1339 3489 1408 rigoris

1905 1426 2217 1484 excuteret,
2247 1426 2303 1473 et
2329 1419 2380 1473 in
2412 1418 2593 1476 barbis
2624 1423 2757 1477 meis
2786 1438 2922 1493 aqua
2951 1426 3069 1493 gelu
3098 1438 3335 1480 COIIIICXJ
3365 1441 3493 1480 can-

1904 1504 2148 1561 dt-larum
2194 1524 2344 1564 more
2378 1510 2729 1581 dependeret.
2776 1514 3019 1583 Magnam
3050 1515 3191 1569 enim
3240 1516 3488 1586 byemem

1905 1600 2053 1669 regio
2099 1599 2189 1652 illa
2242 1615 2483 1669 persazpe
2530 1600 2729 1657 dicitur
2756 1611 3045 1660 sustinere.
3083 1605 3187 1661 Sed
3228 1621 3351 1660 cum
3392 1621 3490 1660 nos

1903 1686 2135 1742 sollicite
2186 1687 2641 1759 interrogaremus
2670 1730 2687 1755 ,
2728 1693 2848 1761 quis
2898 1693 2947 1747 ei
2989 1693 3143 1748 cibus
3190 1705 3279 1749 aut
3330 1704 3489 1765 potus

1902 1787 2069 1844 esset,
2100 1778 2182 1832 vel
2211 1779 2442 1847 qualiter
2470 1782 2762 1841 simulacra
2794 1785 2993 1839 montis
3026 1785 3167 1841 illius
3197 1787 3488 1843 subvertis-

200 1881 432 1935 ev'tare.
455 1878 626 1945 Quem
647 1892 746 1947 ego
760 1876 1090 1933 terribilibus
1112 1879 1463 1935 sacramentis
1478 1880 1790 1950 coniuratis,

1901 1877 2003 1935 set,
2045 1871 2159 1925 ait:
2192 1870 2359 1926 Polus
2377 1911 2394 1937 ,
2423 1872 2681 1943 cibosque
2710 1890 2860 1930 meus
2880 1887 2998 1932 erat
3042 1892 3227 1947 parum
3262 1878 3410 1947 panis
3432 1891 3488 1935 et

201 1967 474 2040 pollicitus
504 1970 697 2038 primo,
730 1974 790 2023 ut
818 1967 947 2024 nulli
973 1984 1093 2039 qua:
1117 1969 1386 2026 referebat
1406 1972 1794 2040 expenderent,

202 2072 401 2129 rogare
428 2058 595 2127 carpi,
620 2062 683 2111 ut
708 2055 838 2112 nihil
869 2056 998 2111 mihi
1041 2057 1109 2112 de
1136 2056 1220 2113 bis
1248 2073 1366 2127 qua:
1399 2058 1795 2132 interrogabam

199 2149 492 2203 occuleret.
520 2147 765 2218 Cumque
807 2146 1108 2204 diutissime
1148 2148 1443 2205 reluctatus
1474 2149 1687 2217 fuisset,
1717 2154 1798 2206 vi-

199 2248 323 2292 ctus
377 2234 593 2291 tandem
649 2246 756 2291 tam
810 2237 1055 2305 precibus
1110 2250 1270 2305 quam
1326 2238 1796 2296 obsecrationibus

199 2330 361 2394 meis,
397 2328 513 2382 haec
541 2327 731 2383 enatus
772 2336 872 2382 est.
906 2327 1038 2382 Dum
1069 2342 1267 2394 essem,
1292 2329 1481 2399 inquit,
1514 2345 1646 2400 puer
1675 2346 1794 2402 par-

201 2420 398 2483 vulus,
429 2419 613 2474 audito
641 2419 783 2475 beati
809 2418 1018 2474 Martini
1061 2422 1279 2476 nomine
1302 2461 1318 2486 ,
1351 2423 1596 2477 nesciens
1621 2424 1794 2481 adhuc

200 2518 382 2563 utrum
427 2519 629 2580 martyr
675 2524 742 2565 an
782 2509 1060 2566 confessor
1098 2518 1264 2578 esset,
1296 2512 1376 2566 vel
1419 2513 1547 2581 quid
1578 2513 1702 2569 boni
1737 2517 1790 2571 in

200 2602 407 2657 mundo
438 2604 694 2671 gessisset
719 2642 734 2666 ,
766 2601 849 2657 vel
880 2617 999 2672 qum
1026 2586 1177 2671 regio
1204 2601 1394 2657 beatos
1416 2610 1563 2658 artus
1586 2608 1792 2661 tumulo

200 2697 487 2747 meruisset
502 2692 767 2763 accipere,
788 2691 899 2763 jam
922 2694 973 2746 in
996 2691 1112 2763 ejus
1135 2694 1391 2748 honorem
1419 2694 1628 2764 vigilias
1650 2694 1795 2754 celeé

201 2789 456 2851 brabatn,
482 2801 565 2851 ac,
599 2780 645 2841 si
676 2786 873 2849 aliquid
902 2788 1036 2840 inter
1058 2801 1241 2839 manus
1272 2786 1605 2842 numismatis
1633 2789 1794 2844 adve-

1905 1960 2069 2015 oleris
2092 1998 2109 2027 ,
2139 1974 2203 2015 ac
2234 1961 2502 2017 modicum
2536 1979 2711 2035 aqua.
2745 1964 2936 2021 Verum
2971 1967 3061 2023 ubi
3088 1968 3154 2022 ad
3187 1985 3274 2025 me
3306 1970 3487 2025 multi-

1902 2049 2031 2104 tudo
2072 2050 2373 2106 vicinarum
2406 2053 2648 2108 villarum
2680 2055 2953 2111 confluere
2999 2057 3192 2127 cmpit,
3227 2059 3483 2128 praedica-

1901 2137 2022 2193 bam
2048 2139 2248 2209 jngiter
2276 2141 2409 2195 nihil
2437 2157 2561 2198 esse
2591 2143 2842 2212 Dianam,
2888 2146 3021 2201 nihil
3048 2148 3359 2214 simulacra,
3396 2150 3482 2205 ni-

1900 2231 2084 2301 hilque
2123 2246 2246 2302 quae
2274 2234 2353 2288 eis
2383 2233 2663 2289 videbatur
2708 2240 2946 2291 exerceri
2984 2238 3225 2306 cultura;
3270 2241 3484 2312 indigna

1895 2321 2056 2376 etiam
2082 2336 2203 2378 esse
2233 2323 2347 2391 ipsa
2373 2363 2388 2390 ,
2418 2338 2537 2393 qua:
2578 2324 2720 2381 inter
2756 2328 2945 2395 pocula
2968 2328 3324 2399 luxuriasque
3354 2348 3482 2401 pro-

1897 2414 2031 2467 Iluas
2060 2414 2265 2469 cantica
2299 2415 2648 2485 proferebant
2696 2435 2708 2469 :
2754 2416 2848 2473 sed
2880 2421 3058 2487 potius
3092 2421 3202 2477 Deo
3238 2424 3483 2491 omnipo-

1897 2505 2050 2574 tenti,
2075 2505 2164 2575 qui
2205 2507 2401 2561 coelum
2434 2506 2559 2562 fecit
2583 2522 2646 2561 ac
2675 2518 2895 2574 tetram,
2925 2509 3145 2582 dignum
3176 2514 3244 2566 sit
3274 2515 3481 2569 sacrili-

1893 2596 2035 2651 cium
2052 2597 2219 2652 laudis
2233 2599 2561 2666 impendere.
2589 2600 2817 2655 Orabam
2827 2602 2991 2657 etiam
3007 2604 3224 2673 sepius,
3243 2615 3298 2658 ut
3317 2607 3481 2661 simu-

1895 2688 2040 2742 lacro
2070 2688 2321 2744 Dominus
2347 2690 2525 2744 diruto
2547 2691 2856 2762 dignaretur
2897 2695 3146 2763 populum
3176 2696 3243 2749 ab
3273 2701 3374 2751 hoc
3396 2713 3481 2753 er-

1897 2793 2021 2835 rore
2048 2782 2341 2837 discutere.
2374 2782 2550 2837 Flexit
2596 2783 2808 2838 Domini
2839 2785 3204 2843 misericordia
3245 2797 3481 2844 mentem

1898 2878 2174 2941 rusticam,
2222 2885 2280 2930 ut
2325 2875 2610 2930 inclinaret
2658 2890 2841 2932 aurem
2881 2891 3031 2931 suam
3065 2878 3116 2933 in
3158 2882 3318 2936 verba
3368 2882 3480 2937 oris

1899 2968 2043 3034 mei,
2106 2978 2166 3023 ut
2224 2968 2429 3023 scilicet
2490 2968 2694 3024 relictis
2746 2969 2904 3025 idolis
2959 2971 3243 3027 Dominum
3290 2990 3479 3045 seque-

204 2882 399 2941 nisset,
424 2883 796 2949 eleemosynas
817 2877 1097 2932 faciebam.
1118 2876 1339 2947 Jamque
1360 2877 1411 2932 in
1435 2877 1793 2947 majoriwtate

209 2973 537 3044 proficiens,
578 2973 785 3027 litteras
809 2971 1017 3025 discere
1041 2969 1217 3024 studui
1261 2986 1275 3021 :
1319 2986 1383 3025 ex
1414 2971 1610 3040 quibus
1640 2972 1788 3040 prius

207 3067 455 3121 scribere
477 3066 650 3133 potui,
680 3079 839 3134 quam
871 3064 1110 3118 ordinem
1143 3065 1461 3132 scriptarum
1491 3066 1791 3121 Ιίιιθτωιηι
1896 3072 2063 3118 retur.
2105 3061 2255 3116 Tune
2293 3061 2599 3116 convocatis
2650 3060 2966 3130 qu'husdam
3018 3078 3083 3119 ex
3132 3066 3211 3119 eis
3236 3106 3255 3130 ,
3310 3068 3480 3121 sintu—

195 3160 419 3211 sciretn.
455 3156 653 3210 Deinde
687 3156 882 3211 Aredio
913 3155 1090 3209 abbati
1120 3155 1442 3225 conjunclus
1463 3196 1478 3221 ,
1512 3158 1579 3209 ab
1617 3172 1790 3228 eoque
1899 3157 2099 3209 lacrnm
2132 3155 2232 3209 hoc
2258 3155 2599 3218 immensum,
2629 3154 2769 3224 quod
2801 3154 3006 3209 elidere
3038 3156 3251 3225 propria
3277 3158 3478 3215 virtute

195 3252 461 3315 edoctus,
489 3249 634 3305 beati
667 3248 880 3304 Martini
921 3248 1196 3302 basilicam
1224 3248 1354 3303 adii.
1396 3248 1794 3320 Revertensque
1818 3232 1866 3302 (ἶ
1898 3262 2005 3301 non
2037 3257 2273 3315 poteram
2297 3285 2313 3310 ,
2347 3259 2467 3300 cum
2508 3258 2693 3298 eorum
2736 3243 3003 3312 adjutorio
3034 3255 3215 3314 postea
3248 3251 3414 3301 merui
3452 3258 3477 3286 '

194 3356 326 3395 cum
362 3355 441 3405 eo,
472 3341 557 3395 ille
585 3355 872 3410 parumper
901 3339 1131 3409 pulveris
1156 3339 1295 3394 beati
1317 3341 1549 3409 sepulcri
1583 3357 1677 3411 pro
1700 3343 1791 3399 be-
1899 3348 2130 3393 eruere:
2156 3336 2266 3405 jam
2293 3336 2436 3390 enim
2468 3334 2671 3404 reliqua
2701 3333 2998 3405 sigillorum
3034 3334 3053 3371 ί
3087 3351 3207 3404 quae
3244 3336 3477 3396 faciliora

197 3432 507 3486 ncdictione
544 3430 781 3487 sustulit.
826 3434 995 3498 Quem
1036 3431 1087 3485 in
1119 3432 1333 3499 capsula
1370 3431 1601 3501 positum
1634 3433 1681 3498 δ,
1724 3435 1795 3490 ad
1898 3430 2131 3496 fuerant,
2181 3428 2295 3497 ipse
2350 3423 2743 3496 confregeram.
2790 3425 3246 3483 Convenientibus
3294 3439 3476 3486 autem

198 3524 405 3579 collum
434 3524 593 3595 387
623 3539 797 3580 meum
842 3524 1096 3595 dependit
1125 3542 1137 3577 :
1168 3524 1483 3598 devectique
1512 3529 1578 3583 ad
1604 3545 1791 3585 monaa
1900 3523 2081 3578 multis
2111 3519 2177 3574 ad
2210 3520 2347 3573 hanc
2377 3517 2559 3572 Dianae
2585 3517 2751 3588 388
2772 3524 3025 3581 statuam,
3059 3519 3239 3575 missis
3262 3519 3478 3577 funibus

193 3620 427 3675 s'eriun‘
463 3630 485 3658 e
514 3619 630 3689 eius
662 3618 1000 3673 ιεπιονίοίιιο
1043 3618 1094 3673 in
1126 3619 1373 3685 ιοτωῑηο,
1423 3632 1636 3691 πτερω
1668 3637 1792 3693 cap.
1901 3614 2115 3669 trahere
2148 3618 2434 3679 coeperunt
2479 3624 2493 3663 :
2543 3610 2637 3664 sed
2669 3608 2801 3663 nihil
2835 3608 2985 3665 labor
3006 3626 3191 3666 eorum
3223 3614 3479 3681 prolicere

194 3714 336 3771 suta,
365 3720 423 3764 ut
443 3724 561 3764 eam
585 3710 636 3764 in
664 3710 898 3764 oratorio
920 3724 1017 3763 suo
1044 3710 1265 3779 locaret,
1299 3712 1350 3765 in
1380 3721 1583 3766 tantum
1613 3715 1791 3785 pulvis
1901 3714 2127 3776 poterat.
2158 3704 2310 3760 Tunc
2333 3718 2434 3774 ego
2456 3702 2523 3757 ad
2554 3702 2828 3758 basilicam
2860 3717 3113 3773 propero,
3149 3715 3479 3775 prostratus-

193 3801 461 3867 accrevit,
487 3808 543 3854 ut
569 3815 669 3854 non
692 3800 864 3856 solum
890 3808 1055 3855 totam
1080 3815 1295 3869 capsam
1320 3802 1573 3869 repleret,
1598 3818 1781 3860 verum
1888 3813 1994 3865 que
2034 3797 2182 3861 solo,
2216 3795 2449 3849 divinam
2482 3794 2904 3849 misericordiam
2932 3810 3054 3850 cum
3093 3798 3345 3869 lacrytnis
3382 3800 3478 3854 Ila.

192 3891 365 3947 etiam
388 3890 517 3948 foris
547 3894 685 3947 inter
711 3890 994 3961 iuncturas
1016 3930 1035 3959 ,
1059 3891 1148 3945 ubi
1177 3890 1381 3947 aditum
1412 3894 1650 3961 reperire
1682 3910 1782 3964 ρο·
1887 3876 2145 3964 gitabam,
2178 3901 2237 3947 ut
2267 3890 2393 3961 quia
2434 3890 2486 3944 id
2530 3889 2760 3944 humana
2790 3890 3051 3947 industria
3093 3906 3339 3949 evertere
3367 3909 3478 3950 non

272 4034 301 4062 ι
325 4025 441 4098 ΑᾼΙὶἰ
467 4064 483 4088 ,
512 4022 780 4098 Epasnm;
812 4023 1078 4098 Antonino
1098 4065 1112 4088 ,
1141 4024 1421 4098 Epo_isum_,
1452 4041 1590 4098 nunc
1624 4027 1783 4096 vulgo
1889 4031 2080 4098 ipsam,
2113 4041 2232 4097 quas
2262 4026 2451 4098 probat
2480 4025 2663 4098 Dianae
2693 4026 2891 4098 cultum
2930 4026 2983 4082 in
3019 4027 3305 4084 Arduenna
3336 4031 3470 4085 silva

202 4095 452 4150 Ivodiutn
476 4136 491 4160 ,
523 4095 775 4165 oppidum
803 4094 1018 4149 ditionis
1043 4094 1479 4165 Lttxemburgicze
1510 4097 1561 4150 in
1587 4094 1781 4155 linibits

191 4164 573 4235 Trevirorum,
618 4164 685 4218 ad
738 4165 967 4235 Cltarern
1007 4180 1102 4219 seu
1146 4164 1438 4219 Cberreum
1478 4167 1778 4235 ﬂuviolum,

193 4236 396 4290 nostris
430 4233 588 4301 Inois,
619 4236 897 4304 Germanis
920 4234 1075 4304 ἡ)κή
1093 4274 1109 4299 ,
1131 4235 1273 4303 quod
1303 4235 1371 4290 ab
1399 4236 1601 4303 aliquot
1622 4233 1778 4291 annis

192 4306 547 4361 Carinianum
595 4303 1139 4375 etiamnictm'gnan,
1179 4306 1434 4375 appellari
1474 4307 1775 4375 voluerunt.

190 4377 579 4431 Ilotiastrrium
605 4383 781 4430 autem
806 4374 863 4430 S.
899 4374 1110 4431 Martini
1136 4420 1150 4443 ,
1194 4374 1335 4446 quod
1368 4375 1455 4431 hic
1483 4374 1774 4446 Gregorius

192 4446 420 4509 laudat,
468 4445 521 4499 in
553 4458 733 4500 ntmtte
762 4447 936 4501 vicino
956 4447 1081 4499 olim
1121 4445 1312 4511 situm,
1344 4447 1501 4515 plane
1539 4445 1769 4502 dirutum

189 4528 307 4605 est,
330 4532 361 4569 e
388 4531 515 4585 quo,
541 4516 618 4595 uti
648 4526 830 4605 narrat
857 4517 1137 4605 BLovferus
1162 4517 1212 4569 in
1238 4518 1530 4605 Annalibus
1561 4517 1768 4605 Trevir.
1807 4545 1859 4605 υ

192 4587 295 4639 lib.
324 4601 378 4638 χο
404 4599 549 4656 anno
567 4586 705 4656 rcirc.
728 4586 858 4641 979.
898 4586 1158 4655 Egbertus
1185 4588 1617 4656 archiepiscopus
1637 4587 1772 4643 Tre-

191 4660 301 4711 vir.
352 4656 410 4709 Β.
445 4655 701 4726 anlilaici
750 4671 870 4709 ossa
903 4656 954 4709 in
1003 4657 1254 4726 oppidum
1302 4660 1590 4712 transtulit.
1636 4659 1777 4715 Idem

187 4736 416 4780 sanctus
443 4726 495 4778 in
530 4725 699 4797 Fastis
725 4725 1087 4797 Benedictinis'
1115 4726 1214 4782 sub
1242 4727 1304 4783 S.
1339 4727 1530 4797 Vulplu'
1556 4732 1779 4782 conversi

188 4797 415 4850 nomine
443 4796 737 4866 rolitdrsn
774 4795 890 4849 Kal.
924 4796 1259 4864 Novembris,
1299 4795 1471 4852 diviso
1497 4814 1775 4866 perperam

186 4867 245 4921 in
270 4866 410 4919 duas
440 4876 620 4930 partes
654 4865 969 4931 anphilaici
1002 4869 1245 4931 nomine,
1278 4879 1336 4921 ut
1364 4865 1527 4922 laicus
1548 4865 1777 4929 dicatur.

185 4953 320 4992 cum
451 4951 516 4990 ex
540 4937 642 4990 hoc
671 4936 909 5007 Gregorii
932 4938 1047 4992 loco
1066 4949 1271 4994 certum
1301 4938 1370 4993 sit
1398 4939 1571 5003 ipsum
1594 4940 1779 4994 diaco-

185 5023 326 5059 num
380 5021 539 5059 uisse.

184 5023 326 5059 num
358 5021 539 5059 Ιιιιεερ.

260 5099 292 5137 b
336 5098 451 5150 Col.
498 5113 571 5150 In.
613 5107 666 5152 et
712 5097 858 5161 Bec.,
912 5099 1047 5167 quod
1090 5100 1142 5152 in
1178 5102 1388 5166 capsula
1427 5100 1778 5165 depositum...

180 5169 431 5222 dependi.

249 5188 723 5291 geﬁtittasterinm
752 5238 1058 5294 Athanense
1083 5280 1096 5302 ,
1124 5238 1263 5308 quod
1292 5239 1451 5294 hodie
1489 5240 1785 5297 conditoris

177 5314 266 5367 sui
300 5309 481 5363 sancti
510 5308 680 5361 Aridii
713 5309 927 5363 nomine
956 5311 1258 5378 insignitur.

252 5379 285 5417 ει
331 5380 422 5431 Sic
440 5379 597 5431 CoIb.
622 5395 692 5432 m.
725 5390 777 5431 et
809 5380 956 5435 Dec"
983 5381 1034 5435 id
1061 5390 1143 5434 est
1166 5381 1338 5444 solito,
1364 5392 1421 5435 ut
1438 5379 1597 5436 habet
1623 5380 1779 5448 Iiad.;

175 5449 399 5512 exteri,
431 5450 528 5501 soli
549 5462 620 5520 re,
646 5449 939 5503 referentes
964 5450 1031 5504 ad
1065 5466 1250 5505 vocem
1279 5452 1496 5520 hyemis.

250 5532 282 5561 ο
326 5520 421 5574 Sic
454 5518 609 5583 Bad.;
639 5524 843 5583 caeteri,
876 5537 1076 5584 possent
1103 5537 1296 5575 eruere.

254 5594 276 5630 τ
331 5591 391 5644 Id
421 5598 508 5644 est
533 5589 641 5661 alia
675 5590 824 5661 signa
850 5633 863 5653 ,
916 5606 1010 5659 seu
1054 5594 1360 5646 simulacra.
1391 5593 1507 5648 Jam
1540 5602 1784 5661 tempore

172 5661 482 5720 Domitiani
534 5660 665 5726 imp.
707 5659 937 5715 celebris
989 5674 1103 5715 erat
1141 5662 1321 5716 Dianai
1365 5664 1541 5719 cultus
1600 5659 1667 5716 in_
1699 5663 1782 5719 bis

170 5733 454 5805 partibus,
485 5729 553 5782 ita
582 5740 638 5782 ut
668 5728 833 5783 Diana
856 5732 1147 5795 Arduinna,
1171 5748 1236 5787 ex
1255 5732 1403 5805 silva
1432 5733 1661 5789 celebris
1690 5748 1785 5805 n07

169 5802 367 5867 inisse,
404 5803 697 5872 diceretur,
721 5811 785 5872 ut
813 5812 954 5868 patet
976 5818 1042 5856 ex
1069 5804 1237 5857 veteri
1268 5804 1616 5872 inscriptione
1638 5802 1782 5870 apud

169 5879 507 5934 Broucrunt
541 5870 594 5923 in
621 5871 868 5938 antiquit.
897 5872 1330 5957 'l‘revireusibus.
1373 5870 1781 5945 Inscriptiouetu

481 5962 751 6026 PATROL.
804 5960 906 6020 LX
924 5961 1032 6023 XI.

1886 4095 2053 4157 fuisse
2077 4095 2366 4162 celebrem,
2398 4096 2501 4150 huc
2528 4096 2765 4164 proferre
2789 4095 2955 4151 visum
2987 4107 3090 4153 est.

2096 4268 2161 4336 ρ.
2219 4264 2505 4323 οΑεδιγδ.
2569 4266 2637 4334 ρ.
2698 4266 2935 4323 FILIVS.
3000 4266 3250 4329 CLAVD.

2276 4344 2659 4401 ATILIANVS.
2722 4346 3087 4404 SACERDUS

2343 4424 2595 4479 DIANAS.
2638 4424 3012 4481 ARDVINNIE

2084 4505 2303 4560 FECIT.
2371 4504 2521 4563 SIBI.
2592 4504 2701 4558 ET.
2758 4504 2933 4561 SVIS.
2999 4506 3249 4564 IIERED.

2120 4587 2207 4642 IN.
2250 4586 2360 4642 FB.
2407 4587 2465 4641 Ρ.
2509 4585 2622 4639 XII.
2664 4585 2754 4639 IN.
2794 4586 2955 4641 AGli.
3000 4587 3058 4641 P.
3102 4588 3217 4643 XV.

2349 4665 2456 4722 IIII.
2514 4666 2694 4723 IDVS.
2759 4666 3003 4720 OC'I‘UB.

2108 4746 2242 4802 IMP.
2283 4746 2458 4803 CASS.
2508 4746 2613 4801 FL.
2662 4746 3056 4801 DOMITIANO.
3102 4748 3230 4803 VIII.

2030 4826 2139 4881 ET.
2199 4828 2259 4882 C.
2325 4826 2641 4880 VALERIO.
2704 4826 3114 4881 MESSALINO.
3175 4828 3323 4885 COS.

1888 4919 1963 4974 Et
1999 4921 2188 4973 eodem
2224 4919 2476 4972 Brovvero
2522 4919 2778 4974 discimus
2812 4917 2944 4970 infra
2978 4932 3166 4971 nemus
3193 4960 3207 4981 ,
3238 4920 3378 4987 quod
3413 4938 3463 4977 ιη

1886 4991 2069 5044 eadem
2100 4990 2320 5057 regione
2353 4989 2579 5043 habetur
2608 5003 2773 5058 prope
2805 4988 3183 5058 Enternacnm,
3207 4991 3461 5058 oppidani

1884 5061 1957 5113 ob
2004 5060 2384 5113 monasterium
2435 5058 2565 5114 0rd.
2613 5057 2946 5113 Benedictini
2998 5057 3255 5128 insigne,
3283 5060 3464 5116 haberi

1886 5139 2037 5200 vrtus
2070 5130 2256 5183 Diana:
2291 5138 2689 5183 monumentum
2716 5168 2731 5191 ,
2774 5129 2921 5200 vario
2952 5129 3094 5183 cultu
3128 5131 3179 5183 in
3225 5147 3356 5200 rupe
3381 5148 3469 5187 Stl-

1888 5198 1989 5252 lida
2021 5200 2311 5268 sculptum,
2360 5200 2455 5253 sed
2500 5213 2634 5267 pene
2684 5199 2944 5263 attritum,
2976 5214 3097 5255 cum
3147 5200 3243 5256 hac
3275 5198 3468 5258 instri-

1887 5280 2068 5339 pnone
2101 5285 2116 5322 :

2462 5336 2642 5392 DEE.
2699 5337 2928 5393 DIANAS

2238 5418 2305 5486 ρ.
2360 5417 2572 5475 POSTH
2585 5419 2786 5477 γυνθ.
2844 5420 3114 5479 POTENS

2599 5501 2666 5557 V.
2718 5501 2776 5557 S.

1956 5590 2036 5644 Au
2064 5590 2188 5653 inde
2221 5591 2381 5646 Diana
2416 5591 2705 5648 Ardoinnm
2754 5608 2946 5648 nomen
2988 5593 3275 5648 habuerit?
3315 5605 3464 5647 certe

1885 5660 2026 5729 apud
2083 5660 2391 5732 Gruterum,
2437 5678 2556 5732 cap.
2601 5662 2707 5727 49,’
2738 5675 2891 5718 vetus
2939 5664 3161 5732 habetur
3187 5663 3463 5732 inscriptio

1884 5732 2118 5799 quinque
2147 5731 2250 5787 diis
2271 5747 2421 5787 sacra
2440 5752 2454 5788 :
2476 5731 2794 5799 Ardoinnae,
2821 5735 3062 5795 Camulo,
3083 5731 3218 5793 Jovi,
3252 5733 3464 5789 Mercu-

1887 5802 1991 5873 rio,
2025 5800 2256 5873 lIerculi.
2303 5804 2432 5869 Quae
2482 5818 2609 5858 vero
2660 5804 2966 5861 inscribitur
3005 5802 3293 5873 Ardoinna,
3358 5808 3462 5861 sub

1889 5870 2068 5927 Diana:
2098 5872 2274 5942 specie
2305 5882 2735 5943 reprtcsetitatur.
3046 5932 3119 5993 15
