  <div class='ocr_page' id='page_1' title='image "/cluster/home/n/w/nwhite01/storage/ocr_20150623/71/hvd.32044054758743/237.png"; bbox 0 0 3966 6348; ppageno 0'>
   <div class='ocr_carea' id='block_1_1' title="bbox 529 327 636 404">
    <p class='ocr_par' dir='ltr' id='par_1_1' title="bbox 529 327 636 404">
     <span class='ocr_line' id='line_1_1' title="bbox 529 327 636 404; baseline -0.019 -1"><span class='ocrx_word' id='word_1_1' title='bbox 529 327 636 404; x_wconf 63' lang='grc' dir='ltr'><strong>λῦε)</strong></span> 
     </span>
    </p>
   </div>
   <div class='ocr_carea' id='block_1_2' title="bbox 1527 335 2772 396">
    <p class='ocr_par' dir='ltr' id='par_1_2' title="bbox 1527 335 2772 396">
     <span class='ocr_line' id='line_1_2' title="bbox 1527 335 2772 396; baseline -0.002 -1"><span class='ocrx_word' id='word_1_2' title='bbox 1527 340 1583 396; x_wconf 88' lang='lat' dir='ltr'><strong>S.</strong></span> <span class='ocrx_word' id='word_1_3' title='bbox 1625 337 1955 394; x_wconf 78' lang='lat' dir='ltr'><strong>GREGORII</strong></span> <span class='ocrx_word' id='word_1_4' title='bbox 1997 335 2298 392; x_wconf 77' lang='lat' dir='ltr'><strong>EPISCOI’I</strong></span> <span class='ocrx_word' id='word_1_5' title='bbox 2341 337 2772 394; x_wconf 80' lang='lat' dir='ltr'><strong>TURONENSIS</strong></span> 
     </span>
    </p>
   </div>
   <div class='ocr_carea' id='block_1_3' title="bbox 3683 345 3793 398">
    <p class='ocr_par' dir='ltr' id='par_1_3' title="bbox 3683 345 3793 398">
     <span class='ocr_line' id='line_1_3' title="bbox 3683 345 3793 398; baseline 0 -2"><span class='ocrx_word' id='word_1_6' title='bbox 3683 345 3793 398; x_wconf 69' lang='grc' dir='ltr'><strong>ιω</strong></span> 
     </span>
    </p>
   </div>
   <div class='ocr_carea' id='block_1_4' title="bbox 527 451 3791 529">
    <p class='ocr_par' dir='ltr' id='par_1_4' title="bbox 527 451 3791 529">
     <span class='ocr_line' id='line_1_4' title="bbox 527 451 3791 529; baseline -0.002 -8"><span class='ocrx_word' id='word_1_7' title='bbox 527 467 754 529; x_wconf 81' lang='lat' dir='ltr'><strong>valebat,</strong></span> <span class='ocrx_word' id='word_1_8' title='bbox 787 462 954 515; x_wconf 90' lang='lat' dir='ltr'><strong>virtus</strong></span> <span class='ocrx_word' id='word_1_9' title='bbox 984 457 1112 513; x_wconf 91' lang='lat' dir='ltr'><strong>illud</strong></span> <span class='ocrx_word' id='word_1_10' title='bbox 1142 457 1317 512; x_wconf 89' lang='lat' dir='ltr'><strong>divina</strong></span> <span class='ocrx_word' id='word_1_11' title='bbox 1361 457 1680 511; x_wconf 91' lang='lat' dir='ltr'><strong>destrueret.</strong></span> <span class='ocrx_word' id='word_1_12' title='bbox 1726 454 2093 523; x_wconf 81' lang='lat' dir='ltr'><strong>Egressusque</strong></span> <span class='ocrx_word' id='word_1_13' title='bbox 2121 456 2173 512; x_wconf 77' lang='grc' dir='ltr'><strong>Α</strong></span> <span class='ocrx_word' id='word_1_14' title='bbox 2209 467 2330 508; x_wconf 85' lang='lat' dir='ltr'><strong>cum</strong></span> <span class='ocrx_word' id='word_1_15' title='bbox 2363 455 2647 524; x_wconf 77' lang='lat' dir='ltr'><strong>aliquando</strong></span> <span class='ocrx_word' id='word_1_16' title='bbox 2692 470 2721 508; x_wconf 88' lang='lat' dir='ltr'><strong>a</strong></span> <span class='ocrx_word' id='word_1_17' title='bbox 2744 453 3062 524; x_wconf 87' lang='lat' dir='ltr'><strong>quibusdam</strong></span> <span class='ocrx_word' id='word_1_18' title='bbox 3092 467 3192 522; x_wconf 86' lang='lat' dir='ltr'><strong>pro</strong></span> <span class='ocrx_word' id='word_1_19' title='bbox 3245 451 3387 511; x_wconf 83' lang='lat' dir='ltr'><strong>I&#39;urto</strong></span> <span class='ocrx_word' id='word_1_20' title='bbox 3432 469 3791 529; x_wconf 73' lang='lat' dir='ltr'><strong>argueretur,</strong></span> 
     </span>
    </p>
   </div>
   <div class='ocr_carea' id='block_1_5' title="bbox 525 545 2099 628">
    <p class='ocr_par' dir='ltr' id='par_1_5' title="bbox 525 545 2099 628">
     <span class='ocr_line' id='line_1_5' title="bbox 525 545 2099 628; baseline -0.007 -16"><span class='ocrx_word' id='word_1_21' title='bbox 525 567 646 628; x_wconf 86' lang='lat' dir='ltr'><strong>post</strong></span> <span class='ocrx_word' id='word_1_22' title='bbox 673 556 989 618; x_wconf 83' lang='lat' dir='ltr'><strong>orationem,</strong></span> <span class='ocrx_word' id='word_1_23' title='bbox 1022 553 1087 604; x_wconf 86' lang='lat' dir='ltr'><strong>ad</strong></span> <span class='ocrx_word' id='word_1_24' title='bbox 1119 549 1393 618; x_wconf 81' lang='lat' dir='ltr'><strong>operarios</strong></span> <span class='ocrx_word' id='word_1_25' title='bbox 1415 547 1572 612; x_wconf 83' lang='lat' dir='ltr'><strong>veni,</strong></span> <span class='ocrx_word' id='word_1_26' title='bbox 1601 545 2099 614; x_wconf 87' lang='lat' dir='ltr'><strong>apprehensumque</strong></span> 
     </span>
    </p>
   </div>
   <div class='ocr_carea' id='block_1_6' title="bbox 524 635 2100 713">
    <p class='ocr_par' dir='ltr' id='par_1_6' title="bbox 524 635 2100 713">
     <span class='ocr_line' id='line_1_6' title="bbox 524 635 2100 713; baseline -0.009 -11"><span class='ocrx_word' id='word_1_27' title='bbox 524 649 726 711; x_wconf 80' lang='lat' dir='ltr'><strong>funem,</strong></span> <span class='ocrx_word' id='word_1_28' title='bbox 748 655 803 698; x_wconf 92' lang='lat' dir='ltr'><strong>ut</strong></span> <span class='ocrx_word' id='word_1_29' title='bbox 824 643 993 713; x_wconf 88' lang='lat' dir='ltr'><strong>primo</strong></span> <span class='ocrx_word' id='word_1_30' title='bbox 1015 642 1120 696; x_wconf 89' lang='lat' dir='ltr'><strong>ictu</strong></span> <span class='ocrx_word' id='word_1_31' title='bbox 1145 639 1355 693; x_wconf 83' lang='lat' dir='ltr'><strong>trahere</strong></span> <span class='ocrx_word' id='word_1_32' title='bbox 1374 636 1657 704; x_wconf 68' lang='lat' dir='ltr'><strong>coepimus,</strong></span> <span class='ocrx_word' id='word_1_33' title='bbox 1673 636 1913 704; x_wconf 84' lang='lat' dir='ltr'><strong>protinus</strong></span> <span class='ocrx_word' id='word_1_34' title='bbox 1935 635 2100 689; x_wconf 85' lang='lat' dir='ltr'><strong>simu-</strong></span> 
     </span>
    </p>
   </div>
   <div class='ocr_carea' id='block_1_7' title="bbox 527 726 2099 796">
    <p class='ocr_par' dir='ltr' id='par_1_7' title="bbox 527 726 2099 796">
     <span class='ocr_line' id='line_1_7' title="bbox 527 726 2099 796; baseline -0.008 -3"><span class='ocrx_word' id='word_1_35' title='bbox 527 741 729 793; x_wconf 87' lang='lat' dir='ltr'><strong>lacrum</strong></span> <span class='ocrx_word' id='word_1_36' title='bbox 756 736 860 790; x_wconf 89' lang='lat' dir='ltr'><strong>ruit</strong></span> <span class='ocrx_word' id='word_1_37' title='bbox 907 735 958 788; x_wconf 92' lang='lat' dir='ltr'><strong>in</strong></span> <span class='ocrx_word' id='word_1_38' title='bbox 1009 741 1226 793; x_wconf 89' lang='lat' dir='ltr'><strong>terram,</strong></span> <span class='ocrx_word' id='word_1_39' title='bbox 1258 726 1696 796; x_wconf 86' lang='lat' dir='ltr'><strong>confractumqne</strong></span> <span class='ocrx_word' id='word_1_40' title='bbox 1725 742 1844 780; x_wconf 90' lang='lat' dir='ltr'><strong>cum</strong></span> <span class='ocrx_word' id='word_1_41' title='bbox 1892 726 2099 781; x_wconf 82' lang='lat' dir='ltr'><strong>malleis</strong></span> 
     </span>
    </p>
   </div>
   <div class='ocr_carea' id='block_1_8' title="bbox 523 820 2096 896">
    <p class='ocr_par' dir='ltr' id='par_1_8' title="bbox 523 820 2096 896">
     <span class='ocr_line' id='line_1_8' title="bbox 523 820 2096 896; baseline -0.008 -11"><span class='ocrx_word' id='word_1_42' title='bbox 523 831 717 885; x_wconf 84' lang='lat' dir='ltr'><strong>ferreis</strong></span> <span class='ocrx_word' id='word_1_43' title='bbox 746 831 799 883; x_wconf 93' lang='lat' dir='ltr'><strong>in</strong></span> <span class='ocrx_word' id='word_1_44' title='bbox 831 828 1102 896; x_wconf 81' lang='lat' dir='ltr'><strong>pulverem</strong></span> <span class='ocrx_word' id='word_1_45' title='bbox 1145 822 1348 892; x_wconf 78' lang='lat' dir='ltr'><strong>redegi.</strong></span> <span class='ocrx_word' id='word_1_46' title='bbox 1393 820 1509 889; x_wconf 90' lang='lat' dir='ltr'><strong>Ipsa</strong></span> <span class='ocrx_word' id='word_1_47' title='bbox 1539 834 1747 887; x_wconf 81' lang='lat' dir='ltr'><strong>quoque</strong></span> <span class='ocrx_word' id='word_1_48' title='bbox 1779 821 1931 882; x_wconf 89' lang='lat' dir='ltr'><strong>hora,</strong></span> <span class='ocrx_word' id='word_1_49' title='bbox 1975 833 2096 872; x_wconf 91' lang='lat' dir='ltr'><strong>cum</strong></span> 
     </span>
    </p>
   </div>
   <div class='ocr_carea' id='block_1_9' title="bbox 523 912 2095 988">
    <p class='ocr_par' dir='ltr' id='par_1_9' title="bbox 523 912 2095 988">
     <span class='ocr_line' id='line_1_9' title="bbox 523 912 2095 988; baseline -0.009 -10"><span class='ocrx_word' id='word_1_50' title='bbox 523 926 588 978; x_wconf 87' lang='lat' dir='ltr'><strong>ad</strong></span> <span class='ocrx_word' id='word_1_51' title='bbox 610 924 785 977; x_wconf 85' lang='lat' dir='ltr'><strong>cibum</strong></span> <span class='ocrx_word' id='word_1_52' title='bbox 800 918 1115 988; x_wconf 89' lang='lat' dir='ltr'><strong>capiendum</strong></span> <span class='ocrx_word' id='word_1_53' title='bbox 1131 915 1420 974; x_wconf 85' lang='lat' dir='ltr'><strong>venissem,</strong></span> <span class='ocrx_word' id='word_1_54' title='bbox 1452 912 1521 965; x_wconf 87' lang='lat' dir='ltr'><strong>ita</strong></span> <span class='ocrx_word' id='word_1_55' title='bbox 1541 927 1698 965; x_wconf 90' lang='lat' dir='ltr'><strong>omne</strong></span> <span class='ocrx_word' id='word_1_56' title='bbox 1714 924 1908 980; x_wconf 86' lang='lat' dir='ltr'><strong>corpus</strong></span> <span class='ocrx_word' id='word_1_57' title='bbox 1921 925 2095 964; x_wconf 90' lang='lat' dir='ltr'><strong>meum</strong></span> 
     </span>
    </p>
   </div>
   <div class='ocr_carea' id='block_1_10' title="bbox 523 1002 2098 1081">
    <p class='ocr_par' dir='ltr' id='par_1_10' title="bbox 523 1002 2098 1081">
     <span class='ocr_line' id='line_1_10' title="bbox 523 1002 2098 1081; baseline -0.008 -15"><span class='ocrx_word' id='word_1_58' title='bbox 523 1029 554 1066; x_wconf 90' lang='lat' dir='ltr'><strong>a</strong></span> <span class='ocrx_word' id='word_1_59' title='bbox 577 1015 777 1069; x_wconf 84' lang='lat' dir='ltr'><strong>vertice</strong></span> <span class='ocrx_word' id='word_1_60' title='bbox 806 1025 973 1081; x_wconf 85' lang='lat' dir='ltr'><strong>usque</strong></span> <span class='ocrx_word' id='word_1_61' title='bbox 1003 1010 1067 1064; x_wconf 90' lang='lat' dir='ltr'><strong>ad</strong></span> <span class='ocrx_word' id='word_1_62' title='bbox 1099 1008 1332 1076; x_wconf 86' lang='lat' dir='ltr'><strong>plantam</strong></span> <span class='ocrx_word' id='word_1_63' title='bbox 1365 1004 1510 1074; x_wconf 89' lang='lat' dir='ltr'><strong>pedis</strong></span> <span class='ocrx_word' id='word_1_64' title='bbox 1533 1003 1738 1071; x_wconf 77' lang='lat' dir='ltr'><strong>pusulis</strong></span> <span class='ocrx_word' id='word_1_65' title='bbox 1761 1004 1915 1057; x_wconf 90' lang='lat' dir='ltr'><strong>malis</strong></span> <span class='ocrx_word' id='word_1_66' title='bbox 1937 1002 2098 1069; x_wconf 87' lang='lat' dir='ltr'><strong>reple-</strong></span> 
     </span>
    </p>
   </div>
   <div class='ocr_carea' id='block_1_11' title="bbox 524 1096 2098 1171">
    <p class='ocr_par' dir='ltr' id='par_1_11' title="bbox 524 1096 2098 1171">
     <span class='ocr_line' id='line_1_11' title="bbox 524 1096 2098 1171; baseline -0.008 -11"><span class='ocrx_word' id='word_1_67' title='bbox 524 1119 637 1160; x_wconf 91' lang='lat' dir='ltr'><strong>tum</strong></span> <span class='ocrx_word' id='word_1_68' title='bbox 668 1114 770 1171; x_wconf 66' lang='lat' dir='ltr'><strong>est,</strong></span> <span class='ocrx_word' id='word_1_69' title='bbox 802 1112 859 1158; x_wconf 91' lang='lat' dir='ltr'><strong>ut</strong></span> <span class='ocrx_word' id='word_1_70' title='bbox 883 1105 1031 1159; x_wconf 89' lang='lat' dir='ltr'><strong>locus</strong></span> <span class='ocrx_word' id='word_1_71' title='bbox 1056 1114 1212 1170; x_wconf 90' lang='lat' dir='ltr'><strong>quem</strong></span> <span class='ocrx_word' id='word_1_72' title='bbox 1247 1111 1384 1151; x_wconf 91' lang='lat' dir='ltr'><strong>unus</strong></span> <span class='ocrx_word' id='word_1_73' title='bbox 1413 1096 1610 1166; x_wconf 82' lang='lat' dir='ltr'><strong>digitus</strong></span> <span class='ocrx_word' id='word_1_74' title='bbox 1637 1103 1866 1164; x_wconf 78' lang='lat' dir='ltr'><strong>tegeret,</strong></span> <span class='ocrx_word' id='word_1_75' title='bbox 1898 1107 2098 1148; x_wconf 89' lang='lat' dir='ltr'><strong>vacuus</strong></span> 
     </span>
    </p>
   </div>
   <div class='ocr_carea' id='block_1_12' title="bbox 522 1185 2092 1263">
    <p class='ocr_par' dir='ltr' id='par_1_12' title="bbox 522 1185 2092 1263">
     <span class='ocr_line' id='line_1_12' title="bbox 522 1185 2092 1263; baseline -0.01 -9"><span class='ocrx_word' id='word_1_76' title='bbox 522 1199 745 1255; x_wconf 80' lang='lat' dir='ltr'><strong>inveniri</strong></span> <span class='ocrx_word' id='word_1_77' title='bbox 789 1212 896 1252; x_wconf 88' lang='lat' dir='ltr'><strong>non</strong></span> <span class='ocrx_word' id='word_1_78' title='bbox 927 1202 1107 1263; x_wconf 87' lang='lat' dir='ltr'><strong>posset</strong></span> <span class='ocrx_word' id='word_1_79' title='bbox 1156 1210 1168 1246; x_wconf 89' lang='lat'><strong>:</strong></span> <span class='ocrx_word' id='word_1_80' title='bbox 1214 1194 1592 1260; x_wconf 75' lang='lat' dir='ltr'><strong>ingressusque</strong></span> <span class='ocrx_word' id='word_1_81' title='bbox 1623 1188 1893 1242; x_wconf 85' lang='lat' dir='ltr'><strong>basilicam</strong></span> <span class='ocrx_word' id='word_1_82' title='bbox 1925 1185 2092 1255; x_wconf 88' lang='lat' dir='ltr'><strong>solus,</strong></span> 
     </span>
    </p>
   </div>
   <div class='ocr_carea' id='block_1_13' title="bbox 520 1273 2098 1344">
    <p class='ocr_par' dir='ltr' id='par_1_13' title="bbox 520 1273 2098 1344">
     <span class='ocr_line' id='line_1_13' title="bbox 520 1273 2098 1344; baseline -0.011 0"><span class='ocrx_word' id='word_1_83' title='bbox 520 1288 782 1344; x_wconf 87' lang='lat' dir='ltr'><strong>denudavi</strong></span> <span class='ocrx_word' id='word_1_84' title='bbox 808 1301 892 1339; x_wconf 89' lang='lat' dir='ltr'><strong>me</strong></span> <span class='ocrx_word' id='word_1_85' title='bbox 911 1298 1092 1338; x_wconf 91' lang='lat' dir='ltr'><strong>coram</strong></span> <span class='ocrx_word' id='word_1_86' title='bbox 1116 1289 1302 1334; x_wconf 91' lang='lat' dir='ltr'><strong>sancto</strong></span> <span class='ocrx_word' id='word_1_87' title='bbox 1327 1279 1538 1332; x_wconf 86' lang='lat' dir='ltr'><strong>altario.</strong></span> <span class='ocrx_word' id='word_1_88' title='bbox 1568 1277 1835 1331; x_wconf 82' lang='lat' dir='ltr'><strong>Habebam</strong></span> <span class='ocrx_word' id='word_1_89' title='bbox 1859 1277 1997 1328; x_wconf 88' lang='lat' dir='ltr'><strong>enim</strong></span> <span class='ocrx_word' id='word_1_90' title='bbox 2024 1273 2098 1327; x_wconf 89' lang='lat' dir='ltr'><strong>ibi</strong></span> 
     </span>
    </p>
   </div>
   <div class='ocr_carea' id='block_1_14' title="bbox 520 1365 2093 1450">
    <p class='ocr_par' dir='ltr' id='par_1_14' title="bbox 520 1365 2093 1450">
     <span class='ocr_line' id='line_1_14' title="bbox 520 1365 2093 1450; baseline -0.013 -14"><span class='ocrx_word' id='word_1_91' title='bbox 520 1382 806 1450; x_wconf 80' lang='lat' dir='ltr'><strong>ampullam</strong></span> <span class='ocrx_word' id='word_1_92' title='bbox 837 1393 957 1432; x_wconf 91' lang='lat' dir='ltr'><strong>cum</strong></span> <span class='ocrx_word' id='word_1_93' title='bbox 988 1377 1106 1428; x_wconf 90' lang='lat' dir='ltr'><strong>oleo</strong></span> <span class='ocrx_word' id='word_1_94' title='bbox 1137 1373 1370 1441; x_wconf 85' lang='lat' dir='ltr'><strong>plenam,</strong></span> <span class='ocrx_word' id='word_1_95' title='bbox 1397 1384 1552 1439; x_wconf 90' lang='lat' dir='ltr'><strong>quam</strong></span> <span class='ocrx_word' id='word_1_96' title='bbox 1583 1368 1652 1423; x_wconf 91' lang='lat' dir='ltr'><strong>de</strong></span> <span class='ocrx_word' id='word_1_97' title='bbox 1680 1367 1848 1422; x_wconf 78' lang='lat' dir='ltr'><strong>sandti</strong></span> <span class='ocrx_word' id='word_1_98' title='bbox 1879 1365 2093 1419; x_wconf 82' lang='lat' dir='ltr'><strong>Martini</strong></span> 
     </span>
    </p>
   </div>
   <div class='ocr_carea' id='block_1_15' title="bbox 519 1458 2098 1532">
    <p class='ocr_par' dir='ltr' id='par_1_15' title="bbox 519 1458 2098 1532">
     <span class='ocr_line' id='line_1_15' title="bbox 519 1458 2098 1532; baseline -0.013 -1"><span class='ocrx_word' id='word_1_99' title='bbox 519 1472 737 1531; x_wconf 88' lang='lat' dir='ltr'><strong>basilica</strong></span> <span class='ocrx_word' id='word_1_100' title='bbox 769 1468 1063 1524; x_wconf 83' lang='lat' dir='ltr'><strong>detuleram</strong></span> <span class='ocrx_word' id='word_1_101' title='bbox 1113 1480 1126 1517; x_wconf 95' lang='lat'>:</span> <span class='ocrx_word' id='word_1_102' title='bbox 1166 1479 1233 1518; x_wconf 80' lang='lat' dir='ltr'><strong>ex</strong></span> <span class='ocrx_word' id='word_1_103' title='bbox 1255 1477 1358 1532; x_wconf 89' lang='lat' dir='ltr'><strong>qua</strong></span> <span class='ocrx_word' id='word_1_104' title='bbox 1387 1458 1613 1529; x_wconf 88' lang='lat' dir='ltr'><strong>propriis</strong></span> <span class='ocrx_word' id='word_1_105' title='bbox 1639 1458 1880 1512; x_wconf 84' lang='lat' dir='ltr'><strong>manibus</strong></span> <span class='ocrx_word' id='word_1_106' title='bbox 1911 1471 2098 1512; x_wconf 89' lang='lat' dir='ltr'><strong>omnes</strong></span> 
     </span>
    </p>
   </div>
   <div class='ocr_carea' id='block_1_16' title="bbox 518 1549 2098 1633">
    <p class='ocr_par' dir='ltr' id='par_1_16' title="bbox 518 1549 2098 1633">
     <span class='ocr_line' id='line_1_16' title="bbox 518 1549 2098 1633; baseline -0.015 -12"><span class='ocrx_word' id='word_1_107' title='bbox 518 1576 666 1621; x_wconf 85' lang='lat' dir='ltr'><strong>artus</strong></span> <span class='ocrx_word' id='word_1_108' title='bbox 694 1561 934 1633; x_wconf 77' lang='lat' dir='ltr'><strong>perunxi,</strong></span> <span class='ocrx_word' id='word_1_109' title='bbox 964 1571 1192 1626; x_wconf 80' lang='lat' dir='ltr'><strong>moxque</strong></span> <span class='ocrx_word' id='word_1_110' title='bbox 1213 1553 1390 1623; x_wconf 88' lang='lat' dir='ltr'><strong>sopori</strong></span> <span class='ocrx_word' id='word_1_111' title='bbox 1423 1553 1626 1606; x_wconf 89' lang='lat' dir='ltr'><strong>locatus</strong></span> <span class='ocrx_word' id='word_1_112' title='bbox 1656 1565 1794 1604; x_wconf 82' lang='lat' dir='ltr'><strong>sum.</strong></span> <span class='ocrx_word' id='word_1_113' title='bbox 1824 1549 2098 1618; x_wconf 81' lang='lat' dir='ltr'><strong>Experge-</strong></span> 
     </span>
    </p>
   </div>
   <div class='ocr_carea' id='block_1_17' title="bbox 518 1641 2094 1711">
    <p class='ocr_par' dir='ltr' id='par_1_17' title="bbox 518 1641 2094 1711">
     <span class='ocr_line' id='line_1_17' title="bbox 518 1641 2094 1711; baseline -0.01 -1"><span class='ocrx_word' id='word_1_114' title='bbox 518 1659 689 1711; x_wconf 87' lang='lat' dir='ltr'><strong>Iactus</strong></span> <span class='ocrx_word' id='word_1_115' title='bbox 732 1668 861 1707; x_wconf 90' lang='lat' dir='ltr'><strong>vero</strong></span> <span class='ocrx_word' id='word_1_116' title='bbox 911 1650 1056 1705; x_wconf 90' lang='lat' dir='ltr'><strong>circa</strong></span> <span class='ocrx_word' id='word_1_117' title='bbox 1109 1647 1342 1700; x_wconf 91' lang='lat' dir='ltr'><strong>medium</strong></span> <span class='ocrx_word' id='word_1_118' title='bbox 1389 1645 1592 1710; x_wconf 89' lang='lat' dir='ltr'><strong>noctis,</strong></span> <span class='ocrx_word' id='word_1_119' title='bbox 1632 1657 1755 1697; x_wconf 89' lang='lat' dir='ltr'><strong>cum</strong></span> <span class='ocrx_word' id='word_1_120' title='bbox 1786 1641 1849 1695; x_wconf 85' lang='lat' dir='ltr'><strong>ad</strong></span> <span class='ocrx_word' id='word_1_121' title='bbox 1878 1655 2094 1694; x_wconf 85' lang='lat' dir='ltr'><strong>cursum</strong></span> 
     </span>
    </p>
   </div>
   <div class='ocr_carea' id='block_1_18' title="bbox 516 1733 2095 1810">
    <p class='ocr_par' dir='ltr' id='par_1_18' title="bbox 516 1733 2095 1810">
     <span class='ocr_line' id='line_1_18' title="bbox 516 1733 2095 1810; baseline -0.01 -7"><span class='ocrx_word' id='word_1_122' title='bbox 516 1746 848 1804; x_wconf 90' lang='lat' dir='ltr'><strong>reddendum</strong></span> <span class='ocrx_word' id='word_1_123' title='bbox 879 1751 905 1779; x_wconf 77' lang='grc' dir='ltr'><strong>ει</strong></span> <span class='ocrx_word' id='word_1_124' title='bbox 935 1753 1242 1810; x_wconf 80' lang='lat' dir='ltr'><strong>surgerem,</strong></span> <span class='ocrx_word' id='word_1_125' title='bbox 1281 1737 1349 1790; x_wconf 88' lang='lat' dir='ltr'><strong>ita</strong></span> <span class='ocrx_word' id='word_1_126' title='bbox 1392 1749 1584 1803; x_wconf 91' lang='lat' dir='ltr'><strong>corpus</strong></span> <span class='ocrx_word' id='word_1_127' title='bbox 1626 1744 1793 1788; x_wconf 90' lang='lat' dir='ltr'><strong>totum</strong></span> <span class='ocrx_word' id='word_1_128' title='bbox 1826 1733 2095 1788; x_wconf 83' lang='lat' dir='ltr'><strong>incolume</strong></span> 
     </span>
    </p>
   </div>
   <div class='ocr_carea' id='block_1_19' title="bbox 2199 546 3792 612">
    <p class='ocr_par' dir='ltr' id='par_1_19' title="bbox 2199 546 3792 612">
     <span class='ocr_line' id='line_1_19' title="bbox 2199 546 3792 612; baseline 0.004 -10"><span class='ocrx_word' id='word_1_129' title='bbox 2199 546 2274 602; x_wconf 88' lang='lat' dir='ltr'><strong>ait</strong></span> <span class='ocrx_word' id='word_1_130' title='bbox 2302 562 2316 598; x_wconf 89' lang='lat'><strong>:</strong></span> <span class='ocrx_word' id='word_1_131' title='bbox 2348 546 2436 600; x_wconf 80' lang='lat' dir='ltr'><strong>“I0</strong></span> <span class='ocrx_word' id='word_1_132' title='bbox 2463 547 2529 600; x_wconf 90' lang='lat' dir='ltr'><strong>ad</strong></span> <span class='ocrx_word' id='word_1_133' title='bbox 2578 546 2850 602; x_wconf 88' lang='lat' dir='ltr'><strong>basilicam</strong></span> <span class='ocrx_word' id='word_1_134' title='bbox 2899 546 3036 600; x_wconf 82' lang='lat' dir='ltr'><strong>beati</strong></span> <span class='ocrx_word' id='word_1_135' title='bbox 3070 547 3318 612; x_wconf 86' lang='lat' dir='ltr'><strong>Martini,</strong></span> <span class='ocrx_word' id='word_1_136' title='bbox 3354 558 3408 603; x_wconf 85' lang='lat' dir='ltr'><strong>et</strong></span> <span class='ocrx_word' id='word_1_137' title='bbox 3435 556 3792 610; x_wconf 72' lang='lat' dir='ltr'><strong>sacrarnentie</strong></span> 
     </span>
    </p>
   </div>
   <div class='ocr_carea' id='block_1_20' title="bbox 2201 637 3786 711">
    <p class='ocr_par' dir='ltr' id='par_1_20' title="bbox 2201 637 3786 711">
     <span class='ocr_line' id='line_1_20' title="bbox 2201 637 3786 711; baseline 0.007 -24"><span class='ocrx_word' id='word_1_138' title='bbox 2201 649 2287 688; x_wconf 92' lang='lat' dir='ltr'><strong>me</strong></span> <span class='ocrx_word' id='word_1_139' title='bbox 2349 651 2571 703; x_wconf 77' lang='lat' dir='ltr'><strong>exuens,</strong></span> <span class='ocrx_word' id='word_1_140' title='bbox 2629 637 2883 692; x_wconf 89' lang='lat' dir='ltr'><strong>innocens</strong></span> <span class='ocrx_word' id='word_1_141' title='bbox 2927 637 3141 692; x_wconf 88' lang='lat' dir='ltr'><strong>reddar.</strong></span> <span class='ocrx_word' id='word_1_142' title='bbox 3206 639 3323 705; x_wconf 85' lang='lat' dir='ltr'><strong>Quo</strong></span> <span class='ocrx_word' id='word_1_143' title='bbox 3395 640 3732 710; x_wconf 87' lang='lat' dir='ltr'><strong>ingrediente</strong></span> <span class='ocrx_word' id='word_1_144' title='bbox 3769 687 3786 711; x_wconf 93' lang='lat'><strong>,</strong></span> 
     </span>
    </p>
   </div>
   <div class='ocr_carea' id='block_1_21' title="bbox 2200 726 3790 804">
    <p class='ocr_par' dir='ltr' id='par_1_21' title="bbox 2200 726 3790 804">
     <span class='ocr_line' id='line_1_21' title="bbox 2200 726 3790 804; baseline 0.006 -24"><span class='ocrx_word' id='word_1_145' title='bbox 2200 726 2379 795; x_wconf 79' lang='lat' dir='ltr'><strong>elapsa</strong></span> <span class='ocrx_word' id='word_1_146' title='bbox 2409 730 2580 782; x_wconf 89' lang='lat' dir='ltr'><strong>securi</strong></span> <span class='ocrx_word' id='word_1_147' title='bbox 2609 730 2675 784; x_wconf 91' lang='lat' dir='ltr'><strong>de</strong></span> <span class='ocrx_word' id='word_1_148' title='bbox 2723 746 2880 783; x_wconf 83' lang='lat' dir='ltr'><strong>manu</strong></span> <span class='ocrx_word' id='word_1_149' title='bbox 2922 729 3058 798; x_wconf 84' lang='lat' dir='ltr'><strong>ejus,</strong></span> <span class='ocrx_word' id='word_1_150' title='bbox 3091 729 3156 784; x_wconf 85' lang='lat' dir='ltr'><strong>ad</strong></span> <span class='ocrx_word' id='word_1_151' title='bbox 3209 733 3405 785; x_wconf 88' lang='lat' dir='ltr'><strong>ostium</strong></span> <span class='ocrx_word' id='word_1_152' title='bbox 3464 734 3588 800; x_wconf 89' lang='lat' dir='ltr'><strong>ruit,</strong></span> <span class='ocrx_word' id='word_1_153' title='bbox 3634 737 3790 804; x_wconf 81' lang='lat' dir='ltr'><strong>gravi</strong></span> 
     </span>
    </p>
   </div>
   <div class='ocr_carea' id='block_1_22' title="bbox 2198 820 3793 892">
    <p class='ocr_par' dir='ltr' id='par_1_22' title="bbox 2198 820 3793 892">
     <span class='ocr_line' id='line_1_22' title="bbox 2198 820 3793 892; baseline 0.004 -19"><span class='ocrx_word' id='word_1_154' title='bbox 2198 820 2376 873; x_wconf 89' lang='lat' dir='ltr'><strong>cordis</strong></span> <span class='ocrx_word' id='word_1_155' title='bbox 2404 820 2587 874; x_wconf 90' lang='lat' dir='ltr'><strong>dolore</strong></span> <span class='ocrx_word' id='word_1_156' title='bbox 2614 823 2913 887; x_wconf 88' lang='lat' dir='ltr'><strong>perculsus,</strong></span> <span class='ocrx_word' id='word_1_157' title='bbox 2949 822 3338 892; x_wconf 67' lang='lat' dir='ltr'><strong>confessusque</strong></span> <span class='ocrx_word' id='word_1_158' title='bbox 3370 836 3452 879; x_wconf 91' lang='lat' dir='ltr'><strong>est</strong></span> <span class='ocrx_word' id='word_1_159' title='bbox 3477 827 3637 882; x_wconf 62' lang='lat' dir='ltr'><strong>miser</strong></span> <span class='ocrx_word' id='word_1_160' title='bbox 3666 845 3793 881; x_wconf 79' lang='lat' dir='ltr'><strong>ver-</strong></span> 
     </span>
    </p>
   </div>
   <div class='ocr_carea' id='block_1_23' title="bbox 2199 909 3790 982">
    <p class='ocr_par' dir='ltr' id='par_1_23' title="bbox 2199 909 3790 982">
     <span class='ocr_line' id='line_1_23' title="bbox 2199 909 3790 982; baseline 0.008 -20"><span class='ocrx_word' id='word_1_161' title='bbox 2199 909 2279 963; x_wconf 85' lang='lat' dir='ltr'><strong>bis</strong></span> <span class='ocrx_word' id='word_1_162' title='bbox 2322 913 2570 976; x_wconf 80' lang='lat' dir='ltr'><strong>propriis,</strong></span> <span class='ocrx_word' id='word_1_163' title='bbox 2618 926 2737 978; x_wconf 70' lang='lat' dir='ltr'><strong>qua:</strong></span> <span class='ocrx_word' id='word_1_164' title='bbox 2765 925 2980 964; x_wconf 82' lang='lat' dir='ltr'><strong>venerat</strong></span> <span class='ocrx_word' id='word_1_165' title='bbox 3015 928 3272 966; x_wconf 73' lang='lat' dir='ltr'><strong>excusare</strong></span> <span class='ocrx_word' id='word_1_166' title='bbox 3317 917 3585 982; x_wconf 90' lang='lat' dir='ltr'><strong>perjuriis.</strong></span> <span class='ocrx_word' id='word_1_167' title='bbox 3625 919 3790 975; x_wconf 81' lang='lat' dir='ltr'><strong>Alius</strong></span> 
     </span>
    </p>
   </div>
   <div class='ocr_carea' id='block_1_24' title="bbox 2198 1001 3790 1062">
    <p class='ocr_par' dir='ltr' id='par_1_24' title="bbox 2198 1001 3790 1062">
     <span class='ocr_line' id='line_1_24' title="bbox 2198 1001 3790 1062; baseline 0.005 -8"><span class='ocrx_word' id='word_1_168' title='bbox 2198 1001 2359 1054; x_wconf 88' lang='lat' dir='ltr'><strong>simili</strong></span> <span class='ocrx_word' id='word_1_169' title='bbox 2393 1001 2551 1054; x_wconf 91' lang='lat' dir='ltr'><strong>modo</strong></span> <span class='ocrx_word' id='word_1_170' title='bbox 2580 1017 2700 1055; x_wconf 86' lang='lat' dir='ltr'><strong>cum</strong></span> <span class='ocrx_word' id='word_1_171' title='bbox 2731 1002 2798 1054; x_wconf 90' lang='lat' dir='ltr'><strong>de</strong></span> <span class='ocrx_word' id='word_1_172' title='bbox 2850 1002 3109 1056; x_wconf 78' lang='lat' dir='ltr'><strong>imendiis</strong></span> <span class='ocrx_word' id='word_1_173' title='bbox 3150 1005 3338 1058; x_wconf 88' lang='lat' dir='ltr'><strong>domus</strong></span> <span class='ocrx_word' id='word_1_174' title='bbox 3369 1007 3528 1060; x_wconf 90' lang='lat' dir='ltr'><strong>viciui</strong></span> <span class='ocrx_word' id='word_1_175' title='bbox 3585 1013 3664 1062; x_wconf 86' lang='lat' dir='ltr'><strong>sui</strong></span> <span class='ocrx_word' id='word_1_176' title='bbox 3695 1027 3790 1062; x_wconf 84' lang='lat' dir='ltr'><strong>ar-</strong></span> 
     </span>
    </p>
   </div>
   <div class='ocr_carea' id='block_1_25' title="bbox 2198 1090 3782 1164">
    <p class='ocr_par' dir='ltr' id='par_1_25' title="bbox 2198 1090 3782 1164">
     <span class='ocr_line' id='line_1_25' title="bbox 2198 1090 3782 1164; baseline 0.007 -22"><span class='ocrx_word' id='word_1_177' title='bbox 2198 1099 2468 1158; x_wconf 87' lang='lat' dir='ltr'><strong>gueretur,</strong></span> <span class='ocrx_word' id='word_1_178' title='bbox 2497 1090 2571 1144; x_wconf 90' lang='lat' dir='ltr'><strong>ait</strong></span> <span class='ocrx_word' id='word_1_179' title='bbox 2613 1107 2627 1145; x_wconf 91' lang='lat'><strong>:</strong></span> <span class='ocrx_word' id='word_1_180' title='bbox 2664 1092 2860 1144; x_wconf 81' lang='lat' dir='ltr'><strong>Vadam</strong></span> <span class='ocrx_word' id='word_1_181' title='bbox 2911 1095 2976 1145; x_wconf 89' lang='lat' dir='ltr'><strong>ad</strong></span> <span class='ocrx_word' id='word_1_182' title='bbox 3029 1096 3281 1161; x_wconf 86' lang='lat' dir='ltr'><strong>templum</strong></span> <span class='ocrx_word' id='word_1_183' title='bbox 3334 1097 3507 1149; x_wconf 87' lang='lat' dir='ltr'><strong>sancti</strong></span> <span class='ocrx_word' id='word_1_184' title='bbox 3550 1099 3782 1164; x_wconf 77' lang='lat' dir='ltr'><strong>Martini,</strong></span> 
     </span>
    </p>
   </div>
   <div class='ocr_carea' id='block_1_26' title="bbox 2198 1181 3784 1246">
    <p class='ocr_par' dir='ltr' id='par_1_26' title="bbox 2198 1181 3784 1246">
     <span class='ocr_line' id='line_1_26' title="bbox 2198 1181 3784 1246; baseline 0.008 -13"><span class='ocrx_word' id='word_1_185' title='bbox 2198 1190 2255 1234; x_wconf 87' lang='lat' dir='ltr'><strong>et</strong></span> <span class='ocrx_word' id='word_1_186' title='bbox 2285 1181 2381 1234; x_wconf 73' lang='lat' dir='ltr'><strong>Iidr</strong></span> <span class='ocrx_word' id='word_1_187' title='bbox 2433 1181 2554 1236; x_wconf 83' lang='lat' dir='ltr'><strong>data</strong></span> <span class='ocrx_word' id='word_1_188' title='bbox 2587 1183 2768 1237; x_wconf 86' lang='lat' dir='ltr'><strong>insons</strong></span> <span class='ocrx_word' id='word_1_189' title='bbox 2801 1184 3107 1237; x_wconf 74' lang='lat' dir='ltr'><strong>redditurus</strong></span> <span class='ocrx_word' id='word_1_190' title='bbox 3149 1195 3170 1222; x_wconf 79' lang='grc' dir='ltr'><strong>ο</strong></span> <span class='ocrx_word' id='word_1_191' title='bbox 3202 1200 3295 1239; x_wconf 87' lang='lat' dir='ltr'><strong>ero</strong></span> <span class='ocrx_word' id='word_1_192' title='bbox 3323 1188 3390 1240; x_wconf 90' lang='lat' dir='ltr'><strong>ab</strong></span> <span class='ocrx_word' id='word_1_193' title='bbox 3410 1187 3508 1242; x_wconf 89' lang='lat' dir='ltr'><strong>hoc</strong></span> <span class='ocrx_word' id='word_1_194' title='bbox 3537 1191 3784 1246; x_wconf 83' lang='lat' dir='ltr'><strong>crimine.</strong></span> 
     </span>
    </p>
   </div>
   <div class='ocr_carea' id='block_1_27' title="bbox 2197 1271 3778 1336">
    <p class='ocr_par' dir='ltr' id='par_1_27' title="bbox 2197 1271 3778 1336">
     <span class='ocr_line' id='line_1_27' title="bbox 2197 1271 3778 1336; baseline 0.006 -10"><span class='ocrx_word' id='word_1_195' title='bbox 2197 1271 2530 1326; x_wconf 78' lang='lat' dir='ltr'><strong>Manifestum</strong></span> <span class='ocrx_word' id='word_1_196' title='bbox 2575 1287 2694 1327; x_wconf 86' lang='lat' dir='ltr'><strong>erat</strong></span> <span class='ocrx_word' id='word_1_197' title='bbox 2723 1274 2862 1326; x_wconf 87' lang='lat' dir='ltr'><strong>enim</strong></span> <span class='ocrx_word' id='word_1_198' title='bbox 2923 1274 3064 1328; x_wconf 91' lang='lat' dir='ltr'><strong>hunc</strong></span> <span class='ocrx_word' id='word_1_199' title='bbox 3090 1276 3480 1332; x_wconf 75' lang='lat' dir='ltr'><strong>doiuttm-illam</strong></span> <span class='ocrx_word' id='word_1_200' title='bbox 3536 1280 3778 1336; x_wconf 72' lang='lat' dir='ltr'><strong>incendit</strong></span> 
     </span>
    </p>
   </div>
   <div class='ocr_carea' id='block_1_28' title="bbox 2201 1363 3785 1436">
    <p class='ocr_par' dir='ltr' id='par_1_28' title="bbox 2201 1363 3785 1436">
     <span class='ocr_line' id='line_1_28' title="bbox 2201 1363 3785 1436; baseline 0.005 -19"><span class='ocrx_word' id='word_1_201' title='bbox 2201 1377 2595 1417; x_wconf 83' lang='lat' dir='ltr'><strong>concremasse.</strong></span> <span class='ocrx_word' id='word_1_202' title='bbox 2642 1363 2843 1416; x_wconf 85' lang='lat' dir='ltr'><strong>Abiens</strong></span> <span class='ocrx_word' id='word_1_203' title='bbox 2885 1373 3062 1418; x_wconf 88' lang='lat' dir='ltr'><strong>autem</strong></span> <span class='ocrx_word' id='word_1_204' title='bbox 3109 1365 3174 1418; x_wconf 92' lang='lat' dir='ltr'><strong>ad</strong></span> <span class='ocrx_word' id='word_1_205' title='bbox 3212 1380 3545 1423; x_wconf 84' lang='lat' dir='ltr'><strong>sacramenta</strong></span> <span class='ocrx_word' id='word_1_206' title='bbox 3586 1370 3785 1436; x_wconf 88' lang='lat' dir='ltr'><strong>danda,</strong></span> 
     </span>
    </p>
   </div>
   <div class='ocr_carea' id='block_1_29' title="bbox 2201 1455 3786 1524">
    <p class='ocr_par' dir='ltr' id='par_1_29' title="bbox 2201 1455 3786 1524">
     <span class='ocr_line' id='line_1_29' title="bbox 2201 1455 3786 1524; baseline 0.008 -18"><span class='ocrx_word' id='word_1_207' title='bbox 2201 1469 2491 1509; x_wconf 87' lang='lat' dir='ltr'><strong>conversus</strong></span> <span class='ocrx_word' id='word_1_208' title='bbox 2526 1455 2591 1509; x_wconf 87' lang='lat' dir='ltr'><strong>ad</strong></span> <span class='ocrx_word' id='word_1_209' title='bbox 2638 1471 2758 1509; x_wconf 86' lang='lat' dir='ltr'><strong>eum</strong></span> <span class='ocrx_word' id='word_1_210' title='bbox 2791 1495 2808 1520; x_wconf 90' lang='lat'><strong>,</strong></span> <span class='ocrx_word' id='word_1_211' title='bbox 2842 1455 2950 1510; x_wconf 67' lang='lat' dir='ltr'><strong>disi</strong></span> <span class='ocrx_word' id='word_1_212' title='bbox 2999 1457 3047 1511; x_wconf 91' lang='lat' dir='ltr'><strong>ei</strong></span> <span class='ocrx_word' id='word_1_213' title='bbox 3103 1474 3116 1510; x_wconf 89' lang='lat'><strong>:</strong></span> <span class='ocrx_word' id='word_1_214' title='bbox 3168 1457 3430 1524; x_wconf 85' lang='lat' dir='ltr'><strong>Quantum</strong></span> <span class='ocrx_word' id='word_1_215' title='bbox 3483 1461 3786 1518; x_wconf 90' lang='lat' dir='ltr'><strong>vicinorum</strong></span> 
     </span>
    </p>
   </div>
   <div class='ocr_carea' id='block_1_30' title="bbox 2204 1546 3789 1612">
    <p class='ocr_par' dir='ltr' id='par_1_30' title="bbox 2204 1546 3789 1612">
     <span class='ocr_line' id='line_1_30' title="bbox 2204 1546 3789 1612; baseline 0.008 -13"><span class='ocrx_word' id='word_1_216' title='bbox 2204 1554 2412 1600; x_wconf 89' lang='lat' dir='ltr'><strong>tuorum</strong></span> <span class='ocrx_word' id='word_1_217' title='bbox 2452 1546 2618 1600; x_wconf 88' lang='lat' dir='ltr'><strong>dictat</strong></span> <span class='ocrx_word' id='word_1_218' title='bbox 2669 1549 2895 1601; x_wconf 81' lang='lat' dir='ltr'><strong>assertio</strong></span> <span class='ocrx_word' id='word_1_219' title='bbox 2919 1589 2934 1612; x_wconf 90' lang='lat'><strong>,</strong></span> <span class='ocrx_word' id='word_1_220' title='bbox 2969 1563 3072 1601; x_wconf 91' lang='lat' dir='ltr'><strong>non</strong></span> <span class='ocrx_word' id='word_1_221' title='bbox 3112 1550 3221 1604; x_wconf 84' lang='lat' dir='ltr'><strong>eris</strong></span> <span class='ocrx_word' id='word_1_222' title='bbox 3264 1551 3520 1606; x_wconf 89' lang='lat' dir='ltr'><strong>innocens</strong></span> <span class='ocrx_word' id='word_1_223' title='bbox 3560 1554 3626 1607; x_wconf 91' lang='lat' dir='ltr'><strong>ab</strong></span> <span class='ocrx_word' id='word_1_224' title='bbox 3681 1555 3789 1611; x_wconf 85' lang='lat' dir='ltr'><strong>hoc</strong></span> 
     </span>
    </p>
   </div>
   <div class='ocr_carea' id='block_1_31' title="bbox 2201 1638 3786 1715">
    <p class='ocr_par' dir='ltr' id='par_1_31' title="bbox 2201 1638 3786 1715">
     <span class='ocr_line' id='line_1_31' title="bbox 2201 1638 3786 1715; baseline 0.006 -23"><span class='ocrx_word' id='word_1_225' title='bbox 2201 1640 2428 1704; x_wconf 86' lang='lat' dir='ltr'><strong>scelere;</strong></span> <span class='ocrx_word' id='word_1_226' title='bbox 2453 1638 2546 1692; x_wconf 90' lang='lat' dir='ltr'><strong>sed</strong></span> <span class='ocrx_word' id='word_1_227' title='bbox 2573 1648 2747 1693; x_wconf 91' lang='lat' dir='ltr'><strong>tamen</strong></span> <span class='ocrx_word' id='word_1_228' title='bbox 2772 1638 2907 1692; x_wconf 83' lang='lat' dir='ltr'><strong>Deus</strong></span> <span class='ocrx_word' id='word_1_229' title='bbox 2932 1641 3126 1707; x_wconf 86' lang='lat' dir='ltr'><strong>ubique</strong></span> <span class='ocrx_word' id='word_1_230' title='bbox 3147 1649 3248 1706; x_wconf 89' lang='lat' dir='ltr'><strong>est,</strong></span> <span class='ocrx_word' id='word_1_231' title='bbox 3265 1652 3320 1696; x_wconf 88' lang='lat' dir='ltr'><strong>et</strong></span> <span class='ocrx_word' id='word_1_232' title='bbox 3345 1643 3507 1697; x_wconf 85' lang='lat' dir='ltr'><strong>virtus</strong></span> <span class='ocrx_word' id='word_1_233' title='bbox 3524 1646 3638 1714; x_wconf 87' lang='lat' dir='ltr'><strong>ejus</strong></span> <span class='ocrx_word' id='word_1_234' title='bbox 3668 1647 3786 1715; x_wconf 84' lang='lat' dir='ltr'><strong>ipsa</strong></span> 
     </span>
    </p>
   </div>
   <div class='ocr_carea' id='block_1_32' title="bbox 2197 1729 3788 1799">
    <p class='ocr_par' dir='ltr' id='par_1_32' title="bbox 2197 1729 3788 1799">
     <span class='ocr_line' id='line_1_32' title="bbox 2197 1729 3788 1799; baseline 0.005 -15"><span class='ocrx_word' id='word_1_235' title='bbox 2197 1740 2281 1784; x_wconf 88' lang='lat' dir='ltr'><strong>est</strong></span> <span class='ocrx_word' id='word_1_236' title='bbox 2313 1729 2632 1796; x_wconf 78' lang='lat' dir='ltr'><strong>forinsecus,</strong></span> <span class='ocrx_word' id='word_1_237' title='bbox 2680 1744 2799 1799; x_wconf 69' lang='lat' dir='ltr'><strong>qum</strong></span> <span class='ocrx_word' id='word_1_238' title='bbox 2845 1729 3072 1784; x_wconf 90' lang='lat' dir='ltr'><strong>habetur</strong></span> <span class='ocrx_word' id='word_1_239' title='bbox 3095 1733 3432 1787; x_wconf 89' lang='lat' dir='ltr'><strong>intrinsecus.</strong></span> <span class='ocrx_word' id='word_1_240' title='bbox 3481 1736 3679 1792; x_wconf 85' lang='lat' dir='ltr'><strong>Tamen</strong></span> <span class='ocrx_word' id='word_1_241' title='bbox 3740 1739 3788 1792; x_wconf 72' lang='lat' dir='ltr'><strong>si</strong></span> 
     </span>
    </p>
   </div>
   <div class='ocr_carea' id='block_1_33' title="bbox 516 1819 3787 1907">
    <p class='ocr_par' dir='ltr' id='par_1_33' title="bbox 516 1819 3787 1907">
     <span class='ocr_line' id='line_1_33' title="bbox 516 1819 3787 1907; baseline -0.004 -14"><span class='ocrx_word' id='word_1_242' title='bbox 516 1837 690 1907; x_wconf 91' lang='lat' dir='ltr'><strong>reperi</strong></span> <span class='ocrx_word' id='word_1_243' title='bbox 718 1877 732 1899; x_wconf 93' lang='lat'><strong>,</strong></span> <span class='ocrx_word' id='word_1_244' title='bbox 763 1847 828 1886; x_wconf 90' lang='lat' dir='ltr'><strong>ac</strong></span> <span class='ocrx_word' id='word_1_245' title='bbox 875 1834 919 1883; x_wconf 86' lang='lat' dir='ltr'><strong>si</strong></span> <span class='ocrx_word' id='word_1_246' title='bbox 971 1831 1171 1882; x_wconf 90' lang='lat' dir='ltr'><strong>nullum</strong></span> <span class='ocrx_word' id='word_1_247' title='bbox 1209 1841 1371 1893; x_wconf 82' lang='lat' dir='ltr'><strong>super</strong></span> <span class='ocrx_word' id='word_1_248' title='bbox 1415 1839 1501 1877; x_wconf 89' lang='lat' dir='ltr'><strong>me</strong></span> <span class='ocrx_word' id='word_1_249' title='bbox 1546 1823 1696 1878; x_wconf 87' lang='lat' dir='ltr'><strong>ulcus</strong></span> <span class='ocrx_word' id='word_1_250' title='bbox 1731 1820 2088 1891; x_wconf 89' lang='lat' dir='ltr'><strong>apparuisset.</strong></span> <span class='ocrx_word' id='word_1_251' title='bbox 2122 1821 2170 1884; x_wconf 76' lang='grc' dir='ltr'><strong><em>Β</em></strong></span> <span class='ocrx_word' id='word_1_252' title='bbox 2198 1819 2264 1872; x_wconf 91' lang='lat' dir='ltr'><strong>ita</strong></span> <span class='ocrx_word' id='word_1_253' title='bbox 2298 1827 2349 1874; x_wconf 90' lang='lat' dir='ltr'><strong>te</strong></span> <span class='ocrx_word' id='word_1_254' title='bbox 2379 1834 2512 1874; x_wconf 83' lang='lat' dir='ltr'><strong>vana</strong></span> <span class='ocrx_word' id='word_1_255' title='bbox 2562 1819 2750 1874; x_wconf 81' lang='lat' dir='ltr'><strong>fiducia</strong></span> <span class='ocrx_word' id='word_1_256' title='bbox 2780 1820 2957 1889; x_wconf 92' lang='lat' dir='ltr'><strong>cepit,</strong></span> <span class='ocrx_word' id='word_1_257' title='bbox 2993 1821 3133 1889; x_wconf 89' lang='lat' dir='ltr'><strong>quod</strong></span> <span class='ocrx_word' id='word_1_258' title='bbox 3189 1823 3328 1877; x_wconf 92' lang='lat' dir='ltr'><strong>Deus</strong></span> <span class='ocrx_word' id='word_1_259' title='bbox 3358 1825 3442 1878; x_wconf 86' lang='lat' dir='ltr'><strong>vel</strong></span> <span class='ocrx_word' id='word_1_260' title='bbox 3471 1837 3636 1880; x_wconf 80' lang='lat' dir='ltr'><strong>sancti</strong></span> <span class='ocrx_word' id='word_1_261' title='bbox 3665 1829 3787 1896; x_wconf 84' lang='lat' dir='ltr'><strong>ejus</strong></span> 
     </span>
    </p>
   </div>
   <div class='ocr_carea' id='block_1_34' title="bbox 516 1908 2093 1992">
    <p class='ocr_par' dir='ltr' id='par_1_34' title="bbox 516 1908 2093 1992">
     <span class='ocr_line' id='line_1_34' title="bbox 516 1908 2093 1992; baseline -0.01 -13"><span class='ocrx_word' id='word_1_262' title='bbox 516 1926 646 1992; x_wconf 70' lang='lat' dir='ltr'><strong>Qua:</strong></span> <span class='ocrx_word' id='word_1_263' title='bbox 699 1922 916 1974; x_wconf 89' lang='lat' dir='ltr'><strong>vulnera</strong></span> <span class='ocrx_word' id='word_1_264' title='bbox 960 1933 1062 1971; x_wconf 90' lang='lat' dir='ltr'><strong>non</strong></span> <span class='ocrx_word' id='word_1_265' title='bbox 1105 1915 1258 1968; x_wconf 86' lang='lat' dir='ltr'><strong>aliter</strong></span> <span class='ocrx_word' id='word_1_266' title='bbox 1305 1913 1408 1965; x_wconf 87' lang='lat' dir='ltr'><strong>nisi</strong></span> <span class='ocrx_word' id='word_1_267' title='bbox 1459 1927 1552 1980; x_wconf 90' lang='lat' dir='ltr'><strong>per</strong></span> <span class='ocrx_word' id='word_1_268' title='bbox 1606 1909 1859 1965; x_wconf 79' lang='lat' dir='ltr'><strong>invidiam</strong></span> <span class='ocrx_word' id='word_1_269' title='bbox 1894 1908 2093 1964; x_wconf 88' lang='lat' dir='ltr'><strong>inimici</strong></span> 
     </span>
    </p>
   </div>
   <div class='ocr_carea' id='block_1_35' title="bbox 515 2003 2095 2085">
    <p class='ocr_par' dir='ltr' id='par_1_35' title="bbox 515 2003 2095 2085">
     <span class='ocr_line' id='line_1_35' title="bbox 515 2003 2095 2085; baseline -0.009 -12"><span class='ocrx_word' id='word_1_270' title='bbox 515 2019 709 2073; x_wconf 86' lang='lat' dir='ltr'><strong>emissa</strong></span> <span class='ocrx_word' id='word_1_271' title='bbox 741 2013 987 2085; x_wconf 85' lang='lat' dir='ltr'><strong>cognovi.</strong></span> <span class='ocrx_word' id='word_1_272' title='bbox 1029 2012 1093 2066; x_wconf 78' lang='lat' dir='ltr'><strong>Et</strong></span> <span class='ocrx_word' id='word_1_273' title='bbox 1122 2008 1248 2080; x_wconf 86' lang='lat' dir='ltr'><strong>quia</strong></span> <span class='ocrx_word' id='word_1_274' title='bbox 1277 2023 1491 2076; x_wconf 89' lang='lat' dir='ltr'><strong>semper</strong></span> <span class='ocrx_word' id='word_1_275' title='bbox 1520 2007 1637 2074; x_wconf 90' lang='lat' dir='ltr'><strong>ipse</strong></span> <span class='ocrx_word' id='word_1_276' title='bbox 1679 2005 1887 2059; x_wconf 90' lang='lat' dir='ltr'><strong>invidus</strong></span> <span class='ocrx_word' id='word_1_277' title='bbox 1932 2003 2095 2058; x_wconf 87' lang='lat' dir='ltr'><strong>Deum</strong></span> 
     </span>
    </p>
   </div>
   <div class='ocr_carea' id='block_1_36' title="bbox 513 2095 2089 2180">
    <p class='ocr_par' dir='ltr' id='par_1_36' title="bbox 513 2095 2089 2180">
     <span class='ocr_line' id='line_1_36' title="bbox 513 2095 2089 2180; baseline -0.009 -17"><span class='ocrx_word' id='word_1_278' title='bbox 513 2107 873 2180; x_wconf 67' lang='lat' dir='ltr'><strong>quaerentibus</strong></span> <span class='ocrx_word' id='word_1_279' title='bbox 894 2118 1087 2159; x_wconf 89' lang='lat' dir='ltr'><strong>nocere</strong></span> <span class='ocrx_word' id='word_1_280' title='bbox 1113 2109 1358 2164; x_wconf 86' lang='lat' dir='ltr'><strong>conatur,</strong></span> <span class='ocrx_word' id='word_1_281' title='bbox 1377 2096 1782 2152; x_wconf 82' lang='lat' dir='ltr'><strong>advenientibus</strong></span> <span class='ocrx_word' id='word_1_282' title='bbox 1804 2095 2089 2164; x_wconf 84' lang='lat' dir='ltr'><strong>episcopis,</strong></span> 
     </span>
    </p>
   </div>
   <div class='ocr_carea' id='block_1_37' title="bbox 513 2189 2094 2268">
    <p class='ocr_par' dir='ltr' id='par_1_37' title="bbox 513 2189 2094 2268">
     <span class='ocr_line' id='line_1_37' title="bbox 513 2189 2094 2268; baseline -0.009 -16"><span class='ocrx_word' id='word_1_283' title='bbox 513 2199 603 2268; x_wconf 89' lang='lat' dir='ltr'><strong>qui</strong></span> <span class='ocrx_word' id='word_1_284' title='bbox 633 2213 718 2252; x_wconf 90' lang='lat' dir='ltr'><strong>me</strong></span> <span class='ocrx_word' id='word_1_285' title='bbox 750 2199 917 2268; x_wconf 80' lang='lat' dir='ltr'><strong>magis</strong></span> <span class='ocrx_word' id='word_1_286' title='bbox 943 2196 1008 2248; x_wconf 90' lang='lat' dir='ltr'><strong>ad</strong></span> <span class='ocrx_word' id='word_1_287' title='bbox 1040 2194 1139 2246; x_wconf 92' lang='lat' dir='ltr'><strong>hoc</strong></span> <span class='ocrx_word' id='word_1_288' title='bbox 1167 2189 1442 2246; x_wconf 65' lang='lat' dir='ltr'><strong>mvhortari</strong></span> <span class='ocrx_word' id='word_1_289' title='bbox 1482 2189 1816 2253; x_wconf 88' lang='lat' dir='ltr'><strong>debuerant,</strong></span> <span class='ocrx_word' id='word_1_290' title='bbox 1861 2197 1917 2240; x_wconf 88' lang='lat' dir='ltr'><strong>ut</strong></span> <span class='ocrx_word' id='word_1_291' title='bbox 1943 2202 2094 2255; x_wconf 75' lang='lat' dir='ltr'><strong>cmp-</strong></span> 
     </span>
    </p>
   </div>
   <div class='ocr_carea' id='block_1_38' title="bbox 513 2277 2098 2355">
    <p class='ocr_par' dir='ltr' id='par_1_38' title="bbox 513 2277 2098 2355">
     <span class='ocr_line' id='line_1_38' title="bbox 513 2277 2098 2355; baseline -0.006 -13"><span class='ocrx_word' id='word_1_292' title='bbox 513 2300 624 2343; x_wconf 89' lang='lat' dir='ltr'><strong>tum</strong></span> <span class='ocrx_word' id='word_1_293' title='bbox 675 2303 806 2355; x_wconf 80' lang='lat' dir='ltr'><strong>Opus</strong></span> <span class='ocrx_word' id='word_1_294' title='bbox 854 2284 1114 2353; x_wconf 81' lang='lat' dir='ltr'><strong>sagaciter</strong></span> <span class='ocrx_word' id='word_1_295' title='bbox 1156 2280 1427 2350; x_wconf 80' lang='lat' dir='ltr'><strong>explicare</strong></span> <span class='ocrx_word' id='word_1_296' title='bbox 1475 2278 1725 2333; x_wconf 85' lang='lat' dir='ltr'><strong>deberem</strong></span> <span class='ocrx_word' id='word_1_297' title='bbox 1753 2316 1770 2341; x_wconf 95' lang='lat'><strong>,</strong></span> <span class='ocrx_word' id='word_1_298' title='bbox 1843 2277 2098 2332; x_wconf 81' lang='lat' dir='ltr'><strong>dixerunt</strong></span> 
     </span>
    </p>
   </div>
   <div class='ocr_carea' id='block_1_39' title="bbox 511 2369 2092 2444">
    <p class='ocr_par' dir='ltr' id='par_1_39' title="bbox 511 2369 2092 2444">
     <span class='ocr_line' id='line_1_39' title="bbox 511 2369 2092 2444; baseline -0.008 -8"><span class='ocrx_word' id='word_1_299' title='bbox 511 2383 642 2436; x_wconf 91' lang='lat' dir='ltr'><strong>mihi</strong></span> <span class='ocrx_word' id='word_1_300' title='bbox 678 2396 693 2434; x_wconf 86' lang='lat'><strong>:</strong></span> <span class='ocrx_word' id='word_1_301' title='bbox 726 2381 840 2433; x_wconf 83' lang='lat' dir='ltr'><strong>Non</strong></span> <span class='ocrx_word' id='word_1_302' title='bbox 870 2389 953 2432; x_wconf 84' lang='lat' dir='ltr'><strong>est</strong></span> <span class='ocrx_word' id='word_1_303' title='bbox 983 2391 1133 2444; x_wconf 64' lang='lat' dir='ltr'><strong>aequa</strong></span> <span class='ocrx_word' id='word_1_304' title='bbox 1167 2373 1279 2427; x_wconf 64' lang='lat' dir='ltr'><strong>haec</strong></span> <span class='ocrx_word' id='word_1_305' title='bbox 1304 2372 1385 2426; x_wconf 85' lang='lat' dir='ltr'><strong>via</strong></span> <span class='ocrx_word' id='word_1_306' title='bbox 1412 2385 1570 2441; x_wconf 87' lang='lat' dir='ltr'><strong>quam</strong></span> <span class='ocrx_word' id='word_1_307' title='bbox 1601 2369 1864 2437; x_wconf 87' lang='lat' dir='ltr'><strong>sequeris,</strong></span> <span class='ocrx_word' id='word_1_308' title='bbox 1905 2383 2008 2423; x_wconf 88' lang='lat' dir='ltr'><strong>nec</strong></span> <span class='ocrx_word' id='word_1_309' title='bbox 2037 2377 2092 2423; x_wconf 89' lang='lat' dir='ltr'><strong>tu</strong></span> 
     </span>
    </p>
   </div>
   <div class='ocr_carea' id='block_1_40' title="bbox 515 2462 2094 2545">
    <p class='ocr_par' dir='ltr' id='par_1_40' title="bbox 515 2462 2094 2545">
     <span class='ocr_line' id='line_1_40' title="bbox 515 2462 2094 2545; baseline -0.009 -16"><span class='ocrx_word' id='word_1_310' title='bbox 515 2473 763 2545; x_wconf 86' lang='lat' dir='ltr'><strong>ignobilis</strong></span> <span class='ocrx_word' id='word_1_311' title='bbox 795 2471 1032 2528; x_wconf 87' lang='lat' dir='ltr'><strong>Simeoni</strong></span> <span class='ocrx_word' id='word_1_312' title='bbox 1063 2466 1089 2506; x_wconf 73' lang='grc' dir='ltr'>δ</span> <span class='ocrx_word' id='word_1_313' title='bbox 1117 2467 1455 2522; x_wconf 85' lang='lat' dir='ltr'><strong>Antiocheno</strong></span> <span class='ocrx_word' id='word_1_314' title='bbox 1479 2508 1494 2531; x_wconf 96' lang='lat'><strong>,</strong></span> <span class='ocrx_word' id='word_1_315' title='bbox 1540 2463 1629 2533; x_wconf 91' lang='lat' dir='ltr'><strong>qui</strong></span> <span class='ocrx_word' id='word_1_316' title='bbox 1655 2463 1917 2517; x_wconf 64' lang='lat' dir='ltr'><strong>columnae</strong></span> <span class='ocrx_word' id='word_1_317' title='bbox 1941 2462 2094 2516; x_wconf 85' lang='lat' dir='ltr'><strong>inse-</strong></span> 
     </span>
    </p>
   </div>
   <div class='ocr_carea' id='block_1_41' title="bbox 510 2552 2095 2631">
    <p class='ocr_par' dir='ltr' id='par_1_41' title="bbox 510 2552 2095 2631">
     <span class='ocr_line' id='line_1_41' title="bbox 510 2552 2095 2631; baseline -0.007 -12"><span class='ocrx_word' id='word_1_318' title='bbox 510 2566 619 2631; x_wconf 86' lang='lat' dir='ltr'><strong>dit,</strong></span> <span class='ocrx_word' id='word_1_319' title='bbox 664 2563 864 2631; x_wconf 90' lang='lat' dir='ltr'><strong>poteris</strong></span> <span class='ocrx_word' id='word_1_320' title='bbox 905 2558 1227 2628; x_wconf 83' lang='lat' dir='ltr'><strong>comparari.</strong></span> <span class='ocrx_word' id='word_1_321' title='bbox 1271 2555 1377 2611; x_wconf 85' lang='lat' dir='ltr'><strong>Sed</strong></span> <span class='ocrx_word' id='word_1_322' title='bbox 1407 2569 1504 2610; x_wconf 89' lang='lat' dir='ltr'><strong>nec</strong></span> <span class='ocrx_word' id='word_1_323' title='bbox 1539 2553 1834 2615; x_wconf 79' lang='lat' dir='ltr'><strong>cruciatum</strong></span> <span class='ocrx_word' id='word_1_324' title='bbox 1877 2552 2016 2607; x_wconf 90' lang='lat' dir='ltr'><strong>hunc</strong></span> <span class='ocrx_word' id='word_1_325' title='bbox 2040 2561 2095 2608; x_wconf 91' lang='lat' dir='ltr'><strong>te</strong></span> 
     </span>
    </p>
   </div>
   <div class='ocr_carea' id='block_1_42' title="bbox 511 2645 2094 2722">
    <p class='ocr_par' dir='ltr' id='par_1_42' title="bbox 511 2645 2094 2722">
     <span class='ocr_line' id='line_1_42' title="bbox 511 2645 2094 2722; baseline -0.006 -14"><span class='ocrx_word' id='word_1_326' title='bbox 511 2655 776 2709; x_wconf 90' lang='lat' dir='ltr'><strong>sustinere</strong></span> <span class='ocrx_word' id='word_1_327' title='bbox 823 2653 1024 2722; x_wconf 85' lang='lat' dir='ltr'><strong>patitur</strong></span> <span class='ocrx_word' id='word_1_328' title='bbox 1066 2649 1168 2704; x_wconf 91' lang='lat' dir='ltr'><strong>loci</strong></span> <span class='ocrx_word' id='word_1_329' title='bbox 1216 2648 1456 2717; x_wconf 83' lang='lat' dir='ltr'><strong>positio:</strong></span> <span class='ocrx_word' id='word_1_330' title='bbox 1499 2645 1767 2700; x_wconf 85' lang='lat' dir='ltr'><strong>descende</strong></span> <span class='ocrx_word' id='word_1_331' title='bbox 1798 2645 1993 2713; x_wconf 90' lang='lat' dir='ltr'><strong>potius,</strong></span> <span class='ocrx_word' id='word_1_332' title='bbox 2039 2651 2094 2699; x_wconf 89' lang='lat' dir='ltr'><strong>et</strong></span> 
     </span>
    </p>
   </div>
   <div class='ocr_carea' id='block_1_43' title="bbox 509 2733 2092 2810">
    <p class='ocr_par' dir='ltr' id='par_1_43' title="bbox 509 2733 2092 2810">
     <span class='ocr_line' id='line_1_43' title="bbox 509 2733 2092 2810; baseline -0.008 -10"><span class='ocrx_word' id='word_1_333' title='bbox 509 2761 626 2800; x_wconf 81' lang='lat' dir='ltr'><strong>cum</strong></span> <span class='ocrx_word' id='word_1_334' title='bbox 662 2743 941 2806; x_wconf 64' lang='lat' dir='ltr'><strong>fratribus,</strong></span> <span class='ocrx_word' id='word_1_335' title='bbox 974 2754 1110 2810; x_wconf 87' lang='lat' dir='ltr'><strong>quos</strong></span> <span class='ocrx_word' id='word_1_336' title='bbox 1151 2737 1451 2810; x_wconf 85' lang='lat' dir='ltr'><strong>aggregasti</strong></span> <span class='ocrx_word' id='word_1_337' title='bbox 1483 2745 1681 2801; x_wconf 91' lang='lat' dir='ltr'><strong>tecum,</strong></span> <span class='ocrx_word' id='word_1_338' title='bbox 1719 2733 1978 2789; x_wconf 87' lang='lat' dir='ltr'><strong>inhabita.</strong></span> <span class='ocrx_word' id='word_1_339' title='bbox 2008 2733 2092 2788; x_wconf 85' lang='lat' dir='ltr'><strong>Ad</strong></span> 
     </span>
    </p>
   </div>
   <div class='ocr_carea' id='block_1_44' title="bbox 509 2824 2093 2905">
    <p class='ocr_par' dir='ltr' id='par_1_44' title="bbox 509 2824 2093 2905">
     <span class='ocr_line' id='line_1_44' title="bbox 509 2824 2093 2905; baseline -0.01 -14"><span class='ocrx_word' id='word_1_340' title='bbox 509 2851 737 2905; x_wconf 78' lang='lat' dir='ltr'><strong>quorum</strong></span> <span class='ocrx_word' id='word_1_341' title='bbox 768 2835 928 2888; x_wconf 84' lang='lat' dir='ltr'><strong>verba</strong></span> <span class='ocrx_word' id='word_1_342' title='bbox 950 2872 967 2896; x_wconf 91' lang='lat'><strong>,</strong></span> <span class='ocrx_word' id='word_1_343' title='bbox 1013 2831 1139 2900; x_wconf 89' lang='lat' dir='ltr'><strong>quia</strong></span> <span class='ocrx_word' id='word_1_344' title='bbox 1179 2827 1488 2884; x_wconf 87' lang='lat' dir='ltr'><strong>sacerdotes</strong></span> <span class='ocrx_word' id='word_1_345' title='bbox 1513 2840 1619 2880; x_wconf 89' lang='lat' dir='ltr'><strong>non</strong></span> <span class='ocrx_word' id='word_1_346' title='bbox 1641 2824 1897 2880; x_wconf 88' lang='lat' dir='ltr'><strong>obaudire</strong></span> <span class='ocrx_word' id='word_1_347' title='bbox 1923 2825 2093 2878; x_wconf 84' lang='lat' dir='ltr'><strong>ascri-</strong></span> 
     </span>
    </p>
   </div>
   <div class='ocr_carea' id='block_1_45' title="bbox 510 2919 2089 2993">
    <p class='ocr_par' dir='ltr' id='par_1_45' title="bbox 510 2919 2089 2993">
     <span class='ocr_line' id='line_1_45' title="bbox 510 2919 2089 2993; baseline -0.008 -7"><span class='ocrx_word' id='word_1_348' title='bbox 510 2930 648 2986; x_wconf 88' lang='lat' dir='ltr'><strong>bitnr</strong></span> <span class='ocrx_word' id='word_1_349' title='bbox 676 2926 894 2982; x_wconf 89' lang='lat' dir='ltr'><strong>crimini</strong></span> <span class='ocrx_word' id='word_1_350' title='bbox 921 2968 935 2993; x_wconf 92' lang='lat'><strong>,</strong></span> <span class='ocrx_word' id='word_1_351' title='bbox 967 2921 1358 2979; x_wconf 86' lang='lat' dir='ltr'><strong>descendebam</strong></span> <span class='ocrx_word' id='word_1_352' title='bbox 1377 2962 1393 2988; x_wconf 94' lang='lat'><strong>,</strong></span> <span class='ocrx_word' id='word_1_353' title='bbox 1438 2920 1630 2987; x_wconf 75' lang='lat' dir='ltr'><strong>fateor,</strong></span> <span class='ocrx_word' id='word_1_354' title='bbox 1661 2928 1716 2975; x_wconf 86' lang='lat' dir='ltr'><strong>et</strong></span> <span class='ocrx_word' id='word_1_355' title='bbox 1751 2919 2089 2974; x_wconf 85' lang='lat' dir='ltr'><strong>ambulabam</strong></span> 
     </span>
    </p>
   </div>
   <div class='ocr_carea' id='block_1_46' title="bbox 512 3009 2088 3083">
    <p class='ocr_par' dir='ltr' id='par_1_46' title="bbox 512 3009 2088 3083">
     <span class='ocr_line' id='line_1_46' title="bbox 512 3009 2088 3083; baseline -0.008 -8"><span class='ocrx_word' id='word_1_356' title='bbox 512 3037 632 3076; x_wconf 90' lang='lat' dir='ltr'><strong>cum</strong></span> <span class='ocrx_word' id='word_1_357' title='bbox 670 3019 906 3083; x_wconf 90' lang='lat' dir='ltr'><strong>eisdem,</strong></span> <span class='ocrx_word' id='word_1_358' title='bbox 949 3029 1012 3068; x_wconf 90' lang='lat' dir='ltr'><strong>ac</strong></span> <span class='ocrx_word' id='word_1_359' title='bbox 1055 3014 1232 3069; x_wconf 87' lang='lat' dir='ltr'><strong>cibum</strong></span> <span class='ocrx_word' id='word_1_360' title='bbox 1280 3011 1479 3080; x_wconf 87' lang='lat' dir='ltr'><strong>pariter</strong></span> <span class='ocrx_word' id='word_1_361' title='bbox 1511 3011 1808 3079; x_wconf 86' lang='lat' dir='ltr'><strong>capiebam.</strong></span> <span class='ocrx_word' id='word_1_362' title='bbox 1849 3009 2088 3076; x_wconf 84' lang='lat' dir='ltr'><strong>Quadam</strong></span> 
     </span>
    </p>
   </div>
   <div class='ocr_carea' id='block_1_47' title="bbox 2199 1911 3782 1989">
    <p class='ocr_par' dir='ltr' id='par_1_47' title="bbox 2199 1911 3782 1989">
     <span class='ocr_line' id='line_1_47' title="bbox 2199 1911 3782 1989; baseline 0.003 -24"><span class='ocrx_word' id='word_1_363' title='bbox 2199 1913 2250 1966; x_wconf 91' lang='lat' dir='ltr'><strong>in</strong></span> <span class='ocrx_word' id='word_1_364' title='bbox 2277 1911 2529 1981; x_wconf 89' lang='lat' dir='ltr'><strong>perjuriis</strong></span> <span class='ocrx_word' id='word_1_365' title='bbox 2568 1929 2672 1968; x_wconf 87' lang='lat' dir='ltr'><strong>non</strong></span> <span class='ocrx_word' id='word_1_366' title='bbox 2703 1913 3044 1974; x_wconf 83' lang='lat' dir='ltr'><strong>ulciscantur,</strong></span> <span class='ocrx_word' id='word_1_367' title='bbox 3069 1929 3196 1970; x_wconf 87' lang='lat' dir='ltr'><strong>ecce</strong></span> <span class='ocrx_word' id='word_1_368' title='bbox 3221 1917 3478 1985; x_wconf 86' lang='lat' dir='ltr'><strong>templum</strong></span> <span class='ocrx_word' id='word_1_369' title='bbox 3509 1931 3782 1989; x_wconf 80' lang='lat' dir='ltr'><strong>sanctum,</strong></span> 
     </span>
    </p>
   </div>
   <div class='ocr_carea' id='block_1_48' title="bbox 2194 2003 3786 2075">
    <p class='ocr_par' dir='ltr' id='par_1_48' title="bbox 2194 2003 3786 2075">
     <span class='ocr_line' id='line_1_48' title="bbox 2194 2003 3786 2075; baseline 0.005 -17"><span class='ocrx_word' id='word_1_370' title='bbox 2194 2013 2413 2058; x_wconf 90' lang='lat' dir='ltr'><strong>econtra</strong></span> <span class='ocrx_word' id='word_1_371' title='bbox 2432 2003 2552 2072; x_wconf 88' lang='lat' dir='ltr'><strong>jura</strong></span> <span class='ocrx_word' id='word_1_372' title='bbox 2585 2011 2642 2058; x_wconf 91' lang='lat' dir='ltr'><strong>ut</strong></span> <span class='ocrx_word' id='word_1_373' title='bbox 2672 2005 2836 2071; x_wconf 88' lang='lat' dir='ltr'><strong>libet;</strong></span> <span class='ocrx_word' id='word_1_374' title='bbox 2883 2006 3045 2075; x_wconf 82' lang='lat'><strong>390</strong></span> <span class='ocrx_word' id='word_1_375' title='bbox 3076 2020 3195 2060; x_wconf 90' lang='lat' dir='ltr'><strong>nam</strong></span> <span class='ocrx_word' id='word_1_376' title='bbox 3225 2008 3431 2063; x_wconf 88' lang='lat' dir='ltr'><strong>calcare</strong></span> <span class='ocrx_word' id='word_1_377' title='bbox 3480 2010 3640 2066; x_wconf 82' lang='lat' dir='ltr'><strong>limen</strong></span> <span class='ocrx_word' id='word_1_378' title='bbox 3688 2028 3786 2065; x_wconf 59' lang='lat' dir='ltr'><strong>sa-</strong></span> 
     </span>
    </p>
   </div>
   <div class='ocr_carea' id='block_1_49' title="bbox 2193 2098 3780 2166">
    <p class='ocr_par' dir='ltr' id='par_1_49' title="bbox 2193 2098 3780 2166">
     <span class='ocr_line' id='line_1_49' title="bbox 2193 2098 3780 2166; baseline 0.005 -16"><span class='ocrx_word' id='word_1_379' title='bbox 2193 2111 2342 2151; x_wconf 88' lang='lat' dir='ltr'><strong>crum</strong></span> <span class='ocrx_word' id='word_1_380' title='bbox 2373 2111 2477 2150; x_wconf 88' lang='lat' dir='ltr'><strong>non</strong></span> <span class='ocrx_word' id='word_1_381' title='bbox 2513 2098 2859 2166; x_wconf 87' lang='lat' dir='ltr'><strong>permitteris.</strong></span> <span class='ocrx_word' id='word_1_382' title='bbox 2890 2102 2957 2152; x_wconf 87' lang='lat' dir='ltr'><strong>At</strong></span> <span class='ocrx_word' id='word_1_383' title='bbox 3004 2100 3091 2152; x_wconf 89' lang='lat' dir='ltr'><strong>ille</strong></span> <span class='ocrx_word' id='word_1_384' title='bbox 3115 2099 3338 2156; x_wconf 87' lang='lat' dir='ltr'><strong>elevatis</strong></span> <span class='ocrx_word' id='word_1_385' title='bbox 3367 2103 3632 2166; x_wconf 87' lang='lat' dir='ltr'><strong>manibus,</strong></span> <span class='ocrx_word' id='word_1_386' title='bbox 3661 2105 3736 2158; x_wconf 90' lang='lat' dir='ltr'><strong>ait</strong></span> <span class='ocrx_word' id='word_1_387' title='bbox 3765 2123 3780 2158; x_wconf 90' lang='lat'><strong>:</strong></span> 
     </span>
    </p>
   </div>
   <div class='ocr_carea' id='block_1_50' title="bbox 2193 2186 3784 2255">
    <p class='ocr_par' dir='ltr' id='par_1_50' title="bbox 2193 2186 3784 2255">
     <span class='ocr_line' id='line_1_50' title="bbox 2193 2186 3784 2255; baseline 0.006 -15"><span class='ocrx_word' id='word_1_388' title='bbox 2193 2186 2295 2241; x_wconf 90' lang='lat' dir='ltr'><strong>Per</strong></span> <span class='ocrx_word' id='word_1_389' title='bbox 2334 2188 2759 2255; x_wconf 87' lang='lat' dir='ltr'><strong>omnipotentem</strong></span> <span class='ocrx_word' id='word_1_390' title='bbox 2811 2187 2973 2242; x_wconf 90' lang='lat' dir='ltr'><strong>Demn</strong></span> <span class='ocrx_word' id='word_1_391' title='bbox 3005 2198 3059 2243; x_wconf 90' lang='lat' dir='ltr'><strong>et</strong></span> <span class='ocrx_word' id='word_1_392' title='bbox 3105 2191 3355 2246; x_wconf 87' lang='lat' dir='ltr'><strong>virtutem</strong></span> <span class='ocrx_word' id='word_1_393' title='bbox 3387 2193 3526 2248; x_wconf 91' lang='lat' dir='ltr'><strong>beati</strong></span> <span class='ocrx_word' id='word_1_394' title='bbox 3570 2194 3784 2250; x_wconf 67' lang='lat' dir='ltr'><strong>Martni</strong></span> 
     </span>
    </p>
   </div>
   <div class='ocr_carea' id='block_1_51' title="bbox 2193 2277 3780 2346">
    <p class='ocr_par' dir='ltr' id='par_1_51' title="bbox 2193 2277 3780 2346">
     <span class='ocr_line' id='line_1_51' title="bbox 2193 2277 3780 2346; baseline 0.006 -16"><span class='ocrx_word' id='word_1_395' title='bbox 2193 2277 2445 2330; x_wconf 89' lang='lat' dir='ltr'><strong>antistitis</strong></span> <span class='ocrx_word' id='word_1_396' title='bbox 2469 2277 2609 2345; x_wconf 83' lang='lat' dir='ltr'><strong>ejus,</strong></span> <span class='ocrx_word' id='word_1_397' title='bbox 2628 2280 2752 2346; x_wconf 87' lang='lat' dir='ltr'><strong>quia</strong></span> <span class='ocrx_word' id='word_1_398' title='bbox 2782 2277 2883 2333; x_wconf 92' lang='lat' dir='ltr'><strong>hoc</strong></span> <span class='ocrx_word' id='word_1_399' title='bbox 2907 2279 3212 2334; x_wconf 88' lang='lat' dir='ltr'><strong>incendium</strong></span> <span class='ocrx_word' id='word_1_400' title='bbox 3239 2297 3344 2335; x_wconf 91' lang='lat' dir='ltr'><strong>non</strong></span> <span class='ocrx_word' id='word_1_401' title='bbox 3383 2281 3595 2337; x_wconf 87' lang='lat' dir='ltr'><strong>admisi.</strong></span> <span class='ocrx_word' id='word_1_402' title='bbox 3625 2284 3780 2339; x_wconf 87' lang='lat' dir='ltr'><strong>Datis</strong></span> 
     </span>
    </p>
   </div>
   <div class='ocr_carea' id='block_1_52' title="bbox 2194 2370 3784 2439">
    <p class='ocr_par' dir='ltr' id='par_1_52' title="bbox 2194 2370 3784 2439">
     <span class='ocr_line' id='line_1_52' title="bbox 2194 2370 3784 2439; baseline 0.005 -16"><span class='ocrx_word' id='word_1_403' title='bbox 2194 2370 2370 2439; x_wconf 88' lang='lat' dir='ltr'><strong>itaque</strong></span> <span class='ocrx_word' id='word_1_404' title='bbox 2398 2371 2787 2439; x_wconf 87' lang='lat' dir='ltr'><strong>sacramentis,</strong></span> <span class='ocrx_word' id='word_1_405' title='bbox 2821 2370 2946 2424; x_wconf 91' lang='lat' dir='ltr'><strong>dum</strong></span> <span class='ocrx_word' id='word_1_406' title='bbox 3004 2371 3324 2438; x_wconf 88' lang='lat' dir='ltr'><strong>recederet,</strong></span> <span class='ocrx_word' id='word_1_407' title='bbox 3373 2373 3540 2428; x_wconf 89' lang='lat' dir='ltr'><strong>visum</strong></span> <span class='ocrx_word' id='word_1_408' title='bbox 3595 2384 3680 2430; x_wconf 88' lang='lat' dir='ltr'><strong>est</strong></span> <span class='ocrx_word' id='word_1_409' title='bbox 3729 2379 3784 2432; x_wconf 86' lang='lat' dir='ltr'><strong>ei</strong></span> 
     </span>
    </p>
   </div>
   <div class='ocr_carea' id='block_1_53' title="bbox 2193 2462 3784 2535">
    <p class='ocr_par' dir='ltr' id='par_1_53' title="bbox 2193 2462 3784 2535">
     <span class='ocr_line' id='line_1_53' title="bbox 2193 2462 3784 2535; baseline 0.004 -19"><span class='ocrx_word' id='word_1_410' title='bbox 2193 2463 2348 2532; x_wconf 91' lang='lat' dir='ltr'><strong>quasi</strong></span> <span class='ocrx_word' id='word_1_411' title='bbox 2377 2462 2445 2515; x_wconf 90' lang='lat' dir='ltr'><strong>ab</strong></span> <span class='ocrx_word' id='word_1_412' title='bbox 2477 2462 2598 2531; x_wconf 85' lang='lat' dir='ltr'><strong>igne</strong></span> <span class='ocrx_word' id='word_1_413' title='bbox 2622 2462 2978 2529; x_wconf 89' lang='lat' dir='ltr'><strong>circumdari;</strong></span> <span class='ocrx_word' id='word_1_414' title='bbox 3006 2473 3059 2518; x_wconf 92' lang='lat' dir='ltr'><strong>et</strong></span> <span class='ocrx_word' id='word_1_415' title='bbox 3083 2465 3264 2519; x_wconf 88' lang='lat' dir='ltr'><strong>statim</strong></span> <span class='ocrx_word' id='word_1_416' title='bbox 3290 2480 3450 2520; x_wconf 90' lang='lat' dir='ltr'><strong>ruens</strong></span> <span class='ocrx_word' id='word_1_417' title='bbox 3477 2468 3529 2520; x_wconf 91' lang='lat' dir='ltr'><strong>in</strong></span> <span class='ocrx_word' id='word_1_418' title='bbox 3558 2477 3784 2535; x_wconf 83' lang='lat' dir='ltr'><strong>terram,</strong></span> 
     </span>
    </p>
   </div>
   <div class='ocr_carea' id='block_1_54' title="bbox 2191 2552 3780 2622">
    <p class='ocr_par' dir='ltr' id='par_1_54' title="bbox 2191 2552 3780 2622">
     <span class='ocr_line' id='line_1_54' title="bbox 2191 2552 3780 2622; baseline 0.004 -15"><span class='ocrx_word' id='word_1_419' title='bbox 2191 2552 2428 2607; x_wconf 84' lang='lat' dir='ltr'><strong>clamare</strong></span> <span class='ocrx_word' id='word_1_420' title='bbox 2456 2554 2623 2622; x_wconf 75' lang='lat' dir='ltr'><strong>cmpit</strong></span> <span class='ocrx_word' id='word_1_421' title='bbox 2649 2568 2708 2608; x_wconf 93' lang='lat' dir='ltr'><strong>se</strong></span> <span class='ocrx_word' id='word_1_422' title='bbox 2727 2567 2757 2607; x_wconf 87' lang='lat' dir='ltr'><strong>a</strong></span> <span class='ocrx_word' id='word_1_423' title='bbox 2785 2553 2942 2608; x_wconf 89' lang='lat' dir='ltr'><strong>beato</strong></span> <span class='ocrx_word' id='word_1_424' title='bbox 2967 2554 3204 2611; x_wconf 86' lang='lat' dir='ltr'><strong>antistite</strong></span> <span class='ocrx_word' id='word_1_425' title='bbox 3233 2557 3580 2613; x_wconf 89' lang='lat' dir='ltr'><strong>vehementer</strong></span> <span class='ocrx_word' id='word_1_426' title='bbox 3598 2562 3780 2614; x_wconf 75' lang='lat' dir='ltr'><strong>exuri.</strong></span> 
     </span>
    </p>
   </div>
   <div class='ocr_carea' id='block_1_55' title="bbox 2191 2643 3776 2719">
    <p class='ocr_par' dir='ltr' id='par_1_55' title="bbox 2191 2643 3776 2719">
     <span class='ocr_line' id='line_1_55' title="bbox 2191 2643 3776 2719; baseline 0.004 -20"><span class='ocrx_word' id='word_1_427' title='bbox 2191 2643 2381 2699; x_wconf 85' lang='lat' dir='ltr'><strong>Aiebat</strong></span> <span class='ocrx_word' id='word_1_428' title='bbox 2411 2643 2554 2698; x_wconf 88' lang='lat' dir='ltr'><strong>enim</strong></span> <span class='ocrx_word' id='word_1_429' title='bbox 2611 2645 2821 2700; x_wconf 90' lang='lat' dir='ltr'><strong>miser:</strong></span> <span class='ocrx_word' id='word_1_430' title='bbox 2871 2644 3061 2702; x_wconf 84' lang='lat' dir='ltr'><strong>Testor</strong></span> <span class='ocrx_word' id='word_1_431' title='bbox 3115 2647 3301 2714; x_wconf 91' lang='lat' dir='ltr'><strong>Deum,</strong></span> <span class='ocrx_word' id='word_1_432' title='bbox 3349 2649 3470 2718; x_wconf 85' lang='lat' dir='ltr'><strong>quia</strong></span> <span class='ocrx_word' id='word_1_433' title='bbox 3517 2665 3615 2719; x_wconf 90' lang='lat' dir='ltr'><strong>ego</strong></span> <span class='ocrx_word' id='word_1_434' title='bbox 3665 2651 3776 2705; x_wconf 80' lang='lat' dir='ltr'><strong>vidi</strong></span> 
     </span>
    </p>
   </div>
   <div class='ocr_carea' id='block_1_56' title="bbox 2193 2735 3787 2806">
    <p class='ocr_par' dir='ltr' id='par_1_56' title="bbox 2193 2735 3787 2806">
     <span class='ocr_line' id='line_1_56' title="bbox 2193 2735 3787 2806; baseline 0.004 -16"><span class='ocrx_word' id='word_1_435' title='bbox 2193 2737 2366 2806; x_wconf 83' lang='lat' dir='ltr'><strong>ignem</strong></span> <span class='ocrx_word' id='word_1_436' title='bbox 2396 2735 2462 2791; x_wconf 90' lang='lat' dir='ltr'><strong>de</strong></span> <span class='ocrx_word' id='word_1_437' title='bbox 2493 2737 2634 2792; x_wconf 78' lang='lat' dir='ltr'><strong>cmlo</strong></span> <span class='ocrx_word' id='word_1_438' title='bbox 2675 2737 2894 2802; x_wconf 77' lang='lat' dir='ltr'><strong>cadere,</strong></span> <span class='ocrx_word' id='word_1_439' title='bbox 2927 2739 3017 2806; x_wconf 89' lang='lat' dir='ltr'><strong>qui</strong></span> <span class='ocrx_word' id='word_1_440' title='bbox 3075 2753 3161 2793; x_wconf 88' lang='lat' dir='ltr'><strong>me</strong></span> <span class='ocrx_word' id='word_1_441' title='bbox 3201 2739 3538 2793; x_wconf 87' lang='lat' dir='ltr'><strong>circumdans</strong></span> <span class='ocrx_word' id='word_1_442' title='bbox 3583 2741 3787 2796; x_wconf 84' lang='lat' dir='ltr'><strong>validis</strong></span> 
     </span>
    </p>
   </div>
   <div class='ocr_carea' id='block_1_57' title="bbox 2192 2826 3783 2899">
    <p class='ocr_par' dir='ltr' id='par_1_57' title="bbox 2192 2826 3783 2899">
     <span class='ocr_line' id='line_1_57' title="bbox 2192 2826 3783 2899; baseline 0.006 -22"><span class='ocrx_word' id='word_1_443' title='bbox 2192 2826 2476 2897; x_wconf 90' lang='lat' dir='ltr'><strong>vaporibus</strong></span> <span class='ocrx_word' id='word_1_444' title='bbox 2503 2826 2718 2882; x_wconf 77' lang='lat' dir='ltr'><strong>conﬁat.</strong></span> <span class='ocrx_word' id='word_1_445' title='bbox 2748 2828 2810 2882; x_wconf 88' lang='lat' dir='ltr'><strong>Et</strong></span> <span class='ocrx_word' id='word_1_446' title='bbox 2840 2827 2964 2881; x_wconf 93' lang='lat' dir='ltr'><strong>dum</strong></span> <span class='ocrx_word' id='word_1_447' title='bbox 3011 2828 3124 2882; x_wconf 61' lang='lat' dir='ltr'><strong>baic</strong></span> <span class='ocrx_word' id='word_1_448' title='bbox 3156 2829 3376 2894; x_wconf 88' lang='lat' dir='ltr'><strong>diceret,</strong></span> <span class='ocrx_word' id='word_1_449' title='bbox 3400 2831 3648 2899; x_wconf 84' lang='lat' dir='ltr'><strong>spiritum</strong></span> <span class='ocrx_word' id='word_1_450' title='bbox 3679 2849 3783 2886; x_wconf 77' lang='lat' dir='ltr'><strong>ex-</strong></span> 
     </span>
    </p>
   </div>
   <div class='ocr_carea' id='block_1_58' title="bbox 2193 2916 3778 2986">
    <p class='ocr_par' dir='ltr' id='par_1_58' title="bbox 2193 2916 3778 2986">
     <span class='ocr_line' id='line_1_58' title="bbox 2193 2916 3778 2986; baseline 0.005 -16"><span class='ocrx_word' id='word_1_451' title='bbox 2193 2916 2410 2971; x_wconf 88' lang='lat' dir='ltr'><strong>halavit.</strong></span> <span class='ocrx_word' id='word_1_452' title='bbox 2459 2917 2638 2972; x_wconf 85' lang='lat' dir='ltr'><strong>Multis</strong></span> <span class='ocrx_word' id='word_1_453' title='bbox 2697 2919 2811 2972; x_wconf 67' lang='lat' dir='ltr'><strong>hinc</strong></span> <span class='ocrx_word' id='word_1_454' title='bbox 2841 2933 3002 2973; x_wconf 89' lang='lat' dir='ltr'><strong>causa</strong></span> <span class='ocrx_word' id='word_1_455' title='bbox 3048 2919 3422 2974; x_wconf 83' lang='lat' dir='ltr'><strong>documentum</strong></span> <span class='ocrx_word' id='word_1_456' title='bbox 3473 2921 3590 2986; x_wconf 89' lang='lat' dir='ltr'><strong>fuit,</strong></span> <span class='ocrx_word' id='word_1_457' title='bbox 3623 2938 3691 2977; x_wconf 88' lang='lat' dir='ltr'><strong>ne</strong></span> <span class='ocrx_word' id='word_1_458' title='bbox 3723 2925 3778 2979; x_wconf 80' lang='lat' dir='ltr'><strong>in</strong></span> 
     </span>
    </p>
   </div>
   <div class='ocr_carea' id='block_1_59' title="bbox 2192 3006 3782 3082">
    <p class='ocr_par' dir='ltr' id='par_1_59' title="bbox 2192 3006 3782 3082">
     <span class='ocr_line' id='line_1_59' title="bbox 2192 3006 3782 3082; baseline 0.006 -21"><span class='ocrx_word' id='word_1_459' title='bbox 2192 3006 2295 3062; x_wconf 92' lang='lat' dir='ltr'><strong>boc</strong></span> <span class='ocrx_word' id='word_1_460' title='bbox 2325 3007 2443 3062; x_wconf 91' lang='lat' dir='ltr'><strong>loco</strong></span> <span class='ocrx_word' id='word_1_461' title='bbox 2471 3007 2732 3063; x_wconf 87' lang='lat' dir='ltr'><strong>auderent</strong></span> <span class='ocrx_word' id='word_1_462' title='bbox 2761 3009 2983 3064; x_wconf 87' lang='lat' dir='ltr'><strong>ulterius</strong></span> <span class='ocrx_word' id='word_1_463' title='bbox 3013 3009 3270 3079; x_wconf 78' lang='lat' dir='ltr'><strong>pejeraie.</strong></span> <span class='ocrx_word' id='word_1_464' title='bbox 3297 3009 3530 3066; x_wconf 87' lang='lat' dir='ltr'><strong>Plurima</strong></span> <span class='ocrx_word' id='word_1_465' title='bbox 3556 3015 3782 3082; x_wconf 82' lang='lat' dir='ltr'><strong>quidem</strong></span> 
     </span>
    </p>
   </div>
   <div class='ocr_carea' id='block_1_60' title="bbox 512 3099 2085 3178">
    <p class='ocr_par' dir='ltr' id='par_1_60' title="bbox 512 3099 2085 3178">
     <span class='ocr_line' id='line_1_60' title="bbox 512 3099 2085 3178; baseline -0.008 -14"><span class='ocrx_word' id='word_1_466' title='bbox 512 3125 640 3165; x_wconf 89' lang='lat' dir='ltr'><strong>vero</strong></span> <span class='ocrx_word' id='word_1_467' title='bbox 669 3109 757 3162; x_wconf 87' lang='lat' dir='ltr'><strong>dte</strong></span> <span class='ocrx_word' id='word_1_468' title='bbox 789 3119 1086 3178; x_wconf 80' lang='lat' dir='ltr'><strong>provocans</strong></span> <span class='ocrx_word' id='word_1_469' title='bbox 1115 3119 1200 3157; x_wconf 91' lang='lat' dir='ltr'><strong>me</strong></span> <span class='ocrx_word' id='word_1_470' title='bbox 1227 3100 1530 3169; x_wconf 77' lang='lat' dir='ltr'><strong>episcopus,</strong></span> <span class='ocrx_word' id='word_1_471' title='bbox 1556 3100 1765 3168; x_wconf 80' lang='lat' dir='ltr'><strong>longius</strong></span> <span class='ocrx_word' id='word_1_472' title='bbox 1805 3099 1871 3154; x_wconf 90' lang='lat' dir='ltr'><strong>ad</strong></span> <span class='ocrx_word' id='word_1_473' title='bbox 1901 3099 2085 3154; x_wconf 79' lang='lat' dir='ltr'><strong>villam</strong></span> 
     </span>
    </p>
   </div>
   <div class='ocr_carea' id='block_1_61' title="bbox 2192 3099 3783 3178">
    <p class='ocr_par' dir='ltr' id='par_1_61' title="bbox 2192 3103 3783 3178">
     <span class='ocr_line' id='line_1_61' title="bbox 2192 3103 3783 3178; baseline 0.004 -20"><span class='ocrx_word' id='word_1_474' title='bbox 2192 3103 2258 3159; x_wconf 91' lang='lat' dir='ltr'><strong>de</strong></span> <span class='ocrx_word' id='word_1_475' title='bbox 2284 3104 2368 3160; x_wconf 89' lang='lat' dir='ltr'><strong>his</strong></span> <span class='ocrx_word' id='word_1_476' title='bbox 2395 3105 2682 3160; x_wconf 78' lang='lat' dir='ltr'><strong>virtutibus</strong></span> <span class='ocrx_word' id='word_1_477' title='bbox 2704 3109 2788 3160; x_wconf 86' lang='lat' dir='ltr'><strong>Inc</strong></span> <span class='ocrx_word' id='word_1_478' title='bbox 2814 3107 3069 3160; x_wconf 88' lang='lat' dir='ltr'><strong>diaconus</strong></span> <span class='ocrx_word' id='word_1_479' title='bbox 3096 3106 3296 3171; x_wconf 90' lang='lat' dir='ltr'><strong>retulit,</strong></span> <span class='ocrx_word' id='word_1_480' title='bbox 3337 3123 3455 3175; x_wconf 73' lang='lat' dir='ltr'><strong>qua:</strong></span> <span class='ocrx_word' id='word_1_481' title='bbox 3476 3111 3630 3178; x_wconf 89' lang='lat' dir='ltr'><strong>sequi</strong></span> <span class='ocrx_word' id='word_1_482' title='bbox 3662 3111 3783 3165; x_wconf 85' lang='lat' dir='ltr'><strong>lon-</strong></span> 
     </span>
    </p>
   </div>
   <div class='ocr_carea' id='block_1_62' title="bbox 510 3185 2538 3265">
    <p class='ocr_par' dir='ltr' id='par_1_62' title="bbox 510 3185 2538 3265">
     <span class='ocr_line' id='line_1_62' title="bbox 510 3185 2538 3265; baseline -0.005 -8"><span class='ocrx_word' id='word_1_483' title='bbox 510 3202 686 3257; x_wconf 89' lang='lat' dir='ltr'><strong>emisit</strong></span> <span class='ocrx_word' id='word_1_484' title='bbox 717 3197 992 3265; x_wconf 78' lang='lat' dir='ltr'><strong>cperarios</strong></span> <span class='ocrx_word' id='word_1_485' title='bbox 1032 3209 1153 3250; x_wconf 91' lang='lat' dir='ltr'><strong>cum</strong></span> <span class='ocrx_word' id='word_1_486' title='bbox 1183 3192 1347 3248; x_wconf 87' lang='lat' dir='ltr'><strong>scutis</strong></span> <span class='ocrx_word' id='word_1_487' title='bbox 1369 3201 1424 3247; x_wconf 91' lang='lat' dir='ltr'><strong>et</strong></span> <span class='ocrx_word' id='word_1_488' title='bbox 1453 3191 1658 3246; x_wconf 88' lang='lat' dir='ltr'><strong>malleis</strong></span> <span class='ocrx_word' id='word_1_489' title='bbox 1696 3204 1760 3244; x_wconf 89' lang='lat' dir='ltr'><strong>ac</strong></span> <span class='ocrx_word' id='word_1_490' title='bbox 1783 3189 2081 3255; x_wconf 89' lang='lat' dir='ltr'><strong>securibus,</strong></span> <span class='ocrx_word' id='word_1_491' title='bbox 2113 3185 2160 3249; x_wconf 84' lang='lat' dir='ltr'>C</span> <span class='ocrx_word' id='word_1_492' title='bbox 2188 3208 2310 3264; x_wconf 91' lang='lat' dir='ltr'><strong>gum</strong></span> <span class='ocrx_word' id='word_1_493' title='bbox 2339 3195 2538 3265; x_wconf 89' lang='lat' dir='ltr'><strong>putavi.</strong></span> 
     </span>
    </p>
   </div>
   <div class='ocr_carea' id='block_1_63' title="bbox 512 3282 2086 3355">
    <p class='ocr_par' dir='ltr' id='par_1_63' title="bbox 512 3282 2086 3355">
     <span class='ocr_line' id='line_1_63' title="bbox 512 3282 2086 3355; baseline -0.008 -6"><span class='ocrx_word' id='word_1_494' title='bbox 512 3308 565 3349; x_wconf 86' lang='lat' dir='ltr'><strong>et</strong></span> <span class='ocrx_word' id='word_1_495' title='bbox 595 3295 854 3347; x_wconf 86' lang='lat' dir='ltr'><strong>eliseruut</strong></span> <span class='ocrx_word' id='word_1_496' title='bbox 893 3290 1200 3343; x_wconf 88' lang='lat' dir='ltr'><strong>columnam</strong></span> <span class='ocrx_word' id='word_1_497' title='bbox 1234 3289 1285 3340; x_wconf 89' lang='lat' dir='ltr'><strong>in</strong></span> <span class='ocrx_word' id='word_1_498' title='bbox 1314 3299 1416 3355; x_wconf 92' lang='lat' dir='ltr'><strong>qua</strong></span> <span class='ocrx_word' id='word_1_499' title='bbox 1445 3293 1588 3338; x_wconf 88' lang='lat' dir='ltr'><strong>stare</strong></span> <span class='ocrx_word' id='word_1_500' title='bbox 1613 3283 1801 3338; x_wconf 88' lang='lat' dir='ltr'><strong>solitus</strong></span> <span class='ocrx_word' id='word_1_501' title='bbox 1829 3297 1994 3339; x_wconf 85' lang='lat' dir='ltr'><strong>eram.</strong></span> <span class='ocrx_word' id='word_1_502' title='bbox 2028 3282 2086 3337; x_wconf 88' lang='lat' dir='ltr'><strong>In</strong></span> 
     </span>
    </p>
   </div>
   <div class='ocr_carea' id='block_1_64' title="bbox 509 3373 2087 3445">
    <p class='ocr_par' dir='ltr' id='par_1_64' title="bbox 509 3373 2087 3445">
     <span class='ocr_line' id='line_1_64' title="bbox 509 3373 2087 3445; baseline -0.009 -4"><span class='ocrx_word' id='word_1_503' title='bbox 509 3388 744 3441; x_wconf 58' lang='lat' dir='ltr'><strong>crastino</strong></span> <span class='ocrx_word' id='word_1_504' title='bbox 784 3392 960 3435; x_wconf 88' lang='lat' dir='ltr'><strong>autem</strong></span> <span class='ocrx_word' id='word_1_505' title='bbox 994 3381 1211 3433; x_wconf 73' lang='lat' dir='ltr'><strong>veniens</strong></span> <span class='ocrx_word' id='word_1_506' title='bbox 1235 3418 1251 3442; x_wconf 93' lang='lat'><strong>,</strong></span> <span class='ocrx_word' id='word_1_507' title='bbox 1298 3375 1476 3430; x_wconf 89' lang='lat' dir='ltr'><strong>inveni</strong></span> <span class='ocrx_word' id='word_1_508' title='bbox 1508 3375 1671 3445; x_wconf 77' lang='lat'><strong>389</strong></span> <span class='ocrx_word' id='word_1_509' title='bbox 1707 3375 1883 3428; x_wconf 86' lang='lat' dir='ltr'><strong>omnia</strong></span> <span class='ocrx_word' id='word_1_510' title='bbox 1927 3373 2087 3428; x_wconf 74' lang='lat' dir='ltr'><strong>dissi-</strong></span> 
     </span>
    </p>
   </div>
   <div class='ocr_carea' id='block_1_65' title="bbox 510 3467 2084 3547">
    <p class='ocr_par' dir='ltr' id='par_1_65' title="bbox 510 3467 2084 3547">
     <span class='ocr_line' id='line_1_65' title="bbox 510 3467 2084 3547; baseline -0.006 -16"><span class='ocrx_word' id='word_1_511' title='bbox 510 3490 660 3547; x_wconf 89' lang='lat' dir='ltr'><strong>pata,</strong></span> <span class='ocrx_word' id='word_1_512' title='bbox 695 3476 922 3543; x_wconf 67' lang='lat' dir='ltr'><strong>Iles-ique</strong></span> <span class='ocrx_word' id='word_1_513' title='bbox 962 3471 1344 3536; x_wconf 86' lang='lat' dir='ltr'><strong>vehementer;</strong></span> <span class='ocrx_word' id='word_1_514' title='bbox 1374 3467 1468 3524; x_wconf 90' lang='lat' dir='ltr'><strong>sed</strong></span> <span class='ocrx_word' id='word_1_515' title='bbox 1490 3470 1697 3536; x_wconf 85' lang='lat' dir='ltr'><strong>erigere</strong></span> <span class='ocrx_word' id='word_1_516' title='bbox 1731 3468 1942 3536; x_wconf 83' lang='lat' dir='ltr'><strong>nequivi</strong></span> <span class='ocrx_word' id='word_1_517' title='bbox 1966 3482 2084 3534; x_wconf 72' lang='lat' dir='ltr'><strong>qua:</strong></span> 
     </span>
    </p>
   </div>
   <div class='ocr_carea' id='block_1_66' title="bbox 506 3555 2087 3625">
    <p class='ocr_par' dir='ltr' id='par_1_66' title="bbox 506 3555 2087 3625">
     <span class='ocr_line' id='line_1_66' title="bbox 506 3555 2087 3625; baseline -0.009 -2"><span class='ocrx_word' id='word_1_518' title='bbox 506 3571 898 3625; x_wconf 82' lang='lat' dir='ltr'><strong>destruxerant,</strong></span> <span class='ocrx_word' id='word_1_519' title='bbox 923 3578 990 3616; x_wconf 89' lang='lat' dir='ltr'><strong>ne</strong></span> <span class='ocrx_word' id='word_1_520' title='bbox 1012 3561 1221 3614; x_wconf 87' lang='lat' dir='ltr'><strong>dicerer</strong></span> <span class='ocrx_word' id='word_1_521' title='bbox 1236 3558 1538 3614; x_wconf 90' lang='lat' dir='ltr'><strong>contrarius</strong></span> <span class='ocrx_word' id='word_1_522' title='bbox 1559 3555 1883 3624; x_wconf 89' lang='lat' dir='ltr'><strong>jussiouibus</strong></span> <span class='ocrx_word' id='word_1_523' title='bbox 1909 3569 2087 3610; x_wconf 78' lang='lat' dir='ltr'><strong>sat-er-</strong></span> 
     </span>
    </p>
   </div>
   <div class='ocr_carea' id='block_1_67' title="bbox 506 3647 2084 3722">
    <p class='ocr_par' dir='ltr' id='par_1_67' title="bbox 506 3647 2084 3722">
     <span class='ocr_line' id='line_1_67' title="bbox 506 3647 2084 3722; baseline -0.006 -10"><span class='ocrx_word' id='word_1_524' title='bbox 506 3663 719 3722; x_wconf 84' lang='lat' dir='ltr'><strong>dotum,</strong></span> <span class='ocrx_word' id='word_1_525' title='bbox 744 3665 802 3710; x_wconf 89' lang='lat' dir='ltr'><strong>et</strong></span> <span class='ocrx_word' id='word_1_526' title='bbox 829 3671 896 3707; x_wconf 75' lang='lat' dir='ltr'><strong>ex</strong></span> <span class='ocrx_word' id='word_1_527' title='bbox 928 3654 1058 3715; x_wconf 90' lang='lat' dir='ltr'><strong>hoc,</strong></span> <span class='ocrx_word' id='word_1_528' title='bbox 1090 3656 1229 3706; x_wconf 88' lang='lat' dir='ltr'><strong>sicut</strong></span> <span class='ocrx_word' id='word_1_529' title='bbox 1252 3663 1394 3704; x_wconf 86' lang='lat' dir='ltr'><strong>nunc</strong></span> <span class='ocrx_word' id='word_1_530' title='bbox 1423 3649 1635 3713; x_wconf 84' lang='lat' dir='ltr'><strong>habito,</strong></span> <span class='ocrx_word' id='word_1_531' title='bbox 1668 3662 1789 3702; x_wconf 88' lang='lat' dir='ltr'><strong>cum</strong></span> <span class='ocrx_word' id='word_1_532' title='bbox 1833 3647 2084 3703; x_wconf 79' lang='lat' dir='ltr'><strong>fratribus</strong></span> 
     </span>
    </p>
   </div>
   <div class='ocr_carea' id='block_1_68' title="bbox 505 3749 1216 3802">
    <p class='ocr_par' dir='ltr' id='par_1_68' title="bbox 505 3749 1216 3802">
     <span class='ocr_line' id='line_1_68' title="bbox 505 3749 1216 3802; baseline -0.011 0"><span class='ocrx_word' id='word_1_533' title='bbox 505 3749 744 3802; x_wconf 79' lang='lat' dir='ltr'><strong>habitare</strong></span> <span class='ocrx_word' id='word_1_534' title='bbox 773 3754 1052 3800; x_wconf 89' lang='lat' dir='ltr'><strong>contentus</strong></span> <span class='ocrx_word' id='word_1_535' title='bbox 1075 3756 1216 3795; x_wconf 89' lang='lat' dir='ltr'><strong>sum.</strong></span> 
     </span>
    </p>
   </div>
   <div class='ocr_carea' id='block_1_69' title="bbox 583 3827 2078 3899">
    <p class='ocr_par' dir='ltr' id='par_1_69' title="bbox 583 3827 2078 3899">
     <span class='ocr_line' id='line_1_69' title="bbox 583 3827 2078 3899; baseline -0.007 -7"><span class='ocrx_word' id='word_1_536' title='bbox 583 3837 717 3893; x_wconf 77' lang='lat' dir='ltr'><strong>XVI.</strong></span> <span class='ocrx_word' id='word_1_537' title='bbox 757 3833 854 3888; x_wconf 86' lang='lat' dir='ltr'><strong>Cui</strong></span> <span class='ocrx_word' id='word_1_538' title='bbox 885 3848 1009 3887; x_wconf 88' lang='lat' dir='ltr'><strong>cum</strong></span> <span class='ocrx_word' id='word_1_539' title='bbox 1035 3833 1101 3886; x_wconf 91' lang='lat' dir='ltr'><strong>de</strong></span> <span class='ocrx_word' id='word_1_540' title='bbox 1131 3829 1414 3886; x_wconf 86' lang='lat' dir='ltr'><strong>virtutibus</strong></span> <span class='ocrx_word' id='word_1_541' title='bbox 1446 3828 1589 3886; x_wconf 85' lang='lat' dir='ltr'><strong>beati</strong></span> <span class='ocrx_word' id='word_1_542' title='bbox 1633 3827 1844 3884; x_wconf 86' lang='lat' dir='ltr'><strong>Martini</strong></span> <span class='ocrx_word' id='word_1_543' title='bbox 1870 3842 2000 3899; x_wconf 90' lang='lat' dir='ltr'><strong>quas</strong></span> <span class='ocrx_word' id='word_1_544' title='bbox 2028 3829 2078 3882; x_wconf 91' lang='lat' dir='ltr'><strong>in</strong></span> 
     </span>
    </p>
   </div>
   <div class='ocr_carea' id='block_1_70' title="bbox 508 3921 2078 3996">
    <p class='ocr_par' dir='ltr' id='par_1_70' title="bbox 508 3921 2078 3996">
     <span class='ocr_line' id='line_1_70' title="bbox 508 3921 2078 3996; baseline -0.007 -11"><span class='ocrx_word' id='word_1_545' title='bbox 508 3945 575 3985; x_wconf 89' lang='lat' dir='ltr'><strong>eo</strong></span> <span class='ocrx_word' id='word_1_546' title='bbox 606 3931 724 3982; x_wconf 90' lang='lat' dir='ltr'><strong>loco</strong></span> <span class='ocrx_word' id='word_1_547' title='bbox 746 3934 993 3996; x_wconf 89' lang='lat' dir='ltr'><strong>operatus</strong></span> <span class='ocrx_word' id='word_1_548' title='bbox 1020 3934 1134 3988; x_wconf 77' lang='lat' dir='ltr'><strong>est,</strong></span> <span class='ocrx_word' id='word_1_549' title='bbox 1161 3921 1338 3990; x_wconf 89' lang='lat' dir='ltr'><strong>aliqua</strong></span> <span class='ocrx_word' id='word_1_550' title='bbox 1368 3930 1425 3974; x_wconf 92' lang='lat' dir='ltr'><strong>ut</strong></span> <span class='ocrx_word' id='word_1_551' title='bbox 1469 3921 1766 3976; x_wconf 85' lang='lat' dir='ltr'><strong>declararet</strong></span> <span class='ocrx_word' id='word_1_552' title='bbox 1814 3935 2078 3990; x_wconf 80' lang='lat' dir='ltr'><strong>exposce-</strong></span> 
     </span>
    </p>
   </div>
   <div class='ocr_carea' id='block_1_71' title="bbox 503 4013 2078 4091">
    <p class='ocr_par' dir='ltr' id='par_1_71' title="bbox 503 4013 2078 4091">
     <span class='ocr_line' id='line_1_71' title="bbox 503 4013 2078 4091; baseline -0.006 -13"><span class='ocrx_word' id='word_1_553' title='bbox 503 4040 641 4091; x_wconf 89' lang='lat' dir='ltr'><strong>rem,</strong></span> <span class='ocrx_word' id='word_1_554' title='bbox 673 4021 787 4075; x_wconf 72' lang='lat' dir='ltr'><strong>haec</strong></span> <span class='ocrx_word' id='word_1_555' title='bbox 845 4020 1041 4072; x_wconf 92' lang='lat' dir='ltr'><strong>retulit.</strong></span> <span class='ocrx_word' id='word_1_556' title='bbox 1087 4015 1277 4070; x_wconf 86' lang='lat' dir='ltr'><strong>Franci</strong></span> <span class='ocrx_word' id='word_1_557' title='bbox 1334 4013 1627 4083; x_wconf 88' lang='lat' dir='ltr'><strong>cujusdam,</strong></span> <span class='ocrx_word' id='word_1_558' title='bbox 1658 4024 1713 4068; x_wconf 90' lang='lat' dir='ltr'><strong>et</strong></span> <span class='ocrx_word' id='word_1_559' title='bbox 1764 4013 2078 4068; x_wconf 87' lang='lat' dir='ltr'><strong>nobilissimi</strong></span> 
     </span>
    </p>
   </div>
   <div class='ocr_carea' id='block_1_72' title="bbox 499 4104 2078 4184">
    <p class='ocr_par' dir='ltr' id='par_1_72' title="bbox 499 4104 2078 4184">
     <span class='ocr_line' id='line_1_72' title="bbox 499 4104 2078 4184; baseline -0.008 -15"><span class='ocrx_word' id='word_1_560' title='bbox 499 4116 550 4170; x_wconf 85' lang='lat' dir='ltr'><strong>in</strong></span> <span class='ocrx_word' id='word_1_561' title='bbox 583 4121 742 4184; x_wconf 91' lang='lat' dir='ltr'><strong>gente</strong></span> <span class='ocrx_word' id='word_1_562' title='bbox 775 4124 870 4165; x_wconf 89' lang='lat' dir='ltr'><strong>sua</strong></span> <span class='ocrx_word' id='word_1_563' title='bbox 901 4110 1022 4174; x_wconf 87' lang='lat' dir='ltr'><strong>viri,</strong></span> <span class='ocrx_word' id='word_1_564' title='bbox 1056 4108 1196 4162; x_wconf 86' lang='lat' dir='ltr'><strong>tilius</strong></span> <span class='ocrx_word' id='word_1_565' title='bbox 1236 4116 1413 4160; x_wconf 84' lang='lat' dir='ltr'><strong>mutus</strong></span> <span class='ocrx_word' id='word_1_566' title='bbox 1440 4105 1740 4174; x_wconf 81' lang='lat' dir='ltr'><strong>surdasque</strong></span> <span class='ocrx_word' id='word_1_567' title='bbox 1785 4113 1936 4158; x_wconf 88' lang='lat' dir='ltr'><strong>erat:</strong></span> <span class='ocrx_word' id='word_1_568' title='bbox 1968 4104 2078 4157; x_wconf 88' lang='lat' dir='ltr'><strong>ad-</strong></span> 
     </span>
    </p>
   </div>
   <div class='ocr_carea' id='block_1_73' title="bbox 503 4196 2075 4272">
    <p class='ocr_par' dir='ltr' id='par_1_73' title="bbox 503 4196 2075 4272">
     <span class='ocr_line' id='line_1_73' title="bbox 503 4196 2075 4272; baseline -0.006 -14"><span class='ocrx_word' id='word_1_569' title='bbox 503 4207 806 4272; x_wconf 80' lang='lat' dir='ltr'><strong>ductosque</strong></span> <span class='ocrx_word' id='word_1_570' title='bbox 834 4217 864 4256; x_wconf 91' lang='lat' dir='ltr'><strong>a</strong></span> <span class='ocrx_word' id='word_1_571' title='bbox 888 4199 1194 4269; x_wconf 87' lang='lat' dir='ltr'><strong>parentibus</strong></span> <span class='ocrx_word' id='word_1_572' title='bbox 1219 4197 1281 4252; x_wconf 90' lang='lat' dir='ltr'><strong>ad</strong></span> <span class='ocrx_word' id='word_1_573' title='bbox 1314 4197 1450 4252; x_wconf 84' lang='lat' dir='ltr'><strong>hanc</strong></span> <span class='ocrx_word' id='word_1_574' title='bbox 1476 4197 1767 4262; x_wconf 88' lang='lat' dir='ltr'><strong>basilicam,</strong></span> <span class='ocrx_word' id='word_1_575' title='bbox 1795 4196 1926 4266; x_wconf 83' lang='lat' dir='ltr'><strong>jussi</strong></span> <span class='ocrx_word' id='word_1_576' title='bbox 1955 4210 2075 4250; x_wconf 89' lang='lat' dir='ltr'><strong>eum</strong></span> 
     </span>
    </p>
   </div>
   <div class='ocr_carea' id='block_1_74' title="bbox 495 4289 2074 4358">
    <p class='ocr_par' dir='ltr' id='par_1_74' title="bbox 495 4289 2074 4358">
     <span class='ocr_line' id='line_1_74' title="bbox 495 4289 2074 4358; baseline -0.008 -6"><span class='ocrx_word' id='word_1_577' title='bbox 495 4313 619 4352; x_wconf 88' lang='lat' dir='ltr'><strong>cum</strong></span> <span class='ocrx_word' id='word_1_578' title='bbox 653 4297 876 4349; x_wconf 87' lang='lat' dir='ltr'><strong>diacono</strong></span> <span class='ocrx_word' id='word_1_579' title='bbox 901 4307 1021 4349; x_wconf 86' lang='lat' dir='ltr'><strong>meo</strong></span> <span class='ocrx_word' id='word_1_580' title='bbox 1049 4303 1100 4346; x_wconf 90' lang='lat' dir='ltr'><strong>et</strong></span> <span class='ocrx_word' id='word_1_581' title='bbox 1143 4290 1251 4344; x_wconf 86' lang='lat' dir='ltr'><strong>alio</strong></span> <span class='ocrx_word' id='word_1_582' title='bbox 1279 4291 1544 4356; x_wconf 90' lang='lat' dir='ltr'><strong>ministro,</strong></span> <span class='ocrx_word' id='word_1_583' title='bbox 1574 4289 1712 4343; x_wconf 82' lang='lat' dir='ltr'><strong>intra</strong></span> <span class='ocrx_word' id='word_1_584' title='bbox 1746 4289 1913 4358; x_wconf 84' lang='lat' dir='ltr'><strong>ipsum</strong></span> <span class='ocrx_word' id='word_1_585' title='bbox 1938 4297 2074 4341; x_wconf 88' lang='lat' dir='ltr'><strong>tem-</strong></span> 
     </span>
    </p>
   </div>
   <div class='ocr_carea' id='block_1_75' title="bbox 495 4379 2076 4456">
    <p class='ocr_par' dir='ltr' id='par_1_75' title="bbox 495 4379 2076 4456">
     <span class='ocr_line' id='line_1_75' title="bbox 495 4379 2076 4456; baseline -0.005 -16"><span class='ocrx_word' id='word_1_586' title='bbox 495 4390 642 4456; x_wconf 89' lang='lat' dir='ltr'><strong>plmu</strong></span> <span class='ocrx_word' id='word_1_587' title='bbox 684 4395 926 4440; x_wconf 83' lang='lat' dir='ltr'><strong>sanctum</strong></span> <span class='ocrx_word' id='word_1_588' title='bbox 973 4385 1026 4436; x_wconf 92' lang='lat' dir='ltr'><strong>in</strong></span> <span class='ocrx_word' id='word_1_589' title='bbox 1072 4381 1269 4436; x_wconf 90' lang='lat' dir='ltr'><strong>lectulo</strong></span> <span class='ocrx_word' id='word_1_590' title='bbox 1310 4382 1684 4450; x_wconf 87' lang='lat' dir='ltr'><strong>requiescere;</strong></span> <span class='ocrx_word' id='word_1_591' title='bbox 1734 4390 1786 4434; x_wconf 92' lang='lat' dir='ltr'><strong>et</strong></span> <span class='ocrx_word' id='word_1_592' title='bbox 1815 4395 1906 4449; x_wconf 90' lang='lat' dir='ltr'><strong>per</strong></span> <span class='ocrx_word' id='word_1_593' title='bbox 1934 4379 2076 4433; x_wconf 88' lang='lat' dir='ltr'><strong>diem</strong></span> 
     </span>
    </p>
   </div>
   <div class='ocr_carea' id='block_1_76' title="bbox 498 4470 2078 4544">
    <p class='ocr_par' dir='ltr' id='par_1_76' title="bbox 498 4470 2078 4544">
     <span class='ocr_line' id='line_1_76' title="bbox 498 4470 2078 4544; baseline -0.003 -16"><span class='ocrx_word' id='word_1_594' title='bbox 498 4477 712 4544; x_wconf 80' lang='lat' dir='ltr'><strong>quidem</strong></span> <span class='ocrx_word' id='word_1_595' title='bbox 759 4473 985 4525; x_wconf 87' lang='lat' dir='ltr'><strong>orationi</strong></span> <span class='ocrx_word' id='word_1_596' title='bbox 1036 4472 1296 4525; x_wconf 74' lang='lat' dir='ltr'><strong>vaCabat:</strong></span> <span class='ocrx_word' id='word_1_597' title='bbox 1332 4479 1487 4524; x_wconf 84' lang='lat' dir='ltr'><strong>nocte</strong></span> <span class='ocrx_word' id='word_1_598' title='bbox 1516 4479 1690 4523; x_wconf 89' lang='lat' dir='ltr'><strong>autem</strong></span> <span class='ocrx_word' id='word_1_599' title='bbox 1743 4470 1796 4524; x_wconf 91' lang='lat' dir='ltr'><strong>in</strong></span> <span class='ocrx_word' id='word_1_600' title='bbox 1829 4472 1962 4538; x_wconf 90' lang='lat' dir='ltr'><strong>ipsa,</strong></span> <span class='ocrx_word' id='word_1_601' title='bbox 2019 4480 2078 4524; x_wconf 89' lang='lat' dir='ltr'><strong>ut</strong></span> 
     </span>
    </p>
   </div>
   <div class='ocr_carea' id='block_1_77' title="bbox 2262 3286 3780 3360">
    <p class='ocr_par' dir='ltr' id='par_1_77' title="bbox 2262 3286 3780 3360">
     <span class='ocr_line' id='line_1_77' title="bbox 2262 3286 3780 3360; baseline 0.006 -19"><span class='ocrx_word' id='word_1_602' title='bbox 2262 3286 2422 3341; x_wconf 65' lang='lat' dir='ltr'><strong>XVII.</strong></span> <span class='ocrx_word' id='word_1_603' title='bbox 2478 3287 2612 3343; x_wconf 87' lang='lat' dir='ltr'><strong>Cum</strong></span> <span class='ocrx_word' id='word_1_604' title='bbox 2661 3298 2837 3344; x_wconf 87' lang='lat' dir='ltr'><strong>autem</strong></span> <span class='ocrx_word' id='word_1_605' title='bbox 2892 3289 2946 3344; x_wconf 93' lang='lat' dir='ltr'><strong>in</strong></span> <span class='ocrx_word' id='word_1_606' title='bbox 2985 3290 3105 3345; x_wconf 92' lang='lat' dir='ltr'><strong>loco</strong></span> <span class='ocrx_word' id='word_1_607' title='bbox 3147 3291 3239 3347; x_wconf 92' lang='lat' dir='ltr'><strong>illo</strong></span> <span class='ocrx_word' id='word_1_608' title='bbox 3292 3307 3780 3360; x_wconf 83' lang='lat' dir='ltr'><strong>commoraremur,</strong></span> 
     </span>
    </p>
   </div>
   <div class='ocr_carea' id='block_1_78' title="bbox 2187 3376 3782 3451">
    <p class='ocr_par' dir='ltr' id='par_1_78' title="bbox 2187 3376 3782 3451">
     <span class='ocr_line' id='line_1_78' title="bbox 2187 3376 3782 3451; baseline 0.007 -21"><span class='ocrx_word' id='word_1_609' title='bbox 2187 3376 2419 3431; x_wconf 83' lang='lat' dir='ltr'><strong>vidimus</strong></span> <span class='ocrx_word' id='word_1_610' title='bbox 2444 3392 2536 3446; x_wconf 89' lang='lat' dir='ltr'><strong>per</strong></span> <span class='ocrx_word' id='word_1_611' title='bbox 2563 3378 2696 3433; x_wconf 88' lang='lat' dir='ltr'><strong>duas</strong></span> <span class='ocrx_word' id='word_1_612' title='bbox 2743 3387 2927 3434; x_wconf 85' lang='lat' dir='ltr'><strong>noctes</strong></span> <span class='ocrx_word' id='word_1_613' title='bbox 2951 3381 3098 3451; x_wconf 85' lang='lat' dir='ltr'><strong>signa</strong></span> <span class='ocrx_word' id='word_1_614' title='bbox 3144 3382 3196 3435; x_wconf 94' lang='lat' dir='ltr'><strong>in</strong></span> <span class='ocrx_word' id='word_1_615' title='bbox 3218 3383 3378 3448; x_wconf 70' lang='lat' dir='ltr'><strong>coelo,</strong></span> <span class='ocrx_word' id='word_1_616' title='bbox 3422 3383 3470 3436; x_wconf 92' lang='lat' dir='ltr'><strong>id</strong></span> <span class='ocrx_word' id='word_1_617' title='bbox 3493 3394 3574 3439; x_wconf 88' lang='lat' dir='ltr'><strong>est</strong></span> <span class='ocrx_word' id='word_1_618' title='bbox 3596 3385 3782 3441; x_wconf 87' lang='lat' dir='ltr'><strong>radios</strong></span> 
     </span>
    </p>
   </div>
   <div class='ocr_carea' id='block_1_79' title="bbox 2186 3469 3780 3544">
    <p class='ocr_par' dir='ltr' id='par_1_79' title="bbox 2186 3469 3780 3544">
     <span class='ocr_line' id='line_1_79' title="bbox 2186 3469 3780 3544; baseline 0.007 -22"><span class='ocrx_word' id='word_1_619' title='bbox 2186 3482 2216 3522; x_wconf 92' lang='lat' dir='ltr'><strong>a</strong></span> <span class='ocrx_word' id='word_1_620' title='bbox 2245 3478 2396 3537; x_wconf 87' lang='lat' dir='ltr'><strong>parte</strong></span> <span class='ocrx_word' id='word_1_621' title='bbox 2418 3469 2696 3537; x_wconf 86' lang='lat' dir='ltr'><strong>Aquilonis</strong></span> <span class='ocrx_word' id='word_1_622' title='bbox 2721 3479 2827 3524; x_wconf 89' lang='lat' dir='ltr'><strong>tam</strong></span> <span class='ocrx_word' id='word_1_623' title='bbox 2859 3472 3006 3526; x_wconf 89' lang='lat' dir='ltr'><strong>clare</strong></span> <span class='ocrx_word' id='word_1_624' title='bbox 3051 3473 3382 3542; x_wconf 89' lang='lat' dir='ltr'><strong>splendidos,</strong></span> <span class='ocrx_word' id='word_1_625' title='bbox 3415 3486 3470 3528; x_wconf 91' lang='lat' dir='ltr'><strong>ut</strong></span> <span class='ocrx_word' id='word_1_626' title='bbox 3520 3477 3672 3544; x_wconf 91' lang='lat' dir='ltr'><strong>prius</strong></span> <span class='ocrx_word' id='word_1_627' title='bbox 3694 3491 3780 3533; x_wconf 71' lang='lat' dir='ltr'><strong>sic</strong></span> 
     </span>
    </p>
   </div>
   <div class='ocr_carea' id='block_1_80' title="bbox 2187 3559 3776 3636">
    <p class='ocr_par' dir='ltr' id='par_1_80' title="bbox 2187 3559 3776 3636">
     <span class='ocr_line' id='line_1_80' title="bbox 2187 3559 3776 3636; baseline 0.009 -27"><span class='ocrx_word' id='word_1_628' title='bbox 2187 3559 2498 3627; x_wconf 86' lang='lat' dir='ltr'><strong>apparuisse</strong></span> <span class='ocrx_word' id='word_1_629' title='bbox 2543 3573 2648 3614; x_wconf 89' lang='lat' dir='ltr'><strong>non</strong></span> <span class='ocrx_word' id='word_1_630' title='bbox 2699 3559 2898 3615; x_wconf 90' lang='lat' dir='ltr'><strong>fuerint</strong></span> <span class='ocrx_word' id='word_1_631' title='bbox 2933 3563 3053 3628; x_wconf 83' lang='lat' dir='ltr'><strong>visi,</strong></span> <span class='ocrx_word' id='word_1_632' title='bbox 3078 3573 3133 3618; x_wconf 91' lang='lat' dir='ltr'><strong>et</strong></span> <span class='ocrx_word' id='word_1_633' title='bbox 3174 3563 3243 3618; x_wconf 89' lang='lat' dir='ltr'><strong>ab</strong></span> <span class='ocrx_word' id='word_1_634' title='bbox 3279 3575 3499 3634; x_wconf 86' lang='lat' dir='ltr'><strong>utraque</strong></span> <span class='ocrx_word' id='word_1_635' title='bbox 3551 3567 3776 3636; x_wconf 86' lang='lat' dir='ltr'><strong>quidem</strong></span> 
     </span>
    </p>
   </div>
   <div class='ocr_carea' id='block_1_81' title="bbox 2188 3649 3776 3724">
    <p class='ocr_par' dir='ltr' id='par_1_81' title="bbox 2188 3649 3776 3724">
     <span class='ocr_line' id='line_1_81' title="bbox 2188 3649 3776 3724; baseline 0.006 -23"><span class='ocrx_word' id='word_1_636' title='bbox 2188 3659 2359 3716; x_wconf 87' lang='lat' dir='ltr'><strong>parte,</strong></span> <span class='ocrx_word' id='word_1_637' title='bbox 2391 3649 2441 3703; x_wconf 90' lang='lat' dir='ltr'><strong>id</strong></span> <span class='ocrx_word' id='word_1_638' title='bbox 2470 3658 2555 3704; x_wconf 86' lang='lat' dir='ltr'><strong>est</strong></span> <span class='ocrx_word' id='word_1_639' title='bbox 2579 3650 2647 3703; x_wconf 87' lang='lat' dir='ltr'><strong>ab</strong></span> <span class='ocrx_word' id='word_1_640' title='bbox 2675 3651 2838 3716; x_wconf 89' lang='lat' dir='ltr'><strong>Euro,</strong></span> <span class='ocrx_word' id='word_1_641' title='bbox 2864 3663 2914 3706; x_wconf 91' lang='lat' dir='ltr'><strong>et</strong></span> <span class='ocrx_word' id='word_1_642' title='bbox 2945 3652 3214 3724; x_wconf 83' lang='lat' dir='ltr'><strong>Zephyro,</strong></span> <span class='ocrx_word' id='word_1_643' title='bbox 3240 3654 3409 3710; x_wconf 91' lang='lat' dir='ltr'><strong>nubes</strong></span> <span class='ocrx_word' id='word_1_644' title='bbox 3439 3658 3776 3724; x_wconf 64' lang='lat' dir='ltr'><strong>sanguineae;</strong></span> 
     </span>
    </p>
   </div>
   <div class='ocr_carea' id='block_1_82' title="bbox 2188 3737 3778 3811">
    <p class='ocr_par' dir='ltr' id='par_1_82' title="bbox 2188 3737 3778 3811">
     <span class='ocr_line' id='line_1_82' title="bbox 2188 3737 3778 3811; baseline 0.004 -20"><span class='ocrx_word' id='word_1_645' title='bbox 2188 3737 2342 3792; x_wconf 87' lang='lat' dir='ltr'><strong>tertia</strong></span> <span class='ocrx_word' id='word_1_646' title='bbox 2383 3753 2511 3792; x_wconf 92' lang='lat' dir='ltr'><strong>vero</strong></span> <span class='ocrx_word' id='word_1_647' title='bbox 2542 3748 2699 3793; x_wconf 90' lang='lat' dir='ltr'><strong>nocte</strong></span> <span class='ocrx_word' id='word_1_648' title='bbox 2745 3738 2896 3808; x_wconf 88' lang='lat' dir='ltr'><strong>quasi</strong></span> <span class='ocrx_word' id='word_1_649' title='bbox 2947 3742 3074 3793; x_wconf 80' lang='lat' dir='ltr'><strong>liora</strong></span> <span class='ocrx_word' id='word_1_650' title='bbox 3123 3743 3353 3796; x_wconf 89' lang='lat' dir='ltr'><strong>secunda</strong></span> <span class='ocrx_word' id='word_1_651' title='bbox 3405 3755 3778 3811; x_wconf 87' lang='lat' dir='ltr'><strong>apparuerunt</strong></span> 
     </span>
    </p>
   </div>
   <div class='ocr_carea' id='block_1_83' title="bbox 2189 3829 3776 3902">
    <p class='ocr_par' dir='ltr' id='par_1_83' title="bbox 2189 3829 3776 3902">
     <span class='ocr_line' id='line_1_83' title="bbox 2189 3829 3776 3902; baseline 0.005 -20"><span class='ocrx_word' id='word_1_652' title='bbox 2189 3829 2244 3884; x_wconf 92' lang='lat' dir='ltr'><strong>hi</strong></span> <span class='ocrx_word' id='word_1_653' title='bbox 2262 3830 2416 3884; x_wconf 89' lang='lat' dir='ltr'><strong>radii.</strong></span> <span class='ocrx_word' id='word_1_654' title='bbox 2443 3830 2659 3886; x_wconf 86' lang='lat' dir='ltr'><strong>Etecce</strong></span> <span class='ocrx_word' id='word_1_655' title='bbox 2687 3831 2812 3885; x_wconf 91' lang='lat' dir='ltr'><strong>dum</strong></span> <span class='ocrx_word' id='word_1_656' title='bbox 2846 3831 2944 3887; x_wconf 89' lang='lat' dir='ltr'><strong>bos</strong></span> <span class='ocrx_word' id='word_1_657' title='bbox 2990 3833 3307 3888; x_wconf 88' lang='lat' dir='ltr'><strong>miraremur</strong></span> <span class='ocrx_word' id='word_1_658' title='bbox 3346 3835 3580 3902; x_wconf 91' lang='lat' dir='ltr'><strong>attoniti,</strong></span> <span class='ocrx_word' id='word_1_659' title='bbox 3643 3851 3776 3890; x_wconf 85' lang='lat' dir='ltr'><strong>sur—</strong></span> 
     </span>
    </p>
   </div>
   <div class='ocr_carea' id='block_1_84' title="bbox 2184 3922 3774 3990">
    <p class='ocr_par' dir='ltr' id='par_1_84' title="bbox 2184 3922 3774 3990">
     <span class='ocr_line' id='line_1_84' title="bbox 2184 3922 3774 3990; baseline 0.002 -16"><span class='ocrx_word' id='word_1_660' title='bbox 2184 3934 2440 3974; x_wconf 81' lang='lat' dir='ltr'><strong>rexerunt</strong></span> <span class='ocrx_word' id='word_1_661' title='bbox 2466 3936 2495 3974; x_wconf 90' lang='lat' dir='ltr'><strong>a</strong></span> <span class='ocrx_word' id='word_1_662' title='bbox 2527 3932 2753 3990; x_wconf 90' lang='lat' dir='ltr'><strong>quatuor</strong></span> <span class='ocrx_word' id='word_1_663' title='bbox 2776 3922 2942 3990; x_wconf 89' lang='lat' dir='ltr'><strong>plagis</strong></span> <span class='ocrx_word' id='word_1_664' title='bbox 2969 3923 3148 3976; x_wconf 91' lang='lat' dir='ltr'><strong>mundi</strong></span> <span class='ocrx_word' id='word_1_665' title='bbox 3181 3924 3269 3976; x_wconf 92' lang='lat' dir='ltr'><strong>alii</strong></span> <span class='ocrx_word' id='word_1_666' title='bbox 3303 3924 3490 3978; x_wconf 89' lang='lat' dir='ltr'><strong>borum</strong></span> <span class='ocrx_word' id='word_1_667' title='bbox 3535 3925 3774 3986; x_wconf 86' lang='lat' dir='ltr'><strong>similes,</strong></span> 
     </span>
    </p>
   </div>
   <div class='ocr_carea' id='block_1_85' title="bbox 2184 4011 3774 4083">
    <p class='ocr_par' dir='ltr' id='par_1_85' title="bbox 2184 4011 3774 4083">
     <span class='ocr_line' id='line_1_85' title="bbox 2184 4011 3774 4083; baseline 0.004 -20"><span class='ocrx_word' id='word_1_668' title='bbox 2184 4011 2519 4080; x_wconf 87' lang='lat' dir='ltr'><strong>vidimusque</strong></span> <span class='ocrx_word' id='word_1_669' title='bbox 2543 4020 2707 4065; x_wconf 90' lang='lat' dir='ltr'><strong>totum</strong></span> <span class='ocrx_word' id='word_1_670' title='bbox 2749 4013 2942 4066; x_wconf 87' lang='lat' dir='ltr'><strong>coelum</strong></span> <span class='ocrx_word' id='word_1_671' title='bbox 2975 4014 3042 4067; x_wconf 91' lang='lat' dir='ltr'><strong>ab</strong></span> <span class='ocrx_word' id='word_1_672' title='bbox 3072 4012 3151 4068; x_wconf 89' lang='lat' dir='ltr'><strong>bis</strong></span> <span class='ocrx_word' id='word_1_673' title='bbox 3188 4014 3404 4083; x_wconf 84' lang='lat' dir='ltr'><strong>operiri.</strong></span> <span class='ocrx_word' id='word_1_674' title='bbox 3437 4015 3499 4068; x_wconf 85' lang='lat' dir='ltr'><strong>Et</strong></span> <span class='ocrx_word' id='word_1_675' title='bbox 3524 4026 3640 4070; x_wconf 89' lang='lat' dir='ltr'><strong>erat</strong></span> <span class='ocrx_word' id='word_1_676' title='bbox 3669 4033 3774 4069; x_wconf 87' lang='lat' dir='ltr'><strong>nu-</strong></span> 
     </span>
    </p>
   </div>
   <div class='ocr_carea' id='block_1_86' title="bbox 2184 4101 3772 4174">
    <p class='ocr_par' dir='ltr' id='par_1_86' title="bbox 2184 4101 3772 4174">
     <span class='ocr_line' id='line_1_86' title="bbox 2184 4101 3772 4174; baseline 0.004 -19"><span class='ocrx_word' id='word_1_677' title='bbox 2184 4101 2278 4156; x_wconf 81' lang='lat' dir='ltr'><strong>bes</strong></span> <span class='ocrx_word' id='word_1_678' title='bbox 2310 4104 2361 4154; x_wconf 92' lang='lat' dir='ltr'><strong>in</strong></span> <span class='ocrx_word' id='word_1_679' title='bbox 2384 4101 2562 4156; x_wconf 90' lang='lat' dir='ltr'><strong>medio</strong></span> <span class='ocrx_word' id='word_1_680' title='bbox 2607 4104 2728 4158; x_wconf 75' lang='lat' dir='ltr'><strong>cceli</strong></span> <span class='ocrx_word' id='word_1_681' title='bbox 2771 4104 3072 4172; x_wconf 81' lang='lat' dir='ltr'><strong>splendida,</strong></span> <span class='ocrx_word' id='word_1_682' title='bbox 3111 4107 3175 4158; x_wconf 90' lang='lat' dir='ltr'><strong>ad</strong></span> <span class='ocrx_word' id='word_1_683' title='bbox 3220 4120 3376 4174; x_wconf 90' lang='lat' dir='ltr'><strong>quam</strong></span> <span class='ocrx_word' id='word_1_684' title='bbox 3430 4119 3490 4159; x_wconf 92' lang='lat' dir='ltr'><strong>se</strong></span> <span class='ocrx_word' id='word_1_685' title='bbox 3523 4106 3574 4159; x_wconf 90' lang='lat' dir='ltr'><strong>hi</strong></span> <span class='ocrx_word' id='word_1_686' title='bbox 3633 4107 3772 4162; x_wconf 81' lang='lat' dir='ltr'><strong>radii</strong></span> 
     </span>
    </p>
   </div>
   <div class='ocr_carea' id='block_1_87' title="bbox 2183 4193 3771 4263">
    <p class='ocr_par' dir='ltr' id='par_1_87' title="bbox 2183 4193 3771 4263">
     <span class='ocr_line' id='line_1_87' title="bbox 2183 4193 3771 4263; baseline 0.003 -17"><span class='ocrx_word' id='word_1_687' title='bbox 2183 4193 2503 4261; x_wconf 88' lang='lat' dir='ltr'><strong>colligebant</strong></span> <span class='ocrx_word' id='word_1_688' title='bbox 2549 4194 2600 4248; x_wconf 93' lang='lat' dir='ltr'><strong>in</strong></span> <span class='ocrx_word' id='word_1_689' title='bbox 2631 4194 2844 4247; x_wconf 91' lang='lat' dir='ltr'><strong>modum</strong></span> <span class='ocrx_word' id='word_1_690' title='bbox 2887 4195 3124 4258; x_wconf 81' lang='lat' dir='ltr'><strong>tentorii,</strong></span> <span class='ocrx_word' id='word_1_691' title='bbox 3155 4195 3294 4263; x_wconf 83' lang='lat' dir='ltr'><strong>quod</strong></span> <span class='ocrx_word' id='word_1_692' title='bbox 3335 4195 3402 4249; x_wconf 87' lang='lat' dir='ltr'><strong>ab</strong></span> <span class='ocrx_word' id='word_1_693' title='bbox 3432 4197 3538 4249; x_wconf 91' lang='lat' dir='ltr'><strong>imo</strong></span> <span class='ocrx_word' id='word_1_694' title='bbox 3557 4211 3623 4250; x_wconf 79' lang='lat' dir='ltr'><strong>ex</strong></span> <span class='ocrx_word' id='word_1_695' title='bbox 3647 4212 3771 4250; x_wconf 86' lang='lat' dir='ltr'><strong>am-</strong></span> 
     </span>
    </p>
   </div>
   <div class='ocr_carea' id='block_1_88' title="bbox 2183 4285 3771 4356">
    <p class='ocr_par' dir='ltr' id='par_1_88' title="bbox 2183 4285 3771 4356">
     <span class='ocr_line' id='line_1_88' title="bbox 2183 4285 3771 4356; baseline 0.004 -19"><span class='ocrx_word' id='word_1_696' title='bbox 2183 4285 2436 4352; x_wconf 69' lang='lat' dir='ltr'><strong>plioribus</strong></span> <span class='ocrx_word' id='word_1_697' title='bbox 2481 4286 2768 4354; x_wconf 73' lang='lat' dir='ltr'><strong>inemptum</strong></span> <span class='ocrx_word' id='word_1_698' title='bbox 2811 4288 2989 4341; x_wconf 87' lang='lat' dir='ltr'><strong>fasciis</strong></span> <span class='ocrx_word' id='word_1_699' title='bbox 3027 4289 3324 4356; x_wconf 85' lang='lat' dir='ltr'><strong>angnstatis</strong></span> <span class='ocrx_word' id='word_1_700' title='bbox 3376 4288 3425 4340; x_wconf 91' lang='lat' dir='ltr'><strong>in</strong></span> <span class='ocrx_word' id='word_1_701' title='bbox 3476 4288 3668 4352; x_wconf 86' lang='lat' dir='ltr'><strong>altum,</strong></span> <span class='ocrx_word' id='word_1_702' title='bbox 3715 4293 3771 4346; x_wconf 86' lang='lat' dir='ltr'><strong>in</strong></span> 
     </span>
    </p>
   </div>
   <div class='ocr_carea' id='block_1_89' title="bbox 2184 4375 3770 4449">
    <p class='ocr_par' dir='ltr' id='par_1_89' title="bbox 2184 4375 3770 4449">
     <span class='ocr_line' id='line_1_89' title="bbox 2184 4375 3770 4449; baseline 0.005 -22"><span class='ocrx_word' id='word_1_703' title='bbox 2184 4389 2344 4428; x_wconf 87' lang='lat' dir='ltr'><strong>unmn</strong></span> <span class='ocrx_word' id='word_1_704' title='bbox 2401 4375 2594 4432; x_wconf 87' lang='lat' dir='ltr'><strong>cuculli</strong></span> <span class='ocrx_word' id='word_1_705' title='bbox 2650 4387 2805 4446; x_wconf 87' lang='lat' dir='ltr'><strong>caput</strong></span> <span class='ocrx_word' id='word_1_706' title='bbox 2854 4393 2997 4446; x_wconf 73' lang='lat' dir='ltr'><strong>smpe</strong></span> <span class='ocrx_word' id='word_1_707' title='bbox 3048 4379 3337 4449; x_wconf 83' lang='lat' dir='ltr'><strong>colligitur.</strong></span> <span class='ocrx_word' id='word_1_708' title='bbox 3383 4380 3653 4449; x_wconf 83' lang='lat' dir='ltr'><strong>Erantque</strong></span> <span class='ocrx_word' id='word_1_709' title='bbox 3716 4387 3770 4435; x_wconf 83' lang='lat' dir='ltr'><strong>in</strong></span> 
     </span>
    </p>
   </div>
   <div class='ocr_carea' id='block_1_90' title="bbox 2185 4465 3774 4542">
    <p class='ocr_par' dir='ltr' id='par_1_90' title="bbox 2185 4465 3774 4542">
     <span class='ocr_line' id='line_1_90' title="bbox 2185 4465 3774 4542; baseline 0.007 -25"><span class='ocrx_word' id='word_1_710' title='bbox 2185 4465 2359 4519; x_wconf 86' lang='lat' dir='ltr'><strong>medio</strong></span> <span class='ocrx_word' id='word_1_711' title='bbox 2383 4466 2651 4520; x_wconf 89' lang='lat' dir='ltr'><strong>radiorum</strong></span> <span class='ocrx_word' id='word_1_712' title='bbox 2700 4479 2750 4522; x_wconf 87' lang='lat' dir='ltr'><strong>et</strong></span> <span class='ocrx_word' id='word_1_713' title='bbox 2796 4469 2916 4523; x_wconf 77' lang='lat' dir='ltr'><strong>aliae</strong></span> <span class='ocrx_word' id='word_1_714' title='bbox 2948 4470 3117 4525; x_wconf 83' lang='lat' dir='ltr'><strong>nubes</strong></span> <span class='ocrx_word' id='word_1_715' title='bbox 3144 4485 3239 4526; x_wconf 89' lang='lat' dir='ltr'><strong>ceu</strong></span> <span class='ocrx_word' id='word_1_716' title='bbox 3278 4485 3558 4542; x_wconf 83' lang='lat' dir='ltr'><strong>coruscum</strong></span> <span class='ocrx_word' id='word_1_717' title='bbox 3589 4475 3774 4528; x_wconf 80' lang='lat' dir='ltr'><strong>valide</strong></span> 
     </span>
    </p>
   </div>
   <div class='ocr_carea' id='block_1_91' title="bbox 500 4555 3771 4634">
    <p class='ocr_par' dir='ltr' id='par_1_91' title="bbox 500 4555 3771 4634">
     <span class='ocr_line' id='line_1_91' title="bbox 500 4555 3771 4634; baseline 0.001 -18"><span class='ocrx_word' id='word_1_718' title='bbox 500 4565 762 4625; x_wconf 77' lang='lat' dir='ltr'><strong>diximus,</strong></span> <span class='ocrx_word' id='word_1_719' title='bbox 804 4560 918 4613; x_wconf 74' lang='lat' dir='ltr'><strong>aede</strong></span> <span class='ocrx_word' id='word_1_720' title='bbox 939 4559 1259 4613; x_wconf 86' lang='lat' dir='ltr'><strong>dormiebat.</strong></span> <span class='ocrx_word' id='word_1_721' title='bbox 1290 4558 1620 4628; x_wconf 84' lang='lat' dir='ltr'><strong>Quandoque</strong></span> <span class='ocrx_word' id='word_1_722' title='bbox 1651 4557 1936 4614; x_wconf 84' lang='lat' dir='ltr'><strong>miserante</strong></span> <span class='ocrx_word' id='word_1_723' title='bbox 1960 4561 2072 4616; x_wconf 90' lang='lat' dir='ltr'><strong>Deo</strong></span> <span class='ocrx_word' id='word_1_724' title='bbox 2106 4555 2160 4614; x_wconf 90' lang='lat' dir='ltr'><strong>D</strong></span> <span class='ocrx_word' id='word_1_725' title='bbox 2186 4555 2535 4624; x_wconf 83' lang='lat' dir='ltr'><strong>fulgurantes.</strong></span> <span class='ocrx_word' id='word_1_726' title='bbox 2575 4559 2724 4625; x_wconf 84' lang='lat' dir='ltr'><strong>Quod</strong></span> <span class='ocrx_word' id='word_1_727' title='bbox 2774 4560 2982 4629; x_wconf 87' lang='lat' dir='ltr'><strong>signum</strong></span> <span class='ocrx_word' id='word_1_728' title='bbox 3039 4578 3286 4632; x_wconf 88' lang='lat' dir='ltr'><strong>magnum</strong></span> <span class='ocrx_word' id='word_1_729' title='bbox 3339 4564 3493 4618; x_wconf 89' lang='lat' dir='ltr'><strong>nobis</strong></span> <span class='ocrx_word' id='word_1_730' title='bbox 3539 4565 3771 4634; x_wconf 83' lang='lat' dir='ltr'><strong>ingessit</strong></span> 
     </span>
    </p>
   </div>
   <div class='ocr_carea' id='block_1_92' title="bbox 501 4648 2065 4722">
    <p class='ocr_par' dir='ltr' id='par_1_92' title="bbox 501 4648 2065 4722">
     <span class='ocr_line' id='line_1_92' title="bbox 501 4648 2065 4722; baseline 0.001 -18"><span class='ocrx_word' id='word_1_731' title='bbox 501 4653 747 4722; x_wconf 86' lang='lat' dir='ltr'><strong>apparuit</strong></span> <span class='ocrx_word' id='word_1_732' title='bbox 783 4649 912 4704; x_wconf 89' lang='lat' dir='ltr'><strong>mihi</strong></span> <span class='ocrx_word' id='word_1_733' title='bbox 944 4651 994 4704; x_wconf 92' lang='lat' dir='ltr'><strong>in</strong></span> <span class='ocrx_word' id='word_1_734' title='bbox 1047 4649 1251 4703; x_wconf 86' lang='lat' dir='ltr'><strong>visione</strong></span> <span class='ocrx_word' id='word_1_735' title='bbox 1283 4649 1467 4704; x_wconf 89' lang='lat' dir='ltr'><strong>beatus</strong></span> <span class='ocrx_word' id='word_1_736' title='bbox 1506 4648 1766 4704; x_wconf 85' lang='lat' dir='ltr'><strong>Martinus</strong></span> <span class='ocrx_word' id='word_1_737' title='bbox 1799 4691 1813 4714; x_wconf 97' lang='lat'><strong>,</strong></span> <span class='ocrx_word' id='word_1_738' title='bbox 1845 4650 2065 4708; x_wconf 84' lang='lat' dir='ltr'><strong>dicens:</strong></span> 
     </span>
    </p>
   </div>
   <div class='ocr_carea' id='block_1_93' title="bbox 499 4737 2067 4812">
    <p class='ocr_par' dir='ltr' id='par_1_93' title="bbox 499 4737 2067 4812">
     <span class='ocr_line' id='line_1_93' title="bbox 499 4737 2067 4812; baseline -0.009 -15"><span class='ocrx_word' id='word_1_739' title='bbox 499 4745 646 4812; x_wconf 80' lang='lat' dir='ltr'><strong>Ejice</strong></span> <span class='ocrx_word' id='word_1_740' title='bbox 678 4756 875 4811; x_wconf 79' lang='lat' dir='ltr'><strong>agnum</strong></span> <span class='ocrx_word' id='word_1_741' title='bbox 906 4741 973 4794; x_wconf 88' lang='lat' dir='ltr'><strong>de</strong></span> <span class='ocrx_word' id='word_1_742' title='bbox 1003 4737 1242 4804; x_wconf 81' lang='lat' dir='ltr'><strong>basilica,</strong></span> <span class='ocrx_word' id='word_1_743' title='bbox 1269 4739 1389 4806; x_wconf 86' lang='lat' dir='ltr'><strong>quia</strong></span> <span class='ocrx_word' id='word_1_744' title='bbox 1415 4738 1523 4806; x_wconf 77' lang='lat' dir='ltr'><strong>jam</strong></span> <span class='ocrx_word' id='word_1_745' title='bbox 1568 4753 1727 4793; x_wconf 85' lang='lat' dir='ltr'><strong>sanus</strong></span> <span class='ocrx_word' id='word_1_746' title='bbox 1771 4738 1939 4794; x_wconf 79' lang='lat' dir='ltr'><strong>factus</strong></span> <span class='ocrx_word' id='word_1_747' title='bbox 1966 4749 2067 4796; x_wconf 71' lang='grc' dir='ltr'><strong>ρει,</strong></span> 
     </span>
    </p>
   </div>
   <div class='ocr_carea' id='block_1_94' title="bbox 493 4829 2071 4900">
    <p class='ocr_par' dir='ltr' id='par_1_94' title="bbox 493 4829 2071 4900">
     <span class='ocr_line' id='line_1_94' title="bbox 493 4829 2071 4900; baseline -0.002 -8"><span class='ocrx_word' id='word_1_748' title='bbox 493 4837 649 4892; x_wconf 86' lang='lat' dir='ltr'><strong>Mane</strong></span> <span class='ocrx_word' id='word_1_749' title='bbox 703 4845 878 4888; x_wconf 87' lang='lat' dir='ltr'><strong>autem</strong></span> <span class='ocrx_word' id='word_1_750' title='bbox 914 4831 1094 4896; x_wconf 87' lang='lat' dir='ltr'><strong>Iacto,</strong></span> <span class='ocrx_word' id='word_1_751' title='bbox 1126 4829 1392 4899; x_wconf 78' lang='lat' dir='ltr'><strong>Cogitante</strong></span> <span class='ocrx_word' id='word_1_752' title='bbox 1447 4847 1531 4884; x_wconf 81' lang='lat' dir='ltr'><strong>me</strong></span> <span class='ocrx_word' id='word_1_753' title='bbox 1582 4831 1722 4900; x_wconf 88' lang='lat' dir='ltr'><strong>quod</strong></span> <span class='ocrx_word' id='word_1_754' title='bbox 1776 4841 1919 4886; x_wconf 67' lang='lat' dir='ltr'><strong>esset</strong></span> <span class='ocrx_word' id='word_1_755' title='bbox 1971 4833 2071 4889; x_wconf 88' lang='lat' dir='ltr'><strong>hoc</strong></span> 
     </span>
    </p>
   </div>
   <div class='ocr_carea' id='block_1_95' title="bbox 489 4924 2066 4992">
    <p class='ocr_par' dir='ltr' id='par_1_95' title="bbox 489 4924 2066 4992">
     <span class='ocr_line' id='line_1_95' title="bbox 489 4924 2066 4992; baseline -0.001 -11"><span class='ocrx_word' id='word_1_756' title='bbox 489 4929 775 4991; x_wconf 90' lang='lat' dir='ltr'><strong>somnium,</strong></span> <span class='ocrx_word' id='word_1_757' title='bbox 841 4927 986 4981; x_wconf 88' lang='lat' dir='ltr'><strong>venit</strong></span> <span class='ocrx_word' id='word_1_758' title='bbox 1023 4924 1090 4977; x_wconf 90' lang='lat' dir='ltr'><strong>ad</strong></span> <span class='ocrx_word' id='word_1_759' title='bbox 1144 4938 1230 4977; x_wconf 92' lang='lat' dir='ltr'><strong>me</strong></span> <span class='ocrx_word' id='word_1_760' title='bbox 1276 4939 1424 4990; x_wconf 88' lang='lat' dir='ltr'><strong>puer,</strong></span> <span class='ocrx_word' id='word_1_761' title='bbox 1473 4931 1527 4978; x_wconf 89' lang='lat' dir='ltr'><strong>et</strong></span> <span class='ocrx_word' id='word_1_762' title='bbox 1557 4925 1806 4980; x_wconf 84' lang='lat' dir='ltr'><strong>emittens</strong></span> <span class='ocrx_word' id='word_1_763' title='bbox 1862 4940 2066 4992; x_wconf 86' lang='lat' dir='ltr'><strong>vocem,</strong></span> 
     </span>
    </p>
   </div>
   <div class='ocr_carea' id='block_1_96' title="bbox 487 5014 2068 5085">
    <p class='ocr_par' dir='ltr' id='par_1_96' title="bbox 487 5014 2068 5085">
     <span class='ocr_line' id='line_1_96' title="bbox 487 5014 2068 5085; baseline 0.001 -15"><span class='ocrx_word' id='word_1_764' title='bbox 487 5017 685 5084; x_wconf 85' lang='lat' dir='ltr'><strong>gratias</strong></span> <span class='ocrx_word' id='word_1_765' title='bbox 714 5031 873 5085; x_wconf 81' lang='lat' dir='ltr'><strong>agere</strong></span> <span class='ocrx_word' id='word_1_766' title='bbox 905 5016 1014 5068; x_wconf 91' lang='lat' dir='ltr'><strong>Deo</strong></span> <span class='ocrx_word' id='word_1_767' title='bbox 1044 5014 1226 5082; x_wconf 61' lang='lat' dir='ltr'><strong>carpit,</strong></span> <span class='ocrx_word' id='word_1_768' title='bbox 1261 5028 1660 5082; x_wconf 86' lang='lat' dir='ltr'><strong>conversusque</strong></span> <span class='ocrx_word' id='word_1_769' title='bbox 1687 5014 1753 5068; x_wconf 90' lang='lat' dir='ltr'><strong>ad</strong></span> <span class='ocrx_word' id='word_1_770' title='bbox 1805 5032 1919 5080; x_wconf 88' lang='lat' dir='ltr'><strong>me,</strong></span> <span class='ocrx_word' id='word_1_771' title='bbox 1951 5019 2025 5071; x_wconf 88' lang='lat' dir='ltr'><strong>ait</strong></span> <span class='ocrx_word' id='word_1_772' title='bbox 2051 5034 2068 5071; x_wconf 84' lang='lat'><strong>:</strong></span> 
     </span>
    </p>
   </div>
   <div class='ocr_carea' id='block_1_97' title="bbox 493 5106 2066 5176">
    <p class='ocr_par' dir='ltr' id='par_1_97' title="bbox 493 5106 2066 5176">
     <span class='ocr_line' id='line_1_97' title="bbox 493 5106 2066 5176; baseline 0.003 -16"><span class='ocrx_word' id='word_1_773' title='bbox 493 5108 701 5160; x_wconf 80' lang='lat' dir='ltr'><strong>Gratias</strong></span> <span class='ocrx_word' id='word_1_774' title='bbox 729 5122 828 5172; x_wconf 82' lang='lat' dir='ltr'><strong>ago</strong></span> <span class='ocrx_word' id='word_1_775' title='bbox 875 5109 979 5160; x_wconf 88' lang='lat' dir='ltr'><strong>Deo</strong></span> <span class='ocrx_word' id='word_1_776' title='bbox 1008 5106 1382 5175; x_wconf 75' lang='lat' dir='ltr'><strong>omnipatenti,</strong></span> <span class='ocrx_word' id='word_1_777' title='bbox 1413 5108 1501 5172; x_wconf 88' lang='lat' dir='ltr'><strong>qui</strong></span> <span class='ocrx_word' id='word_1_778' title='bbox 1545 5107 1672 5160; x_wconf 90' lang='lat' dir='ltr'><strong>mihi</strong></span> <span class='ocrx_word' id='word_1_779' title='bbox 1711 5115 1764 5161; x_wconf 89' lang='lat' dir='ltr'><strong>et</strong></span> <span class='ocrx_word' id='word_1_780' title='bbox 1800 5108 2066 5176; x_wconf 86' lang='lat' dir='ltr'><strong>eloquium</strong></span> 
     </span>
    </p>
   </div>
   <div class='ocr_carea' id='block_1_98' title="bbox 490 5195 2068 5263">
    <p class='ocr_par' dir='ltr' id='par_1_98' title="bbox 490 5195 2068 5263">
     <span class='ocr_line' id='line_1_98' title="bbox 490 5195 2068 5263; baseline 0.003 -14"><span class='ocrx_word' id='word_1_781' title='bbox 490 5196 744 5260; x_wconf 79' lang='lat' dir='ltr'><strong>reddidit,</strong></span> <span class='ocrx_word' id='word_1_782' title='bbox 769 5205 823 5249; x_wconf 91' lang='lat' dir='ltr'><strong>ct</strong></span> <span class='ocrx_word' id='word_1_783' title='bbox 843 5197 1098 5250; x_wconf 91' lang='lat' dir='ltr'><strong>auditum.</strong></span> <span class='ocrx_word' id='word_1_784' title='bbox 1129 5197 1202 5249; x_wconf 83' lang='lat' dir='ltr'><strong>Ex</strong></span> <span class='ocrx_word' id='word_1_785' title='bbox 1238 5195 1338 5248; x_wconf 91' lang='lat' dir='ltr'><strong>hoc</strong></span> <span class='ocrx_word' id='word_1_786' title='bbox 1358 5211 1520 5250; x_wconf 82' lang='lat' dir='ltr'><strong>santis</strong></span> <span class='ocrx_word' id='word_1_787' title='bbox 1561 5197 1834 5263; x_wconf 89' lang='lat' dir='ltr'><strong>redditus,</strong></span> <span class='ocrx_word' id='word_1_788' title='bbox 1863 5199 1928 5252; x_wconf 85' lang='lat' dir='ltr'><strong>ad</strong></span> <span class='ocrx_word' id='word_1_789' title='bbox 1969 5199 2068 5254; x_wconf 87' lang='lat' dir='ltr'><strong>do-</strong></span> 
     </span>
    </p>
   </div>
   <div class='ocr_carea' id='block_1_99' title="bbox 484 5285 2067 5354">
    <p class='ocr_par' dir='ltr' id='par_1_99' title="bbox 484 5285 2067 5354">
     <span class='ocr_line' id='line_1_99' title="bbox 484 5285 2067 5354; baseline 0.003 -13"><span class='ocrx_word' id='word_1_790' title='bbox 484 5301 630 5342; x_wconf 80' lang='lat' dir='ltr'><strong>mum</strong></span> <span class='ocrx_word' id='word_1_791' title='bbox 663 5286 837 5340; x_wconf 89' lang='lat' dir='ltr'><strong>rediit.</strong></span> <span class='ocrx_word' id='word_1_792' title='bbox 884 5285 1034 5339; x_wconf 81' lang='lat' dir='ltr'><strong>Alius</strong></span> <span class='ocrx_word' id='word_1_793' title='bbox 1060 5286 1284 5352; x_wconf 89' lang='lat' dir='ltr'><strong>veroqui</strong></span> <span class='ocrx_word' id='word_1_794' title='bbox 1303 5287 1614 5354; x_wconf 86' lang='lat' dir='ltr'><strong>plerumque</strong></span> <span class='ocrx_word' id='word_1_795' title='bbox 1644 5291 1694 5341; x_wconf 92' lang='lat' dir='ltr'><strong>in</strong></span> <span class='ocrx_word' id='word_1_796' title='bbox 1720 5289 1872 5344; x_wconf 89' lang='lat' dir='ltr'><strong>furtis</strong></span> <span class='ocrx_word' id='word_1_797' title='bbox 1893 5290 2067 5345; x_wconf 84' lang='lat' dir='ltr'><strong>diver-</strong></span> 
     </span>
    </p>
   </div>
   <div class='ocr_carea' id='block_1_100' title="bbox 485 5374 2062 5450">
    <p class='ocr_par' dir='ltr' id='par_1_100' title="bbox 485 5374 2062 5450">
     <span class='ocr_line' id='line_1_100' title="bbox 485 5374 2062 5450; baseline 0.003 -16"><span class='ocrx_word' id='word_1_798' title='bbox 485 5379 666 5448; x_wconf 86' lang='lat' dir='ltr'><strong>sisque</strong></span> <span class='ocrx_word' id='word_1_799' title='bbox 706 5374 1000 5431; x_wconf 87' lang='lat' dir='ltr'><strong>sceleribus</strong></span> <span class='ocrx_word' id='word_1_800' title='bbox 1045 5377 1360 5431; x_wconf 81' lang='lat' dir='ltr'><strong>commistus</strong></span> <span class='ocrx_word' id='word_1_801' title='bbox 1393 5376 1636 5445; x_wconf 83' lang='lat' dir='ltr'><strong>pcjerare</strong></span> <span class='ocrx_word' id='word_1_802' title='bbox 1677 5392 2062 5450; x_wconf 84' lang='lat' dir='ltr'><strong>consueverat,</strong></span> 
     </span>
    </p>
   </div>
   <div class='ocr_carea' id='block_1_101' title="bbox 553 5556 1837 5624">
    <p class='ocr_par' dir='ltr' id='par_1_101' title="bbox 553 5556 1837 5624">
     <span class='ocr_line' id='line_1_101' title="bbox 553 5556 1837 5624; baseline 0 -10"><span class='ocrx_word' id='word_1_803' title='bbox 553 5572 583 5602; x_wconf 69' lang='grc' dir='ltr'><strong>ο</strong></span> <span class='ocrx_word' id='word_1_804' title='bbox 613 5563 663 5616; x_wconf 89' lang='lat' dir='ltr'><strong>Id</strong></span> <span class='ocrx_word' id='word_1_805' title='bbox 696 5571 802 5624; x_wconf 85' lang='lat' dir='ltr'><strong>est,</strong></span> <span class='ocrx_word' id='word_1_806' title='bbox 848 5558 914 5612; x_wconf 88' lang='lat' dir='ltr'><strong>ad</strong></span> <span class='ocrx_word' id='word_1_807' title='bbox 946 5556 1272 5612; x_wconf 82' lang='lat' dir='ltr'><strong>recitandum</strong></span> <span class='ocrx_word' id='word_1_808' title='bbox 1306 5556 1535 5610; x_wconf 82' lang='lat' dir='ltr'><strong>officium</strong></span> <span class='ocrx_word' id='word_1_809' title='bbox 1582 5558 1837 5614; x_wconf 89' lang='lat' dir='ltr'><strong>divinum.</strong></span> 
     </span>
    </p>
   </div>
   <div class='ocr_carea' id='block_1_102' title="bbox 548 5627 2060 5701">
    <p class='ocr_par' dir='ltr' id='par_1_102' title="bbox 548 5627 2060 5701">
     <span class='ocr_line' id='line_1_102' title="bbox 548 5627 2060 5701; baseline 0.001 -16"><span class='ocrx_word' id='word_1_810' title='bbox 548 5630 579 5671; x_wconf 73' lang='grc' dir='ltr'>δ</span> <span class='ocrx_word' id='word_1_811' title='bbox 617 5630 854 5686; x_wconf 84' lang='lat' dir='ltr'><strong>Celebris</strong></span> <span class='ocrx_word' id='word_1_812' title='bbox 895 5638 1111 5701; x_wconf 82' lang='lat' dir='ltr'><strong>sanctus</strong></span> <span class='ocrx_word' id='word_1_813' title='bbox 1134 5627 1374 5701; x_wconf 74' lang='lat' dir='ltr'><strong>_$itnenn</strong></span> <span class='ocrx_word' id='word_1_814' title='bbox 1420 5627 1658 5701; x_wconf 74' lang='lat' dir='ltr'><strong>Stylites,</strong></span> <span class='ocrx_word' id='word_1_815' title='bbox 1712 5632 1780 5683; x_wconf 90' lang='lat' dir='ltr'><strong>de</strong></span> <span class='ocrx_word' id='word_1_816' title='bbox 1817 5647 1920 5694; x_wconf 84' lang='lat' dir='ltr'><strong>quo</strong></span> <span class='ocrx_word' id='word_1_817' title='bbox 1946 5634 2060 5701; x_wconf 89' lang='lat' dir='ltr'><strong>ipse</strong></span> 
     </span>
    </p>
   </div>
   <div class='ocr_carea' id='block_1_103' title="bbox 479 5697 1876 5770">
    <p class='ocr_par' dir='ltr' id='par_1_103' title="bbox 479 5697 1876 5770">
     <span class='ocr_line' id='line_1_103' title="bbox 479 5697 1876 5770; baseline -0.002 -12"><span class='ocrx_word' id='word_1_818' title='bbox 479 5703 762 5770; x_wconf 77' lang='lat' dir='ltr'><strong>Gregorius</strong></span> <span class='ocrx_word' id='word_1_819' title='bbox 793 5703 843 5754; x_wconf 88' lang='lat' dir='ltr'><strong>in</strong></span> <span class='ocrx_word' id='word_1_820' title='bbox 876 5701 1010 5754; x_wconf 85' lang='lat' dir='ltr'><strong>libro</strong></span> <span class='ocrx_word' id='word_1_821' title='bbox 1033 5699 1098 5751; x_wconf 92' lang='lat' dir='ltr'><strong>de</strong></span> <span class='ocrx_word' id='word_1_822' title='bbox 1123 5698 1300 5770; x_wconf 84' lang='lat' dir='ltr'><strong>Gloria</strong></span> <span class='ocrx_word' id='word_1_823' title='bbox 1331 5697 1601 5770; x_wconf 72' lang='lat' dir='ltr'><strong>Confess.,</strong></span> <span class='ocrx_word' id='word_1_824' title='bbox 1636 5715 1754 5765; x_wconf 83' lang='lat' dir='ltr'><strong>cap.</strong></span> <span class='ocrx_word' id='word_1_825' title='bbox 1787 5701 1876 5757; x_wconf 72' lang='grc'><strong>26.</strong></span> 
     </span>
    </p>
   </div>
   <div class='ocr_carea' id='block_1_104' title="bbox 552 5768 1848 5834">
    <p class='ocr_par' dir='ltr' id='par_1_104' title="bbox 552 5768 1848 5834">
     <span class='ocr_line' id='line_1_104' title="bbox 552 5768 1848 5834; baseline -0.001 -8"><span class='ocrx_word' id='word_1_826' title='bbox 552 5768 711 5826; x_wconf 59' lang='grc' dir='ltr'><strong>(8η</strong></span> <span class='ocrx_word' id='word_1_827' title='bbox 737 5772 881 5826; x_wconf 80' lang='lat' dir='ltr'><strong>Colh.</strong></span> <span class='ocrx_word' id='word_1_828' title='bbox 912 5786 985 5824; x_wconf 85' lang='lat' dir='ltr'><strong>tu.</strong></span> <span class='ocrx_word' id='word_1_829' title='bbox 1017 5779 1068 5824; x_wconf 86' lang='lat' dir='ltr'><strong>et</strong></span> <span class='ocrx_word' id='word_1_830' title='bbox 1101 5768 1252 5834; x_wconf 58' lang='lat' dir='ltr'><strong>Bari;</strong></span> <span class='ocrx_word' id='word_1_831' title='bbox 1283 5769 1374 5823; x_wconf 89' lang='lat' dir='ltr'><strong>alii</strong></span> <span class='ocrx_word' id='word_1_832' title='bbox 1397 5784 1544 5833; x_wconf 88' lang='lat' dir='ltr'><strong>vero,</strong></span> <span class='ocrx_word' id='word_1_833' title='bbox 1574 5773 1848 5825; x_wconf 79' lang='lat' dir='ltr'><strong>rediturus.</strong></span> 
     </span>
    </p>
   </div>
   <div class='ocr_carea' id='block_1_105' title="bbox 2176 4648 3768 4723">
    <p class='ocr_par' dir='ltr' id='par_1_105' title="bbox 2176 4648 3768 4723">
     <span class='ocr_line' id='line_1_105' title="bbox 2176 4648 3768 4723; baseline 0.006 -24"><span class='ocrx_word' id='word_1_834' title='bbox 2176 4657 2376 4701; x_wconf 89' lang='lat' dir='ltr'><strong>metum</strong></span> <span class='ocrx_word' id='word_1_835' title='bbox 2428 4648 2522 4721; x_wconf 86' lang='lat' dir='ltr'><strong>(V.</strong></span> <span class='ocrx_word' id='word_1_836' title='bbox 2556 4667 2710 4720; x_wconf 81' lang='lat' dir='ltr'><strong>supra</strong></span> <span class='ocrx_word' id='word_1_837' title='bbox 2734 4669 2849 4721; x_wconf 89' lang='lat' dir='ltr'><strong>cap.</strong></span> <span class='ocrx_word' id='word_1_838' title='bbox 2886 4653 2999 4722; x_wconf 67' lang='lat'><strong>“24).</strong></span> <span class='ocrx_word' id='word_1_839' title='bbox 3052 4653 3474 4723; x_wconf 80' lang='lat' dir='ltr'><strong>Opperiebamur</strong></span> <span class='ocrx_word' id='word_1_840' title='bbox 3494 4657 3637 4708; x_wconf 87' lang='lat' dir='ltr'><strong>enim</strong></span> <span class='ocrx_word' id='word_1_841' title='bbox 3669 4674 3768 4709; x_wconf 72' lang='lat' dir='ltr'><strong>sr-</strong></span> 
     </span>
    </p>
   </div>
   <div class='ocr_carea' id='block_1_106' title="bbox 2177 4741 3514 4812">
    <p class='ocr_par' dir='ltr' id='par_1_106' title="bbox 2177 4741 3514 4812">
     <span class='ocr_line' id='line_1_106' title="bbox 2177 4741 3514 4812; baseline 0.001 -16"><span class='ocrx_word' id='word_1_842' title='bbox 2177 4755 2272 4810; x_wconf 86' lang='lat' dir='ltr'><strong>per</strong></span> <span class='ocrx_word' id='word_1_843' title='bbox 2310 4756 2406 4794; x_wconf 88' lang='lat' dir='ltr'><strong>nos</strong></span> <span class='ocrx_word' id='word_1_844' title='bbox 2435 4741 2666 4809; x_wconf 68' lang='lat' dir='ltr'><strong>aliduant</strong></span> <span class='ocrx_word' id='word_1_845' title='bbox 2695 4742 2899 4812; x_wconf 86' lang='lat' dir='ltr'><strong>plagam</strong></span> <span class='ocrx_word' id='word_1_846' title='bbox 2931 4745 2996 4796; x_wconf 85' lang='lat' dir='ltr'><strong>tle</strong></span> <span class='ocrx_word' id='word_1_847' title='bbox 3027 4745 3159 4797; x_wconf 73' lang='lat' dir='ltr'><strong>cmln</strong></span> <span class='ocrx_word' id='word_1_848' title='bbox 3205 4743 3514 4799; x_wconf 88' lang='lat' dir='ltr'><strong>transmitti.</strong></span> 
     </span>
    </p>
   </div>
   <div class='ocr_carea' id='block_1_107' title="bbox 2249 4832 3775 4904">
    <p class='ocr_par' dir='ltr' id='par_1_107' title="bbox 2249 4832 3775 4904">
     <span class='ocr_line' id='line_1_107' title="bbox 2249 4832 3775 4904; baseline 0.003 -18"><span class='ocrx_word' id='word_1_849' title='bbox 2249 4832 2431 4886; x_wconf 83' lang='lat' dir='ltr'><strong>XVIII.</strong></span> <span class='ocrx_word' id='word_1_850' title='bbox 2463 4832 2839 4887; x_wconf 81' lang='lat' dir='ltr'><strong>Cltildeberttts</strong></span> <span class='ocrx_word' id='word_1_851' title='bbox 2871 4849 2997 4888; x_wconf 88' lang='lat' dir='ltr'><strong>vero</strong></span> <span class='ocrx_word' id='word_1_852' title='bbox 3026 4852 3120 4889; x_wconf 77' lang='lat' dir='ltr'><strong>rex</strong></span> <span class='ocrx_word' id='word_1_853' title='bbox 3149 4838 3598 4904; x_wconf 89' lang='lat' dir='ltr'><strong>compellentibns</strong></span> <span class='ocrx_word' id='word_1_854' title='bbox 3630 4838 3775 4895; x_wconf 66' lang='lat' dir='ltr'><strong>mis;</strong></span> 
     </span>
    </p>
   </div>
   <div class='ocr_carea' id='block_1_108' title="bbox 2177 4922 3774 4996">
    <p class='ocr_par' dir='ltr' id='par_1_108' title="bbox 2177 4922 3774 4996">
     <span class='ocr_line' id='line_1_108' title="bbox 2177 4922 3774 4996; baseline 0.007 -21"><span class='ocrx_word' id='word_1_855' title='bbox 2177 4922 2251 4976; x_wconf 90' lang='lat' dir='ltr'><strong>sis</strong></span> <span class='ocrx_word' id='word_1_856' title='bbox 2276 4924 2656 4993; x_wconf 86' lang='lat' dir='ltr'><strong>imperialibus,</strong></span> <span class='ocrx_word' id='word_1_857' title='bbox 2691 4923 2779 4994; x_wconf 83' lang='lat' dir='ltr'><strong>qui</strong></span> <span class='ocrx_word' id='word_1_858' title='bbox 2803 4941 2990 4979; x_wconf 86' lang='lat' dir='ltr'><strong>aurum</strong></span> <span class='ocrx_word' id='word_1_859' title='bbox 3016 4927 3155 4994; x_wconf 88' lang='lat' dir='ltr'><strong>quod</strong></span> <span class='ocrx_word' id='word_1_860' title='bbox 3189 4942 3328 4980; x_wconf 87' lang='lat' dir='ltr'><strong>anno</strong></span> <span class='ocrx_word' id='word_1_861' title='bbox 3362 4932 3643 4996; x_wconf 88' lang='lat' dir='ltr'><strong>superiore</strong></span> <span class='ocrx_word' id='word_1_862' title='bbox 3665 4934 3774 4986; x_wconf 63' lang='lat' dir='ltr'><strong>dav</strong></span> 
     </span>
    </p>
   </div>
   <div class='ocr_carea' id='block_1_109' title="bbox 2180 5015 3764 5093">
    <p class='ocr_par' dir='ltr' id='par_1_109' title="bbox 2180 5015 3764 5093">
     <span class='ocr_line' id='line_1_109' title="bbox 2180 5015 3764 5093; baseline 0.006 -25"><span class='ocrx_word' id='word_1_863' title='bbox 2180 5025 2290 5068; x_wconf 91' lang='lat' dir='ltr'><strong>tum</strong></span> <span class='ocrx_word' id='word_1_864' title='bbox 2323 5015 2516 5083; x_wconf 87' lang='lat' dir='ltr'><strong>fuerat,</strong></span> <span class='ocrx_word' id='word_1_865' title='bbox 2551 5017 2875 5089; x_wconf 81' lang='lat' dir='ltr'><strong>requirebat,</strong></span> <span class='ocrx_word' id='word_1_866' title='bbox 2907 5018 3201 5072; x_wconf 80' lang='lat' dir='ltr'><strong>exercitum</strong></span> <span class='ocrx_word' id='word_1_867' title='bbox 3232 5021 3280 5072; x_wconf 93' lang='lat' dir='ltr'><strong>in</strong></span> <span class='ocrx_word' id='word_1_868' title='bbox 3315 5019 3514 5072; x_wconf 73' lang='lat' dir='ltr'><strong>Italiam</strong></span> <span class='ocrx_word' id='word_1_869' title='bbox 3551 5021 3764 5093; x_wconf 77' lang='lat' dir='ltr'><strong>dirigit.</strong></span> 
     </span>
    </p>
   </div>
   <div class='ocr_carea' id='block_1_110' title="bbox 2179 5106 3786 5180">
    <p class='ocr_par' dir='ltr' id='par_1_110' title="bbox 2179 5106 3786 5180">
     <span class='ocr_line' id='line_1_110' title="bbox 2179 5106 3786 5180; baseline 0.006 -18"><span class='ocrx_word' id='word_1_870' title='bbox 2179 5106 2353 5162; x_wconf 89' lang='lat' dir='ltr'><strong>Sonus</strong></span> <span class='ocrx_word' id='word_1_871' title='bbox 2380 5109 2522 5161; x_wconf 91' lang='lat' dir='ltr'><strong>enim</strong></span> <span class='ocrx_word' id='word_1_872' title='bbox 2545 5122 2651 5160; x_wconf 87' lang='lat' dir='ltr'><strong>erat</strong></span> <span class='ocrx_word' id='word_1_873' title='bbox 2685 5124 2922 5163; x_wconf 81' lang='lat' dir='ltr'><strong>sororem</strong></span> <span class='ocrx_word' id='word_1_874' title='bbox 2971 5126 3119 5164; x_wconf 90' lang='lat' dir='ltr'><strong>suam</strong></span> <span class='ocrx_word' id='word_1_875' title='bbox 3145 5111 3432 5180; x_wconf 83' lang='lat' dir='ltr'><strong>lngundem</strong></span> <span class='ocrx_word' id='word_1_876' title='bbox 3474 5129 3584 5180; x_wconf 78' lang='lat' dir='ltr'><strong>jam</strong></span> <span class='ocrx_word' id='word_1_877' title='bbox 3621 5116 3786 5170; x_wconf 81' lang='lat' dir='ltr'><strong>Con-</strong></span> 
     </span>
    </p>
   </div>
   <div class='ocr_carea' id='block_1_111' title="bbox 2175 5195 3776 5265">
    <p class='ocr_par' dir='ltr' id='par_1_111' title="bbox 2175 5195 3776 5265">
     <span class='ocr_line' id='line_1_111' title="bbox 2175 5195 3776 5265; baseline 0.004 -13"><span class='ocrx_word' id='word_1_878' title='bbox 2175 5198 2582 5265; x_wconf 83' lang='lat' dir='ltr'><strong>stantinopolim</strong></span> <span class='ocrx_word' id='word_1_879' title='bbox 2637 5195 2804 5253; x_wconf 87' lang='lat' dir='ltr'><strong>fuisse</strong></span> <span class='ocrx_word' id='word_1_880' title='bbox 2881 5201 3220 5255; x_wconf 74' lang='lat' dir='ltr'><strong>translatam.</strong></span> <span class='ocrx_word' id='word_1_881' title='bbox 3267 5201 3370 5256; x_wconf 86' lang='lat' dir='ltr'><strong>Sed</strong></span> <span class='ocrx_word' id='word_1_882' title='bbox 3420 5217 3540 5256; x_wconf 86' lang='lat' dir='ltr'><strong>cum</strong></span> <span class='ocrx_word' id='word_1_883' title='bbox 3591 5205 3776 5263; x_wconf 76' lang='lat' dir='ltr'><strong>duces</strong></span> 
     </span>
    </p>
   </div>
   <div class='ocr_carea' id='block_1_112' title="bbox 2176 5291 3762 5357">
    <p class='ocr_par' dir='ltr' id='par_1_112' title="bbox 2176 5291 3762 5357">
     <span class='ocr_line' id='line_1_112' title="bbox 2176 5291 3762 5357; baseline 0.007 -12"><span class='ocrx_word' id='word_1_884' title='bbox 2176 5291 2315 5345; x_wconf 86' lang='lat' dir='ltr'><strong>inter</strong></span> <span class='ocrx_word' id='word_1_885' title='bbox 2342 5305 2401 5344; x_wconf 91' lang='lat' dir='ltr'><strong>se</strong></span> <span class='ocrx_word' id='word_1_886' title='bbox 2431 5292 2836 5356; x_wconf 88' lang='lat' dir='ltr'><strong>altercarentur,</strong></span> <span class='ocrx_word' id='word_1_887' title='bbox 2868 5297 3097 5354; x_wconf 68' lang='lat' dir='ltr'><strong>regressi</strong></span> <span class='ocrx_word' id='word_1_888' title='bbox 3120 5305 3245 5348; x_wconf 89' lang='lat' dir='ltr'><strong>sunt</strong></span> <span class='ocrx_word' id='word_1_889' title='bbox 3291 5297 3410 5350; x_wconf 82' lang='lat' dir='ltr'><strong>sine</strong></span> <span class='ocrx_word' id='word_1_890' title='bbox 3438 5298 3600 5351; x_wconf 86' lang='lat' dir='ltr'><strong>ullius</strong></span> <span class='ocrx_word' id='word_1_891' title='bbox 3622 5301 3762 5357; x_wconf 88' lang='lat' dir='ltr'><strong>lucri</strong></span> 
     </span>
    </p>
   </div>
   <div class='ocr_carea' id='block_1_113' title="bbox 2173 5381 3776 5458">
    <p class='ocr_par' dir='ltr' id='par_1_113' title="bbox 2173 5381 3776 5458">
     <span class='ocr_line' id='line_1_113' title="bbox 2173 5381 3776 5458; baseline 0.007 -20"><span class='ocrx_word' id='word_1_892' title='bbox 2173 5384 2561 5453; x_wconf 69' lang='lat' dir='ltr'><strong>conquisitione</strong></span> <span class='ocrx_word' id='word_1_893' title='bbox 2616 5381 2686 5450; x_wconf 71' lang='lat' dir='ltr'><strong>d;</strong></span> <span class='ocrx_word' id='word_1_894' title='bbox 2743 5400 2863 5439; x_wconf 91' lang='lat' dir='ltr'><strong>nam</strong></span> <span class='ocrx_word' id='word_1_895' title='bbox 2903 5386 3138 5440; x_wconf 80' lang='lat' dir='ltr'><strong>Wintrio</strong></span> <span class='ocrx_word' id='word_1_896' title='bbox 3194 5389 3297 5440; x_wconf 78' lang='lat' dir='ltr'><strong>dux</strong></span> <span class='ocrx_word' id='word_1_897' title='bbox 3353 5404 3383 5442; x_wconf 86' lang='lat' dir='ltr'><strong>a</strong></span> <span class='ocrx_word' id='word_1_898' title='bbox 3437 5391 3776 5458; x_wconf 77' lang='lat' dir='ltr'><strong>pagensibus</strong></span> 
     </span>
    </p>
   </div>
   <div class='ocr_carea' id='block_1_114' title="bbox 2238 5563 3772 5633">
    <p class='ocr_par' dir='ltr' id='par_1_114' title="bbox 2238 5563 3772 5633">
     <span class='ocr_line' id='line_1_114' title="bbox 2238 5563 3772 5633; baseline 0.002 -19"><span class='ocrx_word' id='word_1_899' title='bbox 2238 5564 2265 5600; x_wconf 75' lang='grc' dir='ltr'>ά</span> <span class='ocrx_word' id='word_1_900' title='bbox 2302 5564 2430 5617; x_wconf 90' lang='lat' dir='ltr'><strong>Vide</strong></span> <span class='ocrx_word' id='word_1_901' title='bbox 2460 5563 2612 5616; x_wconf 85' lang='lat' dir='ltr'><strong>Paul.</strong></span> <span class='ocrx_word' id='word_1_902' title='bbox 2667 5563 2814 5615; x_wconf 79' lang='lat' dir='ltr'><strong>Diae.</strong></span> <span class='ocrx_word' id='word_1_903' title='bbox 2849 5563 2936 5616; x_wconf 89' lang='lat' dir='ltr'><strong>lib.</strong></span> <span class='ocrx_word' id='word_1_904' title='bbox 2970 5578 3022 5616; x_wconf 86' lang='lat' dir='ltr'><strong>m</strong></span> <span class='ocrx_word' id='word_1_905' title='bbox 3052 5564 3186 5616; x_wconf 85' lang='lat' dir='ltr'><strong>Ilist.</strong></span> <span class='ocrx_word' id='word_1_906' title='bbox 3221 5563 3482 5633; x_wconf 85' lang='lat' dir='ltr'><strong>Langob.,</strong></span> <span class='ocrx_word' id='word_1_907' title='bbox 3510 5578 3631 5629; x_wconf 86' lang='lat' dir='ltr'><strong>cap.</strong></span> <span class='ocrx_word' id='word_1_908' title='bbox 3660 5565 3772 5633; x_wconf 59' lang='grc' dir='ltr'><strong>ἓξ,</strong></span> 
     </span>
    </p>
   </div>
   <div class='ocr_carea' id='block_1_115' title="bbox 2166 5633 3776 5703">
    <p class='ocr_par' dir='ltr' id='par_1_115' title="bbox 2166 5633 3776 5703">
     <span class='ocr_line' id='line_1_115' title="bbox 2166 5633 3776 5703; baseline 0.001 -14"><span class='ocrx_word' id='word_1_909' title='bbox 2166 5644 2220 5689; x_wconf 90' lang='lat' dir='ltr'><strong>et</strong></span> <span class='ocrx_word' id='word_1_910' title='bbox 2247 5633 2568 5703; x_wconf 86' lang='lat' dir='ltr'><strong>Chronicum</strong></span> <span class='ocrx_word' id='word_1_911' title='bbox 2597 5634 2753 5686; x_wconf 84' lang='lat' dir='ltr'><strong>Joan.</strong></span> <span class='ocrx_word' id='word_1_912' title='bbox 2787 5634 2978 5686; x_wconf 77' lang='lat' dir='ltr'><strong>Iliclar.</strong></span> <span class='ocrx_word' id='word_1_913' title='bbox 3005 5636 3072 5688; x_wconf 90' lang='lat' dir='ltr'><strong>de</strong></span> <span class='ocrx_word' id='word_1_914' title='bbox 3097 5633 3394 5688; x_wconf 85' lang='lat' dir='ltr'><strong>Wintrione</strong></span> <span class='ocrx_word' id='word_1_915' title='bbox 3417 5635 3548 5688; x_wconf 87' lang='lat' dir='ltr'><strong>infra</strong></span> <span class='ocrx_word' id='word_1_916' title='bbox 3579 5635 3676 5689; x_wconf 86' lang='lat' dir='ltr'><strong>lib.</strong></span> <span class='ocrx_word' id='word_1_917' title='bbox 3705 5654 3776 5703; x_wconf 75' lang='grc' dir='ltr'><strong>ι,</strong></span> 
     </span>
    </p>
   </div>
   <div class='ocr_carea' id='block_1_116' title="bbox 2166 5702 3778 5774">
    <p class='ocr_par' dir='ltr' id='par_1_116' title="bbox 2166 5702 3778 5774">
     <span class='ocr_line' id='line_1_116' title="bbox 2166 5702 3778 5774; baseline 0.002 -16"><span class='ocrx_word' id='word_1_918' title='bbox 2166 5720 2284 5772; x_wconf 84' lang='lat' dir='ltr'><strong>cap.</strong></span> <span class='ocrx_word' id='word_1_919' title='bbox 2340 5702 2396 5756; x_wconf 76' lang='lat'><strong>5.</strong></span> <span class='ocrx_word' id='word_1_920' title='bbox 2455 5704 2508 5756; x_wconf 90' lang='lat' dir='ltr'><strong>In</strong></span> <span class='ocrx_word' id='word_1_921' title='bbox 2568 5704 2874 5770; x_wconf 76' lang='lat' dir='ltr'><strong>Fredegarii</strong></span> <span class='ocrx_word' id='word_1_922' title='bbox 2919 5704 3206 5774; x_wconf 75' lang='lat' dir='ltr'><strong>Chronico,</strong></span> <span class='ocrx_word' id='word_1_923' title='bbox 3247 5719 3365 5774; x_wconf 81' lang='lat' dir='ltr'><strong>cap.</strong></span> <span class='ocrx_word' id='word_1_924' title='bbox 3421 5707 3510 5767; x_wconf 73' lang='grc' dir='ltr'><strong>Η,</strong></span> <span class='ocrx_word' id='word_1_925' title='bbox 3558 5702 3778 5761; x_wconf 50' lang='lat' dir='ltr'><strong>dir-itu?</strong></span> 
     </span>
    </p>
   </div>
   <div class='ocr_carea' id='block_1_117' title="bbox 2171 5772 3782 5844">
    <p class='ocr_par' dir='ltr' id='par_1_117' title="bbox 2171 5772 3782 5844">
     <span class='ocr_line' id='line_1_117' title="bbox 2171 5772 3782 5844; baseline 0.004 -18"><span class='ocrx_word' id='word_1_926' title='bbox 2171 5777 2406 5841; x_wconf 78' lang='lat' dir='ltr'><strong>Quintrio</strong></span> <span class='ocrx_word' id='word_1_927' title='bbox 2441 5777 2547 5827; x_wconf 78' lang='lat' dir='ltr'><strong>dux</strong></span> <span class='ocrx_word' id='word_1_928' title='bbox 2591 5774 2902 5844; x_wconf 66' lang='lat' dir='ltr'><strong>Campania.</strong></span> <span class='ocrx_word' id='word_1_929' title='bbox 2952 5772 3000 5826; x_wconf 87' lang='lat' dir='ltr'><strong>Is</strong></span> <span class='ocrx_word' id='word_1_930' title='bbox 3031 5791 3094 5830; x_wconf 79' lang='lat' dir='ltr'><strong>ex</strong></span> <span class='ocrx_word' id='word_1_931' title='bbox 3123 5772 3522 5832; x_wconf 60' lang='lat' dir='ltr'><strong>Gudilattitiam</strong></span> <span class='ocrx_word' id='word_1_932' title='bbox 3569 5777 3782 5836; x_wconf 59' lang='lat' dir='ltr'><strong>habui.</strong></span> 
     </span>
    </p>
   </div>
  </div>
