3966 6348
229 495 328 553 ισι

1128 490 1444 549 HISTORIA
1487 488 1926 547 FRANCORUM.
1975 490 2173 547 LIBER
2212 491 2551 549 OCTAVUS.

3387 492 3492 545 L62

227 616 341 673 suis
363 612 644 684 depulsus,
672 611 868 666 ducatu
896 608 1067 688 caruit
1128 607 1439 679 ﬁnissetque
1480 608 1645 661 vitam
1667 646 1681 670 ,
1708 605 1810 658 nisi
1840 607 1891 667 Α
1917 606 2089 674 deret,
2120 608 2418 677 puniretur.
2444 609 2537 664 Illo
2553 624 2766 681 quoque
2785 610 3092 667 discedente
3113 612 3181 666 ab
3202 610 3497 679 hospitiulo

215 708 350 778 fuga
403 702 662 759 auxilium
697 702 1017 771 praebuisset
1047 716 1062 765 ;
1105 700 1197 754 sed
1232 709 1417 768 postea
1442 738 1457 764 ,
1494 708 1684 768 pacato
1723 711 1816 766 po-

231 800 377 868 pulo,
402 798 653 853 ducatum
702 795 925 864 recepit.
978 792 1159 864 Itaque
1208 793 1369 864 391
1426 791 1666 847 Nicetius
1724 806 1818 861 per

230 893 577 949 emissionem
620 890 809 945 Eulalii
854 904 883 944 a
934 888 1192 943 comitatu
1243 893 1486 941 Arverno
1514 888 1814 947 submotus,

233 986 487 1039 ducatum
516 999 546 1039 a
597 997 721 1051 rege
749 980 999 1048 expetiit,
1023 980 1163 1035 datis
1191 994 1286 1049 pro
1312 993 1378 1034 eo
1399 977 1673 1033 immensis
1698 992 1818 1031 mu-

234 1073 471 1129 neribus.
500 1073 564 1126 Et
593 1071 671 1126 sic
700 1072 752 1126 in
783 1070 913 1126 urbe
935 1072 1203 1133 Arverna,
1230 1069 1469 1124 Ruthena
1500 1078 1660 1136 atque
1683 1066 1818 1122 Uce—

234 1167 334 1220 tica
367 1165 475 1219 dux
508 1174 533 1201 ει
561 1164 838 1217 ordinatus
863 1172 967 1228 est,
996 1160 1079 1215 vir
1108 1160 1261 1215 valde
1289 1168 1443 1216 aetate
1461 1158 1694 1227 juvenis,
1721 1156 1816 1213 sed

232 1266 419 1311 acutus
442 1256 493 1309 in
523 1268 716 1319 sensu;
762 1253 990 1324 fecitque
1018 1267 1200 1319 pacem
1227 1250 1281 1307 in
1312 1251 1532 1322 regione
1554 1250 1817 1313 Arverna,

231 1360 284 1404 et
325 1349 378 1402 in
422 1346 641 1417 reliquis
680 1345 1032 1401 ordinationis
1056 1361 1167 1399 suae
1196 1345 1346 1400 locis.
1377 1343 1709 1399 Childericus
1731 1358 1823 1397 ve-

236 1454 295 1492 ro
318 1439 464 1493 Saxo
486 1439 538 1491 in
565 1435 819 1492 nﬂ‘ensam
844 1438 982 1504 regis
1011 1434 1397 1490 Guntchramui
1430 1434 1694 1499 incidens,
1727 1446 1823 1497 pro

235 1544 393 1584 causa
426 1529 497 1582 ob
527 1544 684 1598 quam
726 1528 972 1595 superius
1010 1526 1246 1586 diximus
1293 1526 1427 1580 alios
1466 1522 1773 1593 confugisse
1802 1562 1820 1587 ,

235 1618 376 1674 beati
410 1618 619 1673 Martini
671 1618 945 1672 basilicam
972 1611 1217 1686 expe'tiit,
1280 1631 1498 1670 uxorem
1551 1616 1603 1670 in
1658 1629 1823 1683 regno

237 1709 371 1778 regis
397 1708 651 1762 antedicti
674 1707 1000 1776 relinquens.
1023 1705 1118 1760 Cui
1148 1706 1442 1761 obtestatus
1491 1704 1683 1771 fuerat,
1707 1720 1821 1768 rex,

236 1816 303 1855 ne
332 1800 503 1855 virum
533 1800 718 1854 videre
749 1807 1117 1868 praesumeret,
1173 1794 1274 1850 nisi
1329 1796 1477 1865 prius
1521 1795 1612 1849 ille
1661 1795 1824 1863 regali

236 1890 420 1959 gratia:
450 1889 908 1944 reconciliare'ur.
942 1888 1022 1942 Ad
1054 1903 1211 1957 quem
1242 1900 1362 1941 cum
1412 1900 1508 1955 pro
1535 1900 1601 1941 eo
1629 1885 1826 1954 saepius

1918 701 2159 769 suo,hic
2188 700 2435 771 Dagulfus
2464 713 2621 759 nocte
2667 717 2789 758 cum
2846 719 2953 759 uno
3000 707 3201 761 clerico
3250 709 3495 774 ven'ens,

1916 789 2135 853 domum
2174 793 2468 848 meretricis
2498 794 2811 864 ingreditur.
2864 795 3146 865 Postquam
3170 805 3345 850 autem
3374 798 3494 851 diu-

1923 881 2129 937 tissime
2150 883 2389 938 bibentes
2439 886 2686 941 inebriati
2714 894 2860 953 sunt,
2887 887 2940 941 in
2972 899 3077 941 uno
3115 896 3284 941 strato
3314 887 3495 941 locau-

1923 982 2027 1028 tur.
2057 974 2259 1042 Quibus
2281 976 2671 1030 dormieutibus
2695 1018 2712 1044 ,
2752 979 3044 1032 adveniens
3065 976 3146 1031 vir
3172 977 3283 1044 ille,
3308 991 3500 1032 accen-

1919 1079 1982 1120 so
2003 1066 2303 1133 stramine,
2358 1067 2565 1121 elevata
2629 1069 2858 1138 bipenne
2910 1079 3195 1139 utrumque
3251 1070 3497 1139 peremit.

1924 1156 2152 1225 Ideoque
2180 1157 2556 1213 documentum
2578 1160 2649 1214 sit
2678 1160 2791 1217 htec
2815 1176 2972 1217 causa
3018 1163 3248 1229 clericis,
3281 1178 3347 1217 tte
3373 1178 3500 1216 ron-

1924 1255 2001 1300 tra
2025 1260 2289 1301 canonum
2308 1256 2506 1303 statuta
2531 1261 2903 1304 extranearnm
2926 1252 3204 1307 mulierum
3230 1253 3500 1306 consortio

1924 1339 2214 1406 potiantur,
2246 1356 2366 1394 cum
2420 1341 2533 1395 haec
2555 1350 2611 1396 et
2662 1342 2775 1413 ipsa
2803 1344 2883 1398 lex
2933 1346 3185 1400 canonica
3209 1351 3261 1397 et
3313 1356 3501 1398 omnes

1924 1431 2216 1500 Scriptura:
2266 1442 2466 1488 sanctas
2514 1433 2831 1500 prohibetnt
2865 1453 2879 1491 :
2914 1444 3106 1501 prater
3128 1438 3224 1490 has
3253 1435 3497 1499 feminas,

1920 1522 1991 1577 de
2015 1523 2205 1588 quibus
2230 1523 2435 1578 crimen
2467 1540 2572 1578 non
2606 1533 2778 1592 potest
2801 1525 3081 1578 aestimari.

1996 1615 2114 1671 XX.
2142 1616 2359 1671 Interim
2397 1617 2514 1673 dies
2544 1615 2722 1687 placiti
2768 1618 3024 1683 advenit,
3069 1626 3122 1673 et
3169 1616 3403 1686 episcopi
3433 1632 3498 1672 es

1921 1706 2073 1776 jussu
2105 1708 2247 1778 regis
2276 1707 2666 1763 Guntt-hramni
2709 1710 2849 1779 apud
2902 1710 3275 1765 Matiscenscm
3312 1710 3498 1765 urbem

1926 1799 2133 1854 collecti
2167 1810 2291 1857 sunt
2332 1810 2383 1858 8.
2431 1801 2749 1856 Faustianus
2793 1798 2821 1839 II
2860 1812 3061 1867 autem,
3110 1802 3203 1871 qui
3239 1818 3303 1857 ex
3348 1801 3498 1872 jussu

1929 1889 2271 1947 Gundnvaldi
2301 1891 2567 1963 Aquensis
2590 1892 2736 1947 urbis
2775 1895 3055 1962 episcuptts
3084 1894 3358 1948 ordinatus
3386 1893 3483 1948 fue

238 1983 551 2054 legationem
584 1984 935 2047 misissemus,
965 1981 1178 2038 tandem
1200 1986 1206 1992 '
1227 1980 1555 2035 obtinuimus
1606 1989 1663 2034 ut
1694 1994 1824 2033 uxo—
1853 1987 1901 2049 Β
1929 1993 2032 2049 rat,
2064 1996 2123 2039 ea
2151 1984 2457 2039 conditione
2488 1991 2815 2049 removetur,
2839 1993 2895 2038 ut
2919 1998 3041 2039 eum
3065 1981 3501 2048 Bertcltramnns,

238 2086 344 2128 rem
375 2075 679 2144 reciperet,
718 2083 771 2128 et
800 2072 932 2127 citra
958 2069 986 2110 ι’
1036 2070 1267 2142 Ligerim
1316 2070 1531 2125 fluvium
1587 2083 1827 2124 commo-

243 2174 456 2221 raretur
492 2205 509 2231 ,
551 2179 655 2218 non
698 2176 871 2218 tamen
918 2162 984 2215 ad
1029 2176 1207 2231 regem
1229 2160 1624 2216 Childebertum
1654 2168 1828 2214 trans—

238 2258 323 2313 ire
373 2262 746 2328 praesumeret.
780 2254 886 2310 Sed
923 2253 1015 2309 ille
1053 2262 1268 2321 accepta
1299 2251 1542 2306 libertate
1571 2249 1831 2319 recipien-

244 2349 321 2401 dae
353 2348 554 2410 uxoris,
588 2346 720 2402 clam
750 2344 817 2400 ad
860 2361 981 2400 eum
1007 2342 1246 2408 transiit;
1274 2342 1571 2412 adeptaque
1616 2338 1829 2396 ordina-

244 2438 627 2493 tioneducatus
676 2437 728 2492 in
781 2436 1084 2491 civitatibus
1107 2436 1243 2488 u'tra
1299 2433 1600 2489 Garunnam
1637 2474 1652 2499 ,
1712 2447 1831 2505 qua:

242 2536 291 2590 in
346 2543 616 2604 potestate
669 2532 962 2602 supradicti
1012 2532 1152 2602 regis
1200 2529 1555 2595 habebantur,
1580 2531 1828 2585 accessit.

239 2628 642 2683 Gunthramnus
685 2641 813 2681 vero
840 2640 932 2680 res
988 2626 1174 2679 volens
1228 2638 1452 2694 regnum
1499 2623 1707 2693 nepotis
1749 2622 1833 2680 sui

244 2720 568 2785 Chlutltarii,
596 2720 687 2773 filii
710 2718 914 2774 scilicet
937 2716 1249 2788 Chilperici,
1299 2731 1508 2787 regere,
1561 2714 1835 2771 'l'beodul-

239 2812 351 2867 funt
398 2811 707 2881 Andegavis
774 2809 1023 2865 comitem
1078 2823 1200 2865 esse
1254 2807 1523 2874 decrevit;
1588 2806 1832 2862 introdu-

244 2914 470 2972 ctusque
498 2900 549 2954 in
579 2902 788 2970 urbem,
810 2915 836 2952 a
860 2899 1086 2963 civibus,
1108 2908 1159 2953 et
1195 2899 1495 2968 praesertim
1526 2913 1554 2951 a
1614 2897 1836 2967 Domigi-

239 2994 355 3049 selo
377 3008 503 3049 cum
548 2990 845 3048 humilitate
897 2992 1143 3062 repulsus
1171 3000 1277 3046 est.
1332 2989 1739 3060 Rccurrensque
1763 2994 1831 3049 ad

238 3101 463 3156 regem,
526 3085 716 3140 iterum
794 3091 1115 3153 praeceptum
1187 3081 1474 3151 accipiens,
1542 3097 1570 3135 a
1628 3083 1833 3151 Sigulfo

237 3183 374 3235 duce
445 3179 786 3234 intromissus
820 3216 835 3239 ,
881 3175 1192 3230 comitatum
1263 3174 1409 3229 urbis
1483 3173 1626 3228 illius
1673 3176 1831 3230 rexit.

239 3270 625 3327 Gundnbaldns
670 3277 849 3323 autem
895 3268 1208 3323 comitatum
1262 3266 1613 3334 Meldensem,
1666 3282 1827 3338 super

1928 2082 2275 2150 Orestesque,
2302 2082 2416 2137 sive
2461 2080 2746 2147 Palladius,
2785 2078 2874 2149 qui
2921 2094 3040 2134 eum
3095 2077 3502 2143 benedixerant,

1931 2175 2135 2229 vicibus
2180 2181 2483 2242 pascerent,
2510 2183 2871 2241 centenosque
2896 2172 2943 2225 ei
2972 2185 3166 2225 aureos
3188 2171 3342 2224 annis
3387 2170 3503 2223 sine

1928 2265 2067 2333 gulis
2096 2263 2481 2320 ministrarent.
2511 2261 2745 2318 Nicetius
2771 2272 2947 2317 tamen
2971 2278 3036 2317 ex
3065 2261 3218 2328 laico,
3242 2262 3330 2331 qui
3358 2261 3505 2330 prius

1930 2356 2000 2411 ab
2027 2356 2339 2426 Chilperico
2362 2369 2486 2424 rege
2516 2364 2835 2423 praeceptum
2860 2356 3141 2419 elicUerat,
3173 2358 3223 2407 in
3242 2356 3356 2425 ipsa
3377 2355 3507 2409 urbe

1929 2447 2297 2516 episcopatum
2366 2446 2590 2514 adeptus
2641 2455 2742 2500 est.
2818 2444 3088 2500 Ursicinus
3151 2443 3507 2499 Cadurcensis

1932 2540 2219 2609 episc0pus
2252 2537 2747 2594 escommunicatur
2774 2577 2789 2600 ,
2823 2552 2919 2605 pro
2945 2548 3011 2591 en
3040 2537 3179 2606 quod
3210 2536 3508 2591 Gundoval-

1932 2631 2061 2686 dum
2090 2630 2365 2699 excepisse
2388 2629 2598 2701 publice
2623 2637 2706 2683 est
2731 2626 3010 2684 confessus
3042 2646 3055 2681 :
3083 2638 3303 2698 accepto
3331 2630 3489 2698 hujus

1933 2721 2081 2778 modi
2110 2721 2329 2791 placito,
2358 2728 2417 2776 ut
2463 2720 2829 2790 paenitentiam
2879 2719 3052 2774 tribus
3093 2721 3249 2773 annis
3302 2734 3464 2788 agens
3490 2762 3506 2785 ,

1935 2829 2114 2884 neque
2140 2813 2418 2884 capillum,
2443 2827 2616 2882 neque
2638 2810 2856 2866 barbam
2882 2812 3145 2877 tonderet,
3170 2811 3292 2867 vino
3317 2824 3373 2867 et
3394 2826 3510 2866 car-

1934 2910 2095 2964 nibus
2123 2908 2435 2973 abstineret,
2468 2907 2657 2962 missas
2671 2906 2969 2974 celebrare,
2996 2906 3220 2963 clericos
3239 2905 3510 2971 ordinare,

1935 3000 2299 3071 ecclesiasque
2328 3008 2381 3054 et
2427 3000 2661 3053 chrisma
2710 2997 3043 3064 benedicere,
3099 2997 3339 3068 eulogias
3385 2997 3510 3051 dare

1938 3093 2148 3163 penitus
2170 3107 2276 3147 non
2298 3091 2523 3146 auderet
2556 3108 2570 3156 ;
2607 3106 2639 3144 u
2664 3090 2806 3144 ilitas
2834 3089 2994 3160 393
3026 3099 3201 3143 tamen
3221 3089 3462 3143 ecclesia:
3490 3089 3505 3125 ί

1938 3199 2034 3254 per
2086 3184 2204 3253 ejus
2248 3181 2664 3248 ordinationem,
2720 3179 2858 3235 sicut
2909 3180 3064 3234 solita
3106 3188 3244 3246 erat,
3295 3181 3510 3234 omnino

1938 3286 2304 3334 exerceretur.
2337 3276 2553 3331 Exstitit
2580 3272 2721 3328 enim
2752 3271 2804 3327 in
2833 3273 2933 3326 hac
2971 3272 3174 3342 synodo
3205 3269 3418 3341 quidam
3445 3287 3510 3327 ex

238 3366 569 3431 Guerpinum
598 3361 869 3432 accipiens
893 3371 915 3398 ο
937 3399 954 3427 ,
987 3360 1363 3430 ingressusque
1403 3359 1612 3426 urbem,
1641 3373 1825 3415 causa.

1938 3370 2220 3443 episcopis,
2247 3371 2335 3440 qui
2362 3368 2574 3424 dicebat
2596 3367 2893 3432 mulierem,
2920 3365 3187 3420 hominem
3217 3379 3320 3419 non
3354 3379 3511 3435 posse

238 3472 356 3512 rum
388 3460 659 3511 actionem
680 3467 843 3525 agere
867 3453 1047 3523 cmpit.
1079 3451 1283 3507 Exinde
1308 3451 1432 3506 dum
1458 3466 1648 3523 pagum
1680 3452 1828 3509 urbis

236 3548 295 3605 in
327 3550 429 3603 hoc
452 3547 629 3602 officio
650 3544 979 3609 circumiret,
1002 3546 1051 3599 in
1075 3543 1302 3614 quadam
1327 3543 1446 3598 villn
1468 3543 1537 3598 ab
1560 3542 1830 3612 Guerpino

239 3624 591 3701 interficitur.
610 3637 776 3708 Cujus
799 3642 1047 3707 parentes
1081 3635 1384 3705 congregati
1412 3649 1574 3705 super
1596 3635 1737 3690 hunc
1761 3636 1830 3689 ir-

236 3742 427 3795 ruutt,
453 3731 823 3801 inclusumque
851 3728 904 3784 in
945 3729 1193 3799 pessilem
1215 3727 1407 3782 domus
1427 3723 1452 3763 δ
1480 3726 1787 3783 interimunt
1814 3740 1830 3781 :

241 3828 442 3896 sicque
468 3835 687 3894 uterque
715 3824 1012 3879 acomitatu
1030 3834 1200 3879 morte
1235 3823 1546 3877 imminente
1564 3820 1831 3877 discessi'.

316 3939 463 3997 XIX.
497 3941 629 3995 Cum
673 3949 849 3994 autem
887 3937 1084 4008 saepius
1115 3934 1368 4006 Dagulfus
1411 3935 1574 4005 392
1609 3932 1773 3987 abbas
1805 3942 1832 3971 ο

238 4052 348 4105 pro
375 4032 679 4089 sceleribus
715 4031 828 4087 suis
868 4037 1204 4099 argueretur,
1257 4027 1379 4098 quia
1408 4027 1547 4081 l‘urta
1573 4033 1628 4080 et
1659 4023 1833 4078 homi-

235 4125 381 4179 cidia
414 4124 730 4192 plerumque
758 4120 1002 4187 faciebat,
1028 4118 1123 4175 sed
1148 4117 1279 4174 etin
1307 4113 1582 4170 adulteriis
1610 4112 1832 4171 nimium

237 4219 375 4274 diss-
397 4217 545 4272 lutus
570 4223 709 4279 erat,
740 4214 971 4283 quodam
1003 4220 1245 4281 tempore
1273 4224 1395 4264 cum
1420 4222 1640 4262 uxorem
1673 4205 1833 4260 vicini

235 4311 329 4365 sui
353 4307 749 4377 concupiscens
778 4349 793 4371 ,
824 4310 1144 4361 misceretur
1172 4318 1293 4358 cum
1326 4316 1410 4365 ea,
1438 4299 1716 4367 requirens
1744 4312 1837 4352 oc-

237 4403 496 4456 casiones
542 4399 818 4464 diversas,
876 4396 1105 4466 qualiter
1157 4393 1329 4447 virum
1387 4390 1648 4445 adultera:
1697 4388 1835 4442 intra

238 4490 562 4549 monasterii
596 4490 753 4561 hujus
781 4498 930 4557 septa
970 4486 1192 4542 deberet
1242 4484 1547 4552 opprimere
1578 4478 1619 4543 ί,
1645 4491 1834 4536 conte-

234 4594 420 4641 status
463 4591 556 4639 est
579 4583 633 4638 ei
678 4582 886 4647 dicens,
907 4578 1049 4650 quod
1076 4577 1123 4633 si
1158 4575 1224 4631 ad
1257 4589 1476 4631 uxorem
1501 4587 1651 4628 suam
1680 4587 1833 4627 acce-

229 4763 306 4818 S.
337 4758 718 4818 Glndesindem
762 4755 1116 4816 abbatissam,
1165 4767 1285 4823 quae
1308 4746 1825 4823 Parthenonembo-

1934 3465 2177 3521 vocitari.
2208 3464 2316 3521 Sed
2366 3472 2545 3518 tamen
2606 3461 2673 3515 ab
2724 3458 2988 3530 episcopis
3036 3459 3244 3513 ratione
3294 3466 3511 3522 accepta

1931 3557 2170 3627 quievit:
2193 3570 2259 3611 eo
2287 3554 2427 3624 quod
2456 3568 2610 3609 sacer
2638 3554 2837 3607 veteris
2870 3550 3197 3606 Testamenti
3225 3548 3359 3604 liber
3380 3549 3511 3604 edo-

1932 3657 2072 3710 ceat.
2100 3646 2242 3705 ouod
2273 3645 2325 3701 in
2350 3644 2608 3715 principio
2642 3645 2753 3700 Deo
2798 3643 3066 3697 hominem
3114 3653 3330 3698 crem'e
3353 3684 3366 3705 ,
3395 3643 3469 3696 ait
3497 3684 3511 3707 ,

1935 3737 2227 3795 Hasruluttr
2274 3746 2320 3791 et
2345 3736 2587 3805 feminam
2611 3735 2797 3790 creavit
2828 3750 2912 3789 eos
2942 3748 2961 3788 :
3003 3734 3294 3802 vocavilque
3332 3748 3513 3787 nomen

1933 3847 2130 3893 eorum.
2194 3832 2361 3885 Adam
2415 3829 2566 3898 (Gen.
2622 3845 2672 3895 v,
2707 3827 2791 3899 ἓ),
2854 3826 2995 3898 quod
3059 3836 3142 3882 est
3185 3825 3512 3899 [exponitur]

1935 3923 2099 3979 homo
2125 3934 2407 3988 terrenus;
2442 3921 2521 3976 sic
2566 3920 2748 3990 utique
2805 3932 3002 3974 vocans
3047 3918 3361 3984 mulierem,
3414 3931 3512 3972 ceu

1938 4016 2147 4071 virum:
2177 4026 2464 4083 utrumque
2508 4011 2651 4068 enim
2684 4011 2949 4066 hominem
2984 4010 3138 4064 dixit.
3163 4011 3265 4065 Sel
3312 4021 3369 4066 et
3415 4011 3517 4064 Do.

1937 4110 2114 4165 minus
2139 4107 2295 4163 Iesus
2319 4105 2564 4160 Christus
2593 4105 2663 4159 ob
2688 4106 2787 4159 hoc
2808 4105 3072 4159 vocitatur
3101 4103 3237 4157 filius
3260 4103 3512 4167 hominis,

1936 4198 2077 4267 quod
2104 4197 2175 4251 sit
2200 4196 2340 4249 ﬁlius
2365 4194 2611 4262 Virginis,
2634 4195 2683 4248 id
2703 4202 2788 4249 est
2811 4192 3070 4247 mulieris.
3102 4193 3179 4247 Ad
3209 4207 3368 4261 quant
3391 4207 3509 4246 cunt

1936 4304 2101 4358 aquas
2131 4290 2183 4343 in
2212 4290 2329 4341 vina
2359 4285 2649 4340 transferre
2696 4292 2927 4352 pararet,
2969 4283 3045 4337 ait
3074 4297 3090 4335 :
3140 4282 3278 4348 Quid
3306 4282 3430 4335 mihi
3469 4293 3517 4336 et

1936 4384 2028 4438 tibi
2041 4392 2135 4447 est,
2160 4381 2346 4435 mulier
2366 4378 2546 4449 (Juan.
2577 4393 2641 4446 tt,
2674 4376 2730 4449 4)
2766 4379 2790 4432 ?
2817 4384 2870 4431 et
2892 4363 3117 4444 reliqua.
3155 4373 3437 4441 Multisque
3463 4383 3516 4427 et

1934 4474 2056 4529 aliis
2086 4471 2405 4528 testimoniis
2449 4470 2564 4524 haec
2609 4483 2768 4523 causa
2814 4464 3058 4522 convicta
3100 4464 3321 4534 quievit.
3374 4464 3517 4519 Phr-

1937 4574 2169 4622 testatus
2207 4578 2337 4619 vero
2387 4557 2831 4630 Rothomagensis
2878 4556 3202 4627 episcopus,
3246 4555 3519 4611 orationes

1940 4744 2150 4814 assequi
2184 4743 2432 4814 fateatur,
2467 4738 2565 4814 nisi
2596 4733 3125 4814 pessile_sit__al.iqua
3176 4732 3323 4814 domi
3364 4745 3514 4801 pars,

232 4805 1027 4902 'iﬁs'iis'isﬁiiné"
1053 4805 1228 4902 Medis
1263 4822 1533 4902 celebrem
1562 4817 1821 4902 condfi‘i‘l‘it;
1858 4815 1907 4877 υ
1930 4805 2254 4902 cujus'vocis
2282 4805 2609 4902 sl‘gnittcatio'
2630 4808 2783 4902 nLoLbis
2810 4805 2967 4902 h'odie
2996 4806 3170 4902 ignota
3197 4813 3302 4902 est.

228 4888 400 4973 cirjtis
425 4903 593 4955 habes
620 4888 792 4973 'Yitatn
840 4897 1049 4973 siccati
1102 4893 1441 4973 Benedictino
1465 4930 1480 4953 ,
1509 4904 1629 4973 pag.
1664 4888 1823 4968 ίθξςἹ.

325 4962 349 5009 ³³
375 4975 448 5029 Es
482 4973 585 5026 hoc
611 4971 834 5038 aliisque
860 4966 1126 5023 similibus
1160 4967 1289 5038 locis
1324 4962 1511 5038 probat
1538 4962 1828 5030 Bignouius

228 5045 413 5099 duces
442 5041 728 5097 comitibus
751 5033 1014 5108 potestate
1043 5036 1347 5108 superiores
1400 5033 1585 5108 fuisse,
1611 5044 1827 5108 necre-

225 5116 501 5181 quisitutn
534 5112 697 5166 fuisse
728 5101 783 5163 ιιί
812 5101 1415 5181 ὼιοάοείιηδοωὶξειωε
1442 5102 1564 5181 duci
1591 5101 1827 5181 subjice-

225 5170 451 5240 r'entur.
487 5183 622 5239 Vide
652 5180 788 5236 infra
835 5179 927 5233 lih.
980 5193 1057 5238 rx,
1105 5190 1223 5240 cap.
1271 5175 1327 5239 7,
1385 5184 1439 5228 et
1495 5175 1607 5240 lege
1657 5170 1825 5239 ipsius

226 5259 333 5310 Cl.
364 5255 460 5309 viri
495 5263 650 5307 nntas
676 5254 728 5306 in
754 5252 845 5305 lib.
879 5265 892 5303 I
940 5247 1173 5303 Marculli
1209 5247 1365 5299 form.
1396 5245 1448 5307 8,
1480 5244 1566 5295 ubi
1602 5243 1751 5310 plura
1775 5250 1829 5294 et

224 5329 386 5384 scitu
419 5327 613 5395 digna,
639 5338 735 5395 pro
756 5335 905 5395 more
924 5333 1044 5395 suo,
1098 5316 1258 5395 habet
1288 5316 1355 5370 de
1383 5313 1607 5395 ducibus
1633 5322 1688 5367 et
1731 5327 1822 5392 cn-

218 5382 735 5451 rnitihustidesis
785 5401 837 5445 et
882 5382 1170 5445 Altes'errte
1203 5389 1393 5441 librum
1423 5399 1489 5440 ea
1515 5384 1581 5438 de
1611 5399 1670 5437 re
1720 5382 1831 5437 sin-

213 5468 509 5539 gularem,
539 5476 594 5520 et
618 5462 800 5539 Cangji
832 5459 1189 5539 Glossarium.

316 5536 348 5577 δ
372 5537 526 5593 Colb.
563 5552 635 5590 tn.
665 5544 722 5589 et
750 5534 961 5601 Regni"
986 5532 1140 5584 circa.

2010 4876 2033 4923 δ
2066 4886 2120 4939 In
2153 4884 2277 4937 Bec.
2305 4876 2454 4934 dcest
2478 4894 2581 4934 vos
2615 4878 2787 4931 abbas.
2840 4877 2896 4929 In
2927 4876 3101 4927 indice
3150 4881 3326 4925 tamen
3357 4886 3514 4940 capp.

1934 4954 2115 5021 habet,
2137 4958 2204 5011 De
2223 4950 2443 5020 Dagulfo
2464 4952 2659 5003 abbate.

2009 5026 2027 5066 ῐ
2062 5010 2201 5079 Idem
2239 5010 2401 5082 cod,
2433 5022 2593 5074 virum
2628 5013 3054 5083 adulterum,qui
3094 5013 3147 5066 in
3185 5020 3321 5066 terra
3362 5010 3519 5080 hujus

1934 5093 2225 5154 monasterii
2249 5093 2443 5146 deberet
2466 5089 2769 5159 apprimere.

2007 5179 2032 5217 s
2063 5163 2227 5232 llujus
2256 5161 2447 5231 synodi
2479 5151 2735 5232 canones,
2790 5165 2843 5232 et
2874 5168 3078 5232 ~eorum
3111 5151 3376 5232 _nomina,
3424 5152 3513 5232 qui

1932 5224 2455 5309 ipsip_i_uierfuérunt,
2504 5229 2628 5283 vide
2674 5226 2815 5296 apud
2871 5224 3222 5281 Sirmoudum
3283 5233 3414 5279 tom.
3450 5224 3466 5277 Ι
3502 5261 3517 5285 .

1931 5325 1984 5378 p.
2016 5325 2139 5361 οδι.

2003 5376 2029 5415 lt
2067 5376 2187 5438 Alii,
2219 5370 2610 5432 Faustinianus,
2659 5377 2719 5423 ut
2745 5381 2901 5437 supra
2956 5367 3048 5422 lih.
3084 5380 3201 5438 ivtr,
3239 5362 3519 5438 cap._3l,

1933 5451 2021 5505 ubi
2050 5433 2186 5517 ejus
2212 5443 2477 5498 ordinatio
2529 5433 2869 5517 describitur,
2903 5448 2955 5492 et
2978 5441 3044 5493 de
3079 5437 3287 5517 Nicetio
3325 5433 3519 5517 agitur.

2013 5519 2027 5556 ί
2065 5507 2117 5573 Id
2164 5526 2244 5572 est
2284 5529 2461 5569 rerum
2492 5510 2864 5579 temporalium
2903 5525 2965 5563 ac
2997 5507 3395 5579 possessionum
3426 5515 3517 5553 ec-

1934 5572 2112 5645 clesia:
2140 5603 2251 5643 sua:
2271 5599 2454 5642 curam
2488 5572 2727 5637 haberet.
2762 5580 2880 5651 Ipse
2912 5572 3087 5651 tamen
3109 5577 3246 5651 inter
3265 5572 3399 5651 alios
3419 5586 3509 5622 an-

326 5618 348 5644 '-
386 5592 487 5664 Sic
511 5608 634 5663 Bec.
655 5621 670 5661 :
692 5606 805 5672 alii,
827 5592 1154 5672 ἶὲυεγρὶηιιηι
1178 5597 1323 5672 (θυι
1358 5592 1723 5672 Vuerpinum),
1751 5593 1835 5672 itt-

210 5692 575 5752 grcsstuque,
639 5665 942 5752 etc.;.'unde
970 5665 1257 5751 Bignouius
1283 5683 1351 5723 ex
1403 5666 1713 5735 conjectura
1741 5665 1833 5716 ad-

206 5742 698 5811 aiderat't’uwsit;
726 5746 913 5809 Ches.,
945 5742 1225 5817 compedit.
1391 5808 1400 5817 _

312 5818 348 5857 δ
374 5821 534 5883 Editi,
560 5804 806 5886 pensilem
836 5804 1069 5873 do'tnumf
1092 5807 1503 5886 Bec.,gpensilem
1528 5806 1731 5886 domus.
1764 5804 1834 5860 At

202 5878 534 5949 lectionem
560 5878 831 5951 'nostratu,
881 5901 999 5955 quan
1034 5895 1115 5937 est
1138 5883 1297 5955 Coll}.
1334 5895 1427 5941 tn.,
1463 5878 1673 5931 caeteris
1721 5892 1836 5931 me-

201 5964 433 6021 liorem
468 5968 621 6030 putat
647 5949 911 6022 Valesittsi
938 5954 1179 6027 quamvis
1221 5949 1339 6020 ejus
1378 5964 1595 6003 sensum
1641 5964 1831 6002 senon

1939 5642 2133 5716 tis—tiles
2150 5642 2392 5714 Concilio
2415 5652 2754 5720 subscripsit,
2780 5642 2943 5722 immo
2964 5658 3021 5704 et
3044 5650 3156 5716 ipse
3178 5642 3520 5722 Fauttiattus,

1934 5711 2269 5799 sedhqui'ihi
2300 5724 2493 5799 dicitur
2534 5711 2717 5799 sedem
2743 5711 2855 5799 non
2898 5711 3117 5773 habere.
3171 5711 3522 5799 Atil‘lieetius

1938 5817 2037 5858 nec
2066 5792 2400 5861 subscripsit,
2437 5808 2535 5849 nec
2565 5797 2702 5847 inter
2727 5792 2859 5845 alios
2884 5802 3060 5861 patres
3091 5792 3388 5840 recensitus
3410 5795 3519 5861 est,

1936 5855 2081 5944 quod
2106 5872 2244 5929 forte
2270 5855 2506 5922 nondum
2536 5864 2814 5920 ordinatus
2835 5855 2999 5926 esset,
3036 5857 3207 5912 factus
3226 5871 3291 5912 ex
3324 5855 3523 5910 comite

1938 5947 2241 6011 episcopus.
