3978 6346
441 504 548 558 επ

1404 485 1461 541 S.
1500 481 1828 541 'GIIEGOIIII
1868 474 2173 535 EPISCOPI
2212 464 2643 532 TURONENSIS

2180 346 2189 371 ι

3598 445 3706 503 LM

443 627 577 683 quas
607 611 657 664 iu
684 606 873 661 exsilio
899 603 1101 675 positus
1148 599 1387 668 scalpsit,
1419 612 1601 652 coram
1640 597 1906 666 episcopis
1933 606 2022 648 re-
2050 593 2070 652 Α

2180 622 2239 661 ue
2258 613 2386 661 sunt
2408 603 2459 659 ei
2494 599 2747 668 deinceps
2774 607 2960 651 omnes
2981 606 3091 658 res,
3121 605 3254 662 quas
3278 590 3331 645 in
3363 588 3607 642 Arverno
3637 584 3709 639 de

445 700 649 755 citavit.
678 699 805 765 Qua:
857 696 1168 766 quihusdam
1223 691 1435 760 quidem
1467 690 1795 758 placuerunt,
1836 702 1866 740 a
1907 685 2025 754 qui-

447 793 670 850 busdam
701 805 828 845 vero
860 830 874 853 ,
923 788 1045 858 quia
1087 795 1255 840 artem
1296 792 1512 838 secutus
1566 782 1785 836 minime
1831 779 2024 845 fuerat,

448 880 996 951 reprehendebantur.
1024 877 1205 945 Stylus
1233 886 1409 928 tamen
1439 890 1531 939 per
1564 874 1679 927 loca
1699 869 2031 926 ecclesiasti-

450 989 548 1029 cus
598 982 653 1026 et
678 968 1006 1025 rationab'zlis
1049 976 1184 1020 erat.
1230 965 1418 1020 Cmdes
1445 976 1623 1018 autem
1665 977 1853 1031 magna
1908 974 2033 1015 tunc

458 1068 599 1121 inter
622 1064 849 1117 famulos
871 1060 1038 1115 Prisci
1083 1068 1107 1097 ι
1135 1058 1372 1127 episcopi
1424 1067 1483 1112 et
1529 1055 1850 1125 Leudegisili
1880 1054 2033 1107 ducis

458 1160 574 1212 fuit.
603 1157 813 1209 Priscus
836 1163 1013 1207 tamen
1044 1153 1330 1220 cpiscopus
1379 1150 1442 1203 ad
1472 1149 1820 1204 coemendam
1845 1162 2033 1217 pacem

458 1249 685 1305 multum
721 1247 959 1313 pecunia:
1007 1245 1219 1299 obtulit.
1272 1244 1363 1297 llis
1410 1244 1569 1297 ctiam
1620 1242 1813 1296 diebus
1863 1241 2053 1296 Gunt-v

458 1345 748 1393 chramuus
779 1354 870 1394 rex
900 1339 1134 1407 graviter
1158 1337 1460 1405 a‘grotavit,
1507 1335 1577 1388 ita
1609 1343 1669 1388 ut
1711 1342 1987 1403 putaretur
2010 1348 2037 1384 a

456 1428 768 1498 quibusdam
802 1443 905 1481 non
948 1442 1104 1496 posse
1151 1442 1371 1495 prorsus
1406 1425 1635 1479 evadere
1665 1440 1679 1476 :
1712 1424 1849 1492 quod
1880 1424 2042 1478 credo

457 1517 791 1587 providentia
846 1517 943 1571 Dei
995 1516 1185 1571 fuisset
1233 1514 1330 1587 [Ιι.
1363 1513 1505 1585 fuit].
1563 1514 1844 1584 Cogitabat
1896 1516 2040 1568 enim

458 1610 656 1663 multos
698 1610 1070 1677 episcoporum
1118 1608 1311 1662 exsilio
1369 1607 1674 1660 detrudere.
1731 1604 2047 1660 Theodotus

462 1701 640 1764 itaque
665 1701 981 1769 epismpus,
1014 1702 1078 1754 ad
1120 1700 1306 1755 urbem
1338 1715 1488 1753 suam
1511 1714 1808 1769 regressus,
1835 1696 2049 1754 favente

468 1794 614 1845 mimi
648 1793 846 1860 populo
873 1807 992 1845 cum
1025 1792 1178 1845 laude
1204 1800 1483 1858 susceptus
1512 1800 1615 1846 est.

539 1884 677 1937 XXI.
732 1884 909 1951 Itaque
938 1899 1058 1937 cum
1093 1884 1208 1937 ltrec
1245 1882 1484 1954 synodus
1513 1889 1785 1951 ageretur.
1827 1880 2048 1935 Cbilde-

2126 697 2245 753 lisci
2298 707 2522 750 munere
2571 694 2962 761 promeruerat.
3018 683 3123 738 Sed
3161 693 3213 737 et
3239 682 3573 737 diversorqu
3623 690 3713 733 res

2131 804 2263 858 quas
2290 786 2430 840 male
2453 788 2784 850 pervaserat,
2814 791 2937 833 cum
2959 771 3277 830 confusione
3304 770 3541 839 reliquit.

2203 876 2372 931 XXII.
2445 874 2621 928 Laban
2682 868 2990 923 Ilelosensis
3052 864 3339 933 episcopus
3370 869 3397 897 ο
3427 863 3528 913 hoc
3571 871 3719 911 anno

2133 968 2289 1022 obiit.
2335 966 2431 1019 Cui
2478 961 2786 1018 Desiderius
2814 973 2882 1012 ex
2922 956 3059 1010 laico
3087 953 3367 1009 successit.
3405 950 3540 1006 Cum
3569 950 3721 1020 jure-

2136 1064 2361 1136 jurando
2386 1062 2530 1117 enim
2562 1074 2655 1112 rex
2699 1054 2968 1125 pollicitus
3000 1051 3174 1106 fuerat
3195 1091 3212 1117 ,
3266 1063 3326 1103 se
3358 1060 3627 1114 nunquam
3653 1058 3721 1097 ex

2140 1155 2289 1209 laieis
2339 1155 2652 1222 episcopum
2706 1147 3101 1201 ordinaturum.
3160 1142 3267 1198 Sed
3321 1139 3449 1208 quid
3503 1148 3724 1206 pectora

2140 1251 2371 1304 humana
2402 1247 2561 1317 395
2589 1259 2692 1298 non
2739 1251 2894 1309 cogat
2949 1239 3062 1293 auri
3120 1250 3271 1291 sacra
3317 1233 3521 1290 fames?
3572 1233 3727 1286 Bert-

2140 1344 2430 1397 chramnus
2462 1354 2588 1393 vero
2618 1349 2894 1406 regressus
2922 1348 2986 1387 ex
3018 1330 3257 1400 synodo,
3296 1343 3325 1381 a
3371 1325 3521 1380 febre
3550 1324 3728 1379 corri-

2143 1436 2313 1505 pitur;
2366 1431 2730 1498 arressitoque
2760 1426 3026 1481 Waldone
3049 1423 3295 1484 diacono,
3329 1419 3418 1488 qui
3446 1427 3501 1472 et
3528 1418 3645 1484 ipse
3673 1415 3729 1469 in

2139 1529 2410 1595 baptismo
2452 1524 2869 1577 Bertchramnus
2916 1517 3181 1570 Vocitatus
3221 1523 3324 1578 est,
3374 1524 3640 1565 summam
3679 1509 3729 1563 ei

2145 1616 2431 1674 sacerdotii
2463 1615 2701 1680 deputat,
2734 1622 3029 1676 omnesque
3048 1606 3404 1667 conditiones,
3431 1612 3537 1655 tam
3567 1610 3733 1653 testa-

2148 1706 2313 1765 menti
2358 1722 2517 1776 quam
2569 1702 3019 1776 benemeritorum
3063 1711 3315 1759 suorum,
3347 1694 3447 1763 ipsi
3488 1693 3735 1747 commit-

2144 1804 2234 1857 tit.
2281 1770 2397 1865 Quo
2435 1795 2775 1856 discedente,
2820 1770 2923 1845 hic‘
2959 1788 3203 1858 spiritum
3260 1785 3529 1839 exhalavit
3557 1781 3601 1835 ί.
3634 1783 3736 1835 Re-

2148 1903 2367 1960 gressus
2390 1887 2650 1941 diaconus
2670 1898 2791 1938 cum
2817 1879 3125 1936 muneribus
3152 1887 3207 1932 et
3231 1890 3501 1931 consensu
3530 1873 3734 1928 civium

465 1979 648 2033 bcrtus
677 1994 768 2032 rex
799 1979 937 2045 apud
972 1979 1356 2031 Belsouancnm
1387 1977 1566 2031 villam
1598 1983 1623 2013 υ
1647 2016 1663 2041 ,
1704 1990 1824 2045 qua:
1852 1976 1903 2028 itt
1932 1988 2045 2028 me-

2183 1984 2214 2037 d
2244 1996 2422 2050 regem
2449 1983 2724 2046 properat,
2741 1973 2833 2028 sed
2852 1970 2987 2025 nihil
3014 1967 3266 2024 obtinuit.
3291 1965 3442 2021 Tunc
3466 1978 3584 2028 rex,
3615 1963 3737 2016 data

467 2070 557 2122 dio
601 2070 1000 2123 Ardueuueusis
1026 2070 1176 2121 silva:
1205 2072 1302 2131 s‘ta
1334 2078 1439 2132 est,
1480 2081 1600 2121 cum
1629 2068 1741 2121 suis
1771 2066 2050 2135 conjungi-

464 2172 578 2216 tur.
622 2163 802 2215 Ibiuue
849 2160 1204 2213 BI'IIIIIl'lllldlS
1248 2162 1431 2229 regina
1482 2174 1578 2226 pro
1631 2158 1868 2229 Iugunde
1919 2159 2050 2223 filia,

467 2269 589 2324 qum
620 2255 794 2307 adhuc
823 2255 875 2306 in
910 2254 1084 2307 Africa
1107 2252 1413 2317 tenebatur,
1440 2250 1605 2322 394
1632 2251 1880 2305 omnibus
1910 2250 2055 2319 prio-

470 2346 620 2399 ribus
645 2355 832 2414 questa
861 2356 941 2398 est
976 2362 989 2398 :
1023 2345 1117 2399 sed
1151 2359 1339 2414 parum
1368 2341 1755 2398 consolationis
1798 2341 2050 2396 emeruit.

471 2438 622 2492 Tunc
651 2447 836 2490 contra
879 2436 1139 2491 Bosonem
1179 2437 1644 2491 Guntcbramnum
1674 2448 1839 2489 causa
1865 2433 2053 2487 exori—

474 2540 581 2583 tur.
628 2534 764 2583 Ante
791 2543 986 2596 paucos
1010 2537 1186 2581 autem
1215 2527 1334 2582 dies
1358 2536 1567 2581 mortua
1600 2526 1898 2596 propinqua
1926 2540 2060 2578 uxo-

473 2619 550 2675 ris
580 2619 697 2689 ejus
723 2622 841 2674 sine
869 2619 1007 2685 ﬁliis,
1041 2619 1094 2673 in
1118 2619 1337 2675 basilica
1370 2621 1518 2674 urbis
1549 2619 1825 2674 Mettensis
1849 2616 2058 2686 sepulta

473 2722 557 2765 est
584 2726 703 2765 cum
732 2710 1025 2780 grandibus
1039 2710 1371 2765 ornamentis
1392 2720 1447 2766 et
1477 2710 1648 2766 multo
1667 2724 1823 2764 auro.
1842 2708 2058 2763 Factum

474 2813 561 2858 est
629 2814 827 2867 autem,
867 2810 925 2856 ut
968 2813 1084 2871 post
1120 2803 1237 2858 dies
1276 2816 1482 2873 paucos
1525 2803 1744 2857 adesset
1793 2800 2062 2856 festivitas

480 2894 619 2948 ινιτιιί
648 2891 872 2962 Remigii
911 2904 933 2931 ο
960 2933 974 2957 ,
1008 2907 1127 2963 quae
1155 2895 1206 2947 in
1238 2892 1391 2948 initio
1421 2893 1621 2949 mensis
1643 2891 1892 2948 Octobris
1918 2891 2065 2946 cele-

480 2985 685 3039 bratur.
731 2984 1139 3040 Discedentibus
1163 2984 1187 3020 ά
1214 2997 1393 3039 autem
1436 2984 1618 3039 multis
1644 3000 1676 3039 e
1702 2983 1917 3040 civitate
1941 2998 2063 3038 cum

479 3078 753 3146 episcopo,
798 3086 853 3131 et
884 3076 1180 3146 prmscrtim
1228 3076 1530 3131 senioribus
1574 3075 1717 3130 urbis
1748 3091 1868 3130 cum
1907 3075 2061 3140 duce,

482 3178 751 3223 venerunt
776 3169 924 3237 pueri
976 3168 1201 3223 Bosdnis
1233 3167 1620 3223 Guntcbramni
1660 3167 1727 3221 ad
1767 3165 2063 3232 basilicam,

483 3268 537 3321 in
568 3282 667 3336 qua
700 3267 897 3321 mulier
925 3278 1039 3320 erat
1070 3267 1300 3335 sepulta.
1331 3264 1584 3334 lngressi,
1606 3263 1876 3318 conclusis
1903 3275 2068 3331 super

2152 2073 2538 2146 praeceptione,
2559 2068 2723 2138 jussit
2749 2061 3153 2141 Gundegisilum
3181 2057 3530 2117 Santonicum
3564 2054 3740 2109 comi-

2152 2177 2285 2232 tem,
2343 2166 2704 2231 coguomeuto
2753 2154 3053 2216 Dodonem,
3093 2152 3403 2221 episcopum
3451 2146 3738 2202 ordinari:

2151 2266 2472 2327 gestumque
2508 2260 2591 2305 est
2620 2249 2715 2304 ita.
2759 2247 2824 2301 Et
2847 2246 2969 2316 quia
3011 2243 3163 2299 multi
3206 2242 3520 2297 clericorum
3550 2238 3743 2294 Santo-

2156 2350 2403 2405 nicorum
2446 2355 2570 2401 ante
2610 2341 2872 2413 synodum
2914 2337 3314 2393 consentientes
3361 2334 3746 2389 Bertchramno

2154 2442 2433 2511 episcopo,
2466 2438 2519 2491 in
2558 2433 2854 2490 Palladium
2888 2429 3222 2485 sacerdotem
3255 2442 3410 2482 suum
3441 2425 3622 2494 aliqua
3652 2424 3747 2476 ad-

2157 2546 2315 2587 versa
2348 2527 2803 2594 conscripserant,
2862 2538 2981 2592 qua:
3030 2522 3078 2575 ei
3127 2519 3479 2573 humilitatem
3533 2516 3750 2585 ingere-

2159 2630 2300 2683 rent.
2336 2628 2458 2690 post
2487 2617 2604 2687 cjus
2634 2615 2840 2670 obitum
2869 2609 3196 2681 apprehensi
3224 2625 3253 2663 a
3284 2606 3590 2669 sacerdote,
3625 2622 3751 2675 gra-

2159 2713 2300 2767 viter
2350 2709 2475 2765 caesi
2504 2718 2665 2776 atque
2714 2704 2995 2775 exspoliati
3043 2712 3186 2755 sunt.
3241 2700 3351 2754 Hoc
3399 2709 3646 2766 tempore
3699 2703 3753 2750 et

2162 2802 2549 2862 Wandelinus,
2595 2798 2825 2853 nutritor
2872 2793 3207 2849 Cbildeberti
3262 2790 3427 2860 regis,
3458 2788 3626 2852 obiit;
3656 2787 3755 2841 scd

2166 2896 2220 2949 in
2252 2897 2425 2948 locum
2454 2892 2571 2961 ejus
2600 2889 2776 2944 nullus
2806 2897 2889 2942 est
2919 2887 3267 2955 subrogatus,
3299 2897 3367 2937 eo
3394 2880 3535 2952 quod
3569 2880 3755 2949 regina

2165 2994 2339 3043 mater
2375 2998 2559 3039 curant
2599 2982 2727 3036 velit
2766 2981 3040 3050 propriam
3079 2977 3278 3031 habere
3321 2973 3390 3028 de
3429 2972 3559 3026 filio.
3597 2971 3758 3037 Quas

2166 3092 2380 3148 cunque
2423 3076 2492 3130 de
2547 3076 2676 3127 fisco
2728 3072 2942 3133 meruit,
2992 3068 3105 3124 lisci
3145 3068 3353 3137 jurihus
3400 3073 3523 3118 sunt
3565 3064 3757 3118 relata.

2167 3170 2312 3226 Obiit
2335 3169 2416 3221 his
2436 3166 2623 3220 diebus
2654 3163 2981 3233 llodegisilus
3009 3170 3033 3207 8
3055 3160 3159 3214 dux
3185 3158 3374 3227 plenus
3396 3155 3629 3217 dierum,
3660 3152 3758 3208 sed

2175 3261 2312 3317 nihil
2337 3261 2405 3315 de
2434 3258 2691 3313 facultate
2731 3255 2847 3325 ejus
2882 3253 3005 3308 ﬁliis
3035 3250 3296 3305 tuinututn
3342 3257 3444 3302 est.
3478 3246 3537 3300 lu
3578 3245 3761 3298 locum

483 3375 577 3414 eos
599 3358 774 3424 ostiis,
818 3360 1142 3414 detexerunt
1168 3360 1499 3428 sepulcrum,
1548 3358 1801 3413 tollentes
1830 3364 1886 3411 et
1914 3355 2068 3409 aufe-
2098 3330 2145 3394 ο
2179 3357 2356 3412 Fausti
2410 3351 2699 3409 Auscensis
2752 3346 3010 3418 episcopi,
3068 3326 3264 3399 Fabius
3291 3339 3630 3411 IIepiscOpus
3679 3347 3764 3393 est

487 3465 666 3507 rentes
698 3454 875 3507 omnia
902 3461 1217 3507 ornamenta
1261 3451 1507 3521 corporis
1548 3449 1811 3515 defuncti,
1842 3465 1960 3519 quae
1990 3464 2071 3503 re-

486 3545 666 3613 perire
720 3553 1028 3611 potuerunt.
1078 3543 1384 3597 Sentientes
1437 3552 1615 3596 autem
1668 3542 1782 3595 haec
1824 3538 2071 3593 monachi

491 3636 726 3689 basilica:
758 3634 922 3698 illius,
954 3644 1218 3689 venerunt
1246 3634 1311 3688 ad
1340 3634 1572 3698 ostium;
1613 3632 1707 3687 sed
1737 3630 1940 3701 ingredi
1969 3645 2074 3684 non

490 3734 616 3781 sunt
660 3726 933 3795 permissi.
991 3725 1143 3791 Quod
1182 3725 1460 3791 Nidentcs,
1524 3726 1903 3778 nuntiaverunt
1962 3724 2077 3778 hic

491 3823 744 3889 episcopo
767 3834 865 3872 suo
893 3833 957 3873 ac
990 3816 1135 3871 duci.
1184 3817 1391 3872 Interea
1424 3816 1595 3887 pueri,
1629 3816 1865 3885 acceptis
1893 3815 2076 3883 rebus,

494 3914 841 3983 ascensisqne
885 3912 1061 3982 equis,
1104 3911 1289 3983 fugere
1317 3921 1631 3980 coeperunt;
1682 3909 1778 3966 sed
1827 3910 2082 3965 timentes

498 4023 566 4063 ne
597 4007 917 4076 apprehensi
960 4008 1013 4061 in
1058 4008 1143 4060 via
1194 4006 1427 4060 diversis
1464 4003 1839 4069 subigerentur
1877 4004 2080 4070 poenis,

498 4100 729 4169 regressi
752 4110 877 4152 sunt
906 4098 972 4153 ad
1007 4097 1303 4152 basilicam.
1332 4095 1738 4165 Posueruntque
1760 4094 1974 4165 quidem
1996 4107 2085 4149 res
2133 4078 2135 4082 Α

497 4208 659 4263 super
687 4192 962 4258 altarium,
999 4191 1093 4245 sed
1122 4189 1265 4243 foras
1293 4188 1476 4257 egredi
1520 4203 1626 4242 non
1655 4198 1777 4241 sunt
1807 4183 1947 4252 ausi,
1977 4185 2088 4240 cla-

499 4296 713 4339 mantes
738 4292 900 4353 atque
924 4282 1186 4344 dicentes,
1232 4281 1355 4350 quia
1382 4295 1413 4333 a
1443 4277 1849 4334 Guntchramno
1878 4276 2089 4332 Bosone

499 4376 802 4431 transmissi
853 4389 1062 4429 smnus.
1119 4371 1224 4428 Sed
1261 4386 1385 4426 cum
1430 4370 1497 4425 ad
1540 4369 1791 4439 placitum
1823 4367 1876 4421 in
1908 4367 2087 4423 villain

500 4485 659 4525 uuam
708 4468 961 4524 diximus.
1015 4466 1391 4520 Childebertus
1444 4478 1565 4516 cum
1624 4461 1936 4527 proceribus
1979 4463 2092 4517 suis

503 4562 868 4623 convenisset,
921 4567 975 4610 et
1019 4556 1459 4610 Guntchrainnus
1505 4555 1573 4608 de
1611 4554 1696 4607 Itis
1726 4554 2093 4622 Interpellatus

508 4652 713 4706 nullum
760 4665 1075 4720 responsum
1107 4647 1366 4715 dedisset,
1408 4648 1546 4705 clam
1591 4644 1796 4717 aufugit
1827 4662 1843 4702 :
1874 4647 2093 4702 ablatae-

2173 3449 2515 3515 subrogatus.
2544 3443 2675 3497 Post
2696 3440 2901 3494 obitum
2932 3436 3100 3493 sancti
3127 3434 3310 3498 Salvii,
3347 3434 3450 3487 hoc
3475 3446 3618 3485 anno
3650 3430 3767 3485 De-

2175 3540 2444 3595 sideratus
2469 3532 2845 3605 Albigensibus
2867 3531 3148 3600 episcOpns
3170 3527 3324 3580 datus
3346 3534 3427 3579 est
3450 3520 3495 3577 ῖ.

2246 3629 2441 3686 XXIII.
2468 3627 2669 3699 Magna:
2695 3636 2798 3679 uoe
2821 3639 2961 3677 anno
2989 3620 3181 3689 ptuvize
3206 3617 3439 3680 fuerunt,
3464 3627 3770 3680 amnesque

2180 3725 2233 3780 in
2259 3733 2465 3777 tantum
2485 3718 2895 3781 convaluerunt,
2921 3723 2978 3769 ut
3002 3713 3312 3783 plerumque
3340 3707 3615 3776 naufragia
3644 3720 3774 3760 eve-

2180 3821 2381 3875 nirent.
2416 3817 2627 3887 Ipsique
2660 3815 2839 3868 littora
2878 3809 3226 3869 excedentes,
3259 3803 3586 3873 prepiuquas
3617 3815 3777 3868 sege-

2183 3922 2266 3968 tes
2293 3926 2357 3966 ac
2388 3922 2538 3980 prata
2569 3907 2897 3977 operientes,
2929 3901 3165 3972 graviter
3185 3897 3477 3952 eliserunt:
3526 3892 3775 3946 fuerunt-

2184 4018 2291 4073 que
2320 4002 2566 4057 vernales
2592 3996 2871 4064 aestivique
2896 4006 3112 4048 menses
3135 3999 3243 4044 tam
3268 3984 3474 4057 irrigui,
3496 3992 3557 4039 ut
3580 3983 3778 4053 hyems

2186 4096 2356 4166 magis
2377 4100 2654 4163 putaretur
2677 4101 2800 4144 esse
2829 4099 2987 4156 quam
3017 4092 3196 4137 aestas.

2259 4184 2452 4242 XXIV.
2486 4183 2616 4238 Dote
2646 4182 2746 4235 hoc
2772 4192 2914 4232 anno
2944 4174 3132 4230 insulae
3154 4172 3207 4227 in
3234 4171 3368 4227 mari
3398 4167 3669 4223 divinitus
3698 4166 3787 4220 in-

2189 4279 2382 4336 cendio
2412 4284 2770 4330 concremata;
2798 4278 2923 4323 sunt
2951 4284 2965 4321 :
2990 4281 3108 4335 qua:
3152 4279 3248 4334 per
3274 4261 3391 4317 dies
3421 4267 3630 4329 septem
3654 4270 3785 4310 cum

2193 4369 2503 4427 hominibus
2528 4364 2914 4437 pecoribusque
2939 4366 3272 4427 consumptae
3293 4350 3789 4410 subvertebautur.

2198 4465 2332 4520 Nam
2360 4461 2452 4530 qui
2490 4462 2542 4515 iu
2576 4471 2724 4512 mare
2764 4450 3149 4519 confugerant,
3178 4458 3233 4503 et
3268 4462 3328 4502 se
3357 4447 3411 4500 in
3458 4442 3792 4514 profundum

2197 4553 2617 4627 praecipitabant,
2661 4550 2716 4604 in
2748 4548 2862 4618 ipsa
2887 4561 2990 4617 qua
3022 4540 3401 4612 mergebantur
3438 4551 3577 4606 aqua
3622 4534 3799 4606 396

2197 4645 2676 4708 consumebantur,
2721 4638 3060 4709 graviorique
3088 4632 3374 4704 supplicio,
3400 4630 3489 4698 qui
3521 4644 3633 4682 nou
3659 4642 3802 4682 eou-

530 4804 531 4807 “
584 4827 606 4851 ι·
639 4815 681 4867 Is
705 4821 820 4866 erat
861 4809 1144 4878 episcopus
1197 4805 1587 4876 Lugdunensis,
1621 4806 1709 4873 qui
1757 4804 1984 4872 primum
2017 4804 2096 4858 lo-
2130 4807 2184 4868 Ι)
2212 4801 2637 4871 vempopulanize
2666 4796 3173 4878 metropolis-erat,
3222 4805 3325 4878 qua
3355 4787 3538 4840 exc‘sa
3568 4784 3807 4878 ltiecldi-

511 4903 631 4943 cum
667 4886 720 4938 in
743 4881 950 4952 synodo
978 4880 1271 4932 obtinebat.
1320 4879 1393 4952 De
1424 4878 1524 4930 hoc
1550 4893 1714 4948 supra
1750 4878 1840 4930 lib.
1877 4890 1949 4941 tv,
1974 4890 2094 4946 cap.

512 4961 601 5019 56,
626 4968 678 5010 et
711 4950 931 5008 in‘Vitis
961 4953 1194 5014 l‘atrum,
1227 4964 1343 5015 cap.
1369 4950 1420 5001 8.

590 5017 615 5066 Β
638 5026 950 5093 Suspicatnr
971 5022 1201 5075 Ortelius
1232 5020 1317 5093 hic
1346 5018 1611 5093 designari
1635 5017 1886 5093 oppidum
1915 5017 2097 5070 Baste-

518 5088 921 5166 nacuquuod
962 5095 1148 5166 iui-ohe
1184 5092 1339 5153 vulgo
1375 5089 1651 5166 Bastoique
1693 5088 1984 5156 appellant.
2038 5089 2101 5141 Et

516 5173 733 5239 quidem
763 5159 923 5222 Gesta
954 5165 1325 5239 episcoporum
1361 5160 1925 5239 Autissiodoreusium,
1983 5159 2100 5226 ip~o

522 5229 740 5299 \‘alesio
764 5247 1008 5292 testante.
1049 5234 1343 5287 Bostoniam
1373 5232 1547 5284 villam
1575 5233 1726 5284 sitam
1759 5231 1809 5281 in
1840 5233 1976 5281 saltu
2007 5229 2102 5280 Ar-

522 5316 741 5367 duennm
780 5316 1111 5369 memorant,
1138 5321 1259 5379 qure
1308 5305 1467 5379 hodie
1498 5302 1633 5353 haud
1669 5301 1846 5379 procul
1876 5299 1944 5379 ab
1977 5299 2105 5354 Urta

522 5384 687 5441 l‘auviu
708 5393 761 5433 ut
792 5380 1075 5433 Arduenna
1104 5369 1234 5429 silva
1261 5369 1428 5444 posita
1448 5381 1551 5436 e~t,
1583 5376 1632 5425 ιιι
1657 5370 1850 5425 duratu
1880 5369 2109 5423 Luxem-

524 5453 795 5525 bnrgensi.

613 5513 808 5581 cUColb.
840 5538 912 5575 ιιι.
940 5531 991 5573 et
1016 5520 1226 5588 Rugttt.,
1265 5513 1509 5588 Reu'edii.

610 5578 797 5650 dfiditi
840 5603 894 5645 et
939 5578 1123 5648 nec,
1143 5585 1593 5639 Descendentirus.
1645 5579 1710 5631 Et
1748 5579 1959 5647 quidem
2005 5578 2115 5631 for-

534 5676 677 5721 tasse
706 5660 1138 5718 descendendum
1182 5664 1299 5709 erat
1334 5654 1585 5706 adeundo
1618 5650 1886 5721 basilicam
1926 5660 2113 5703 extra-

538 5720 835 5795 ttturauaut,
869 5736 920 5787 in
952 5747 1051 5797 qua
1098 5726 1264 5780 sancti
1300 5725 1523 5797 lietuigii
1567 5720 1832 5797 festivitas
1869 5722 2113 5774 celebra-

536 5791 709 5863 batur.
744 5791 874 5859 Nam
903 5791 1208 5855 et'ecclesia
1236 5795 1561 5849 cathedralis
1594 5791 1753 5847 etiam
1786 5806 1928 5845 nunc
1952 5804 2113 5859 supra

532 5889 768 5935 tuottlem
801 5876 895 5927 sita
926 5882 1028 5927 est.
1610 5934 1643 5935 7
2010 5892 2033 5935 ﬁt

610 5956 637 5986 ⁸
666 5946 724 6001 Id
751 5955 831 6001 est
875 5945 1153 5998 lilusanus.
1188 5936 1370 6004 Elusa,
1416 5935 1573 6004 vulgo
1601 5934 1793 5995 Eause.
1836 5936 1960 5992 olim
2006 5932 2113 5987 Νο-

2204 4854 2874 4943 gnitas'inApsciensein
2914 4865 3112 4943 urbem
3162 4854 3412 4943 translata
3454 4865 3557 4943 est:
3611 4854 3806 4937 [salum

2203 4926 2520 5013 subscripsit
2551 4940 2759 4995 Concil.
2808 4937 3097 5013 Paris,__tv,
3130 4950 3218 4986 an.
3270 4931 3396 4997 575,
3425 4933 3482 4981 ct
3513 4926 3736 4981 Matisc.
3772 4942 3808 4980 ιι

2207 5030 2303 5084 per
2329 5005 2482 5067 suum
2516 5013 2766 5084 missum,
2794 5024 2889 5084 an_.

2281 5084 2301 5124 ί
2333 5083 2631 5139 Bertratuni
2673 5068 2829 5147 hujus
2856 5073 3262 5147 Burdegalensij
3305 5068 3806 5147 episc0pi,_poets-

2204 5171 2323 5210 rum
2374 5169 2544 5215 mare,
2590 5139 2773 5205 laudes
2821 5139 3162 5219 prosequitur
3214 5142 3538 5197 Fortunatus
3585 5139 3688 5191 lib.
3728 5153 3815 5202 nt,

2210 5227 2464 5282 carm.20
2491 5235 2542 5279 et
2568 5223 2659 5276 ει.

2282 5278 2508 5420 titinius
2564 5292 2865 5349 encomium
2922 5287 3136 5358 scripsit
3192 5286 3472 5340 Fortunat.
3525 5278 3626 5332 ιιι).
3694 5293 3818 5343 vit,

2282 5382 2382 5419 rm.
2455 5404 2469 5418 .

2213 5382 2382 5421 carm.
2416 5382 2469 5420 ἒ).

2290 5434 2319 5472 ¹ι
2341 5418 2394 5490 In
2418 5418 2569 5490 Coll).
2622 5450 2695 5489 m.
2725 5443 2773 5487 ct
2805 5432 3017 5498 Regm..
3066 5428 3301 5498 Sabina,
3326 5423 3449 5498 Beg.
3473 5464 3491 5498 ,
3523 5418 3693 5473 Saius
3730 5422 3826 5472 bu.

2222 5509 2547 5630 ἒέιένοσιιιιιιο.
2590 5505 2817 5559 Faustus
2847 5493 3091 5556 interfuit
3126 5497 3328 5554 Concil.
3372 5493 3583 5547 Matisc.
3622 5506 3685 5556 tt,
3729 5506 3827 5542 an.

2223 5613 2495 5702 w'inlnter
2533 5656 2817 5713 utrumque
2862 5642 3026 5712 aliqui
3074 5631 3681 5713 locattt_Tlieofridttm.
3738 5628 3838 5708 (1ιῆ

2226 5720 2362 5773 forte
2402 5718 2706 5785 aliquandiu
2733 5702 2922 5769 sedem
2954 5702 3318 5785 occupaverit.
3354 5706 3489 5785 Hinc
3518 5702 3844 5785 Gregorius

2225 5791 2392 5845 Salvii
2435 5773 2660 5844 mortem
2708 5802 2849 5841 anno
2897 5773 3220 5855 prtecedenti
3270 5776 3555 5844 consignat
3588 5773 3696 5826 lib.
3740 5789 3843 5841 vn,

2222 5876 2340 5931 cap.
2371 5860 2422 5914 1.
