  <div class='ocr_page' id='page_1' title='image "/cluster/home/n/w/nwhite01/storage/ocr_20150623/71/hvd.32044054758743/241.png"; bbox 0 0 3966 6348; ppageno 0'>
   <div class='ocr_carea' id='block_1_1' title="bbox 407 406 550 497">
    <p class='ocr_par' dir='ltr' id='par_1_1' title="bbox 407 406 550 497">
     <span class='ocr_line' id='line_1_1' title="bbox 407 406 550 497; baseline -0.035 -26"><span class='ocrx_word' id='word_1_1' title='bbox 407 406 513 471; x_wconf 63' lang='lat' dir='ltr'><strong>tot</strong></span> <span class='ocrx_word' id='word_1_2' title='bbox 535 485 550 497; x_wconf 29' lang='grc' dir='ltr'>Ἰ</span> 
     </span>
    </p>
   </div>
   <div class='ocr_carea' id='block_1_2' title="bbox 1401 413 2619 471">
    <p class='ocr_par' dir='ltr' id='par_1_2' title="bbox 1401 413 2619 471">
     <span class='ocr_line' id='line_1_2' title="bbox 1401 413 2619 471; baseline -0.002 0"><span class='ocrx_word' id='word_1_3' title='bbox 1401 420 1457 471; x_wconf 73' lang='lat' dir='ltr'><strong>S.</strong></span> <span class='ocrx_word' id='word_1_4' title='bbox 1499 413 1824 471; x_wconf 77' lang='lat' dir='ltr'><strong>GREGORII</strong></span> <span class='ocrx_word' id='word_1_5' title='bbox 1865 413 2162 470; x_wconf 71' lang='lat' dir='ltr'><strong>EPlSCOI’l</strong></span> <span class='ocrx_word' id='word_1_6' title='bbox 2195 413 2619 469; x_wconf 74' lang='lat' dir='ltr'><strong>TURONENSIS</strong></span> 
     </span>
    </p>
   </div>
   <div class='ocr_carea' id='block_1_3' title="bbox 3566 411 3670 464">
    <p class='ocr_par' dir='ltr' id='par_1_3' title="bbox 3566 411 3670 464">
     <span class='ocr_line' id='line_1_3' title="bbox 3566 411 3670 464; baseline -0.01 0"><span class='ocrx_word' id='word_1_7' title='bbox 3566 411 3670 464; x_wconf 58' lang='lat'><strong>468</strong></span> 
     </span>
    </p>
   </div>
   <div class='ocr_carea' id='block_1_4' title="bbox 415 527 3671 602">
    <p class='ocr_par' dir='ltr' id='par_1_4' title="bbox 415 527 3671 602">
     <span class='ocr_line' id='line_1_4' title="bbox 415 527 3671 602; baseline 0.001 -18"><span class='ocrx_word' id='word_1_8' title='bbox 415 537 541 597; x_wconf 77' lang='lat' dir='ltr'><strong>quid</strong></span> <span class='ocrx_word' id='word_1_9' title='bbox 572 540 657 584; x_wconf 86' lang='lat' dir='ltr'><strong>aut</strong></span> <span class='ocrx_word' id='word_1_10' title='bbox 692 547 875 586; x_wconf 90' lang='lat' dir='ltr'><strong>rumor</strong></span> <span class='ocrx_word' id='word_1_11' title='bbox 906 532 1084 602; x_wconf 81' lang='lat' dir='ltr'><strong>pOpuli</strong></span> <span class='ocrx_word' id='word_1_12' title='bbox 1114 533 1306 599; x_wconf 81' lang='lat' dir='ltr'><strong>ferret,</strong></span> <span class='ocrx_word' id='word_1_13' title='bbox 1333 542 1424 586; x_wconf 89' lang='lat' dir='ltr'><strong>aut</strong></span> <span class='ocrx_word' id='word_1_14' title='bbox 1453 535 1495 587; x_wconf 79' lang='lat' dir='ltr'><strong>si</strong></span> <span class='ocrx_word' id='word_1_15' title='bbox 1527 536 1754 601; x_wconf 85' lang='lat' dir='ltr'><strong>aliquem</strong></span> <span class='ocrx_word' id='word_1_16' title='bbox 1787 531 1990 587; x_wconf 88' lang='lat' dir='ltr'><strong>inveni-</strong></span> <span class='ocrx_word' id='word_1_17' title='bbox 2020 532 2064 585; x_wconf 85' lang='lat' dir='ltr'><strong>A</strong></span> <span class='ocrx_word' id='word_1_18' title='bbox 2095 540 2288 581; x_wconf 82' lang='lat' dir='ltr'><strong>nocere</strong></span> <span class='ocrx_word' id='word_1_19' title='bbox 2316 534 2581 593; x_wconf 82' lang='lat' dir='ltr'><strong>potentes,</strong></span> <span class='ocrx_word' id='word_1_20' title='bbox 2608 527 2671 579; x_wconf 80' lang='lat' dir='ltr'><strong>ad</strong></span> <span class='ocrx_word' id='word_1_21' title='bbox 2701 527 2831 579; x_wconf 82' lang='lat' dir='ltr'><strong>altas</strong></span> <span class='ocrx_word' id='word_1_22' title='bbox 2858 527 3014 580; x_wconf 85' lang='lat' dir='ltr'><strong>urbes</strong></span> <span class='ocrx_word' id='word_1_23' title='bbox 3045 527 3312 596; x_wconf 73' lang='lat' dir='ltr'><strong>progressi</strong></span> <span class='ocrx_word' id='word_1_24' title='bbox 3339 535 3483 586; x_wconf 85' lang='lat' dir='ltr'><strong>sunt.</strong></span> <span class='ocrx_word' id='word_1_25' title='bbox 3511 529 3671 584; x_wconf 68' lang='lat' dir='ltr'><strong>Erant</strong></span> 
     </span>
    </p>
   </div>
   <div class='ocr_carea' id='block_1_5' title="bbox 419 624 1993 694">
    <p class='ocr_par' dir='ltr' id='par_1_5' title="bbox 419 624 1993 694">
     <span class='ocr_line' id='line_1_5' title="bbox 419 624 1993 694; baseline -0.001 -16"><span class='ocrx_word' id='word_1_26' title='bbox 419 635 495 679; x_wconf 87' lang='lat' dir='ltr'><strong>ret</strong></span> <span class='ocrx_word' id='word_1_27' title='bbox 541 626 857 679; x_wconf 86' lang='lat' dir='ltr'><strong>indicantem</strong></span> <span class='ocrx_word' id='word_1_28' title='bbox 903 627 990 694; x_wconf 88' lang='lat' dir='ltr'><strong>qui</strong></span> <span class='ocrx_word' id='word_1_29' title='bbox 1033 627 1236 681; x_wconf 70' lang='lat' dir='ltr'><strong>dici-ret</strong></span> <span class='ocrx_word' id='word_1_30' title='bbox 1273 626 1672 681; x_wconf 86' lang='lat' dir='ltr'><strong>Childebertum</strong></span> <span class='ocrx_word' id='word_1_31' title='bbox 1709 625 1818 693; x_wconf 83' lang='lat' dir='ltr'><strong>jam</strong></span> <span class='ocrx_word' id='word_1_32' title='bbox 1858 624 1993 678; x_wconf 88' lang='lat' dir='ltr'><strong>inte-</strong></span> 
     </span>
    </p>
   </div>
   <div class='ocr_carea' id='block_1_6' title="bbox 417 713 1995 786">
    <p class='ocr_par' dir='ltr' id='par_1_6' title="bbox 417 713 1995 786">
     <span class='ocr_line' id='line_1_6' title="bbox 417 713 1995 786; baseline -0.003 -16"><span class='ocrx_word' id='word_1_33' title='bbox 417 725 680 786; x_wconf 81' lang='lat' dir='ltr'><strong>remptum</strong></span> <span class='ocrx_word' id='word_1_34' title='bbox 711 718 893 772; x_wconf 75' lang='lat' dir='ltr'><strong>fuisse.</strong></span> <span class='ocrx_word' id='word_1_35' title='bbox 921 718 1180 786; x_wconf 82' lang='lat' dir='ltr'><strong>Egressus</strong></span> <span class='ocrx_word' id='word_1_36' title='bbox 1207 717 1366 785; x_wconf 88' lang='lat' dir='ltr'><strong>igitur</strong></span> <span class='ocrx_word' id='word_1_37' title='bbox 1394 731 1523 785; x_wconf 91' lang='lat' dir='ltr'><strong>puer</strong></span> <span class='ocrx_word' id='word_1_38' title='bbox 1546 716 1614 768; x_wconf 89' lang='lat' dir='ltr'><strong>ab</strong></span> <span class='ocrx_word' id='word_1_39' title='bbox 1637 728 1722 780; x_wconf 87' lang='lat' dir='ltr'><strong>ea,</strong></span> <span class='ocrx_word' id='word_1_40' title='bbox 1747 713 1995 769; x_wconf 84' lang='lat' dir='ltr'><strong>Suessio-</strong></span> 
     </span>
    </p>
   </div>
   <div class='ocr_carea' id='block_1_7' title="bbox 419 804 1991 875">
    <p class='ocr_par' dir='ltr' id='par_1_7' title="bbox 419 804 1991 875">
     <span class='ocr_line' id='line_1_7' title="bbox 419 804 1991 875; baseline -0.003 -14"><span class='ocrx_word' id='word_1_41' title='bbox 419 823 515 862; x_wconf 86' lang='lat' dir='ltr'><strong>nas</strong></span> <span class='ocrx_word' id='word_1_42' title='bbox 543 809 727 863; x_wconf 83' lang='lat' dir='ltr'><strong>urbem</strong></span> <span class='ocrx_word' id='word_1_43' title='bbox 757 811 922 864; x_wconf 90' lang='lat' dir='ltr'><strong>venit.</strong></span> <span class='ocrx_word' id='word_1_44' title='bbox 955 809 1190 862; x_wconf 85' lang='lat' dir='ltr'><strong>Audiens</strong></span> <span class='ocrx_word' id='word_1_45' title='bbox 1219 806 1450 875; x_wconf 82' lang='lat' dir='ltr'><strong>denique</strong></span> <span class='ocrx_word' id='word_1_46' title='bbox 1493 806 1590 860; x_wconf 90' lang='lat' dir='ltr'><strong>bos</strong></span> <span class='ocrx_word' id='word_1_47' title='bbox 1628 804 1682 857; x_wconf 91' lang='lat' dir='ltr'><strong>in</strong></span> <span class='ocrx_word' id='word_1_48' title='bbox 1723 817 1991 859; x_wconf 87' lang='lat' dir='ltr'><strong>carcerem</strong></span> 
     </span>
    </p>
   </div>
   <div class='ocr_carea' id='block_1_8' title="bbox 416 895 1996 969">
    <p class='ocr_par' dir='ltr' id='par_1_8' title="bbox 416 895 1996 969">
     <span class='ocr_line' id='line_1_8' title="bbox 416 895 1996 969; baseline -0.005 -13"><span class='ocrx_word' id='word_1_49' title='bbox 416 903 662 967; x_wconf 75' lang='lat' dir='ltr'><strong>retineri,</strong></span> <span class='ocrx_word' id='word_1_50' title='bbox 688 903 753 956; x_wconf 88' lang='lat' dir='ltr'><strong>ad</strong></span> <span class='ocrx_word' id='word_1_51' title='bbox 784 906 977 956; x_wconf 96' lang='lat' dir='ltr'><strong>ostium</strong></span> <span class='ocrx_word' id='word_1_52' title='bbox 1011 899 1432 969; x_wconf 86' lang='lat' dir='ltr'><strong>appropinquat;</strong></span> <span class='ocrx_word' id='word_1_53' title='bbox 1462 898 1555 952; x_wconf 90' lang='lat' dir='ltr'><strong>sed</strong></span> <span class='ocrx_word' id='word_1_54' title='bbox 1585 912 1704 952; x_wconf 91' lang='lat' dir='ltr'><strong>cum</strong></span> <span class='ocrx_word' id='word_1_55' title='bbox 1738 895 1878 965; x_wconf 86' lang='lat' dir='ltr'><strong>loqui</strong></span> <span class='ocrx_word' id='word_1_56' title='bbox 1909 909 1996 948; x_wconf 86' lang='lat' dir='ltr'><strong>sa-</strong></span> 
     </span>
    </p>
   </div>
   <div class='ocr_carea' id='block_1_9' title="bbox 419 989 1994 1064">
    <p class='ocr_par' dir='ltr' id='par_1_9' title="bbox 419 989 1994 1064">
     <span class='ocr_line' id='line_1_9' title="bbox 419 989 1994 1064; baseline -0.006 -16"><span class='ocrx_word' id='word_1_57' title='bbox 419 994 674 1049; x_wconf 88' lang='lat' dir='ltr'><strong>tellitibus</strong></span> <span class='ocrx_word' id='word_1_58' title='bbox 699 994 973 1064; x_wconf 79' lang='lat' dir='ltr'><strong>cmpissct,</strong></span> <span class='ocrx_word' id='word_1_59' title='bbox 998 1002 1051 1048; x_wconf 91' lang='lat' dir='ltr'><strong>et</strong></span> <span class='ocrx_word' id='word_1_60' title='bbox 1077 994 1191 1062; x_wconf 89' lang='lat' dir='ltr'><strong>ipse</strong></span> <span class='ocrx_word' id='word_1_61' title='bbox 1220 1002 1406 1061; x_wconf 90' lang='lat' dir='ltr'><strong>captus</strong></span> <span class='ocrx_word' id='word_1_62' title='bbox 1433 989 1690 1045; x_wconf 65' lang='lat' dir='ltr'><strong>custodite</strong></span> <span class='ocrx_word' id='word_1_63' title='bbox 1719 989 1994 1056; x_wconf 85' lang='lat' dir='ltr'><strong>mancipa-</strong></span> 
     </span>
    </p>
   </div>
   <div class='ocr_carea' id='block_1_10' title="bbox 420 1081 1996 1151">
    <p class='ocr_par' dir='ltr' id='par_1_10' title="bbox 420 1081 1996 1151">
     <span class='ocr_line' id='line_1_10' title="bbox 420 1081 1996 1151; baseline -0.003 -13"><span class='ocrx_word' id='word_1_64' title='bbox 420 1097 526 1140; x_wconf 87' lang='lat' dir='ltr'><strong>tur.</strong></span> <span class='ocrx_word' id='word_1_65' title='bbox 548 1086 698 1140; x_wconf 86' lang='lat' dir='ltr'><strong>Tunc</strong></span> <span class='ocrx_word' id='word_1_66' title='bbox 728 1101 913 1140; x_wconf 89' lang='lat' dir='ltr'><strong>omnes</strong></span> <span class='ocrx_word' id='word_1_67' title='bbox 938 1085 1094 1139; x_wconf 86' lang='lat' dir='ltr'><strong>simul</strong></span> <span class='ocrx_word' id='word_1_68' title='bbox 1125 1085 1190 1137; x_wconf 91' lang='lat' dir='ltr'><strong>ad</strong></span> <span class='ocrx_word' id='word_1_69' title='bbox 1221 1083 1622 1137; x_wconf 86' lang='lat' dir='ltr'><strong>Cltildebcrtum</strong></span> <span class='ocrx_word' id='word_1_70' title='bbox 1651 1097 1826 1151; x_wconf 83' lang='lat' dir='ltr'><strong>regem</strong></span> <span class='ocrx_word' id='word_1_71' title='bbox 1853 1081 1996 1134; x_wconf 86' lang='lat' dir='ltr'><strong>dire—</strong></span> 
     </span>
    </p>
   </div>
   <div class='ocr_carea' id='block_1_11' title="bbox 419 1170 1995 1244">
    <p class='ocr_par' dir='ltr' id='par_1_11' title="bbox 419 1170 1995 1244">
     <span class='ocr_line' id='line_1_11' title="bbox 419 1170 1995 1244; baseline -0.004 -13"><span class='ocrx_word' id='word_1_72' title='bbox 419 1181 490 1232; x_wconf 88' lang='lat' dir='ltr'><strong>cti</strong></span> <span class='ocrx_word' id='word_1_73' title='bbox 536 1188 691 1244; x_wconf 91' lang='lat' dir='ltr'><strong>sunt,</strong></span> <span class='ocrx_word' id='word_1_74' title='bbox 721 1178 1050 1244; x_wconf 89' lang='lat' dir='ltr'><strong>discussique</strong></span> <span class='ocrx_word' id='word_1_75' title='bbox 1079 1177 1353 1231; x_wconf 74' lang='lat' dir='ltr'><strong>veritatem</strong></span> <span class='ocrx_word' id='word_1_76' title='bbox 1394 1175 1668 1242; x_wconf 86' lang='lat' dir='ltr'><strong>aperiunt,</strong></span> <span class='ocrx_word' id='word_1_77' title='bbox 1699 1170 1995 1226; x_wconf 87' lang='lat' dir='ltr'><strong>indicantes</strong></span> 
     </span>
    </p>
   </div>
   <div class='ocr_carea' id='block_1_12' title="bbox 419 1262 1994 1336">
    <p class='ocr_par' dir='ltr' id='par_1_12' title="bbox 419 1262 1994 1336">
     <span class='ocr_line' id='line_1_12' title="bbox 419 1262 1994 1336; baseline -0.004 -14"><span class='ocrx_word' id='word_1_78' title='bbox 419 1283 481 1322; x_wconf 87' lang='lat' dir='ltr'><strong>se</strong></span> <span class='ocrx_word' id='word_1_79' title='bbox 528 1285 555 1321; x_wconf 89' lang='lat' dir='ltr'><strong>a</strong></span> <span class='ocrx_word' id='word_1_80' title='bbox 598 1268 945 1336; x_wconf 85' lang='lat' dir='ltr'><strong>Fredegunde</strong></span> <span class='ocrx_word' id='word_1_81' title='bbox 973 1269 1166 1322; x_wconf 87' lang='lat' dir='ltr'><strong>missos</strong></span> <span class='ocrx_word' id='word_1_82' title='bbox 1195 1268 1259 1320; x_wconf 85' lang='lat' dir='ltr'><strong>ad</strong></span> <span class='ocrx_word' id='word_1_83' title='bbox 1290 1283 1411 1321; x_wconf 88' lang='lat' dir='ltr'><strong>eum</strong></span> <span class='ocrx_word' id='word_1_84' title='bbox 1442 1264 1882 1328; x_wconf 81' lang='lat' dir='ltr'><strong>interimendum,</strong></span> <span class='ocrx_word' id='word_1_85' title='bbox 1916 1262 1994 1316; x_wconf 83' lang='lat' dir='ltr'><strong>di-</strong></span> 
     </span>
    </p>
   </div>
   <div class='ocr_carea' id='block_1_13' title="bbox 417 1359 1994 1430">
    <p class='ocr_par' dir='ltr' id='par_1_13' title="bbox 417 1359 1994 1430">
     <span class='ocr_line' id='line_1_13' title="bbox 417 1359 1994 1430; baseline -0.004 -18"><span class='ocrx_word' id='word_1_86' title='bbox 417 1368 603 1413; x_wconf 85' lang='lat' dir='ltr'><strong>centes</strong></span> <span class='ocrx_word' id='word_1_87' title='bbox 634 1376 647 1410; x_wconf 93' lang='lat'><strong>:</strong></span> <span class='ocrx_word' id='word_1_88' title='bbox 679 1360 829 1414; x_wconf 85' lang='lat' dir='ltr'><strong>.lussa</strong></span> <span class='ocrx_word' id='word_1_89' title='bbox 865 1359 1063 1430; x_wconf 77' lang='lat' dir='ltr'><strong>regime</strong></span> <span class='ocrx_word' id='word_1_90' title='bbox 1092 1359 1444 1426; x_wconf 83' lang='lat' dir='ltr'><strong>suscepimus,</strong></span> <span class='ocrx_word' id='word_1_91' title='bbox 1474 1365 1531 1409; x_wconf 95' lang='lat' dir='ltr'><strong>ut</strong></span> <span class='ocrx_word' id='word_1_92' title='bbox 1556 1369 1653 1410; x_wconf 91' lang='lat' dir='ltr'><strong>nos</strong></span> <span class='ocrx_word' id='word_1_93' title='bbox 1681 1369 1876 1424; x_wconf 85' lang='lat' dir='ltr'><strong>egenos</strong></span> <span class='ocrx_word' id='word_1_94' title='bbox 1905 1368 1994 1406; x_wconf 85' lang='lat' dir='ltr'><strong>as-</strong></span> 
     </span>
    </p>
   </div>
   <div class='ocr_carea' id='block_1_14' title="bbox 420 1441 1995 1517">
    <p class='ocr_par' dir='ltr' id='par_1_14' title="bbox 420 1441 1995 1517">
     <span class='ocr_line' id='line_1_14' title="bbox 420 1441 1995 1517; baseline -0.004 -15"><span class='ocrx_word' id='word_1_95' title='bbox 420 1449 832 1514; x_wconf 88' lang='lat' dir='ltr'><strong>simularemus;</strong></span> <span class='ocrx_word' id='word_1_96' title='bbox 861 1464 1092 1517; x_wconf 91' lang='lat' dir='ltr'><strong>cumque</strong></span> <span class='ocrx_word' id='word_1_97' title='bbox 1119 1448 1344 1516; x_wconf 85' lang='lat' dir='ltr'><strong>pedibus</strong></span> <span class='ocrx_word' id='word_1_98' title='bbox 1371 1448 1474 1499; x_wconf 84' lang='lat' dir='ltr'><strong>tuis</strong></span> <span class='ocrx_word' id='word_1_99' title='bbox 1503 1445 1768 1514; x_wconf 85' lang='lat' dir='ltr'><strong>provoluti</strong></span> <span class='ocrx_word' id='word_1_100' title='bbox 1796 1441 1995 1511; x_wconf 87' lang='lat' dir='ltr'><strong>aliquid</strong></span> 
     </span>
    </p>
   </div>
   <div class='ocr_carea' id='block_1_15' title="bbox 419 1534 1994 1610">
    <p class='ocr_par' dir='ltr' id='par_1_15' title="bbox 419 1534 1994 1610">
     <span class='ocr_line' id='line_1_15' title="bbox 419 1534 1994 1610; baseline -0.003 -18"><span class='ocrx_word' id='word_1_101' title='bbox 419 1540 668 1609; x_wconf 74' lang='lat' dir='ltr'><strong>stipendii</strong></span> <span class='ocrx_word' id='word_1_102' title='bbox 707 1555 1100 1610; x_wconf 65' lang='lat' dir='ltr'><strong>quaereremus,</strong></span> <span class='ocrx_word' id='word_1_103' title='bbox 1131 1539 1199 1592; x_wconf 91' lang='lat' dir='ltr'><strong>ab</strong></span> <span class='ocrx_word' id='word_1_104' title='bbox 1242 1537 1324 1592; x_wconf 88' lang='lat' dir='ltr'><strong>his</strong></span> <span class='ocrx_word' id='word_1_105' title='bbox 1356 1547 1407 1591; x_wconf 91' lang='lat' dir='ltr'><strong>te</strong></span> <span class='ocrx_word' id='word_1_106' title='bbox 1436 1535 1624 1606; x_wconf 82' lang='lat' dir='ltr'><strong>gladiis</strong></span> <span class='ocrx_word' id='word_1_107' title='bbox 1657 1534 1994 1589; x_wconf 78' lang='lat' dir='ltr'><strong>transfodere</strong></span> 
     </span>
    </p>
   </div>
   <div class='ocr_carea' id='block_1_16' title="bbox 421 1626 1996 1699">
    <p class='ocr_par' dir='ltr' id='par_1_16' title="bbox 421 1626 1996 1699">
     <span class='ocr_line' id='line_1_16' title="bbox 421 1626 1996 1699; baseline -0.002 -17"><span class='ocrx_word' id='word_1_108' title='bbox 421 1632 706 1687; x_wconf 82' lang='lat' dir='ltr'><strong>voluimus.</strong></span> <span class='ocrx_word' id='word_1_109' title='bbox 743 1632 893 1699; x_wconf 85' lang='lat' dir='ltr'><strong>Quod</strong></span> <span class='ocrx_word' id='word_1_110' title='bbox 940 1633 986 1686; x_wconf 88' lang='lat' dir='ltr'><strong>si</strong></span> <span class='ocrx_word' id='word_1_111' title='bbox 1032 1631 1232 1684; x_wconf 85' lang='lat' dir='ltr'><strong>assultu</strong></span> <span class='ocrx_word' id='word_1_112' title='bbox 1284 1630 1529 1699; x_wconf 83' lang='lat' dir='ltr'><strong>segniore</strong></span> <span class='ocrx_word' id='word_1_113' title='bbox 1577 1629 1738 1699; x_wconf 78' lang='lat'><strong>399</strong></span> <span class='ocrx_word' id='word_1_114' title='bbox 1788 1626 1996 1697; x_wconf 88' lang='lat' dir='ltr'><strong>gladius</strong></span> 
     </span>
    </p>
   </div>
   <div class='ocr_carea' id='block_1_17' title="bbox 419 1715 1996 1793">
    <p class='ocr_par' dir='ltr' id='par_1_17' title="bbox 419 1715 1996 1793">
     <span class='ocr_line' id='line_1_17' title="bbox 419 1715 1996 1793; baseline -0.003 -17"><span class='ocrx_word' id='word_1_115' title='bbox 419 1724 628 1777; x_wconf 88' lang='lat' dir='ltr'><strong>deﬁxus</strong></span> <span class='ocrx_word' id='word_1_116' title='bbox 658 1733 818 1788; x_wconf 78' lang='lat' dir='ltr'><strong>esset,</strong></span> <span class='ocrx_word' id='word_1_117' title='bbox 848 1724 1019 1793; x_wconf 91' lang='lat' dir='ltr'><strong>ipsum</strong></span> <span class='ocrx_word' id='word_1_118' title='bbox 1051 1735 1336 1786; x_wconf 88' lang='lat' dir='ltr'><strong>venenum,</strong></span> <span class='ocrx_word' id='word_1_119' title='bbox 1359 1735 1465 1790; x_wconf 91' lang='lat' dir='ltr'><strong>quo</strong></span> <span class='ocrx_word' id='word_1_120' title='bbox 1492 1720 1691 1773; x_wconf 75' lang='lat' dir='ltr'><strong>ferrum</strong></span> <span class='ocrx_word' id='word_1_121' title='bbox 1721 1728 1834 1773; x_wconf 92' lang='lat' dir='ltr'><strong>erat</strong></span> <span class='ocrx_word' id='word_1_122' title='bbox 1859 1715 1996 1771; x_wconf 77' lang='lat' dir='ltr'><strong>infe-</strong></span> 
     </span>
    </p>
   </div>
   <div class='ocr_carea' id='block_1_18' title="bbox 415 1811 1993 1882">
    <p class='ocr_par' dir='ltr' id='par_1_18' title="bbox 415 1811 1993 1882">
     <span class='ocr_line' id='line_1_18' title="bbox 415 1811 1993 1882; baseline -0.003 -13"><span class='ocrx_word' id='word_1_123' title='bbox 415 1825 583 1880; x_wconf 89' lang='lat' dir='ltr'><strong>ctum,</strong></span> <span class='ocrx_word' id='word_1_124' title='bbox 613 1815 841 1869; x_wconf 87' lang='lat' dir='ltr'><strong>animam</strong></span> <span class='ocrx_word' id='word_1_125' title='bbox 875 1816 1134 1870; x_wconf 81' lang='lat' dir='ltr'><strong>veloci-&#39;er</strong></span> <span class='ocrx_word' id='word_1_126' title='bbox 1162 1818 1482 1882; x_wconf 73' lang='lat' dir='ltr'><strong>penetraret.</strong></span> <span class='ocrx_word' id='word_1_127' title='bbox 1509 1813 1632 1866; x_wconf 65' lang='lat' dir='ltr'><strong>Haec</strong></span> <span class='ocrx_word' id='word_1_128' title='bbox 1663 1811 1744 1867; x_wconf 87' lang='lat' dir='ltr'><strong>his</strong></span> <span class='ocrx_word' id='word_1_129' title='bbox 1771 1811 1993 1866; x_wconf 84' lang='lat' dir='ltr'><strong>dicenti-</strong></span> 
     </span>
    </p>
   </div>
   <div class='ocr_carea' id='block_1_19' title="bbox 2095 619 3672 690">
    <p class='ocr_par' dir='ltr' id='par_1_19' title="bbox 2095 619 3672 690">
     <span class='ocr_line' id='line_1_19' title="bbox 2095 619 3672 690; baseline 0.001 -14"><span class='ocrx_word' id='word_1_130' title='bbox 2095 623 2236 676; x_wconf 91' lang='lat' dir='ltr'><strong>enim</strong></span> <span class='ocrx_word' id='word_1_131' title='bbox 2262 620 2418 676; x_wconf 84' lang='lat' dir='ltr'><strong>valde</strong></span> <span class='ocrx_word' id='word_1_132' title='bbox 2445 622 2754 689; x_wconf 72' lang='lat' dir='ltr'><strong>mnnita:,et</strong></span> <span class='ocrx_word' id='word_1_133' title='bbox 2777 619 2845 674; x_wconf 91' lang='lat' dir='ltr'><strong>de</strong></span> <span class='ocrx_word' id='word_1_134' title='bbox 2869 619 3002 674; x_wconf 86' lang='lat' dir='ltr'><strong>cibis</strong></span> <span class='ocrx_word' id='word_1_135' title='bbox 3024 635 3087 675; x_wconf 90' lang='lat' dir='ltr'><strong>ac</strong></span> <span class='ocrx_word' id='word_1_136' title='bbox 3113 621 3332 690; x_wconf 87' lang='lat' dir='ltr'><strong>reliquis</strong></span> <span class='ocrx_word' id='word_1_137' title='bbox 3360 623 3672 678; x_wconf 80' lang='lat' dir='ltr'><strong>necessariis</strong></span> 
     </span>
    </p>
   </div>
   <div class='ocr_carea' id='block_1_20' title="bbox 2095 712 3671 784">
    <p class='ocr_par' dir='ltr' id='par_1_20' title="bbox 2095 712 3671 784">
     <span class='ocr_line' id='line_1_20' title="bbox 2095 712 3671 784; baseline 0.001 -18"><span class='ocrx_word' id='word_1_138' title='bbox 2095 713 2318 784; x_wconf 89' lang='lat' dir='ltr'><strong>adplene</strong></span> <span class='ocrx_word' id='word_1_139' title='bbox 2345 713 2580 779; x_wconf 63' lang='lat' dir='ltr'><strong>refertae,</strong></span> <span class='ocrx_word' id='word_1_140' title='bbox 2624 721 2679 766; x_wconf 91' lang='lat' dir='ltr'><strong>et</strong></span> <span class='ocrx_word' id='word_1_141' title='bbox 2707 713 2893 767; x_wconf 91' lang='lat' dir='ltr'><strong>horum</strong></span> <span class='ocrx_word' id='word_1_142' title='bbox 2923 714 3123 766; x_wconf 81' lang='lat' dir='ltr'><strong>urbana</strong></span> <span class='ocrx_word' id='word_1_143' title='bbox 3153 712 3558 781; x_wconf 89' lang='lat' dir='ltr'><strong>depopulantes,</strong></span> <span class='ocrx_word' id='word_1_144' title='bbox 3583 730 3671 768; x_wconf 78' lang='lat' dir='ltr'><strong>ur—</strong></span> 
     </span>
    </p>
   </div>
   <div class='ocr_carea' id='block_1_21' title="bbox 2096 803 3671 872">
    <p class='ocr_par' dir='ltr' id='par_1_21' title="bbox 2096 803 3671 872">
     <span class='ocr_line' id='line_1_21' title="bbox 2096 803 3671 872; baseline 0.001 -14"><span class='ocrx_word' id='word_1_145' title='bbox 2096 803 2190 858; x_wconf 87' lang='lat' dir='ltr'><strong>bes</strong></span> <span class='ocrx_word' id='word_1_146' title='bbox 2217 804 2396 857; x_wconf 88' lang='lat' dir='ltr'><strong>minus</strong></span> <span class='ocrx_word' id='word_1_147' title='bbox 2420 803 2718 872; x_wconf 89' lang='lat' dir='ltr'><strong>irrumpere</strong></span> <span class='ocrx_word' id='word_1_148' title='bbox 2739 803 3206 859; x_wconf 86' lang='lat' dir='ltr'><strong>valuerunt.Tunc</strong></span> <span class='ocrx_word' id='word_1_149' title='bbox 3232 813 3288 858; x_wconf 91' lang='lat' dir='ltr'><strong>et</strong></span> <span class='ocrx_word' id='word_1_150' title='bbox 3307 804 3545 859; x_wconf 76' lang='lat' dir='ltr'><strong>Nicetius</strong></span> <span class='ocrx_word' id='word_1_151' title='bbox 3566 806 3671 860; x_wconf 92' lang='lat' dir='ltr'><strong>dux</strong></span> 
     </span>
    </p>
   </div>
   <div class='ocr_carea' id='block_1_22' title="bbox 2095 893 3672 963">
    <p class='ocr_par' dir='ltr' id='par_1_22' title="bbox 2095 893 3672 963">
     <span class='ocr_line' id='line_1_22' title="bbox 2095 893 3672 963; baseline 0.003 -17"><span class='ocrx_word' id='word_1_152' title='bbox 2095 908 2217 947; x_wconf 92' lang='lat' dir='ltr'><strong>cum</strong></span> <span class='ocrx_word' id='word_1_153' title='bbox 2250 894 2505 949; x_wconf 88' lang='lat' dir='ltr'><strong>Arvernis</strong></span> <span class='ocrx_word' id='word_1_154' title='bbox 2534 895 2586 948; x_wconf 92' lang='lat' dir='ltr'><strong>in</strong></span> <span class='ocrx_word' id='word_1_155' title='bbox 2620 893 2719 948; x_wconf 89' lang='lat' dir='ltr'><strong>hac</strong></span> <span class='ocrx_word' id='word_1_156' title='bbox 2749 895 3089 963; x_wconf 80' lang='lat' dir='ltr'><strong>expeditione</strong></span> <span class='ocrx_word' id='word_1_157' title='bbox 3115 906 3432 960; x_wconf 89' lang='lat' dir='ltr'><strong>commotus,</strong></span> <span class='ocrx_word' id='word_1_158' title='bbox 3445 911 3566 950; x_wconf 91' lang='lat' dir='ltr'><strong>cum</strong></span> <span class='ocrx_word' id='word_1_159' title='bbox 3590 913 3672 950; x_wconf 86' lang='lat' dir='ltr'><strong>re-</strong></span> 
     </span>
    </p>
   </div>
   <div class='ocr_carea' id='block_1_23' title="bbox 2096 982 3671 1053">
    <p class='ocr_par' dir='ltr' id='par_1_23' title="bbox 2096 982 3671 1053">
     <span class='ocr_line' id='line_1_23' title="bbox 2096 982 3671 1053; baseline 0.002 -16"><span class='ocrx_word' id='word_1_160' title='bbox 2096 985 2253 1053; x_wconf 88' lang='lat' dir='ltr'><strong>liquis</strong></span> <span class='ocrx_word' id='word_1_161' title='bbox 2285 986 2446 1040; x_wconf 86' lang='lat' dir='ltr'><strong>urbes</strong></span> <span class='ocrx_word' id='word_1_162' title='bbox 2475 985 2695 1039; x_wconf 85' lang='lat' dir='ltr'><strong>assedit.</strong></span> <span class='ocrx_word' id='word_1_163' title='bbox 2718 982 2823 1038; x_wconf 88' lang='lat' dir='ltr'><strong>Sed</strong></span> <span class='ocrx_word' id='word_1_164' title='bbox 2855 999 2975 1039; x_wconf 89' lang='lat' dir='ltr'><strong>cum</strong></span> <span class='ocrx_word' id='word_1_165' title='bbox 3008 986 3182 1039; x_wconf 91' lang='lat' dir='ltr'><strong>minus</strong></span> <span class='ocrx_word' id='word_1_166' title='bbox 3210 988 3438 1050; x_wconf 83' lang='lat' dir='ltr'><strong>vaicret,</strong></span> <span class='ocrx_word' id='word_1_167' title='bbox 3472 987 3537 1039; x_wconf 89' lang='lat' dir='ltr'><strong>ad</strong></span> <span class='ocrx_word' id='word_1_168' title='bbox 3584 1003 3671 1040; x_wconf 86' lang='lat' dir='ltr'><strong>ca-</strong></span> 
     </span>
    </p>
   </div>
   <div class='ocr_carea' id='block_1_24' title="bbox 2097 1075 3673 1144">
    <p class='ocr_par' dir='ltr' id='par_1_24' title="bbox 2097 1075 3673 1144">
     <span class='ocr_line' id='line_1_24' title="bbox 2097 1075 3673 1144; baseline 0.003 -16"><span class='ocrx_word' id='word_1_169' title='bbox 2097 1082 2269 1129; x_wconf 86' lang='lat' dir='ltr'><strong>strum</strong></span> <span class='ocrx_word' id='word_1_170' title='bbox 2295 1075 2561 1143; x_wconf 81' lang='lat' dir='ltr'><strong>quoddam</strong></span> <span class='ocrx_word' id='word_1_171' title='bbox 2589 1076 2849 1144; x_wconf 79' lang='lat' dir='ltr'><strong>pervenit,</strong></span> <span class='ocrx_word' id='word_1_172' title='bbox 2873 1075 3097 1144; x_wconf 90' lang='lat' dir='ltr'><strong>dataque</strong></span> <span class='ocrx_word' id='word_1_173' title='bbox 3124 1075 3246 1142; x_wconf 87' lang='lat' dir='ltr'><strong>ﬁde,</strong></span> <span class='ocrx_word' id='word_1_174' title='bbox 3267 1086 3453 1143; x_wconf 89' lang='lat' dir='ltr'><strong>sponte</strong></span> <span class='ocrx_word' id='word_1_175' title='bbox 3483 1076 3673 1132; x_wconf 86' lang='lat' dir='ltr'><strong>inclusi</strong></span> 
     </span>
    </p>
   </div>
   <div class='ocr_carea' id='block_1_25' title="bbox 2095 1166 3675 1235">
    <p class='ocr_par' dir='ltr' id='par_1_25' title="bbox 2095 1166 3675 1235">
     <span class='ocr_line' id='line_1_25' title="bbox 2095 1166 3675 1235; baseline 0.001 -15"><span class='ocrx_word' id='word_1_176' title='bbox 2095 1173 2400 1220; x_wconf 87' lang='lat' dir='ltr'><strong>reserantes</strong></span> <span class='ocrx_word' id='word_1_177' title='bbox 2431 1175 2630 1233; x_wconf 89' lang='lat' dir='ltr'><strong>portas,</strong></span> <span class='ocrx_word' id='word_1_178' title='bbox 2653 1180 2748 1221; x_wconf 90' lang='lat' dir='ltr'><strong>eos</strong></span> <span class='ocrx_word' id='word_1_179' title='bbox 2772 1166 2974 1221; x_wconf 92' lang='lat' dir='ltr'><strong>creduli</strong></span> <span class='ocrx_word' id='word_1_180' title='bbox 3001 1175 3247 1235; x_wconf 91' lang='lat' dir='ltr'><strong>tanquam</strong></span> <span class='ocrx_word' id='word_1_181' title='bbox 3277 1168 3526 1234; x_wconf 84' lang='lat' dir='ltr'><strong>paciﬁcos</strong></span> <span class='ocrx_word' id='word_1_182' title='bbox 3555 1184 3675 1222; x_wconf 89' lang='lat' dir='ltr'><strong>sus-</strong></span> 
     </span>
    </p>
   </div>
   <div class='ocr_carea' id='block_1_26' title="bbox 2096 1260 3670 1330">
    <p class='ocr_par' dir='ltr' id='par_1_26' title="bbox 2096 1260 3670 1330">
     <span class='ocr_line' id='line_1_26' title="bbox 2096 1260 3670 1330; baseline -0.001 -14"><span class='ocrx_word' id='word_1_183' title='bbox 2096 1271 2376 1329; x_wconf 85' lang='lat' dir='ltr'><strong>ceperunt.</strong></span> <span class='ocrx_word' id='word_1_184' title='bbox 2412 1260 2488 1314; x_wconf 93' lang='lat' dir='ltr'><strong>llli</strong></span> <span class='ocrx_word' id='word_1_185' title='bbox 2523 1276 2652 1314; x_wconf 89' lang='lat' dir='ltr'><strong>vero</strong></span> <span class='ocrx_word' id='word_1_186' title='bbox 2681 1261 2908 1330; x_wconf 69' lang='lat' dir='ltr'><strong>ingressi</strong></span> <span class='ocrx_word' id='word_1_187' title='bbox 2930 1300 2946 1326; x_wconf 90' lang='lat'><strong>,</strong></span> <span class='ocrx_word' id='word_1_188' title='bbox 2980 1270 3274 1329; x_wconf 78' lang='lat' dir='ltr'><strong>postposito</strong></span> <span class='ocrx_word' id='word_1_189' title='bbox 3302 1272 3670 1327; x_wconf 90' lang='lat' dir='ltr'><strong>sacramento,</strong></span> 
     </span>
    </p>
   </div>
   <div class='ocr_carea' id='block_1_27' title="bbox 2097 1350 3674 1419">
    <p class='ocr_par' dir='ltr' id='par_1_27' title="bbox 2097 1350 3674 1419">
     <span class='ocr_line' id='line_1_27' title="bbox 2097 1350 3674 1419; baseline 0.003 -16"><span class='ocrx_word' id='word_1_190' title='bbox 2097 1350 2344 1418; x_wconf 68' lang='lat' dir='ltr'><strong>praesidia</strong></span> <span class='ocrx_word' id='word_1_191' title='bbox 2368 1360 2553 1404; x_wconf 90' lang='lat' dir='ltr'><strong>cuncta</strong></span> <span class='ocrx_word' id='word_1_192' title='bbox 2577 1350 2852 1419; x_wconf 90' lang='lat' dir='ltr'><strong>diripiunt,</strong></span> <span class='ocrx_word' id='word_1_193' title='bbox 2868 1352 3074 1404; x_wconf 88' lang='lat' dir='ltr'><strong>animas</strong></span> <span class='ocrx_word' id='word_1_194' title='bbox 3096 1353 3145 1404; x_wconf 90' lang='lat' dir='ltr'><strong>in</strong></span> <span class='ocrx_word' id='word_1_195' title='bbox 3171 1352 3522 1419; x_wconf 77' lang='lat' dir='ltr'><strong>captivitatem</strong></span> <span class='ocrx_word' id='word_1_196' title='bbox 3546 1354 3674 1407; x_wconf 84' lang='lat' dir='ltr'><strong>sub-</strong></span> 
     </span>
    </p>
   </div>
   <div class='ocr_carea' id='block_1_28' title="bbox 2095 1440 3672 1512">
    <p class='ocr_par' dir='ltr' id='par_1_28' title="bbox 2095 1440 3672 1512">
     <span class='ocr_line' id='line_1_28' title="bbox 2095 1440 3672 1512; baseline 0.001 -16"><span class='ocrx_word' id='word_1_197' title='bbox 2095 1441 2308 1496; x_wconf 90' lang='lat' dir='ltr'><strong>dentes.</strong></span> <span class='ocrx_word' id='word_1_198' title='bbox 2326 1441 2476 1497; x_wconf 88' lang='lat' dir='ltr'><strong>Tunc</strong></span> <span class='ocrx_word' id='word_1_199' title='bbox 2495 1451 2715 1511; x_wconf 87' lang='lat' dir='ltr'><strong>accepto</strong></span> <span class='ocrx_word' id='word_1_200' title='bbox 2735 1440 2958 1496; x_wconf 88' lang='lat' dir='ltr'><strong>consilio</strong></span> <span class='ocrx_word' id='word_1_201' title='bbox 2983 1444 3344 1512; x_wconf 89' lang='lat' dir='ltr'><strong>unusquisque</strong></span> <span class='ocrx_word' id='word_1_202' title='bbox 3366 1443 3431 1495; x_wconf 89' lang='lat' dir='ltr'><strong>ad</strong></span> <span class='ocrx_word' id='word_1_203' title='bbox 3457 1444 3672 1512; x_wconf 90' lang='lat' dir='ltr'><strong>propria</strong></span> 
     </span>
    </p>
   </div>
   <div class='ocr_carea' id='block_1_29' title="bbox 2095 1535 3668 1606">
    <p class='ocr_par' dir='ltr' id='par_1_29' title="bbox 2095 1535 3668 1606">
     <span class='ocr_line' id='line_1_29' title="bbox 2095 1535 3668 1606; baseline 0.003 -18"><span class='ocrx_word' id='word_1_204' title='bbox 2095 1544 2177 1588; x_wconf 88' lang='lat' dir='ltr'><strong>est</strong></span> <span class='ocrx_word' id='word_1_205' title='bbox 2211 1550 2505 1606; x_wconf 79' lang='lat' dir='ltr'><strong>regressus.</strong></span> <span class='ocrx_word' id='word_1_206' title='bbox 2529 1535 2804 1604; x_wconf 84' lang='lat' dir='ltr'><strong>Tantaque</strong></span> <span class='ocrx_word' id='word_1_207' title='bbox 2831 1551 2926 1606; x_wconf 89' lang='lat' dir='ltr'><strong>per</strong></span> <span class='ocrx_word' id='word_1_208' title='bbox 2946 1537 3081 1590; x_wconf 85' lang='lat' dir='ltr'><strong>viam</strong></span> <span class='ocrx_word' id='word_1_209' title='bbox 3113 1538 3336 1604; x_wconf 88' lang='lat' dir='ltr'><strong>scelera,</strong></span> <span class='ocrx_word' id='word_1_210' title='bbox 3362 1537 3668 1606; x_wconf 80' lang='lat' dir='ltr'><strong>homicidia,</strong></span> 
     </span>
    </p>
   </div>
   <div class='ocr_carea' id='block_1_30' title="bbox 2097 1631 3671 1702">
    <p class='ocr_par' dir='ltr' id='par_1_30' title="bbox 2097 1631 3671 1702">
     <span class='ocr_line' id='line_1_30' title="bbox 2097 1631 3671 1702; baseline 0.002 -18"><span class='ocrx_word' id='word_1_211' title='bbox 2097 1631 2327 1701; x_wconf 75' lang='lat' dir='ltr'><strong>praedas,</strong></span> <span class='ocrx_word' id='word_1_212' title='bbox 2355 1631 2687 1701; x_wconf 87' lang='lat' dir='ltr'><strong>direptiones</strong></span> <span class='ocrx_word' id='word_1_213' title='bbox 2730 1646 2824 1700; x_wconf 90' lang='lat' dir='ltr'><strong>per</strong></span> <span class='ocrx_word' id='word_1_214' title='bbox 2860 1631 3134 1702; x_wconf 78' lang='lat' dir='ltr'><strong>regionem</strong></span> <span class='ocrx_word' id='word_1_215' title='bbox 3177 1632 3442 1701; x_wconf 89' lang='lat' dir='ltr'><strong>propriam</strong></span> <span class='ocrx_word' id='word_1_216' title='bbox 3482 1647 3671 1701; x_wconf 85' lang='lat' dir='ltr'><strong>gesse-</strong></span> 
     </span>
    </p>
   </div>
   <div class='ocr_carea' id='block_1_31' title="bbox 2097 1721 3668 1793">
    <p class='ocr_par' dir='ltr' id='par_1_31' title="bbox 2097 1721 3668 1793">
     <span class='ocr_line' id='line_1_31' title="bbox 2097 1721 3668 1793; baseline 0.003 -18"><span class='ocrx_word' id='word_1_217' title='bbox 2097 1728 2243 1787; x_wconf 89' lang='lat' dir='ltr'><strong>runt,</strong></span> <span class='ocrx_word' id='word_1_218' title='bbox 2273 1729 2333 1775; x_wconf 88' lang='lat' dir='ltr'><strong>ut</strong></span> <span class='ocrx_word' id='word_1_219' title='bbox 2376 1737 2439 1776; x_wconf 89' lang='lat' dir='ltr'><strong>ea</strong></span> <span class='ocrx_word' id='word_1_220' title='bbox 2480 1735 2860 1791; x_wconf 85' lang='lat' dir='ltr'><strong>usquequaque</strong></span> <span class='ocrx_word' id='word_1_221' title='bbox 2904 1721 3186 1776; x_wconf 84' lang='lat' dir='ltr'><strong>memorari</strong></span> <span class='ocrx_word' id='word_1_222' title='bbox 3229 1723 3538 1793; x_wconf 82' lang='lat' dir='ltr'><strong>perlongum</strong></span> <span class='ocrx_word' id='word_1_223' title='bbox 3577 1724 3668 1780; x_wconf 86' lang='lat' dir='ltr'><strong>sit.</strong></span> 
     </span>
    </p>
   </div>
   <div class='ocr_carea' id='block_1_32' title="bbox 2101 1811 3667 1882">
    <p class='ocr_par' dir='ltr' id='par_1_32' title="bbox 2101 1811 3667 1882">
     <span class='ocr_line' id='line_1_32' title="bbox 2101 1811 3667 1882; baseline 0.003 -17"><span class='ocrx_word' id='word_1_224' title='bbox 2101 1812 2478 1867; x_wconf 81' lang='lat' dir='ltr'><strong>Verumtamen</strong></span> <span class='ocrx_word' id='word_1_225' title='bbox 2505 1812 2626 1880; x_wconf 89' lang='lat' dir='ltr'><strong>quia</strong></span> <span class='ocrx_word' id='word_1_226' title='bbox 2666 1820 2878 1878; x_wconf 77' lang='lat' dir='ltr'><strong>segetes</strong></span> <span class='ocrx_word' id='word_1_227' title='bbox 2910 1811 3202 1866; x_wconf 58' lang='lat' dir='ltr'><strong>l‘rnvincia</strong></span> <span class='ocrx_word' id='word_1_228' title='bbox 3231 1812 3336 1882; x_wconf 90' lang='lat' dir='ltr'><strong>igni</strong></span> <span class='ocrx_word' id='word_1_229' title='bbox 3365 1812 3431 1866; x_wconf 88' lang='lat' dir='ltr'><strong>ab</strong></span> <span class='ocrx_word' id='word_1_230' title='bbox 3463 1813 3667 1869; x_wconf 87' lang='lat' dir='ltr'><strong>hisdem</strong></span> 
     </span>
    </p>
   </div>
   <div class='ocr_carea' id='block_1_33' title="bbox 418 1888 3669 1974">
    <p class='ocr_par' dir='ltr' id='par_1_33' title="bbox 418 1888 3669 1974">
     <span class='ocr_line' id='line_1_33' title="bbox 418 1888 3669 1974; baseline 0 -15"><span class='ocrx_word' id='word_1_231' title='bbox 418 1905 534 1968; x_wconf 88' lang='lat' dir='ltr'><strong>bus,</strong></span> <span class='ocrx_word' id='word_1_232' title='bbox 562 1906 789 1960; x_wconf 83' lang='lat' dir='ltr'><strong>diversis</strong></span> <span class='ocrx_word' id='word_1_233' title='bbox 817 1906 1092 1974; x_wconf 88' lang='lat' dir='ltr'><strong>suppliciis</strong></span> <span class='ocrx_word' id='word_1_234' title='bbox 1117 1904 1313 1972; x_wconf 76' lang='lat' dir='ltr'><strong>allecti,</strong></span> <span class='ocrx_word' id='word_1_235' title='bbox 1341 1904 1596 1958; x_wconf 86' lang='lat' dir='ltr'><strong>truncatis</strong></span> <span class='ocrx_word' id='word_1_236' title='bbox 1626 1903 1869 1959; x_wconf 88' lang='lat' dir='ltr'><strong>manibus</strong></span> <span class='ocrx_word' id='word_1_237' title='bbox 1896 1917 1989 1957; x_wconf 86' lang='lat' dir='ltr'><strong>au-</strong></span> <span class='ocrx_word' id='word_1_238' title='bbox 2019 1888 2066 1948; x_wconf 82' lang='grc' dir='ltr'><strong>Β</strong></span> <span class='ocrx_word' id='word_1_239' title='bbox 2093 1917 2379 1958; x_wconf 89' lang='lat' dir='ltr'><strong>succensas</strong></span> <span class='ocrx_word' id='word_1_240' title='bbox 2406 1903 2659 1968; x_wconf 87' lang='lat' dir='ltr'><strong>dicimus,</strong></span> <span class='ocrx_word' id='word_1_241' title='bbox 2686 1903 2823 1957; x_wconf 85' lang='lat' dir='ltr'><strong>fame</strong></span> <span class='ocrx_word' id='word_1_242' title='bbox 2850 1913 3006 1972; x_wconf 89' lang='lat' dir='ltr'><strong>atque</strong></span> <span class='ocrx_word' id='word_1_243' title='bbox 3034 1903 3207 1958; x_wconf 87' lang='lat' dir='ltr'><strong>inedia</strong></span> <span class='ocrx_word' id='word_1_244' title='bbox 3235 1915 3550 1972; x_wconf 88' lang='lat' dir='ltr'><strong>pereuntes,</strong></span> <span class='ocrx_word' id='word_1_245' title='bbox 3575 1921 3669 1972; x_wconf 87' lang='lat' dir='ltr'><strong>per</strong></span> 
     </span>
    </p>
   </div>
   <div class='ocr_carea' id='block_1_34' title="bbox 416 1994 1984 2062">
    <p class='ocr_par' dir='ltr' id='par_1_34' title="bbox 416 1994 1984 2062">
     <span class='ocr_line' id='line_1_34' title="bbox 416 1994 1984 2062; baseline -0.001 -14"><span class='ocrx_word' id='word_1_246' title='bbox 416 1996 672 2060; x_wconf 85' lang='lat' dir='ltr'><strong>ribusque</strong></span> <span class='ocrx_word' id='word_1_247' title='bbox 695 2007 747 2051; x_wconf 91' lang='lat' dir='ltr'><strong>et</strong></span> <span class='ocrx_word' id='word_1_248' title='bbox 771 1997 1005 2062; x_wconf 83' lang='lat' dir='ltr'><strong>naribus,</strong></span> <span class='ocrx_word' id='word_1_249' title='bbox 1031 1997 1190 2050; x_wconf 89' lang='lat' dir='ltr'><strong>variis</strong></span> <span class='ocrx_word' id='word_1_250' title='bbox 1219 2005 1344 2050; x_wconf 89' lang='lat' dir='ltr'><strong>sunt</strong></span> <span class='ocrx_word' id='word_1_251' title='bbox 1372 1996 1635 2051; x_wconf 92' lang='lat' dir='ltr'><strong>mortibus</strong></span> <span class='ocrx_word' id='word_1_252' title='bbox 1662 1994 1984 2062; x_wconf 88' lang='lat' dir='ltr'><strong>interempti.</strong></span> 
     </span>
    </p>
   </div>
   <div class='ocr_carea' id='block_1_35' title="bbox 489 2087 1986 2155">
    <p class='ocr_par' dir='ltr' id='par_1_35' title="bbox 489 2087 1986 2155">
     <span class='ocr_line' id='line_1_35' title="bbox 489 2087 1986 2155; baseline -0.002 -14"><span class='ocrx_word' id='word_1_253' title='bbox 489 2087 656 2141; x_wconf 78' lang='lat' dir='ltr'><strong>XXX.</strong></span> <span class='ocrx_word' id='word_1_254' title='bbox 689 2087 850 2155; x_wconf 89' lang='lat' dir='ltr'><strong>Igitur</strong></span> <span class='ocrx_word' id='word_1_255' title='bbox 880 2088 1311 2142; x_wconf 87' lang='lat' dir='ltr'><strong>Guntchramnus</strong></span> <span class='ocrx_word' id='word_1_256' title='bbox 1341 2103 1430 2142; x_wconf 82' lang='lat' dir='ltr'><strong>rex</strong></span> <span class='ocrx_word' id='word_1_257' title='bbox 1465 2087 1790 2143; x_wconf 88' lang='lat' dir='ltr'><strong>commoveri</strong></span> <span class='ocrx_word' id='word_1_258' title='bbox 1821 2101 1986 2141; x_wconf 87' lang='lat' dir='ltr'><strong>exer-</strong></span> 
     </span>
    </p>
   </div>
   <div class='ocr_carea' id='block_1_36' title="bbox 415 2175 1988 2248">
    <p class='ocr_par' dir='ltr' id='par_1_36' title="bbox 415 2175 1988 2248">
     <span class='ocr_line' id='line_1_36' title="bbox 415 2175 1988 2248; baseline -0.001 -16"><span class='ocrx_word' id='word_1_259' title='bbox 415 2179 579 2232; x_wconf 86' lang='lat' dir='ltr'><strong>citum</strong></span> <span class='ocrx_word' id='word_1_260' title='bbox 612 2179 663 2232; x_wconf 92' lang='lat' dir='ltr'><strong>in</strong></span> <span class='ocrx_word' id='word_1_261' title='bbox 689 2179 978 2248; x_wconf 86' lang='lat' dir='ltr'><strong>llispanias</strong></span> <span class='ocrx_word' id='word_1_262' title='bbox 1009 2180 1258 2248; x_wconf 70' lang='lat' dir='ltr'><strong>praecepit</strong></span> <span class='ocrx_word' id='word_1_263' title='bbox 1286 2188 1334 2244; x_wconf 74' lang='grc' dir='ltr'><strong>ι,</strong></span> <span class='ocrx_word' id='word_1_264' title='bbox 1366 2177 1551 2232; x_wconf 90' lang='lat' dir='ltr'><strong>dicens</strong></span> <span class='ocrx_word' id='word_1_265' title='bbox 1581 2195 1594 2230; x_wconf 75' lang='grc' dir='ltr'>ε</span> <span class='ocrx_word' id='word_1_266' title='bbox 1629 2177 1783 2232; x_wconf 84' lang='lat' dir='ltr'><strong>Prius</strong></span> <span class='ocrx_word' id='word_1_267' title='bbox 1811 2175 1988 2246; x_wconf 89' lang='lat' dir='ltr'><strong>Septi-</strong></span> 
     </span>
    </p>
   </div>
   <div class='ocr_carea' id='block_1_37' title="bbox 423 2270 1991 2339">
    <p class='ocr_par' dir='ltr' id='par_1_37' title="bbox 423 2270 1991 2339">
     <span class='ocr_line' id='line_1_37' title="bbox 423 2270 1991 2339; baseline 0.002 -17"><span class='ocrx_word' id='word_1_268' title='bbox 423 2272 652 2324; x_wconf 84' lang='lat' dir='ltr'><strong>maniam</strong></span> <span class='ocrx_word' id='word_1_269' title='bbox 704 2270 1028 2338; x_wconf 69' lang='lat' dir='ltr'><strong>proxinciam</strong></span> <span class='ocrx_word' id='word_1_270' title='bbox 1076 2271 1264 2326; x_wconf 90' lang='lat' dir='ltr'><strong>ditioni</strong></span> <span class='ocrx_word' id='word_1_271' title='bbox 1323 2280 1519 2326; x_wconf 77' lang='lat' dir='ltr'><strong>nostra:</strong></span> <span class='ocrx_word' id='word_1_272' title='bbox 1575 2270 1827 2334; x_wconf 90' lang='lat' dir='ltr'><strong>subdite,</strong></span> <span class='ocrx_word' id='word_1_273' title='bbox 1871 2285 1991 2339; x_wconf 78' lang='lat' dir='ltr'><strong>quae</strong></span> 
     </span>
    </p>
   </div>
   <div class='ocr_carea' id='block_1_38' title="bbox 417 2360 1990 2431">
    <p class='ocr_par' dir='ltr' id='par_1_38' title="bbox 417 2360 1990 2431">
     <span class='ocr_line' id='line_1_38' title="bbox 417 2360 1990 2431; baseline 0.002 -19"><span class='ocrx_word' id='word_1_274' title='bbox 417 2360 608 2414; x_wconf 77' lang='lat' dir='ltr'><strong>Galliis</strong></span> <span class='ocrx_word' id='word_1_275' title='bbox 637 2371 715 2415; x_wconf 88' lang='lat' dir='ltr'><strong>est</strong></span> <span class='ocrx_word' id='word_1_276' title='bbox 744 2363 1056 2431; x_wconf 88' lang='lat' dir='ltr'><strong>propinqua.</strong></span> <span class='ocrx_word' id='word_1_277' title='bbox 1089 2361 1362 2431; x_wconf 83' lang='lat' dir='ltr'><strong>Indignum</strong></span> <span class='ocrx_word' id='word_1_278' title='bbox 1393 2371 1493 2423; x_wconf 92' lang='lat' dir='ltr'><strong>est,</strong></span> <span class='ocrx_word' id='word_1_279' title='bbox 1518 2371 1574 2416; x_wconf 88' lang='lat' dir='ltr'><strong>ut</strong></span> <span class='ocrx_word' id='word_1_280' title='bbox 1601 2360 1990 2416; x_wconf 85' lang='lat' dir='ltr'><strong>horrendorutn</strong></span> 
     </span>
    </p>
   </div>
   <div class='ocr_carea' id='block_1_39' title="bbox 418 2449 1990 2521">
    <p class='ocr_par' dir='ltr' id='par_1_39' title="bbox 418 2449 1990 2521">
     <span class='ocr_line' id='line_1_39' title="bbox 418 2449 1990 2521; baseline 0.001 -16"><span class='ocrx_word' id='word_1_281' title='bbox 418 2450 734 2505; x_wconf 83' lang='lat' dir='ltr'><strong>Gottltorum</strong></span> <span class='ocrx_word' id='word_1_282' title='bbox 768 2450 1023 2506; x_wconf 88' lang='lat' dir='ltr'><strong>terminus</strong></span> <span class='ocrx_word' id='word_1_283' title='bbox 1054 2466 1220 2521; x_wconf 90' lang='lat' dir='ltr'><strong>usque</strong></span> <span class='ocrx_word' id='word_1_284' title='bbox 1267 2451 1320 2504; x_wconf 92' lang='lat' dir='ltr'><strong>in</strong></span> <span class='ocrx_word' id='word_1_285' title='bbox 1363 2449 1561 2506; x_wconf 87' lang='lat' dir='ltr'><strong>Gallias</strong></span> <span class='ocrx_word' id='word_1_286' title='bbox 1603 2452 1674 2505; x_wconf 91' lang='lat' dir='ltr'><strong>sit</strong></span> <span class='ocrx_word' id='word_1_287' title='bbox 1713 2461 1990 2506; x_wconf 80' lang='lat' dir='ltr'><strong>extensus.</strong></span> 
     </span>
    </p>
   </div>
   <div class='ocr_carea' id='block_1_40' title="bbox 417 2542 1986 2611">
    <p class='ocr_par' dir='ltr' id='par_1_40' title="bbox 417 2542 1986 2611">
     <span class='ocr_line' id='line_1_40' title="bbox 417 2542 1986 2611; baseline -0.001 -14"><span class='ocrx_word' id='word_1_288' title='bbox 417 2544 569 2598; x_wconf 84' lang='lat' dir='ltr'><strong>Tunc</strong></span> <span class='ocrx_word' id='word_1_289' title='bbox 597 2554 865 2599; x_wconf 90' lang='lat' dir='ltr'><strong>commoto</strong></span> <span class='ocrx_word' id='word_1_290' title='bbox 895 2543 1042 2598; x_wconf 88' lang='lat' dir='ltr'><strong>omni</strong></span> <span class='ocrx_word' id='word_1_291' title='bbox 1072 2545 1306 2598; x_wconf 90' lang='lat' dir='ltr'><strong>exercitu</strong></span> <span class='ocrx_word' id='word_1_292' title='bbox 1339 2543 1486 2611; x_wconf 85' lang='lat' dir='ltr'><strong>regni</strong></span> <span class='ocrx_word' id='word_1_293' title='bbox 1516 2543 1618 2607; x_wconf 81' lang='lat' dir='ltr'><strong>sui,</strong></span> <span class='ocrx_word' id='word_1_294' title='bbox 1637 2542 1763 2598; x_wconf 90' lang='lat' dir='ltr'><strong>illuc</strong></span> <span class='ocrx_word' id='word_1_295' title='bbox 1788 2542 1986 2610; x_wconf 85' lang='lat' dir='ltr'><strong>dirigit.</strong></span> 
     </span>
    </p>
   </div>
   <div class='ocr_carea' id='block_1_41' title="bbox 420 2631 1992 2703">
    <p class='ocr_par' dir='ltr' id='par_1_41' title="bbox 420 2631 1992 2703">
     <span class='ocr_line' id='line_1_41' title="bbox 420 2631 1992 2703; baseline 0.003 -16"><span class='ocrx_word' id='word_1_296' title='bbox 420 2631 618 2688; x_wconf 84' lang='lat' dir='ltr'><strong>Gentes</strong></span> <span class='ocrx_word' id='word_1_297' title='bbox 646 2649 773 2688; x_wconf 90' lang='lat' dir='ltr'><strong>vero</strong></span> <span class='ocrx_word' id='word_1_298' title='bbox 799 2650 917 2703; x_wconf 65' lang='lat' dir='ltr'><strong>quae</strong></span> <span class='ocrx_word' id='word_1_299' title='bbox 943 2634 1083 2688; x_wconf 89' lang='lat' dir='ltr'><strong>ultra</strong></span> <span class='ocrx_word' id='word_1_300' title='bbox 1110 2634 1341 2700; x_wconf 81' lang='lat' dir='ltr'><strong>Ararim,</strong></span> <span class='ocrx_word' id='word_1_301' title='bbox 1366 2633 1789 2700; x_wconf 84' lang='lat' dir='ltr'><strong>Rhodanumque</strong></span> <span class='ocrx_word' id='word_1_302' title='bbox 1813 2643 1867 2690; x_wconf 87' lang='lat' dir='ltr'><strong>et</strong></span> <span class='ocrx_word' id='word_1_303' title='bbox 1893 2631 1992 2692; x_wconf 79' lang='lat' dir='ltr'><strong>So-</strong></span> 
     </span>
    </p>
   </div>
   <div class='ocr_carea' id='block_1_42' title="bbox 418 2721 1989 2793">
    <p class='ocr_par' dir='ltr' id='par_1_42' title="bbox 418 2721 1989 2793">
     <span class='ocr_line' id='line_1_42' title="bbox 418 2721 1989 2793; baseline 0 -17"><span class='ocrx_word' id='word_1_304' title='bbox 418 2739 648 2793; x_wconf 88' lang='lat' dir='ltr'><strong>quanam</strong></span> <span class='ocrx_word' id='word_1_305' title='bbox 674 2722 700 2761; x_wconf 63' lang='lat' dir='ltr'><strong>lt</strong></span> <span class='ocrx_word' id='word_1_306' title='bbox 731 2725 1174 2787; x_wconf 83' lang='lat' dir='ltr'><strong>commanebant,</strong></span> <span class='ocrx_word' id='word_1_307' title='bbox 1205 2738 1326 2777; x_wconf 92' lang='lat' dir='ltr'><strong>cum</strong></span> <span class='ocrx_word' id='word_1_308' title='bbox 1369 2721 1838 2792; x_wconf 86' lang='lat' dir='ltr'><strong>Burgundionibus</strong></span> <span class='ocrx_word' id='word_1_309' title='bbox 1862 2721 1989 2792; x_wconf 89' lang='lat' dir='ltr'><strong>jun-</strong></span> 
     </span>
    </p>
   </div>
   <div class='ocr_carea' id='block_1_43' title="bbox 417 2811 1988 2883">
    <p class='ocr_par' dir='ltr' id='par_1_43' title="bbox 417 2811 1988 2883">
     <span class='ocr_line' id='line_1_43' title="bbox 417 2811 1988 2883; baseline 0.002 -18"><span class='ocrx_word' id='word_1_310' title='bbox 417 2822 536 2876; x_wconf 69' lang='lat' dir='ltr'><strong>cttc,</strong></span> <span class='ocrx_word' id='word_1_311' title='bbox 555 2813 773 2867; x_wconf 84' lang='lat' dir='ltr'><strong>Ararica</strong></span> <span class='ocrx_word' id='word_1_312' title='bbox 799 2812 1256 2883; x_wconf 83' lang='lat' dir='ltr'><strong>Rhodaniticaqne</strong></span> <span class='ocrx_word' id='word_1_313' title='bbox 1283 2812 1456 2867; x_wconf 89' lang='lat' dir='ltr'><strong>littora</strong></span> <span class='ocrx_word' id='word_1_314' title='bbox 1487 2822 1592 2870; x_wconf 86' lang='lat' dir='ltr'><strong>tam</strong></span> <span class='ocrx_word' id='word_1_315' title='bbox 1617 2813 1685 2869; x_wconf 89' lang='lat' dir='ltr'><strong>de</strong></span> <span class='ocrx_word' id='word_1_316' title='bbox 1706 2811 1988 2878; x_wconf 75' lang='lat' dir='ltr'><strong>frnalibus,</strong></span> 
     </span>
    </p>
   </div>
   <div class='ocr_carea' id='block_1_44' title="bbox 419 2903 1990 2974">
    <p class='ocr_par' dir='ltr' id='par_1_44' title="bbox 419 2903 1990 2974">
     <span class='ocr_line' id='line_1_44' title="bbox 419 2903 1990 2974; baseline 0.002 -17"><span class='ocrx_word' id='word_1_317' title='bbox 419 2920 573 2972; x_wconf 88' lang='lat' dir='ltr'><strong>quam</strong></span> <span class='ocrx_word' id='word_1_318' title='bbox 621 2903 689 2959; x_wconf 89' lang='lat' dir='ltr'><strong>de</strong></span> <span class='ocrx_word' id='word_1_319' title='bbox 736 2905 1018 2974; x_wconf 87' lang='lat' dir='ltr'><strong>pecoribus</strong></span> <span class='ocrx_word' id='word_1_320' title='bbox 1068 2905 1221 2960; x_wconf 86' lang='lat' dir='ltr'><strong>valde</strong></span> <span class='ocrx_word' id='word_1_321' title='bbox 1266 2904 1600 2974; x_wconf 75' lang='lat' dir='ltr'><strong>depopulata:</strong></span> <span class='ocrx_word' id='word_1_322' title='bbox 1641 2913 1786 2960; x_wconf 89' lang='lat' dir='ltr'><strong>sunt.</strong></span> <span class='ocrx_word' id='word_1_323' title='bbox 1830 2906 1990 2960; x_wconf 81' lang='lat' dir='ltr'><strong>Multa</strong></span> 
     </span>
    </p>
   </div>
   <div class='ocr_carea' id='block_1_45' title="bbox 419 2996 1989 3068">
    <p class='ocr_par' dir='ltr' id='par_1_45' title="bbox 419 2996 1989 3068">
     <span class='ocr_line' id='line_1_45' title="bbox 419 2996 1989 3068; baseline 0.002 -20"><span class='ocrx_word' id='word_1_324' title='bbox 419 2996 738 3062; x_wconf 87' lang='lat' dir='ltr'><strong>homicidia,</strong></span> <span class='ocrx_word' id='word_1_325' title='bbox 766 2997 1038 3061; x_wconf 89' lang='lat' dir='ltr'><strong>incendia,</strong></span> <span class='ocrx_word' id='word_1_326' title='bbox 1070 2997 1383 3066; x_wconf 80' lang='lat' dir='ltr'><strong>pra-dasque</strong></span> <span class='ocrx_word' id='word_1_327' title='bbox 1422 2996 1474 3050; x_wconf 92' lang='lat' dir='ltr'><strong>in</strong></span> <span class='ocrx_word' id='word_1_328' title='bbox 1516 2997 1736 3068; x_wconf 83' lang='lat' dir='ltr'><strong>regione</strong></span> <span class='ocrx_word' id='word_1_329' title='bbox 1777 2997 1989 3066; x_wconf 85' lang='lat' dir='ltr'><strong>propria</strong></span> 
     </span>
    </p>
   </div>
   <div class='ocr_carea' id='block_1_46' title="bbox 418 3086 1993 3155">
    <p class='ocr_par' dir='ltr' id='par_1_46' title="bbox 418 3086 1993 3155">
     <span class='ocr_line' id='line_1_46' title="bbox 418 3086 1993 3155; baseline 0.002 -14"><span class='ocrx_word' id='word_1_330' title='bbox 418 3087 695 3151; x_wconf 76' lang='lat' dir='ltr'><strong>facientes,</strong></span> <span class='ocrx_word' id='word_1_331' title='bbox 719 3087 810 3141; x_wconf 86' lang='lat' dir='ltr'><strong>sed</strong></span> <span class='ocrx_word' id='word_1_332' title='bbox 842 3096 897 3142; x_wconf 90' lang='lat' dir='ltr'><strong>et</strong></span> <span class='ocrx_word' id='word_1_333' title='bbox 922 3087 1179 3143; x_wconf 86' lang='lat' dir='ltr'><strong>ecclesias</strong></span> <span class='ocrx_word' id='word_1_334' title='bbox 1207 3086 1564 3154; x_wconf 90' lang='lat' dir='ltr'><strong>denudantes,</strong></span> <span class='ocrx_word' id='word_1_335' title='bbox 1591 3087 1818 3142; x_wconf 90' lang='lat' dir='ltr'><strong>clericos</strong></span> <span class='ocrx_word' id='word_1_336' title='bbox 1849 3089 1993 3155; x_wconf 88' lang='lat' dir='ltr'><strong>ipsos</strong></span> 
     </span>
    </p>
   </div>
   <div class='ocr_carea' id='block_1_47' title="bbox 417 3177 1991 3248">
    <p class='ocr_par' dir='ltr' id='par_1_47' title="bbox 417 3177 1991 3248">
     <span class='ocr_line' id='line_1_47' title="bbox 417 3177 1991 3248; baseline 0 -15"><span class='ocrx_word' id='word_1_337' title='bbox 417 3194 537 3233; x_wconf 90' lang='lat' dir='ltr'><strong>cum</strong></span> <span class='ocrx_word' id='word_1_338' title='bbox 565 3178 930 3234; x_wconf 86' lang='lat' dir='ltr'><strong>sacerdotibus</strong></span> <span class='ocrx_word' id='word_1_339' title='bbox 957 3192 1020 3234; x_wconf 88' lang='lat' dir='ltr'><strong>ac</strong></span> <span class='ocrx_word' id='word_1_340' title='bbox 1043 3178 1248 3248; x_wconf 89' lang='lat' dir='ltr'><strong>reliquo</strong></span> <span class='ocrx_word' id='word_1_341' title='bbox 1275 3177 1473 3246; x_wconf 90' lang='lat' dir='ltr'><strong>populo</strong></span> <span class='ocrx_word' id='word_1_342' title='bbox 1496 3178 1562 3231; x_wconf 84' lang='lat' dir='ltr'><strong>ad</strong></span> <span class='ocrx_word' id='word_1_343' title='bbox 1589 3178 1731 3244; x_wconf 88' lang='lat' dir='ltr'><strong>ipsas</strong></span> <span class='ocrx_word' id='word_1_344' title='bbox 1756 3187 1991 3233; x_wconf 85' lang='lat' dir='ltr'><strong>sacratas</strong></span> 
     </span>
    </p>
   </div>
   <div class='ocr_carea' id='block_1_48' title="bbox 2099 1994 3665 2064">
    <p class='ocr_par' dir='ltr' id='par_1_48' title="bbox 2099 1994 3665 2064">
     <span class='ocr_line' id='line_1_48' title="bbox 2099 1994 3665 2064; baseline 0.002 -17"><span class='ocrx_word' id='word_1_345' title='bbox 2099 1995 2241 2050; x_wconf 74' lang='lat' dir='ltr'><strong>viam</strong></span> <span class='ocrx_word' id='word_1_346' title='bbox 2278 1994 2720 2064; x_wconf 88' lang='lat' dir='ltr'><strong>relinquebantur</strong></span> <span class='ocrx_word' id='word_1_347' title='bbox 2744 1995 3047 2060; x_wconf 85' lang='lat' dir='ltr'><strong>exanimes;</strong></span> <span class='ocrx_word' id='word_1_348' title='bbox 3080 1995 3314 2050; x_wconf 88' lang='lat' dir='ltr'><strong>nonnulli</strong></span> <span class='ocrx_word' id='word_1_349' title='bbox 3353 1996 3404 2050; x_wconf 93' lang='lat' dir='ltr'><strong>in</strong></span> <span class='ocrx_word' id='word_1_350' title='bbox 3432 1997 3665 2050; x_wconf 83' lang='lat' dir='ltr'><strong>ﬂumini-</strong></span> 
     </span>
    </p>
   </div>
   <div class='ocr_carea' id='block_1_49' title="bbox 2096 2087 3665 2157">
    <p class='ocr_par' dir='ltr' id='par_1_49' title="bbox 2096 2087 3665 2157">
     <span class='ocr_line' id='line_1_49' title="bbox 2096 2087 3665 2157; baseline 0.001 -14"><span class='ocrx_word' id='word_1_351' title='bbox 2096 2089 2196 2143; x_wconf 88' lang='lat' dir='ltr'><strong>bus</strong></span> <span class='ocrx_word' id='word_1_352' title='bbox 2218 2088 2473 2152; x_wconf 87' lang='lat' dir='ltr'><strong>demersi,</strong></span> <span class='ocrx_word' id='word_1_353' title='bbox 2491 2088 2728 2157; x_wconf 84' lang='lat' dir='ltr'><strong>plerique</strong></span> <span class='ocrx_word' id='word_1_354' title='bbox 2751 2088 2802 2142; x_wconf 90' lang='lat' dir='ltr'><strong>in</strong></span> <span class='ocrx_word' id='word_1_355' title='bbox 2828 2087 3175 2142; x_wconf 88' lang='lat' dir='ltr'><strong>seditionibus</strong></span> <span class='ocrx_word' id='word_1_356' title='bbox 3201 2089 3498 2156; x_wconf 90' lang='lat' dir='ltr'><strong>interempti</strong></span> <span class='ocrx_word' id='word_1_357' title='bbox 3519 2098 3665 2144; x_wconf 90' lang='lat' dir='ltr'><strong>sunt.</strong></span> 
     </span>
    </p>
   </div>
   <div class='ocr_carea' id='block_1_50' title="bbox 2093 2176 3670 2246">
    <p class='ocr_par' dir='ltr' id='par_1_50' title="bbox 2093 2176 3670 2246">
     <span class='ocr_line' id='line_1_50' title="bbox 2093 2176 3670 2246; baseline 0.001 -14"><span class='ocrx_word' id='word_1_358' title='bbox 2093 2177 2360 2232; x_wconf 86' lang='lat' dir='ltr'><strong>Ferebaut</strong></span> <span class='ocrx_word' id='word_1_359' title='bbox 2388 2178 2530 2231; x_wconf 88' lang='lat' dir='ltr'><strong>enim</strong></span> <span class='ocrx_word' id='word_1_360' title='bbox 2561 2176 2792 2245; x_wconf 88' lang='lat' dir='ltr'><strong>amplius</strong></span> <span class='ocrx_word' id='word_1_361' title='bbox 2822 2192 2978 2244; x_wconf 90' lang='lat' dir='ltr'><strong>quam</strong></span> <span class='ocrx_word' id='word_1_362' title='bbox 3010 2177 3242 2246; x_wconf 87' lang='lat' dir='ltr'><strong>quinque</strong></span> <span class='ocrx_word' id='word_1_363' title='bbox 3281 2177 3444 2231; x_wconf 86' lang='lat' dir='ltr'><strong>millia</strong></span> <span class='ocrx_word' id='word_1_364' title='bbox 3483 2178 3537 2231; x_wconf 90' lang='lat' dir='ltr'><strong>in</strong></span> <span class='ocrx_word' id='word_1_365' title='bbox 3583 2178 3670 2234; x_wconf 85' lang='lat' dir='ltr'><strong>his</strong></span> 
     </span>
    </p>
   </div>
   <div class='ocr_carea' id='block_1_51' title="bbox 2090 2267 3668 2338">
    <p class='ocr_par' dir='ltr' id='par_1_51' title="bbox 2090 2267 3668 2338">
     <span class='ocr_line' id='line_1_51' title="bbox 2090 2267 3668 2338; baseline -0.001 -15"><span class='ocrx_word' id='word_1_366' title='bbox 2090 2269 2358 2338; x_wconf 84' lang='lat' dir='ltr'><strong>stragibus</strong></span> <span class='ocrx_word' id='word_1_367' title='bbox 2398 2267 2566 2322; x_wconf 79' lang='lat' dir='ltr'><strong>fuisse</strong></span> <span class='ocrx_word' id='word_1_368' title='bbox 2594 2278 2921 2337; x_wconf 82' lang='lat' dir='ltr'><strong>peremptos.</strong></span> <span class='ocrx_word' id='word_1_369' title='bbox 2951 2267 3056 2323; x_wconf 85' lang='lat' dir='ltr'><strong>Sed</strong></span> <span class='ocrx_word' id='word_1_370' title='bbox 3087 2282 3192 2322; x_wconf 90' lang='lat' dir='ltr'><strong>non</strong></span> <span class='ocrx_word' id='word_1_371' title='bbox 3220 2283 3315 2322; x_wconf 91' lang='lat' dir='ltr'><strong>eos</strong></span> <span class='ocrx_word' id='word_1_372' title='bbox 3338 2268 3428 2336; x_wconf 91' lang='lat' dir='ltr'><strong>qui</strong></span> <span class='ocrx_word' id='word_1_373' title='bbox 3454 2283 3668 2322; x_wconf 84' lang='lat' dir='ltr'><strong>reman-</strong></span> 
     </span>
    </p>
   </div>
   <div class='ocr_carea' id='block_1_52' title="bbox 2089 2358 3666 2424">
    <p class='ocr_par' dir='ltr' id='par_1_52' title="bbox 2089 2358 3666 2424">
     <span class='ocr_line' id='line_1_52' title="bbox 2089 2358 3666 2424; baseline -0.001 -9"><span class='ocrx_word' id='word_1_374' title='bbox 2089 2368 2292 2424; x_wconf 81' lang='lat' dir='ltr'><strong>serant,</strong></span> <span class='ocrx_word' id='word_1_375' title='bbox 2325 2358 2606 2413; x_wconf 84' lang='lat' dir='ltr'><strong>coercebat</strong></span> <span class='ocrx_word' id='word_1_376' title='bbox 2631 2359 2856 2412; x_wconf 88' lang='lat' dir='ltr'><strong>aliorqu</strong></span> <span class='ocrx_word' id='word_1_377' title='bbox 2895 2359 3164 2413; x_wconf 84' lang='lat' dir='ltr'><strong>interitus.</strong></span> <span class='ocrx_word' id='word_1_378' title='bbox 3192 2359 3344 2414; x_wconf 86' lang='lat' dir='ltr'><strong>Tunc</strong></span> <span class='ocrx_word' id='word_1_379' title='bbox 3377 2369 3432 2414; x_wconf 89' lang='lat' dir='ltr'><strong>et</strong></span> <span class='ocrx_word' id='word_1_380' title='bbox 3471 2362 3666 2414; x_wconf 88' lang='lat' dir='ltr'><strong>Arver-</strong></span> 
     </span>
    </p>
   </div>
   <div class='ocr_carea' id='block_1_53' title="bbox 2091 2449 3666 2520">
    <p class='ocr_par' dir='ltr' id='par_1_53' title="bbox 2091 2449 3666 2520">
     <span class='ocr_line' id='line_1_53' title="bbox 2091 2449 3666 2520; baseline -0.001 -14"><span class='ocrx_word' id='word_1_381' title='bbox 2091 2467 2175 2506; x_wconf 73' lang='lat' dir='ltr'><strong>na:</strong></span> <span class='ocrx_word' id='word_1_382' title='bbox 2213 2450 2452 2520; x_wconf 85' lang='lat' dir='ltr'><strong>regionis</strong></span> <span class='ocrx_word' id='word_1_383' title='bbox 2490 2450 2757 2515; x_wconf 67' lang='lat' dir='ltr'><strong>ecclesiae,</strong></span> <span class='ocrx_word' id='word_1_384' title='bbox 2787 2463 2906 2516; x_wconf 65' lang='lat' dir='ltr'><strong>qua:</strong></span> <span class='ocrx_word' id='word_1_385' title='bbox 2943 2449 3045 2503; x_wconf 68' lang='lat' dir='ltr'><strong>viae</strong></span> <span class='ocrx_word' id='word_1_386' title='bbox 3089 2449 3315 2518; x_wconf 71' lang='lat' dir='ltr'><strong>publica:</strong></span> <span class='ocrx_word' id='word_1_387' title='bbox 3355 2451 3666 2518; x_wconf 73' lang='lat' dir='ltr'><strong>propinqua:</strong></span> 
     </span>
    </p>
   </div>
   <div class='ocr_carea' id='block_1_54' title="bbox 2090 2537 3668 2604">
    <p class='ocr_par' dir='ltr' id='par_1_54' title="bbox 2090 2537 3668 2604">
     <span class='ocr_line' id='line_1_54' title="bbox 2090 2537 3668 2604; baseline -0.001 -9"><span class='ocrx_word' id='word_1_388' title='bbox 2090 2549 2268 2604; x_wconf 67' lang='lat' dir='ltr'><strong>orant,</strong></span> <span class='ocrx_word' id='word_1_389' title='bbox 2285 2555 2312 2591; x_wconf 89' lang='lat' dir='ltr'><strong>a</strong></span> <span class='ocrx_word' id='word_1_390' title='bbox 2337 2538 2648 2593; x_wconf 82' lang='lat' dir='ltr'><strong>ministeriis</strong></span> <span class='ocrx_word' id='word_1_391' title='bbox 2673 2537 2954 2593; x_wconf 75' lang='lat' dir='ltr'><strong>denudatze</strong></span> <span class='ocrx_word' id='word_1_392' title='bbox 2983 2547 3126 2595; x_wconf 87' lang='lat' dir='ltr'><strong>sunt.</strong></span> <span class='ocrx_word' id='word_1_393' title='bbox 3146 2538 3253 2594; x_wconf 85' lang='lat' dir='ltr'><strong>Nec</strong></span> <span class='ocrx_word' id='word_1_394' title='bbox 3282 2539 3376 2591; x_wconf 76' lang='lat' dir='ltr'><strong>fuit</strong></span> <span class='ocrx_word' id='word_1_395' title='bbox 3405 2539 3668 2594; x_wconf 82' lang='lat' dir='ltr'><strong>terminus</strong></span> 
     </span>
    </p>
   </div>
   <div class='ocr_carea' id='block_1_55' title="bbox 2091 2629 3668 2700">
    <p class='ocr_par' dir='ltr' id='par_1_55' title="bbox 2091 2629 3668 2700">
     <span class='ocr_line' id='line_1_55' title="bbox 2091 2629 3668 2700; baseline 0 -15"><span class='ocrx_word' id='word_1_396' title='bbox 2091 2631 2230 2686; x_wconf 88' lang='lat' dir='ltr'><strong>male</strong></span> <span class='ocrx_word' id='word_1_397' title='bbox 2261 2629 2523 2697; x_wconf 66' lang='lat' dir='ltr'><strong>faciendi,</strong></span> <span class='ocrx_word' id='word_1_398' title='bbox 2552 2629 2655 2684; x_wconf 88' lang='lat' dir='ltr'><strong>nisi</strong></span> <span class='ocrx_word' id='word_1_399' title='bbox 2681 2643 2801 2685; x_wconf 89' lang='lat' dir='ltr'><strong>cum</strong></span> <span class='ocrx_word' id='word_1_400' title='bbox 2832 2629 2898 2683; x_wconf 91' lang='lat' dir='ltr'><strong>ad</strong></span> <span class='ocrx_word' id='word_1_401' title='bbox 2934 2630 3144 2698; x_wconf 87' lang='lat' dir='ltr'><strong>propria</strong></span> <span class='ocrx_word' id='word_1_402' title='bbox 3173 2629 3367 2700; x_wconf 79' lang='lat' dir='ltr'><strong>singuli</strong></span> <span class='ocrx_word' id='word_1_403' title='bbox 3412 2645 3668 2698; x_wconf 80' lang='lat' dir='ltr'><strong>pervene-</strong></span> 
     </span>
    </p>
   </div>
   <div class='ocr_carea' id='block_1_56' title="bbox 2091 2722 3664 2791">
    <p class='ocr_par' dir='ltr' id='par_1_56' title="bbox 2091 2722 3664 2791">
     <span class='ocr_line' id='line_1_56' title="bbox 2091 2722 3664 2791; baseline -0.001 -12"><span class='ocrx_word' id='word_1_404' title='bbox 2091 2731 2238 2779; x_wconf 86' lang='lat' dir='ltr'><strong>runt.</strong></span> <span class='ocrx_word' id='word_1_405' title='bbox 2265 2723 2468 2789; x_wconf 86' lang='lat' dir='ltr'><strong>Quibus</strong></span> <span class='ocrx_word' id='word_1_406' title='bbox 2497 2723 2751 2787; x_wconf 88' lang='lat' dir='ltr'><strong>reversis,</strong></span> <span class='ocrx_word' id='word_1_407' title='bbox 2779 2737 2968 2791; x_wconf 87' lang='lat' dir='ltr'><strong>magna</strong></span> <span class='ocrx_word' id='word_1_408' title='bbox 2998 2722 3452 2778; x_wconf 82' lang='lat' dir='ltr'><strong>Guntchramnum</strong></span> <span class='ocrx_word' id='word_1_409' title='bbox 3484 2737 3664 2791; x_wconf 86' lang='lat' dir='ltr'><strong>regem</strong></span> 
     </span>
    </p>
   </div>
   <div class='ocr_carea' id='block_1_57' title="bbox 2091 2814 3668 2883">
    <p class='ocr_par' dir='ltr' id='par_1_57' title="bbox 2091 2814 3668 2883">
     <span class='ocr_line' id='line_1_57' title="bbox 2091 2814 3668 2883; baseline 0.001 -15"><span class='ocrx_word' id='word_1_410' title='bbox 2091 2814 2392 2870; x_wconf 88' lang='lat' dir='ltr'><strong>amaritudo</strong></span> <span class='ocrx_word' id='word_1_411' title='bbox 2416 2815 2591 2869; x_wconf 89' lang='lat' dir='ltr'><strong>cordis</strong></span> <span class='ocrx_word' id='word_1_412' title='bbox 2612 2815 2840 2870; x_wconf 88' lang='lat' dir='ltr'><strong>obsedit.</strong></span> <span class='ocrx_word' id='word_1_413' title='bbox 2864 2814 3032 2869; x_wconf 83' lang='lat' dir='ltr'><strong>Duces</strong></span> <span class='ocrx_word' id='word_1_414' title='bbox 3053 2830 3179 2869; x_wconf 85' lang='lat' dir='ltr'><strong>vero</strong></span> <span class='ocrx_word' id='word_1_415' title='bbox 3205 2816 3493 2883; x_wconf 89' lang='lat' dir='ltr'><strong>supradicti</strong></span> <span class='ocrx_word' id='word_1_416' title='bbox 3514 2830 3668 2870; x_wconf 86' lang='lat' dir='ltr'><strong>exer-</strong></span> 
     </span>
    </p>
   </div>
   <div class='ocr_carea' id='block_1_58' title="bbox 2091 2892 3666 2976">
    <p class='ocr_par' dir='ltr' id='par_1_58' title="bbox 2091 2892 3666 2976">
     <span class='ocr_line' id='line_1_58' title="bbox 2091 2892 3666 2976; baseline 0 -16"><span class='ocrx_word' id='word_1_417' title='bbox 2091 2908 2229 2960; x_wconf 78' lang='lat' dir='ltr'><strong>citus</strong></span> <span class='ocrx_word' id='word_1_418' title='bbox 2251 2905 2315 2960; x_wconf 92' lang='lat' dir='ltr'><strong>ad</strong></span> <span class='ocrx_word' id='word_1_419' title='bbox 2342 2905 2609 2960; x_wconf 87' lang='lat' dir='ltr'><strong>basilicam</strong></span> <span class='ocrx_word' id='word_1_420' title='bbox 2631 2892 2800 2960; x_wconf 83' lang='lat' dir='ltr'><strong>sancti</strong></span> <span class='ocrx_word' id='word_1_421' title='bbox 2828 2906 3200 2976; x_wconf 83' lang='lat' dir='ltr'><strong>Symphoriani</strong></span> <span class='ocrx_word' id='word_1_422' title='bbox 3229 2907 3475 2976; x_wconf 87' lang='lat' dir='ltr'><strong>martyris</strong></span> <span class='ocrx_word' id='word_1_423' title='bbox 3499 2921 3666 2974; x_wconf 87' lang='lat' dir='ltr'><strong>expe-</strong></span> 
     </span>
    </p>
   </div>
   <div class='ocr_carea' id='block_1_59' title="bbox 2094 2997 3664 3066">
    <p class='ocr_par' dir='ltr' id='par_1_59' title="bbox 2094 2997 3664 3066">
     <span class='ocr_line' id='line_1_59' title="bbox 2094 2997 3664 3066; baseline 0.001 -15"><span class='ocrx_word' id='word_1_424' title='bbox 2094 2997 2316 3052; x_wconf 87' lang='lat' dir='ltr'><strong>tierunt.</strong></span> <span class='ocrx_word' id='word_1_425' title='bbox 2341 2997 2599 3053; x_wconf 85' lang='lat' dir='ltr'><strong>Veniente</strong></span> <span class='ocrx_word' id='word_1_426' title='bbox 2640 2998 2815 3065; x_wconf 90' lang='lat' dir='ltr'><strong>itaque</strong></span> <span class='ocrx_word' id='word_1_427' title='bbox 2843 3011 2968 3066; x_wconf 87' lang='lat' dir='ltr'><strong>rege</strong></span> <span class='ocrx_word' id='word_1_428' title='bbox 2995 2997 3060 3052; x_wconf 91' lang='lat' dir='ltr'><strong>ad</strong></span> <span class='ocrx_word' id='word_1_429' title='bbox 3090 2998 3206 3066; x_wconf 84' lang='lat' dir='ltr'><strong>ejus</strong></span> <span class='ocrx_word' id='word_1_430' title='bbox 3235 2999 3626 3053; x_wconf 86' lang='lat' dir='ltr'><strong>solemnitatem</strong></span> <span class='ocrx_word' id='word_1_431' title='bbox 3646 3039 3664 3066; x_wconf 92' lang='lat'><strong>,</strong></span> 
     </span>
    </p>
   </div>
   <div class='ocr_carea' id='block_1_60' title="bbox 2094 3088 3666 3160">
    <p class='ocr_par' dir='ltr' id='par_1_60' title="bbox 2094 3088 3666 3160">
     <span class='ocr_line' id='line_1_60' title="bbox 2094 3088 3666 3160; baseline 0.003 -18"><span class='ocrx_word' id='word_1_432' title='bbox 2094 3088 2463 3158; x_wconf 69' lang='lat' dir='ltr'><strong>repraesentati</strong></span> <span class='ocrx_word' id='word_1_433' title='bbox 2495 3097 2620 3143; x_wconf 90' lang='lat' dir='ltr'><strong>sunt</strong></span> <span class='ocrx_word' id='word_1_434' title='bbox 2648 3089 2745 3142; x_wconf 86' lang='lat' dir='ltr'><strong>sub</strong></span> <span class='ocrx_word' id='word_1_435' title='bbox 2774 3089 3076 3143; x_wconf 87' lang='lat' dir='ltr'><strong>conditione</strong></span> <span class='ocrx_word' id='word_1_436' title='bbox 3105 3089 3383 3146; x_wconf 82' lang='lat' dir='ltr'><strong>audientiae</strong></span> <span class='ocrx_word' id='word_1_437' title='bbox 3422 3091 3472 3144; x_wconf 93' lang='lat' dir='ltr'><strong>in</strong></span> <span class='ocrx_word' id='word_1_438' title='bbox 3521 3101 3666 3160; x_wconf 70' lang='lat' dir='ltr'><strong>posto</strong></span> 
     </span>
    </p>
   </div>
   <div class='ocr_carea' id='block_1_61' title="bbox 2097 3183 3676 3260">
    <p class='ocr_par' dir='ltr' id='par_1_61' title="bbox 2097 3183 3676 3260">
     <span class='ocr_line' id='line_1_61' title="bbox 2097 3183 3676 3260; baseline 0.005 -23"><span class='ocrx_word' id='word_1_439' title='bbox 2097 3183 2314 3238; x_wconf 90' lang='lat' dir='ltr'><strong>modum</strong></span> <span class='ocrx_word' id='word_1_440' title='bbox 2344 3183 2558 3240; x_wconf 68' lang='lat' dir='ltr'><strong>futuras.</strong></span> <span class='ocrx_word' id='word_1_441' title='bbox 2585 3185 2774 3240; x_wconf 87' lang='lat' dir='ltr'><strong>Postea</strong></span> <span class='ocrx_word' id='word_1_442' title='bbox 2806 3201 2933 3240; x_wconf 88' lang='lat' dir='ltr'><strong>vero</strong></span> <span class='ocrx_word' id='word_1_443' title='bbox 2961 3195 3189 3255; x_wconf 87' lang='lat' dir='ltr'><strong>quatuor</strong></span> <span class='ocrx_word' id='word_1_444' title='bbox 3215 3190 3523 3244; x_wconf 86' lang='lat' dir='ltr'><strong>convocatis</strong></span> <span class='ocrx_word' id='word_1_445' title='bbox 3549 3191 3676 3260; x_wconf 68' lang='lat' dir='ltr'><strong>epi-</strong></span> 
     </span>
    </p>
   </div>
   <div class='ocr_carea' id='block_1_62' title="bbox 418 3258 3672 3345">
    <p class='ocr_par' dir='ltr' id='par_1_62' title="bbox 418 3258 3672 3345">
     <span class='ocr_line' id='line_1_62' title="bbox 418 3258 3672 3345; baseline 0.003 -20"><span class='ocrx_word' id='word_1_446' title='bbox 418 3272 528 3327; x_wconf 86' lang='lat' dir='ltr'><strong>Deo</strong></span> <span class='ocrx_word' id='word_1_447' title='bbox 571 3285 692 3326; x_wconf 88' lang='lat' dir='ltr'><strong>aras</strong></span> <span class='ocrx_word' id='word_1_448' title='bbox 734 3272 1134 3338; x_wconf 85' lang='lat' dir='ltr'><strong>interitnentes,</strong></span> <span class='ocrx_word' id='word_1_449' title='bbox 1161 3286 1330 3342; x_wconf 86' lang='lat' dir='ltr'><strong>usque</strong></span> <span class='ocrx_word' id='word_1_450' title='bbox 1355 3271 1422 3326; x_wconf 90' lang='lat' dir='ltr'><strong>ad</strong></span> <span class='ocrx_word' id='word_1_451' title='bbox 1454 3271 1638 3326; x_wconf 86' lang='lat' dir='ltr'><strong>urbem</strong></span> <span class='ocrx_word' id='word_1_452' title='bbox 1669 3271 1988 3327; x_wconf 85' lang='lat' dir='ltr'><strong>Nemausum</strong></span> <span class='ocrx_word' id='word_1_453' title='bbox 2019 3258 2066 3323; x_wconf 85' lang='lat' dir='ltr'><strong>C</strong></span> <span class='ocrx_word' id='word_1_454' title='bbox 2095 3273 2272 3340; x_wconf 83' lang='lat' dir='ltr'><strong>scopis</strong></span> <span class='ocrx_word' id='word_1_455' title='bbox 2303 3283 2353 3338; x_wconf 73' lang='grc' dir='ltr'><strong>ε,</strong></span> <span class='ocrx_word' id='word_1_456' title='bbox 2381 3289 2587 3329; x_wconf 87' lang='lat' dir='ltr'><strong>necnon</strong></span> <span class='ocrx_word' id='word_1_457' title='bbox 2627 3285 2682 3330; x_wconf 91' lang='lat' dir='ltr'><strong>et</strong></span> <span class='ocrx_word' id='word_1_458' title='bbox 2720 3274 3008 3345; x_wconf 81' lang='lat' dir='ltr'><strong>majoribus</strong></span> <span class='ocrx_word' id='word_1_459' title='bbox 3036 3288 3159 3331; x_wconf 90' lang='lat' dir='ltr'><strong>natu</strong></span> <span class='ocrx_word' id='word_1_460' title='bbox 3192 3279 3474 3345; x_wconf 87' lang='lat' dir='ltr'><strong>laicorum,</strong></span> <span class='ocrx_word' id='word_1_461' title='bbox 3507 3258 3672 3337; x_wconf 81' lang='lat' dir='ltr'><strong>duces</strong></span> 
     </span>
    </p>
   </div>
   <div class='ocr_carea' id='block_1_63' title="bbox 419 3363 1994 3432">
    <p class='ocr_par' dir='ltr' id='par_1_63' title="bbox 419 3363 1994 3432">
     <span class='ocr_line' id='line_1_63' title="bbox 419 3363 1994 3432; baseline 0.001 -16"><span class='ocrx_word' id='word_1_462' title='bbox 419 3373 812 3432; x_wconf 86' lang='lat' dir='ltr'><strong>processerunt.</strong></span> <span class='ocrx_word' id='word_1_463' title='bbox 855 3363 1113 3420; x_wconf 87' lang='lat' dir='ltr'><strong>Similiter</strong></span> <span class='ocrx_word' id='word_1_464' title='bbox 1159 3373 1212 3419; x_wconf 88' lang='lat' dir='ltr'><strong>et</strong></span> <span class='ocrx_word' id='word_1_465' title='bbox 1261 3363 1514 3430; x_wconf 89' lang='lat' dir='ltr'><strong>Biturici,</strong></span> <span class='ocrx_word' id='word_1_466' title='bbox 1548 3363 1823 3418; x_wconf 87' lang='lat' dir='ltr'><strong>Santonici</strong></span> <span class='ocrx_word' id='word_1_467' title='bbox 1874 3377 1994 3418; x_wconf 84' lang='lat' dir='ltr'><strong>cum</strong></span> 
     </span>
    </p>
   </div>
   <div class='ocr_carea' id='block_1_64' title="bbox 426 3455 1995 3528">
    <p class='ocr_par' dir='ltr' id='par_1_64' title="bbox 426 3455 1995 3528">
     <span class='ocr_line' id='line_1_64' title="bbox 426 3455 1995 3528; baseline -0.002 -15"><span class='ocrx_word' id='word_1_468' title='bbox 426 3458 807 3528; x_wconf 84' lang='lat' dir='ltr'><strong>Petragoricis,</strong></span> <span class='ocrx_word' id='word_1_469' title='bbox 833 3456 1286 3527; x_wconf 74' lang='lat' dir='ltr'><strong>Egolismensibus</strong></span> <span class='ocrx_word' id='word_1_470' title='bbox 1306 3501 1321 3525; x_wconf 95' lang='lat'><strong>,</strong></span> <span class='ocrx_word' id='word_1_471' title='bbox 1349 3466 1404 3511; x_wconf 93' lang='lat' dir='ltr'><strong>et</strong></span> <span class='ocrx_word' id='word_1_472' title='bbox 1429 3456 1754 3525; x_wconf 86' lang='lat' dir='ltr'><strong>reliquarum</strong></span> <span class='ocrx_word' id='word_1_473' title='bbox 1785 3455 1995 3512; x_wconf 85' lang='lat' dir='ltr'><strong>urbium</strong></span> 
     </span>
    </p>
   </div>
   <div class='ocr_carea' id='block_1_65' title="bbox 425 3550 1997 3622">
    <p class='ocr_par' dir='ltr' id='par_1_65' title="bbox 425 3550 1997 3622">
     <span class='ocr_line' id='line_1_65' title="bbox 425 3550 1997 3622; baseline -0.001 -16"><span class='ocrx_word' id='word_1_474' title='bbox 425 3552 639 3620; x_wconf 89' lang='lat' dir='ltr'><strong>populo,</strong></span> <span class='ocrx_word' id='word_1_475' title='bbox 659 3553 749 3622; x_wconf 84' lang='lat' dir='ltr'><strong>qui</strong></span> <span class='ocrx_word' id='word_1_476' title='bbox 777 3559 900 3605; x_wconf 90' lang='lat' dir='ltr'><strong>tunc</strong></span> <span class='ocrx_word' id='word_1_477' title='bbox 921 3550 988 3605; x_wconf 89' lang='lat' dir='ltr'><strong>ad</strong></span> <span class='ocrx_word' id='word_1_478' title='bbox 1014 3551 1265 3606; x_wconf 86' lang='lat' dir='ltr'><strong>antedicti</strong></span> <span class='ocrx_word' id='word_1_479' title='bbox 1296 3551 1436 3620; x_wconf 86' lang='lat' dir='ltr'><strong>regis</strong></span> <span class='ocrx_word' id='word_1_480' title='bbox 1457 3550 1739 3618; x_wconf 87' lang='lat' dir='ltr'><strong>imperium</strong></span> <span class='ocrx_word' id='word_1_481' title='bbox 1762 3551 1997 3620; x_wconf 84' lang='lat' dir='ltr'><strong>pertine-</strong></span> 
     </span>
    </p>
   </div>
   <div class='ocr_carea' id='block_1_66' title="bbox 430 3640 1993 3710">
    <p class='ocr_par' dir='ltr' id='par_1_66' title="bbox 430 3640 1993 3710">
     <span class='ocr_line' id='line_1_66' title="bbox 430 3640 1993 3710; baseline 0.001 -15"><span class='ocrx_word' id='word_1_482' title='bbox 430 3641 585 3706; x_wconf 85' lang='lat' dir='ltr'><strong>bant,</strong></span> <span class='ocrx_word' id='word_1_483' title='bbox 615 3655 785 3710; x_wconf 84' lang='lat' dir='ltr'><strong>usque</strong></span> <span class='ocrx_word' id='word_1_484' title='bbox 813 3640 879 3694; x_wconf 87' lang='lat' dir='ltr'><strong>ad</strong></span> <span class='ocrx_word' id='word_1_485' title='bbox 906 3641 1288 3700; x_wconf 84' lang='lat' dir='ltr'><strong>Carcassonam</strong></span> <span class='ocrx_word' id='word_1_486' title='bbox 1321 3642 1504 3696; x_wconf 89' lang='lat' dir='ltr'><strong>urbem</strong></span> <span class='ocrx_word' id='word_1_487' title='bbox 1535 3641 1775 3708; x_wconf 88' lang='lat' dir='ltr'><strong>devecti,</strong></span> <span class='ocrx_word' id='word_1_488' title='bbox 1800 3641 1993 3696; x_wconf 87' lang='lat' dir='ltr'><strong>similia</strong></span> 
     </span>
    </p>
   </div>
   <div class='ocr_carea' id='block_1_67' title="bbox 429 3731 1996 3801">
    <p class='ocr_par' dir='ltr' id='par_1_67' title="bbox 429 3731 1996 3801">
     <span class='ocr_line' id='line_1_67' title="bbox 429 3731 1996 3801; baseline 0.002 -16"><span class='ocrx_word' id='word_1_489' title='bbox 429 3732 566 3785; x_wconf 87' lang='lat' dir='ltr'><strong>mala</strong></span> <span class='ocrx_word' id='word_1_490' title='bbox 593 3743 893 3801; x_wconf 88' lang='lat' dir='ltr'><strong>gesserunt.</strong></span> <span class='ocrx_word' id='word_1_491' title='bbox 920 3732 1172 3786; x_wconf 87' lang='lat' dir='ltr'><strong>Sed.cnm</strong></span> <span class='ocrx_word' id='word_1_492' title='bbox 1205 3732 1270 3786; x_wconf 92' lang='lat' dir='ltr'><strong>ad</strong></span> <span class='ocrx_word' id='word_1_493' title='bbox 1297 3731 1483 3787; x_wconf 89' lang='lat' dir='ltr'><strong>urbem</strong></span> <span class='ocrx_word' id='word_1_494' title='bbox 1513 3732 1886 3799; x_wconf 87' lang='lat' dir='ltr'><strong>accessissent,</strong></span> <span class='ocrx_word' id='word_1_495' title='bbox 1913 3749 1996 3788; x_wconf 89' lang='lat' dir='ltr'><strong>re-</strong></span> 
     </span>
    </p>
   </div>
   <div class='ocr_carea' id='block_1_68' title="bbox 425 3822 1996 3892">
    <p class='ocr_par' dir='ltr' id='par_1_68' title="bbox 425 3822 1996 3892">
     <span class='ocr_line' id='line_1_68' title="bbox 425 3822 1996 3892; baseline 0.002 -14"><span class='ocrx_word' id='word_1_496' title='bbox 425 3823 622 3878; x_wconf 86' lang='lat' dir='ltr'><strong>seratis</strong></span> <span class='ocrx_word' id='word_1_497' title='bbox 637 3832 827 3890; x_wconf 88' lang='lat' dir='ltr'><strong>sponte</strong></span> <span class='ocrx_word' id='word_1_498' title='bbox 846 3822 1310 3877; x_wconf 74' lang='lat' dir='ltr'><strong>ab‘habitatoribus</strong></span> <span class='ocrx_word' id='word_1_499' title='bbox 1334 3822 1520 3892; x_wconf 84' lang='lat' dir='ltr'><strong>portis,</strong></span> <span class='ocrx_word' id='word_1_500' title='bbox 1547 3824 1690 3877; x_wconf 92' lang='lat' dir='ltr'><strong>nullo</strong></span> <span class='ocrx_word' id='word_1_501' title='bbox 1712 3823 1996 3881; x_wconf 86' lang='lat' dir='ltr'><strong>resistente</strong></span> 
     </span>
    </p>
   </div>
   <div class='ocr_carea' id='block_1_69' title="bbox 428 3913 1997 3983">
    <p class='ocr_par' dir='ltr' id='par_1_69' title="bbox 428 3913 1997 3983">
     <span class='ocr_line' id='line_1_69' title="bbox 428 3913 1997 3983; baseline 0.004 -16"><span class='ocrx_word' id='word_1_502' title='bbox 428 3914 650 3982; x_wconf 88' lang='lat' dir='ltr'><strong>ingressi</strong></span> <span class='ocrx_word' id='word_1_503' title='bbox 668 3955 682 3976; x_wconf 88' lang='lat'><strong>,</strong></span> <span class='ocrx_word' id='word_1_504' title='bbox 711 3913 895 3968; x_wconf 75' lang='lat' dir='ltr'><strong>nescio</strong></span> <span class='ocrx_word' id='word_1_505' title='bbox 922 3929 1030 3983; x_wconf 92' lang='lat' dir='ltr'><strong>quo</strong></span> <span class='ocrx_word' id='word_1_506' title='bbox 1056 3929 1176 3967; x_wconf 90' lang='lat' dir='ltr'><strong>cum</strong></span> <span class='ocrx_word' id='word_1_507' title='bbox 1205 3914 1718 3970; x_wconf 82' lang='lat' dir='ltr'><strong>Carcassonensibus</strong></span> <span class='ocrx_word' id='word_1_508' title='bbox 1746 3916 1997 3975; x_wconf 85' lang='lat' dir='ltr'><strong>seandalo</strong></span> 
     </span>
    </p>
   </div>
   <div class='ocr_carea' id='block_1_70' title="bbox 422 4005 1997 4076">
    <p class='ocr_par' dir='ltr' id='par_1_70' title="bbox 422 4005 1997 4076">
     <span class='ocr_line' id='line_1_70' title="bbox 422 4005 1997 4076; baseline 0.003 -16"><span class='ocrx_word' id='word_1_509' title='bbox 422 4007 709 4072; x_wconf 89' lang='lat' dir='ltr'><strong>commoti,</strong></span> <span class='ocrx_word' id='word_1_510' title='bbox 735 4005 918 4062; x_wconf 88' lang='lat' dir='ltr'><strong>urbem</strong></span> <span class='ocrx_word' id='word_1_511' title='bbox 949 4007 1148 4076; x_wconf 87' lang='lat' dir='ltr'><strong>egressi</strong></span> <span class='ocrx_word' id='word_1_512' title='bbox 1178 4015 1320 4062; x_wconf 91' lang='lat' dir='ltr'><strong>sunt.</strong></span> <span class='ocrx_word' id='word_1_513' title='bbox 1351 4007 1499 4062; x_wconf 90' lang='lat' dir='ltr'><strong>Tunc</strong></span> <span class='ocrx_word' id='word_1_514' title='bbox 1526 4006 1886 4076; x_wconf 83' lang='lat' dir='ltr'><strong>Terentiolus,</strong></span> <span class='ocrx_word' id='word_1_515' title='bbox 1908 4026 1997 4064; x_wconf 81' lang='lat' dir='ltr'><strong>co-</strong></span> 
     </span>
    </p>
   </div>
   <div class='ocr_carea' id='block_1_71' title="bbox 423 4098 1995 4172">
    <p class='ocr_par' dir='ltr' id='par_1_71' title="bbox 423 4098 1995 4172">
     <span class='ocr_line' id='line_1_71' title="bbox 423 4098 1995 4172; baseline 0.003 -18"><span class='ocrx_word' id='word_1_516' title='bbox 423 4113 536 4154; x_wconf 88' lang='lat' dir='ltr'><strong>mes</strong></span> <span class='ocrx_word' id='word_1_517' title='bbox 556 4099 820 4169; x_wconf 89' lang='lat' dir='ltr'><strong>quondam</strong></span> <span class='ocrx_word' id='word_1_518' title='bbox 850 4099 996 4154; x_wconf 86' lang='lat' dir='ltr'><strong>urbis</strong></span> <span class='ocrx_word' id='word_1_519' title='bbox 1019 4098 1388 4166; x_wconf 56' lang='lat' dir='ltr'><strong>Lemovicina&#39;,</strong></span> <span class='ocrx_word' id='word_1_520' title='bbox 1407 4101 1582 4170; x_wconf 87' lang='lat' dir='ltr'><strong>lapide</strong></span> <span class='ocrx_word' id='word_1_521' title='bbox 1602 4101 1670 4156; x_wconf 90' lang='lat' dir='ltr'><strong>de</strong></span> <span class='ocrx_word' id='word_1_522' title='bbox 1696 4117 1847 4157; x_wconf 90' lang='lat' dir='ltr'><strong>muro</strong></span> <span class='ocrx_word' id='word_1_523' title='bbox 1873 4118 1995 4172; x_wconf 88' lang='lat' dir='ltr'><strong>pro-</strong></span> 
     </span>
    </p>
   </div>
   <div class='ocr_carea' id='block_1_72' title="bbox 420 4191 1996 4263">
    <p class='ocr_par' dir='ltr' id='par_1_72' title="bbox 420 4191 1996 4263">
     <span class='ocr_line' id='line_1_72' title="bbox 420 4191 1996 4263; baseline 0.003 -18"><span class='ocrx_word' id='word_1_524' title='bbox 420 4193 563 4259; x_wconf 84' lang='lat' dir='ltr'><strong>jecto</strong></span> <span class='ocrx_word' id='word_1_525' title='bbox 589 4205 892 4260; x_wconf 88' lang='lat' dir='ltr'><strong>percussus,</strong></span> <span class='ocrx_word' id='word_1_526' title='bbox 913 4191 1163 4248; x_wconf 83' lang='lat' dir='ltr'><strong>occubuit</strong></span> <span class='ocrx_word' id='word_1_527' title='bbox 1186 4209 1200 4246; x_wconf 91' lang='lat'><strong>:</strong></span> <span class='ocrx_word' id='word_1_528' title='bbox 1223 4193 1376 4260; x_wconf 89' lang='lat' dir='ltr'><strong>cujus</strong></span> <span class='ocrx_word' id='word_1_529' title='bbox 1404 4203 1563 4263; x_wconf 89' lang='lat' dir='ltr'><strong>caput</strong></span> <span class='ocrx_word' id='word_1_530' title='bbox 1592 4201 1892 4249; x_wconf 80' lang='lat' dir='ltr'><strong>truncatum</strong></span> <span class='ocrx_word' id='word_1_531' title='bbox 1913 4203 1996 4250; x_wconf 90' lang='lat' dir='ltr'><strong>est</strong></span> 
     </span>
    </p>
   </div>
   <div class='ocr_carea' id='block_1_73' title="bbox 422 4280 1992 4352">
    <p class='ocr_par' dir='ltr' id='par_1_73' title="bbox 422 4280 1992 4352">
     <span class='ocr_line' id='line_1_73' title="bbox 422 4280 1992 4352; baseline 0.004 -16"><span class='ocrx_word' id='word_1_532' title='bbox 422 4283 488 4338; x_wconf 91' lang='lat' dir='ltr'><strong>ad</strong></span> <span class='ocrx_word' id='word_1_533' title='bbox 519 4280 802 4339; x_wconf 79' lang='lat' dir='ltr'><strong>vindictam</strong></span> <span class='ocrx_word' id='word_1_534' title='bbox 832 4283 1279 4352; x_wconf 86' lang='lat' dir='ltr'><strong>adversariorum,</strong></span> <span class='ocrx_word' id='word_1_535' title='bbox 1298 4293 1352 4340; x_wconf 90' lang='lat' dir='ltr'><strong>et</strong></span> <span class='ocrx_word' id='word_1_536' title='bbox 1381 4285 1496 4341; x_wconf 92' lang='lat' dir='ltr'><strong>urbi</strong></span> <span class='ocrx_word' id='word_1_537' title='bbox 1527 4285 1760 4341; x_wconf 89' lang='lat' dir='ltr'><strong>delatum</strong></span> <span class='ocrx_word' id='word_1_538' title='bbox 1790 4296 1892 4344; x_wconf 86' lang='lat' dir='ltr'><strong>est.</strong></span> <span class='ocrx_word' id='word_1_539' title='bbox 1919 4289 1992 4343; x_wconf 82' lang='lat' dir='ltr'><strong>Ex</strong></span> 
     </span>
    </p>
   </div>
   <div class='ocr_carea' id='block_1_74' title="bbox 425 4375 1997 4447">
    <p class='ocr_par' dir='ltr' id='par_1_74' title="bbox 425 4375 1997 4447">
     <span class='ocr_line' id='line_1_74' title="bbox 425 4375 1997 4447; baseline 0.004 -19"><span class='ocrx_word' id='word_1_540' title='bbox 425 4375 525 4428; x_wconf 88' lang='lat' dir='ltr'><strong>hoc</strong></span> <span class='ocrx_word' id='word_1_541' title='bbox 554 4375 728 4430; x_wconf 90' lang='lat' dir='ltr'><strong>omnis</strong></span> <span class='ocrx_word' id='word_1_542' title='bbox 755 4375 979 4443; x_wconf 89' lang='lat' dir='ltr'><strong>populus</strong></span> <span class='ocrx_word' id='word_1_543' title='bbox 1009 4376 1199 4434; x_wconf 89' lang='lat' dir='ltr'><strong>timore</strong></span> <span class='ocrx_word' id='word_1_544' title='bbox 1233 4377 1561 4444; x_wconf 87' lang='lat' dir='ltr'><strong>perterritus,</strong></span> <span class='ocrx_word' id='word_1_545' title='bbox 1584 4377 1648 4430; x_wconf 90' lang='lat' dir='ltr'><strong>ad</strong></span> <span class='ocrx_word' id='word_1_546' title='bbox 1672 4380 1880 4447; x_wconf 88' lang='lat' dir='ltr'><strong>propria</strong></span> <span class='ocrx_word' id='word_1_547' title='bbox 1911 4395 1997 4434; x_wconf 88' lang='lat' dir='ltr'><strong>re-</strong></span> 
     </span>
    </p>
   </div>
   <div class='ocr_carea' id='block_1_75' title="bbox 421 4466 1992 4538">
    <p class='ocr_par' dir='ltr' id='par_1_75' title="bbox 421 4466 1992 4538">
     <span class='ocr_line' id='line_1_75' title="bbox 421 4466 1992 4538; baseline 0.005 -20"><span class='ocrx_word' id='word_1_548' title='bbox 421 4466 573 4536; x_wconf 79' lang='lat' dir='ltr'><strong>gredi</strong></span> <span class='ocrx_word' id='word_1_549' title='bbox 602 4467 877 4522; x_wconf 86' lang='lat' dir='ltr'><strong>destinans</strong></span> <span class='ocrx_word' id='word_1_550' title='bbox 895 4506 910 4530; x_wconf 90' lang='lat'><strong>,</strong></span> <span class='ocrx_word' id='word_1_551' title='bbox 933 4467 1177 4522; x_wconf 85' lang='lat' dir='ltr'><strong>universa</strong></span> <span class='ocrx_word' id='word_1_552' title='bbox 1208 4467 1448 4536; x_wconf 89' lang='lat' dir='ltr'><strong>reliquit,</strong></span> <span class='ocrx_word' id='word_1_553' title='bbox 1473 4485 1591 4536; x_wconf 72' lang='lat' dir='ltr'><strong>qua!</strong></span> <span class='ocrx_word' id='word_1_554' title='bbox 1617 4472 1694 4525; x_wconf 90' lang='lat' dir='ltr'><strong>vel</strong></span> <span class='ocrx_word' id='word_1_555' title='bbox 1729 4486 1821 4538; x_wconf 90' lang='lat' dir='ltr'><strong>per</strong></span> <span class='ocrx_word' id='word_1_556' title='bbox 1851 4472 1992 4526; x_wconf 90' lang='lat' dir='ltr'><strong>viam</strong></span> 
     </span>
    </p>
   </div>
   <div class='ocr_carea' id='block_1_76' title="bbox 421 4555 1994 4628">
    <p class='ocr_par' dir='ltr' id='par_1_76' title="bbox 421 4555 1994 4628">
     <span class='ocr_line' id='line_1_76' title="bbox 421 4555 1994 4628; baseline 0.003 -18"><span class='ocrx_word' id='word_1_557' title='bbox 421 4563 657 4624; x_wconf 85' lang='lat' dir='ltr'><strong>ceperat,</strong></span> <span class='ocrx_word' id='word_1_558' title='bbox 676 4555 757 4608; x_wconf 85' lang='lat' dir='ltr'><strong>vel</strong></span> <span class='ocrx_word' id='word_1_559' title='bbox 781 4570 900 4623; x_wconf 63' lang='lat' dir='ltr'><strong>quae</strong></span> <span class='ocrx_word' id='word_1_560' title='bbox 926 4569 1107 4610; x_wconf 90' lang='lat' dir='ltr'><strong>secum</strong></span> <span class='ocrx_word' id='word_1_561' title='bbox 1141 4558 1450 4612; x_wconf 83' lang='lat' dir='ltr'><strong>adduxerat.</strong></span> <span class='ocrx_word' id='word_1_562' title='bbox 1473 4557 1579 4612; x_wconf 90' lang='lat' dir='ltr'><strong>Sed</strong></span> <span class='ocrx_word' id='word_1_563' title='bbox 1609 4568 1661 4613; x_wconf 89' lang='lat' dir='ltr'><strong>et</strong></span> <span class='ocrx_word' id='word_1_564' title='bbox 1691 4559 1870 4614; x_wconf 87' lang='lat' dir='ltr'><strong>Gotthi</strong></span> <span class='ocrx_word' id='word_1_565' title='bbox 1902 4575 1994 4628; x_wconf 90' lang='lat' dir='ltr'><strong>per</strong></span> 
     </span>
    </p>
   </div>
   <div class='ocr_carea' id='block_1_77' title="bbox 2098 3361 3670 3441">
    <p class='ocr_par' dir='ltr' id='par_1_77' title="bbox 2098 3361 3670 3441">
     <span class='ocr_line' id='line_1_77' title="bbox 2098 3361 3670 3441; baseline 0.009 -26"><span class='ocrx_word' id='word_1_566' title='bbox 2098 3361 2368 3418; x_wconf 85' lang='lat' dir='ltr'><strong>discutere</strong></span> <span class='ocrx_word' id='word_1_567' title='bbox 2395 3364 2592 3434; x_wconf 70' lang='lat' dir='ltr'><strong>coepit,</strong></span> <span class='ocrx_word' id='word_1_568' title='bbox 2619 3364 2802 3420; x_wconf 89' lang='lat' dir='ltr'><strong>dicens</strong></span> <span class='ocrx_word' id='word_1_569' title='bbox 2839 3383 2851 3420; x_wconf 89' lang='lat'><strong>:</strong></span> <span class='ocrx_word' id='word_1_570' title='bbox 2883 3367 3123 3434; x_wconf 82' lang='lat' dir='ltr'><strong>Qualiter</strong></span> <span class='ocrx_word' id='word_1_571' title='bbox 3150 3385 3248 3424; x_wconf 90' lang='lat' dir='ltr'><strong>nos</strong></span> <span class='ocrx_word' id='word_1_572' title='bbox 3287 3370 3387 3426; x_wconf 90' lang='lat' dir='ltr'><strong>hoc</strong></span> <span class='ocrx_word' id='word_1_573' title='bbox 3428 3381 3670 3441; x_wconf 84' lang='lat' dir='ltr'><strong>tempore</strong></span> 
     </span>
    </p>
   </div>
   <div class='ocr_carea' id='block_1_78' title="bbox 2097 3451 3670 3530">
    <p class='ocr_par' dir='ltr' id='par_1_78' title="bbox 2097 3451 3670 3530">
     <span class='ocr_line' id='line_1_78' title="bbox 2097 3451 3670 3530; baseline 0.007 -24"><span class='ocrx_word' id='word_1_574' title='bbox 2097 3451 2376 3508; x_wconf 86' lang='lat' dir='ltr'><strong>victoriam</strong></span> <span class='ocrx_word' id='word_1_575' title='bbox 2407 3455 2652 3511; x_wconf 89' lang='lat' dir='ltr'><strong>obtinere</strong></span> <span class='ocrx_word' id='word_1_576' title='bbox 2682 3471 2982 3526; x_wconf 89' lang='lat' dir='ltr'><strong>possumus,</strong></span> <span class='ocrx_word' id='word_1_577' title='bbox 3012 3458 3102 3526; x_wconf 91' lang='lat' dir='ltr'><strong>qui</strong></span> <span class='ocrx_word' id='word_1_578' title='bbox 3129 3475 3190 3514; x_wconf 89' lang='lat' dir='ltr'><strong>ea</strong></span> <span class='ocrx_word' id='word_1_579' title='bbox 3221 3475 3338 3529; x_wconf 63' lang='lat' dir='ltr'><strong>quas</strong></span> <span class='ocrx_word' id='word_1_580' title='bbox 3366 3472 3542 3530; x_wconf 88' lang='lat' dir='ltr'><strong>patres</strong></span> <span class='ocrx_word' id='word_1_581' title='bbox 3573 3478 3670 3517; x_wconf 81' lang='lat' dir='ltr'><strong>no-</strong></span> 
     </span>
    </p>
   </div>
   <div class='ocr_carea' id='block_1_79' title="bbox 2095 3545 3670 3624">
    <p class='ocr_par' dir='ltr' id='par_1_79' title="bbox 2095 3545 3670 3624">
     <span class='ocr_line' id='line_1_79' title="bbox 2095 3545 3670 3624; baseline 0.005 -24"><span class='ocrx_word' id='word_1_582' title='bbox 2095 3545 2190 3600; x_wconf 85' lang='lat' dir='ltr'><strong>stri</strong></span> <span class='ocrx_word' id='word_1_583' title='bbox 2217 3546 2489 3602; x_wconf 88' lang='lat' dir='ltr'><strong>consecuti</strong></span> <span class='ocrx_word' id='word_1_584' title='bbox 2519 3555 2660 3612; x_wconf 89' lang='lat' dir='ltr'><strong>sunt,</strong></span> <span class='ocrx_word' id='word_1_585' title='bbox 2691 3562 2793 3601; x_wconf 92' lang='lat' dir='ltr'><strong>non</strong></span> <span class='ocrx_word' id='word_1_586' title='bbox 2823 3549 3186 3605; x_wconf 85' lang='lat' dir='ltr'><strong>custodimus?</strong></span> <span class='ocrx_word' id='word_1_587' title='bbox 3239 3551 3404 3624; x_wconf 69' lang='grc'><strong>401</strong></span> <span class='ocrx_word' id='word_1_588' title='bbox 3439 3554 3513 3608; x_wconf 91' lang='lat' dir='ltr'><strong>Illi</strong></span> <span class='ocrx_word' id='word_1_589' title='bbox 3542 3571 3670 3610; x_wconf 86' lang='lat' dir='ltr'><strong>vero</strong></span> 
     </span>
    </p>
   </div>
   <div class='ocr_carea' id='block_1_80' title="bbox 2095 3636 3674 3714">
    <p class='ocr_par' dir='ltr' id='par_1_80' title="bbox 2095 3636 3674 3714">
     <span class='ocr_line' id='line_1_80' title="bbox 2095 3636 3674 3714; baseline 0.008 -25"><span class='ocrx_word' id='word_1_590' title='bbox 2095 3636 2352 3693; x_wconf 79' lang='lat' dir='ltr'><strong>ecclesias</strong></span> <span class='ocrx_word' id='word_1_591' title='bbox 2377 3638 2731 3706; x_wconf 68' lang='lat' dir='ltr'><strong>aediﬁcantes,</strong></span> <span class='ocrx_word' id='word_1_592' title='bbox 2763 3641 2814 3694; x_wconf 91' lang='lat' dir='ltr'><strong>in</strong></span> <span class='ocrx_word' id='word_1_593' title='bbox 2847 3640 3010 3696; x_wconf 90' lang='lat' dir='ltr'><strong>Deum</strong></span> <span class='ocrx_word' id='word_1_594' title='bbox 3041 3658 3190 3711; x_wconf 90' lang='lat' dir='ltr'><strong>spem</strong></span> <span class='ocrx_word' id='word_1_595' title='bbox 3221 3660 3433 3699; x_wconf 86' lang='lat' dir='ltr'><strong>omnem</strong></span> <span class='ocrx_word' id='word_1_596' title='bbox 3468 3661 3674 3714; x_wconf 78' lang='lat' dir='ltr'><strong>ponen-</strong></span> 
     </span>
    </p>
   </div>
   <div class='ocr_carea' id='block_1_81' title="bbox 2098 3730 3678 3807">
    <p class='ocr_par' dir='ltr' id='par_1_81' title="bbox 2098 3730 3678 3807">
     <span class='ocr_line' id='line_1_81' title="bbox 2098 3730 3678 3807; baseline 0.008 -26"><span class='ocrx_word' id='word_1_597' title='bbox 2098 3735 2200 3792; x_wconf 89' lang='lat' dir='ltr'><strong>tes,</strong></span> <span class='ocrx_word' id='word_1_598' title='bbox 2253 3737 2518 3799; x_wconf 83' lang='lat' dir='ltr'><strong>martyres</strong></span> <span class='ocrx_word' id='word_1_599' title='bbox 2565 3730 2923 3796; x_wconf 85' lang='lat' dir='ltr'><strong>bonorantes,</strong></span> <span class='ocrx_word' id='word_1_600' title='bbox 2965 3735 3271 3789; x_wconf 88' lang='lat' dir='ltr'><strong>sacerdotes</strong></span> <span class='ocrx_word' id='word_1_601' title='bbox 3318 3750 3678 3807; x_wconf 87' lang='lat' dir='ltr'><strong>venerantes,</strong></span> 
     </span>
    </p>
   </div>
   <div class='ocr_carea' id='block_1_82' title="bbox 2097 3820 3675 3896">
    <p class='ocr_par' dir='ltr' id='par_1_82' title="bbox 2097 3820 3675 3896">
     <span class='ocr_line' id='line_1_82' title="bbox 2097 3820 3675 3896; baseline 0.009 -22"><span class='ocrx_word' id='word_1_602' title='bbox 2097 3820 2349 3875; x_wconf 85' lang='lat' dir='ltr'><strong>victorias</strong></span> <span class='ocrx_word' id='word_1_603' title='bbox 2396 3821 2771 3890; x_wconf 88' lang='lat' dir='ltr'><strong>obtinuerunt,</strong></span> <span class='ocrx_word' id='word_1_604' title='bbox 2820 3835 3112 3895; x_wconf 81' lang='lat' dir='ltr'><strong>gentesque</strong></span> <span class='ocrx_word' id='word_1_605' title='bbox 3158 3828 3444 3896; x_wconf 85' lang='lat' dir='ltr'><strong>adversas,</strong></span> <span class='ocrx_word' id='word_1_606' title='bbox 3489 3831 3675 3888; x_wconf 85' lang='lat' dir='ltr'><strong>divino</strong></span> 
     </span>
    </p>
   </div>
   <div class='ocr_carea' id='block_1_83' title="bbox 2093 3912 3676 3990">
    <p class='ocr_par' dir='ltr' id='par_1_83' title="bbox 2093 3912 3676 3990">
     <span class='ocr_line' id='line_1_83' title="bbox 2093 3912 3676 3990; baseline 0.008 -24"><span class='ocrx_word' id='word_1_607' title='bbox 2093 3912 2393 3979; x_wconf 78' lang='lat' dir='ltr'><strong>Opitulante</strong></span> <span class='ocrx_word' id='word_1_608' title='bbox 2417 3914 2708 3982; x_wconf 85' lang='lat' dir='ltr'><strong>adjutorio,</strong></span> <span class='ocrx_word' id='word_1_609' title='bbox 2736 3917 2786 3969; x_wconf 93' lang='lat' dir='ltr'><strong>in</strong></span> <span class='ocrx_word' id='word_1_610' title='bbox 2816 3931 2945 3972; x_wconf 88' lang='lat' dir='ltr'><strong>ense</strong></span> <span class='ocrx_word' id='word_1_611' title='bbox 2973 3927 3027 3972; x_wconf 87' lang='lat' dir='ltr'><strong>et</strong></span> <span class='ocrx_word' id='word_1_612' title='bbox 3057 3933 3236 3987; x_wconf 86' lang='lat' dir='ltr'><strong>parma</strong></span> <span class='ocrx_word' id='word_1_613' title='bbox 3266 3922 3462 3990; x_wconf 74' lang='lat' dir='ltr'><strong>saapins</strong></span> <span class='ocrx_word' id='word_1_614' title='bbox 3489 3923 3676 3978; x_wconf 84' lang='lat' dir='ltr'><strong>subdi-</strong></span> 
     </span>
    </p>
   </div>
   <div class='ocr_carea' id='block_1_84' title="bbox 2097 4001 3675 4083">
    <p class='ocr_par' dir='ltr' id='par_1_84' title="bbox 2097 4001 3675 4083">
     <span class='ocr_line' id='line_1_84' title="bbox 2097 4001 3675 4083; baseline 0.009 -28"><span class='ocrx_word' id='word_1_615' title='bbox 2097 4001 2310 4058; x_wconf 86' lang='lat' dir='ltr'><strong>derunt.</strong></span> <span class='ocrx_word' id='word_1_616' title='bbox 2343 4003 2450 4058; x_wconf 80' lang='lat' dir='ltr'><strong>Nos</strong></span> <span class='ocrx_word' id='word_1_617' title='bbox 2479 4020 2607 4061; x_wconf 89' lang='lat' dir='ltr'><strong>vero</strong></span> <span class='ocrx_word' id='word_1_618' title='bbox 2642 4022 2746 4061; x_wconf 92' lang='lat' dir='ltr'><strong>non</strong></span> <span class='ocrx_word' id='word_1_619' title='bbox 2785 4008 2954 4073; x_wconf 83' lang='lat' dir='ltr'><strong>solum</strong></span> <span class='ocrx_word' id='word_1_620' title='bbox 2997 4008 3162 4064; x_wconf 88' lang='lat' dir='ltr'><strong>Deum</strong></span> <span class='ocrx_word' id='word_1_621' title='bbox 3203 4026 3308 4066; x_wconf 88' lang='lat' dir='ltr'><strong>non</strong></span> <span class='ocrx_word' id='word_1_622' title='bbox 3350 4014 3675 4083; x_wconf 86' lang='lat' dir='ltr'><strong>metuimus,</strong></span> 
     </span>
    </p>
   </div>
   <div class='ocr_carea' id='block_1_85' title="bbox 2099 4095 3674 4169">
    <p class='ocr_par' dir='ltr' id='par_1_85' title="bbox 2099 4095 3674 4169">
     <span class='ocr_line' id='line_1_85' title="bbox 2099 4095 3674 4169; baseline 0.008 -21"><span class='ocrx_word' id='word_1_623' title='bbox 2099 4109 2289 4149; x_wconf 90' lang='lat' dir='ltr'><strong>verum</strong></span> <span class='ocrx_word' id='word_1_624' title='bbox 2313 4095 2474 4150; x_wconf 89' lang='lat' dir='ltr'><strong>etiam</strong></span> <span class='ocrx_word' id='word_1_625' title='bbox 2501 4110 2652 4154; x_wconf 88' lang='lat' dir='ltr'><strong>sacra</strong></span> <span class='ocrx_word' id='word_1_626' title='bbox 2683 4099 2796 4168; x_wconf 84' lang='lat' dir='ltr'><strong>ejus</strong></span> <span class='ocrx_word' id='word_1_627' title='bbox 2826 4108 3126 4169; x_wconf 87' lang='lat' dir='ltr'><strong>vastamus,</strong></span> <span class='ocrx_word' id='word_1_628' title='bbox 3159 4104 3430 4160; x_wconf 88' lang='lat' dir='ltr'><strong>miistros</strong></span> <span class='ocrx_word' id='word_1_629' title='bbox 3459 4105 3674 4160; x_wconf 86' lang='lat' dir='ltr'><strong>interti-</strong></span> 
     </span>
    </p>
   </div>
   <div class='ocr_carea' id='block_1_86' title="bbox 2099 4187 3676 4264">
    <p class='ocr_par' dir='ltr' id='par_1_86' title="bbox 2099 4187 3676 4264">
     <span class='ocr_line' id='line_1_86' title="bbox 2099 4187 3676 4264; baseline 0.008 -24"><span class='ocrx_word' id='word_1_630' title='bbox 2099 4187 2304 4253; x_wconf 87' lang='lat' dir='ltr'><strong>cimus,</strong></span> <span class='ocrx_word' id='word_1_631' title='bbox 2339 4188 2450 4256; x_wconf 91' lang='lat' dir='ltr'><strong>ipsa</strong></span> <span class='ocrx_word' id='word_1_632' title='bbox 2495 4203 2707 4260; x_wconf 90' lang='lat' dir='ltr'><strong>quoque</strong></span> <span class='ocrx_word' id='word_1_633' title='bbox 2744 4201 3044 4247; x_wconf 85' lang='lat' dir='ltr'><strong>sanctorum</strong></span> <span class='ocrx_word' id='word_1_634' title='bbox 3085 4193 3304 4264; x_wconf 80' lang='lat' dir='ltr'><strong>pignora</strong></span> <span class='ocrx_word' id='word_1_635' title='bbox 3344 4196 3398 4250; x_wconf 92' lang='lat' dir='ltr'><strong>in</strong></span> <span class='ocrx_word' id='word_1_636' title='bbox 3445 4196 3676 4252; x_wconf 86' lang='lat' dir='ltr'><strong>ridiculo</strong></span> 
     </span>
    </p>
   </div>
   <div class='ocr_carea' id='block_1_87' title="bbox 2095 4282 3675 4357">
    <p class='ocr_par' dir='ltr' id='par_1_87' title="bbox 2095 4282 3675 4357">
     <span class='ocr_line' id='line_1_87' title="bbox 2095 4282 3675 4357; baseline 0.006 -21"><span class='ocrx_word' id='word_1_637' title='bbox 2095 4282 2447 4351; x_wconf 83' lang='lat' dir='ltr'><strong>discerpimus</strong></span> <span class='ocrx_word' id='word_1_638' title='bbox 2477 4298 2538 4337; x_wconf 89' lang='lat' dir='ltr'><strong>ac</strong></span> <span class='ocrx_word' id='word_1_639' title='bbox 2571 4296 2856 4341; x_wconf 87' lang='lat' dir='ltr'><strong>vastamus.</strong></span> <span class='ocrx_word' id='word_1_640' title='bbox 2889 4286 3002 4341; x_wconf 85' lang='lat' dir='ltr'><strong>Non</strong></span> <span class='ocrx_word' id='word_1_641' title='bbox 3045 4289 3186 4341; x_wconf 82' lang='lat' dir='ltr'><strong>enim</strong></span> <span class='ocrx_word' id='word_1_642' title='bbox 3227 4297 3403 4357; x_wconf 87' lang='lat' dir='ltr'><strong>potest</strong></span> <span class='ocrx_word' id='word_1_643' title='bbox 3441 4289 3675 4345; x_wconf 89' lang='lat' dir='ltr'><strong>obtineri</strong></span> 
     </span>
    </p>
   </div>
   <div class='ocr_carea' id='block_1_88' title="bbox 2100 4374 3679 4443">
    <p class='ocr_par' dir='ltr' id='par_1_88' title="bbox 2100 4374 3679 4443">
     <span class='ocr_line' id='line_1_88' title="bbox 2100 4374 3679 4443; baseline 0.006 -17"><span class='ocrx_word' id='word_1_644' title='bbox 2100 4374 2320 4429; x_wconf 82' lang='lat' dir='ltr'><strong>victoria</strong></span> <span class='ocrx_word' id='word_1_645' title='bbox 2341 4416 2354 4439; x_wconf 92' lang='lat'><strong>,</strong></span> <span class='ocrx_word' id='word_1_646' title='bbox 2385 4375 2469 4430; x_wconf 91' lang='lat' dir='ltr'><strong>ubi</strong></span> <span class='ocrx_word' id='word_1_647' title='bbox 2519 4375 2638 4430; x_wconf 89' lang='lat' dir='ltr'><strong>talia</strong></span> <span class='ocrx_word' id='word_1_648' title='bbox 2682 4385 3072 4443; x_wconf 76' lang='lat' dir='ltr'><strong>perpetrantur.</strong></span> <span class='ocrx_word' id='word_1_649' title='bbox 3106 4378 3228 4432; x_wconf 89' lang='lat' dir='ltr'><strong>ldeo</strong></span> <span class='ocrx_word' id='word_1_650' title='bbox 3257 4394 3443 4434; x_wconf 89' lang='lat' dir='ltr'><strong>manus</strong></span> <span class='ocrx_word' id='word_1_651' title='bbox 3473 4390 3679 4436; x_wconf 64' lang='lat' dir='ltr'><strong>nostra:</strong></span> 
     </span>
    </p>
   </div>
   <div class='ocr_carea' id='block_1_89' title="bbox 2097 4464 3680 4538">
    <p class='ocr_par' dir='ltr' id='par_1_89' title="bbox 2097 4464 3680 4538">
     <span class='ocr_line' id='line_1_89' title="bbox 2097 4464 3680 4538; baseline 0.006 -22"><span class='ocrx_word' id='word_1_652' title='bbox 2097 4474 2224 4518; x_wconf 87' lang='lat' dir='ltr'><strong>sunt</strong></span> <span class='ocrx_word' id='word_1_653' title='bbox 2245 4464 2506 4528; x_wconf 70' lang='lat' dir='ltr'><strong>invalidae,</strong></span> <span class='ocrx_word' id='word_1_654' title='bbox 2531 4465 2674 4519; x_wconf 90' lang='lat' dir='ltr'><strong>ensis</strong></span> <span class='ocrx_word' id='word_1_655' title='bbox 2701 4466 2942 4535; x_wconf 88' lang='lat' dir='ltr'><strong>tepescit,</strong></span> <span class='ocrx_word' id='word_1_656' title='bbox 2967 4483 3064 4524; x_wconf 90' lang='lat' dir='ltr'><strong>nec</strong></span> <span class='ocrx_word' id='word_1_657' title='bbox 3092 4469 3309 4538; x_wconf 88' lang='lat' dir='ltr'><strong>clypeus</strong></span> <span class='ocrx_word' id='word_1_658' title='bbox 3335 4485 3454 4535; x_wconf 90' lang='lat' dir='ltr'><strong>nos,</strong></span> <span class='ocrx_word' id='word_1_659' title='bbox 3476 4482 3528 4525; x_wconf 91' lang='lat' dir='ltr'><strong>ut</strong></span> <span class='ocrx_word' id='word_1_660' title='bbox 3555 4481 3680 4526; x_wconf 86' lang='lat' dir='ltr'><strong>erat</strong></span> 
     </span>
    </p>
   </div>
   <div class='ocr_carea' id='block_1_90' title="bbox 2099 4555 3675 4632">
    <p class='ocr_par' dir='ltr' id='par_1_90' title="bbox 2099 4555 3675 4632">
     <span class='ocr_line' id='line_1_90' title="bbox 2099 4555 3675 4632; baseline 0.006 -22"><span class='ocrx_word' id='word_1_661' title='bbox 2099 4555 2317 4622; x_wconf 83' lang='lat' dir='ltr'><strong>solitus,</strong></span> <span class='ocrx_word' id='word_1_662' title='bbox 2342 4556 2580 4611; x_wconf 78' lang='lat' dir='ltr'><strong>defendit</strong></span> <span class='ocrx_word' id='word_1_663' title='bbox 2605 4572 2667 4612; x_wconf 90' lang='lat' dir='ltr'><strong>ac</strong></span> <span class='ocrx_word' id='word_1_664' title='bbox 2695 4559 2940 4627; x_wconf 84' lang='lat' dir='ltr'><strong>protegit.</strong></span> <span class='ocrx_word' id='word_1_665' title='bbox 2967 4560 3106 4629; x_wconf 87' lang='lat' dir='ltr'><strong>Ergo</strong></span> <span class='ocrx_word' id='word_1_666' title='bbox 3134 4561 3178 4616; x_wconf 92' lang='lat' dir='ltr'><strong>si</strong></span> <span class='ocrx_word' id='word_1_667' title='bbox 3211 4562 3312 4616; x_wconf 88' lang='lat' dir='ltr'><strong>hoc</strong></span> <span class='ocrx_word' id='word_1_668' title='bbox 3338 4577 3470 4616; x_wconf 78' lang='lat' dir='ltr'><strong>mete</strong></span> <span class='ocrx_word' id='word_1_669' title='bbox 3497 4563 3675 4632; x_wconf 79' lang='lat' dir='ltr'><strong>culpa:</strong></span> 
     </span>
    </p>
   </div>
   <div class='ocr_carea' id='block_1_91' title="bbox 421 4633 3681 4722">
    <p class='ocr_par' dir='ltr' id='par_1_91' title="bbox 421 4633 3681 4722">
     <span class='ocr_line' id='line_1_91' title="bbox 421 4633 3681 4722; baseline 0.003 -26"><span class='ocrx_word' id='word_1_670' title='bbox 421 4645 660 4722; x_wconf 65' lang='lat' dir='ltr'><strong>occultas</strong></span> <span class='ocrx_word' id='word_1_671' title='bbox 693 4645 915 4699; x_wconf 84' lang='lat' dir='ltr'><strong>insidias</strong></span> <span class='ocrx_word' id='word_1_672' title='bbox 943 4645 1140 4700; x_wconf 90' lang='lat' dir='ltr'><strong>multos</strong></span> <span class='ocrx_word' id='word_1_673' title='bbox 1179 4646 1246 4700; x_wconf 91' lang='lat' dir='ltr'><strong>de</strong></span> <span class='ocrx_word' id='word_1_674' title='bbox 1285 4646 1366 4698; x_wconf 90' lang='lat' dir='ltr'><strong>his</strong></span> <span class='ocrx_word' id='word_1_675' title='bbox 1399 4647 1652 4715; x_wconf 88' lang='lat' dir='ltr'><strong>spoliatos</strong></span> <span class='ocrx_word' id='word_1_676' title='bbox 1697 4646 1990 4703; x_wconf 85' lang='lat' dir='ltr'><strong>intereme-</strong></span> <span class='ocrx_word' id='word_1_677' title='bbox 2022 4633 2074 4694; x_wconf 77' lang='grc' dir='ltr'>Ῑ)</span> <span class='ocrx_word' id='word_1_678' title='bbox 2100 4648 2402 4715; x_wconf 89' lang='lat' dir='ltr'><strong>ascribitur,</strong></span> <span class='ocrx_word' id='word_1_679' title='bbox 2427 4647 2536 4716; x_wconf 88' lang='lat' dir='ltr'><strong>jam</strong></span> <span class='ocrx_word' id='word_1_680' title='bbox 2579 4649 2628 4703; x_wconf 94' lang='lat' dir='ltr'><strong>id</strong></span> <span class='ocrx_word' id='word_1_681' title='bbox 2672 4650 2810 4704; x_wconf 87' lang='lat' dir='ltr'><strong>Deus</strong></span> <span class='ocrx_word' id='word_1_682' title='bbox 2853 4650 3012 4719; x_wconf 79' lang='lat' dir='ltr'><strong>capiti</strong></span> <span class='ocrx_word' id='word_1_683' title='bbox 3061 4667 3180 4706; x_wconf 91' lang='lat' dir='ltr'><strong>meo</strong></span> <span class='ocrx_word' id='word_1_684' title='bbox 3219 4652 3482 4706; x_wconf 85' lang='lat' dir='ltr'><strong>restituat.</strong></span> <span class='ocrx_word' id='word_1_685' title='bbox 3511 4653 3681 4710; x_wconf 82' lang='lat' dir='ltr'><strong>Certe</strong></span> 
     </span>
    </p>
   </div>
   <div class='ocr_carea' id='block_1_92' title="bbox 425 4733 2001 4807">
    <p class='ocr_par' dir='ltr' id='par_1_92' title="bbox 425 4733 2001 4807">
     <span class='ocr_line' id='line_1_92' title="bbox 425 4733 2001 4807; baseline 0.003 -19"><span class='ocrx_word' id='word_1_686' title='bbox 425 4744 547 4788; x_wconf 89' lang='lat' dir='ltr'><strong>runt</strong></span> <span class='ocrx_word' id='word_1_687' title='bbox 577 4750 593 4795; x_wconf 84' lang='lat'><strong>;</strong></span> <span class='ocrx_word' id='word_1_688' title='bbox 623 4734 818 4790; x_wconf 87' lang='lat' dir='ltr'><strong>exinde</strong></span> <span class='ocrx_word' id='word_1_689' title='bbox 845 4735 899 4789; x_wconf 94' lang='lat' dir='ltr'><strong>in</strong></span> <span class='ocrx_word' id='word_1_690' title='bbox 922 4733 1308 4790; x_wconf 87' lang='lat' dir='ltr'><strong>Tolosanorutn</strong></span> <span class='ocrx_word' id='word_1_691' title='bbox 1337 4750 1524 4789; x_wconf 88' lang='lat' dir='ltr'><strong>manus</strong></span> <span class='ocrx_word' id='word_1_692' title='bbox 1552 4735 1863 4802; x_wconf 89' lang='lat' dir='ltr'><strong>incidentes,</strong></span> <span class='ocrx_word' id='word_1_693' title='bbox 1883 4738 2001 4807; x_wconf 57' lang='lat' dir='ltr'><strong>qui.</strong></span> 
     </span>
    </p>
   </div>
   <div class='ocr_carea' id='block_1_93' title="bbox 428 4824 2000 4898">
    <p class='ocr_par' dir='ltr' id='par_1_93' title="bbox 428 4824 2000 4898">
     <span class='ocr_line' id='line_1_93' title="bbox 428 4824 2000 4898; baseline 0.004 -20"><span class='ocrx_word' id='word_1_694' title='bbox 428 4828 528 4881; x_wconf 88' lang='lat' dir='ltr'><strong>bus</strong></span> <span class='ocrx_word' id='word_1_695' title='bbox 551 4825 678 4880; x_wconf 85' lang='lat' dir='ltr'><strong>dum</strong></span> <span class='ocrx_word' id='word_1_696' title='bbox 707 4834 1006 4894; x_wconf 86' lang='lat' dir='ltr'><strong>pergerent,</strong></span> <span class='ocrx_word' id='word_1_697' title='bbox 1025 4824 1186 4879; x_wconf 90' lang='lat' dir='ltr'><strong>multa</strong></span> <span class='ocrx_word' id='word_1_698' title='bbox 1220 4826 1501 4880; x_wconf 88' lang='lat' dir='ltr'><strong>intulerant</strong></span> <span class='ocrx_word' id='word_1_699' title='bbox 1525 4829 1683 4888; x_wconf 89' lang='lat' dir='ltr'><strong>mala,</strong></span> <span class='ocrx_word' id='word_1_700' title='bbox 1703 4828 1910 4898; x_wconf 85' lang='lat' dir='ltr'><strong>spoliati</strong></span> <span class='ocrx_word' id='word_1_701' title='bbox 1936 4844 2000 4884; x_wconf 87' lang='lat' dir='ltr'><strong>ac</strong></span> 
     </span>
    </p>
   </div>
   <div class='ocr_carea' id='block_1_94' title="bbox 427 4917 1996 4992">
    <p class='ocr_par' dir='ltr' id='par_1_94' title="bbox 427 4917 1996 4992">
     <span class='ocr_line' id='line_1_94' title="bbox 427 4917 1996 4992; baseline 0.005 -23"><span class='ocrx_word' id='word_1_702' title='bbox 427 4917 552 4972; x_wconf 71' lang='grc' dir='ltr'><strong>(ιωεί</strong></span> <span class='ocrx_word' id='word_1_703' title='bbox 583 4917 674 4972; x_wconf 90' lang='lat' dir='ltr'><strong>vix</strong></span> <span class='ocrx_word' id='word_1_704' title='bbox 708 4919 920 4986; x_wconf 68' lang='lat' dir='ltr'><strong>proliria</strong></span> <span class='ocrx_word' id='word_1_705' title='bbox 959 4919 1270 4987; x_wconf 89' lang='lat' dir='ltr'><strong>contingere</strong></span> <span class='ocrx_word' id='word_1_706' title='bbox 1310 4927 1614 4984; x_wconf 89' lang='lat' dir='ltr'><strong>potuerunt.</strong></span> <span class='ocrx_word' id='word_1_707' title='bbox 1642 4920 1706 4974; x_wconf 86' lang='lat' dir='ltr'><strong>Hi</strong></span> <span class='ocrx_word' id='word_1_708' title='bbox 1749 4935 1877 4976; x_wconf 87' lang='lat' dir='ltr'><strong>vero</strong></span> <span class='ocrx_word' id='word_1_709' title='bbox 1906 4924 1996 4992; x_wconf 92' lang='lat' dir='ltr'><strong>qui</strong></span> 
     </span>
    </p>
   </div>
   <div class='ocr_carea' id='block_1_95' title="bbox 425 5011 1999 5084">
    <p class='ocr_par' dir='ltr' id='par_1_95' title="bbox 425 5011 1999 5084">
     <span class='ocr_line' id='line_1_95' title="bbox 425 5011 1999 5084; baseline 0.001 -16"><span class='ocrx_word' id='word_1_710' title='bbox 425 5016 747 5070; x_wconf 80' lang='lat' dir='ltr'><strong>Nemausum</strong></span> <span class='ocrx_word' id='word_1_711' title='bbox 775 5013 938 5084; x_wconf 62' lang='lat'><strong>400</strong></span> <span class='ocrx_word' id='word_1_712' title='bbox 966 5013 1198 5083; x_wconf 86' lang='lat' dir='ltr'><strong>aggressi</strong></span> <span class='ocrx_word' id='word_1_713' title='bbox 1229 5011 1470 5081; x_wconf 84' lang='lat' dir='ltr'><strong>fuerant,</strong></span> <span class='ocrx_word' id='word_1_714' title='bbox 1502 5013 1839 5069; x_wconf 86' lang='lat' dir='ltr'><strong>devastantes</strong></span> <span class='ocrx_word' id='word_1_715' title='bbox 1877 5017 1999 5071; x_wconf 89' lang='lat' dir='ltr'><strong>uni-</strong></span> 
     </span>
    </p>
   </div>
   <div class='ocr_carea' id='block_1_96' title="bbox 427 5105 1990 5178">
    <p class='ocr_par' dir='ltr' id='par_1_96' title="bbox 427 5105 1990 5178">
     <span class='ocr_line' id='line_1_96' title="bbox 427 5105 1990 5178; baseline 0.006 -21"><span class='ocrx_word' id='word_1_716' title='bbox 427 5121 581 5160; x_wconf 83' lang='lat' dir='ltr'><strong>versa</strong></span> <span class='ocrx_word' id='word_1_717' title='bbox 603 5107 854 5176; x_wconf 89' lang='lat' dir='ltr'><strong>regionis,</strong></span> <span class='ocrx_word' id='word_1_718' title='bbox 873 5106 1146 5162; x_wconf 85' lang='lat' dir='ltr'><strong>succensis</strong></span> <span class='ocrx_word' id='word_1_719' title='bbox 1165 5105 1431 5172; x_wconf 89' lang='lat' dir='ltr'><strong>domibus,</strong></span> <span class='ocrx_word' id='word_1_720' title='bbox 1447 5107 1678 5162; x_wconf 90' lang='lat' dir='ltr'><strong>incensis</strong></span> <span class='ocrx_word' id='word_1_721' title='bbox 1699 5109 1990 5178; x_wconf 76' lang='lat' dir='ltr'><strong>segetibus,</strong></span> 
     </span>
    </p>
   </div>
   <div class='ocr_carea' id='block_1_97' title="bbox 425 5199 1991 5269">
    <p class='ocr_par' dir='ltr' id='par_1_97' title="bbox 425 5199 1991 5269">
     <span class='ocr_line' id='line_1_97' title="bbox 425 5199 1991 5269; baseline 0.004 -17"><span class='ocrx_word' id='word_1_722' title='bbox 425 5199 662 5254; x_wconf 88' lang='lat' dir='ltr'><strong>discissis</strong></span> <span class='ocrx_word' id='word_1_723' title='bbox 704 5199 943 5266; x_wconf 81' lang='lat' dir='ltr'><strong>olivetis,</strong></span> <span class='ocrx_word' id='word_1_724' title='bbox 974 5200 1270 5269; x_wconf 85' lang='lat' dir='ltr'><strong>vinetisque</strong></span> <span class='ocrx_word' id='word_1_725' title='bbox 1310 5199 1561 5267; x_wconf 86' lang='lat' dir='ltr'><strong>succisis,</strong></span> <span class='ocrx_word' id='word_1_726' title='bbox 1597 5201 1728 5257; x_wconf 92' lang='lat' dir='ltr'><strong>nihil</strong></span> <span class='ocrx_word' id='word_1_727' title='bbox 1771 5201 1991 5259; x_wconf 85' lang='lat' dir='ltr'><strong>inclusis</strong></span> 
     </span>
    </p>
   </div>
   <div class='ocr_carea' id='block_1_98' title="bbox 549 5363 1988 5432">
    <p class='ocr_par' dir='ltr' id='par_1_98' title="bbox 549 5363 1988 5432">
     <span class='ocr_line' id='line_1_98' title="bbox 549 5363 1988 5432; baseline -0.001 -11"><span class='ocrx_word' id='word_1_728' title='bbox 549 5365 698 5421; x_wconf 77' lang='lat' dir='ltr'><strong>lianc</strong></span> <span class='ocrx_word' id='word_1_729' title='bbox 749 5363 1138 5432; x_wconf 84' lang='lat' dir='ltr'><strong>expeditionem</strong></span> <span class='ocrx_word' id='word_1_730' title='bbox 1190 5377 1329 5417; x_wconf 91' lang='lat' dir='ltr'><strong>anno</strong></span> <span class='ocrx_word' id='word_1_731' title='bbox 1378 5363 1512 5425; x_wconf 73' lang='lat'><strong>585,</strong></span> <span class='ocrx_word' id='word_1_732' title='bbox 1558 5374 1681 5419; x_wconf 88' lang='lat' dir='ltr'><strong>ante</strong></span> <span class='ocrx_word' id='word_1_733' title='bbox 1728 5365 1988 5432; x_wconf 86' lang='lat' dir='ltr'><strong>synodum</strong></span> 
     </span>
    </p>
   </div>
   <div class='ocr_carea' id='block_1_99' title="bbox 423 5433 1988 5500">
    <p class='ocr_par' dir='ltr' id='par_1_99' title="bbox 423 5433 1988 5500">
     <span class='ocr_line' id='line_1_99' title="bbox 423 5433 1988 5500; baseline -0.002 -9"><span class='ocrx_word' id='word_1_734' title='bbox 423 5435 717 5492; x_wconf 80' lang='lat' dir='ltr'><strong>Matiscone</strong></span> <span class='ocrx_word' id='word_1_735' title='bbox 745 5435 975 5488; x_wconf 88' lang='lat' dir='ltr'><strong>habitam</strong></span> <span class='ocrx_word' id='word_1_736' title='bbox 996 5475 1012 5500; x_wconf 83' lang='lat'><strong>,</strong></span> <span class='ocrx_word' id='word_1_737' title='bbox 1050 5434 1342 5487; x_wconf 83' lang='lat' dir='ltr'><strong>c0nfectam</strong></span> <span class='ocrx_word' id='word_1_738' title='bbox 1375 5433 1538 5488; x_wconf 81' lang='lat' dir='ltr'><strong>fuisse</strong></span> <span class='ocrx_word' id='word_1_739' title='bbox 1570 5444 1716 5498; x_wconf 87' lang='lat' dir='ltr'><strong>putat</strong></span> <span class='ocrx_word' id='word_1_740' title='bbox 1749 5433 1988 5489; x_wconf 86' lang='lat' dir='ltr'><strong>Valesius</strong></span> 
     </span>
    </p>
   </div>
   <div class='ocr_carea' id='block_1_100' title="bbox 424 5503 1985 5566">
    <p class='ocr_par' dir='ltr' id='par_1_100' title="bbox 424 5503 1985 5566">
     <span class='ocr_line' id='line_1_100' title="bbox 424 5503 1985 5566; baseline -0.002 -5"><span class='ocrx_word' id='word_1_741' title='bbox 424 5510 513 5564; x_wconf 89' lang='lat' dir='ltr'><strong>lib.</strong></span> <span class='ocrx_word' id='word_1_742' title='bbox 538 5523 628 5562; x_wconf 82' lang='lat' dir='ltr'><strong>xm</strong></span> <span class='ocrx_word' id='word_1_743' title='bbox 654 5523 758 5561; x_wconf 88' lang='lat' dir='ltr'><strong>rer.</strong></span> <span class='ocrx_word' id='word_1_744' title='bbox 784 5506 1003 5566; x_wconf 85' lang='lat' dir='ltr'><strong>Franc.;</strong></span> <span class='ocrx_word' id='word_1_745' title='bbox 1036 5503 1127 5556; x_wconf 68' lang='lat' dir='ltr'><strong>Sed</strong></span> <span class='ocrx_word' id='word_1_746' title='bbox 1150 5517 1268 5555; x_wconf 92' lang='lat' dir='ltr'><strong>cum</strong></span> <span class='ocrx_word' id='word_1_747' title='bbox 1295 5503 1574 5558; x_wconf 87' lang='lat' dir='ltr'><strong>occasione</strong></span> <span class='ocrx_word' id='word_1_748' title='bbox 1601 5505 1744 5557; x_wconf 87' lang='lat' dir='ltr'><strong>necis</strong></span> <span class='ocrx_word' id='word_1_749' title='bbox 1767 5505 1985 5566; x_wconf 66' lang='lat' dir='ltr'><strong>Hggme-</strong></span> 
     </span>
    </p>
   </div>
   <div class='ocr_carea' id='block_1_101' title="bbox 421 5555 1982 5647">
    <p class='ocr_par' dir='ltr' id='par_1_101' title="bbox 421 5555 1982 5647">
     <span class='ocr_line' id='line_1_101' title="bbox 421 5555 1982 5647; baseline 0 -18"><span class='ocrx_word' id='word_1_750' title='bbox 421 5555 882 5647; x_wconf 54' lang='lat' dir='ltr'><strong>agglilii&#39;sigssp‘n</strong></span> <span class='ocrx_word' id='word_1_751' title='bbox 899 5555 1118 5647; x_wconf 56' lang='lat' dir='ltr'><strong>uitiatur</strong></span> <span class='ocrx_word' id='word_1_752' title='bbox 1141 5587 1297 5647; x_wconf 74' lang='lat' dir='ltr'><strong>supra</strong></span> <span class='ocrx_word' id='word_1_753' title='bbox 1326 5555 1444 5641; x_wconf 56' lang='lat' dir='ltr'><strong>sap;</strong></span> <span class='ocrx_word' id='word_1_754' title='bbox 1468 5555 1982 5647; x_wconf 38' lang='lat' dir='ltr'><strong>saeuissimus</strong></span> 
     </span>
    </p>
   </div>
   <div class='ocr_carea' id='block_1_102' title="bbox 420 5643 1984 5711">
    <p class='ocr_par' dir='ltr' id='par_1_102' title="bbox 420 5643 1984 5711">
     <span class='ocr_line' id='line_1_102' title="bbox 420 5643 1984 5711; baseline -0.003 -9"><span class='ocrx_word' id='word_1_755' title='bbox 420 5643 573 5702; x_wconf 74' lang='lat' dir='ltr'><strong>Joau.</strong></span> <span class='ocrx_word' id='word_1_756' title='bbox 594 5643 864 5702; x_wconf 41' lang='lat' dir='ltr'><strong>Biclariin</strong></span> <span class='ocrx_word' id='word_1_757' title='bbox 885 5644 1171 5706; x_wconf 85' lang='lat' dir='ltr'><strong>Chronico,</strong></span> <span class='ocrx_word' id='word_1_758' title='bbox 1191 5643 1385 5711; x_wconf 87' lang='lat' dir='ltr'><strong>potius,</strong></span> <span class='ocrx_word' id='word_1_759' title='bbox 1401 5654 1454 5695; x_wconf 91' lang='lat' dir='ltr'><strong>ut</strong></span> <span class='ocrx_word' id='word_1_760' title='bbox 1477 5644 1689 5711; x_wconf 88' lang='lat' dir='ltr'><strong>quidem</strong></span> <span class='ocrx_word' id='word_1_761' title='bbox 1714 5643 1984 5708; x_wconf 89' lang='lat' dir='ltr'><strong>existimo,</strong></span> 
     </span>
    </p>
   </div>
   <div class='ocr_carea' id='block_1_103' title="bbox 419 5713 1986 5786">
    <p class='ocr_par' dir='ltr' id='par_1_103' title="bbox 419 5713 1986 5786">
     <span class='ocr_line' id='line_1_103' title="bbox 419 5713 1986 5786; baseline -0.003 -14"><span class='ocrx_word' id='word_1_762' title='bbox 419 5733 563 5772; x_wconf 82' lang='lat' dir='ltr'><strong>anno</strong></span> <span class='ocrx_word' id='word_1_763' title='bbox 589 5733 724 5786; x_wconf 85' lang='lat' dir='ltr'><strong>seq.,</strong></span> <span class='ocrx_word' id='word_1_764' title='bbox 761 5717 810 5770; x_wconf 90' lang='lat' dir='ltr'><strong>id</strong></span> <span class='ocrx_word' id='word_1_765' title='bbox 841 5727 923 5770; x_wconf 91' lang='lat' dir='ltr'><strong>est</strong></span> <span class='ocrx_word' id='word_1_766' title='bbox 953 5713 1076 5786; x_wconf 76' lang='grc'><strong>586,</strong></span> <span class='ocrx_word' id='word_1_767' title='bbox 1108 5713 1466 5786; x_wconf 81' lang='lat' dir='ltr'><strong>consignanda</strong></span> <span class='ocrx_word' id='word_1_768' title='bbox 1486 5724 1599 5786; x_wconf 82' lang='lat' dir='ltr'><strong>_es_t,</strong></span> <span class='ocrx_word' id='word_1_769' title='bbox 1620 5729 1735 5786; x_wconf 73' lang='lat' dir='ltr'><strong>quo</strong></span> <span class='ocrx_word' id='word_1_770' title='bbox 1773 5724 1986 5786; x_wconf 82' lang='lat' dir='ltr'><strong>sanctus</strong></span> 
     </span>
    </p>
   </div>
   <div class='ocr_carea' id='block_1_104' title="bbox 423 5782 1985 5854">
    <p class='ocr_par' dir='ltr' id='par_1_104' title="bbox 423 5782 1985 5854">
     <span class='ocr_line' id='line_1_104' title="bbox 423 5782 1985 5854; baseline -0.001 -15"><span class='ocrx_word' id='word_1_771' title='bbox 423 5782 859 5854; x_wconf 74' lang='lat' dir='ltr'><strong>Ilertnenegildus</strong></span> <span class='ocrx_word' id='word_1_772' title='bbox 889 5784 1054 5852; x_wconf 86' lang='lat' dir='ltr'><strong>patris</strong></span> <span class='ocrx_word' id='word_1_773' title='bbox 1077 5785 1229 5850; x_wconf 88' lang='lat' dir='ltr'><strong>jussu</strong></span> <span class='ocrx_word' id='word_1_774' title='bbox 1251 5782 1458 5854; x_wconf 82' lang='lat' dir='ltr'><strong>occisus</strong></span> <span class='ocrx_word' id='word_1_775' title='bbox 1480 5782 1601 5854; x_wconf 80' lang='lat' dir='ltr'><strong>fuit.</strong></span> <span class='ocrx_word' id='word_1_776' title='bbox 1620 5782 1812 5836; x_wconf 84' lang='lat' dir='ltr'><strong>Valesii</strong></span> <span class='ocrx_word' id='word_1_777' title='bbox 1835 5799 1985 5838; x_wconf 77' lang='lat' dir='ltr'><strong>error</strong></span> 
     </span>
    </p>
   </div>
   <div class='ocr_carea' id='block_1_105' title="bbox 423 5851 1984 5926">
    <p class='ocr_par' dir='ltr' id='par_1_105' title="bbox 423 5851 1984 5926">
     <span class='ocr_line' id='line_1_105' title="bbox 423 5851 1984 5926; baseline -0.001 -14"><span class='ocrx_word' id='word_1_778' title='bbox 423 5857 546 5912; x_wconf 87' lang='lat' dir='ltr'><strong>inde</strong></span> <span class='ocrx_word' id='word_1_779' title='bbox 579 5851 845 5922; x_wconf 72' lang='lat' dir='ltr'><strong>proﬂuxit,</strong></span> <span class='ocrx_word' id='word_1_780' title='bbox 864 5851 1001 5926; x_wconf 87' lang='lat' dir='ltr'><strong>quod</strong></span> <span class='ocrx_word' id='word_1_781' title='bbox 1027 5853 1319 5924; x_wconf 86' lang='lat' dir='ltr'><strong>Lcuvigildi</strong></span> <span class='ocrx_word' id='word_1_782' title='bbox 1342 5868 1537 5906; x_wconf 89' lang='lat' dir='ltr'><strong>annum</strong></span> <span class='ocrx_word' id='word_1_783' title='bbox 1563 5851 1624 5906; x_wconf 81' lang='grc'><strong>17</strong></span> <span class='ocrx_word' id='word_1_784' title='bbox 1646 5868 1802 5922; x_wconf 84' lang='lat' dir='ltr'><strong>quem</strong></span> <span class='ocrx_word' id='word_1_785' title='bbox 1826 5854 1984 5910; x_wconf 68' lang='lat' dir='ltr'><strong>Jonu-</strong></span> 
     </span>
    </p>
   </div>
   <div class='ocr_carea' id='block_1_106' title="bbox 2097 4739 3680 4812">
    <p class='ocr_par' dir='ltr' id='par_1_106' title="bbox 2097 4739 3680 4812">
     <span class='ocr_line' id='line_1_106' title="bbox 2097 4739 3680 4812; baseline 0.004 -19"><span class='ocrx_word' id='word_1_786' title='bbox 2097 4740 2142 4794; x_wconf 91' lang='lat' dir='ltr'><strong>si</strong></span> <span class='ocrx_word' id='word_1_787' title='bbox 2177 4754 2267 4795; x_wconf 82' lang='lat' dir='ltr'><strong>vos</strong></span> <span class='ocrx_word' id='word_1_788' title='bbox 2297 4739 2488 4808; x_wconf 75' lang='lat' dir='ltr'><strong>regalia</strong></span> <span class='ocrx_word' id='word_1_789' title='bbox 2521 4740 2665 4810; x_wconf 78' lang='lat' dir='ltr'><strong>juSss</strong></span> <span class='ocrx_word' id='word_1_790' title='bbox 2697 4743 3069 4807; x_wconf 86' lang='lat' dir='ltr'><strong>contemnitis,</strong></span> <span class='ocrx_word' id='word_1_791' title='bbox 3097 4755 3150 4798; x_wconf 87' lang='lat' dir='ltr'><strong>et</strong></span> <span class='ocrx_word' id='word_1_792' title='bbox 3177 4759 3237 4800; x_wconf 89' lang='lat' dir='ltr'><strong>ea</strong></span> <span class='ocrx_word' id='word_1_793' title='bbox 3269 4757 3390 4812; x_wconf 70' lang='lat' dir='ltr'><strong>quae</strong></span> <span class='ocrx_word' id='word_1_794' title='bbox 3420 4745 3680 4812; x_wconf 73' lang='lat' dir='ltr'><strong>praecipio</strong></span> 
     </span>
    </p>
   </div>
   <div class='ocr_carea' id='block_1_107' title="bbox 2097 4830 3682 4906">
    <p class='ocr_par' dir='ltr' id='par_1_107' title="bbox 2097 4830 3682 4906">
     <span class='ocr_line' id='line_1_107' title="bbox 2097 4830 3682 4906; baseline 0.004 -21"><span class='ocrx_word' id='word_1_795' title='bbox 2097 4832 2323 4898; x_wconf 87' lang='lat' dir='ltr'><strong>implere</strong></span> <span class='ocrx_word' id='word_1_796' title='bbox 2348 4830 2593 4898; x_wconf 78' lang='lat' dir='ltr'><strong>dilTertis,</strong></span> <span class='ocrx_word' id='word_1_797' title='bbox 2613 4831 2726 4901; x_wconf 84' lang='lat' dir='ltr'><strong>jam</strong></span> <span class='ocrx_word' id='word_1_798' title='bbox 2751 4833 2910 4889; x_wconf 86' lang='lat' dir='ltr'><strong>debet</strong></span> <span class='ocrx_word' id='word_1_799' title='bbox 2933 4835 3134 4889; x_wconf 89' lang='lat' dir='ltr'><strong>securis</strong></span> <span class='ocrx_word' id='word_1_800' title='bbox 3159 4835 3320 4906; x_wconf 85' lang='lat' dir='ltr'><strong>capiti</strong></span> <span class='ocrx_word' id='word_1_801' title='bbox 3348 4847 3524 4890; x_wconf 88' lang='lat' dir='ltr'><strong>vestro</strong></span> <span class='ocrx_word' id='word_1_802' title='bbox 3544 4837 3682 4891; x_wconf 89' lang='lat' dir='ltr'><strong>sub-</strong></span> 
     </span>
    </p>
   </div>
   <div class='ocr_carea' id='block_1_108' title="bbox 2095 4922 3680 4989">
    <p class='ocr_par' dir='ltr' id='par_1_108' title="bbox 2095 4922 3680 4989">
     <span class='ocr_line' id='line_1_108' title="bbox 2095 4922 3680 4989; baseline 0.004 -13"><span class='ocrx_word' id='word_1_803' title='bbox 2095 4923 2260 4989; x_wconf 81' lang='lat' dir='ltr'><strong>ntergi</strong></span> <span class='ocrx_word' id='word_1_804' title='bbox 2309 4922 2422 4976; x_wconf 84' lang='lat' dir='ltr'><strong>Erit</strong></span> <span class='ocrx_word' id='word_1_805' title='bbox 2450 4922 2590 4976; x_wconf 91' lang='lat' dir='ltr'><strong>enim</strong></span> <span class='ocrx_word' id='word_1_806' title='bbox 2620 4925 2995 4978; x_wconf 87' lang='lat' dir='ltr'><strong>documentum</strong></span> <span class='ocrx_word' id='word_1_807' title='bbox 3033 4925 3178 4980; x_wconf 90' lang='lat' dir='ltr'><strong>omni</strong></span> <span class='ocrx_word' id='word_1_808' title='bbox 3221 4926 3518 4988; x_wconf 84' lang='lat' dir='ltr'><strong>exercitui.</strong></span> <span class='ocrx_word' id='word_1_809' title='bbox 3545 4941 3680 4983; x_wconf 86' lang='lat' dir='ltr'><strong>cum</strong></span> 
     </span>
    </p>
   </div>
   <div class='ocr_carea' id='block_1_109' title="bbox 2096 5017 3680 5103">
    <p class='ocr_par' dir='ltr' id='par_1_109' title="bbox 2096 5017 3680 5103">
     <span class='ocr_line' id='line_1_109' title="bbox 2096 5017 3680 5103; baseline 0.004 -31"><span class='ocrx_word' id='word_1_810' title='bbox 2096 5033 2234 5072; x_wconf 91' lang='lat' dir='ltr'><strong>unus</strong></span> <span class='ocrx_word' id='word_1_811' title='bbox 2257 5017 2323 5071; x_wconf 91' lang='lat' dir='ltr'><strong>de</strong></span> <span class='ocrx_word' id='word_1_812' title='bbox 2349 5017 2614 5086; x_wconf 90' lang='lat' dir='ltr'><strong>prioribus</strong></span> <span class='ocrx_word' id='word_1_813' title='bbox 2638 5019 2791 5073; x_wconf 77' lang='lat' dir='ltr'><strong>fuerit</strong></span> <span class='ocrx_word' id='word_1_814' title='bbox 2819 5020 3144 5075; x_wconf 80' lang='lat' dir='ltr'><strong>interfectus.</strong></span> <span class='ocrx_word' id='word_1_815' title='bbox 3161 5021 3534 5103; x_wconf 76' lang='lat' dir='ltr'><strong>verumtamen</strong></span> <span class='ocrx_word' id='word_1_816' title='bbox 3556 5023 3680 5090; x_wconf 78' lang='lat' dir='ltr'><strong>jam</strong></span> 
     </span>
    </p>
   </div>
   <div class='ocr_carea' id='block_1_110' title="bbox 2099 5110 3682 5183">
    <p class='ocr_par' dir='ltr' id='par_1_110' title="bbox 2099 5110 3682 5183">
     <span class='ocr_line' id='line_1_110' title="bbox 2099 5110 3682 5183; baseline 0.003 -18"><span class='ocrx_word' id='word_1_817' title='bbox 2099 5110 2326 5179; x_wconf 84' lang='lat' dir='ltr'><strong>experiri</strong></span> <span class='ocrx_word' id='word_1_818' title='bbox 2358 5110 2612 5166; x_wconf 89' lang='lat' dir='ltr'><strong>debemus</strong></span> <span class='ocrx_word' id='word_1_819' title='bbox 2638 5111 2762 5179; x_wconf 87' lang='lat' dir='ltr'><strong>quid</strong></span> <span class='ocrx_word' id='word_1_820' title='bbox 2793 5112 2874 5182; x_wconf 88' lang='lat' dir='ltr'><strong>agi</strong></span> <span class='ocrx_word' id='word_1_821' title='bbox 2903 5122 3165 5181; x_wconf 88' lang='lat' dir='ltr'><strong>oporteat.</strong></span> <span class='ocrx_word' id='word_1_822' title='bbox 3182 5113 3236 5169; x_wconf 91' lang='lat' dir='ltr'><strong>Si</strong></span> <span class='ocrx_word' id='word_1_823' title='bbox 3263 5114 3381 5183; x_wconf 85' lang='lat' dir='ltr'><strong>quis</strong></span> <span class='ocrx_word' id='word_1_824' title='bbox 3406 5115 3682 5182; x_wconf 79' lang='lat' dir='ltr'><strong>juSIitiam</strong></span> 
     </span>
    </p>
   </div>
   <div class='ocr_carea' id='block_1_111' title="bbox 2097 5203 3683 5276">
    <p class='ocr_par' dir='ltr' id='par_1_111' title="bbox 2097 5203 3683 5276">
     <span class='ocr_line' id='line_1_111' title="bbox 2097 5203 3683 5276; baseline 0.003 -17"><span class='ocrx_word' id='word_1_825' title='bbox 2097 5204 2246 5274; x_wconf 83' lang='lat' dir='ltr'><strong>sequi</strong></span> <span class='ocrx_word' id='word_1_826' title='bbox 2277 5203 2529 5270; x_wconf 89' lang='lat' dir='ltr'><strong>destinat,</strong></span> <span class='ocrx_word' id='word_1_827' title='bbox 2550 5203 2659 5274; x_wconf 86' lang='lat' dir='ltr'><strong>jam</strong></span> <span class='ocrx_word' id='word_1_828' title='bbox 2689 5215 2974 5275; x_wconf 88' lang='lat' dir='ltr'><strong>sequatur;</strong></span> <span class='ocrx_word' id='word_1_829' title='bbox 3005 5207 3047 5260; x_wconf 88' lang='lat' dir='ltr'><strong>si</strong></span> <span class='ocrx_word' id='word_1_830' title='bbox 3078 5207 3197 5276; x_wconf 90' lang='lat' dir='ltr'><strong>quis</strong></span> <span class='ocrx_word' id='word_1_831' title='bbox 3225 5207 3539 5276; x_wconf 78' lang='lat' dir='ltr'><strong>contemnit,</strong></span> <span class='ocrx_word' id='word_1_832' title='bbox 3558 5207 3683 5276; x_wconf 83' lang='lat' dir='ltr'><strong>jam</strong></span> 
     </span>
    </p>
   </div>
   <div class='ocr_carea' id='block_1_112' title="bbox 2097 5362 3682 5434">
    <p class='ocr_par' dir='ltr' id='par_1_112' title="bbox 2097 5362 3682 5434">
     <span class='ocr_line' id='line_1_112' title="bbox 2097 5362 3682 5434; baseline -0.001 -12"><span class='ocrx_word' id='word_1_833' title='bbox 2097 5382 2194 5422; x_wconf 89' lang='lat' dir='ltr'><strong>nes</strong></span> <span class='ocrx_word' id='word_1_834' title='bbox 2225 5365 2416 5420; x_wconf 87' lang='lat' dir='ltr'><strong>Biclar.</strong></span> <span class='ocrx_word' id='word_1_835' title='bbox 2441 5364 2676 5419; x_wconf 77' lang='lat' dir='ltr'><strong>Mauricii</strong></span> <span class='ocrx_word' id='word_1_836' title='bbox 2710 5365 2925 5420; x_wconf 89' lang='lat' dir='ltr'><strong>tertium</strong></span> <span class='ocrx_word' id='word_1_837' title='bbox 2955 5365 3219 5434; x_wconf 80' lang='lat' dir='ltr'><strong>appellat,</strong></span> <span class='ocrx_word' id='word_1_838' title='bbox 3245 5379 3333 5417; x_wconf 89' lang='lat' dir='ltr'><strong>an.</strong></span> <span class='ocrx_word' id='word_1_839' title='bbox 3359 5362 3462 5416; x_wconf 61' lang='lat'><strong>585</strong></span> <span class='ocrx_word' id='word_1_840' title='bbox 3493 5363 3644 5432; x_wconf 76' lang='lat' dir='ltr'><strong>illiga</strong></span> <span class='ocrx_word' id='word_1_841' title='bbox 3663 5398 3682 5406; x_wconf 65' lang='grc' dir='ltr'><strong>ο</strong></span> 
     </span>
    </p>
   </div>
   <div class='ocr_carea' id='block_1_113' title="bbox 2097 5433 3680 5505">
    <p class='ocr_par' dir='ltr' id='par_1_113' title="bbox 2097 5433 3680 5505">
     <span class='ocr_line' id='line_1_113' title="bbox 2097 5433 3680 5505; baseline 0.001 -16"><span class='ocrx_word' id='word_1_842' title='bbox 2097 5438 2252 5500; x_wconf 83' lang='lat' dir='ltr'><strong>verit,</strong></span> <span class='ocrx_word' id='word_1_843' title='bbox 2283 5451 2404 5489; x_wconf 89' lang='lat' dir='ltr'><strong>cum</strong></span> <span class='ocrx_word' id='word_1_844' title='bbox 2444 5445 2620 5490; x_wconf 91' lang='lat' dir='ltr'><strong>tamen</strong></span> <span class='ocrx_word' id='word_1_845' title='bbox 2663 5436 2707 5490; x_wconf 89' lang='lat' dir='ltr'><strong>is</strong></span> <span class='ocrx_word' id='word_1_846' title='bbox 2750 5435 2864 5505; x_wconf 78' lang='lat' dir='ltr'><strong>ipse</strong></span> <span class='ocrx_word' id='word_1_847' title='bbox 2901 5436 2972 5490; x_wconf 90' lang='lat' dir='ltr'><strong>sit</strong></span> <span class='ocrx_word' id='word_1_848' title='bbox 3012 5450 3186 5490; x_wconf 87' lang='lat' dir='ltr'><strong>annus</strong></span> <span class='ocrx_word' id='word_1_849' title='bbox 3224 5433 3438 5504; x_wconf 81' lang='lat' dir='ltr'><strong>586,cx</strong></span> <span class='ocrx_word' id='word_1_850' title='bbox 3472 5435 3680 5491; x_wconf 74' lang='lat' dir='ltr'><strong>lliclar.</strong></span> 
     </span>
    </p>
   </div>
   <div class='ocr_carea' id='block_1_114' title="bbox 2092 5506 2315 5563">
    <p class='ocr_par' dir='ltr' id='par_1_114' title="bbox 2092 5506 2315 5563">
     <span class='ocr_line' id='line_1_114' title="bbox 2092 5506 2315 5563; baseline -0.018 0"><span class='ocrx_word' id='word_1_851' title='bbox 2092 5506 2315 5563; x_wconf 76' lang='lat' dir='ltr'><strong>Calculo.</strong></span> 
     </span>
    </p>
   </div>
   <div class='ocr_carea' id='block_1_115' title="bbox 2164 5574 2785 5645">
    <p class='ocr_par' dir='ltr' id='par_1_115' title="bbox 2164 5574 2785 5645">
     <span class='ocr_line' id='line_1_115' title="bbox 2164 5574 2785 5645; baseline 0 -17"><span class='ocrx_word' id='word_1_852' title='bbox 2164 5576 2189 5614; x_wconf 72' lang='grc' dir='ltr'><strong>ι)</strong></span> <span class='ocrx_word' id='word_1_853' title='bbox 2220 5575 2375 5629; x_wconf 85' lang='lat' dir='ltr'><strong>Colb.</strong></span> <span class='ocrx_word' id='word_1_854' title='bbox 2401 5589 2477 5640; x_wconf 86' lang='lat' dir='ltr'><strong>a.,</strong></span> <span class='ocrx_word' id='word_1_855' title='bbox 2506 5574 2785 5645; x_wconf 81' lang='lat' dir='ltr'><strong>Segommt.</strong></span> 
     </span>
    </p>
   </div>
   <div class='ocr_carea' id='block_1_116' title="bbox 2165 5640 3688 5711">
    <p class='ocr_par' dir='ltr' id='par_1_116' title="bbox 2165 5640 3688 5711">
     <span class='ocr_line' id='line_1_116' title="bbox 2165 5640 3688 5711; baseline 0.002 -12"><span class='ocrx_word' id='word_1_856' title='bbox 2165 5656 2188 5683; x_wconf 76' lang='grc' dir='ltr'><strong><em>ο</em></strong></span> <span class='ocrx_word' id='word_1_857' title='bbox 2219 5645 2309 5699; x_wconf 78' lang='lat' dir='ltr'><strong>Sic</strong></span> <span class='ocrx_word' id='word_1_858' title='bbox 2342 5640 2600 5698; x_wconf 81' lang='lat' dir='ltr'><strong>Bec.cum</strong></span> <span class='ocrx_word' id='word_1_859' title='bbox 2631 5644 2789 5698; x_wconf 75' lang='lat' dir='ltr'><strong>editis</strong></span> <span class='ocrx_word' id='word_1_860' title='bbox 2821 5645 3110 5711; x_wconf 65' lang='lat' dir='ltr'><strong>plerisque.</strong></span> <span class='ocrx_word' id='word_1_861' title='bbox 3133 5641 3289 5698; x_wconf 86' lang='lat' dir='ltr'><strong>Colb.</strong></span> <span class='ocrx_word' id='word_1_862' title='bbox 3311 5658 3386 5706; x_wconf 93' lang='lat' dir='ltr'><strong>a.,</strong></span> <span class='ocrx_word' id='word_1_863' title='bbox 3412 5640 3538 5698; x_wconf 81' lang='lat' dir='ltr'><strong>Post</strong></span> <span class='ocrx_word' id='word_1_864' title='bbox 3561 5645 3688 5702; x_wconf 65' lang='lat' dir='ltr'><strong>dies</strong></span> 
     </span>
    </p>
   </div>
   <div class='ocr_carea' id='block_1_117' title="bbox 2091 5713 3699 5785">
    <p class='ocr_par' dir='ltr' id='par_1_117' title="bbox 2091 5713 3699 5785">
     <span class='ocr_line' id='line_1_117' title="bbox 2091 5713 3699 5785; baseline 0.002 -18"><span class='ocrx_word' id='word_1_865' title='bbox 2091 5731 2205 5768; x_wconf 70' lang='lat' dir='ltr'><strong>vero</strong></span> <span class='ocrx_word' id='word_1_866' title='bbox 2234 5725 2454 5785; x_wconf 73' lang='lat' dir='ltr'><strong>quatuor</strong></span> <span class='ocrx_word' id='word_1_867' title='bbox 2477 5717 2784 5785; x_wconf 55' lang='lat' dir='ltr'><strong>conjunctis.</strong></span> <span class='ocrx_word' id='word_1_868' title='bbox 2809 5715 2963 5769; x_wconf 86' lang='lat' dir='ltr'><strong>Colb.</strong></span> <span class='ocrx_word' id='word_1_869' title='bbox 2995 5730 3091 5785; x_wconf 79' lang='grc' dir='ltr'><strong>ιιι..</strong></span> <span class='ocrx_word' id='word_1_870' title='bbox 3123 5713 3247 5767; x_wconf 85' lang='lat' dir='ltr'><strong>Post</strong></span> <span class='ocrx_word' id='word_1_871' title='bbox 3278 5724 3377 5766; x_wconf 84' lang='lat' dir='ltr'><strong>tres</strong></span> <span class='ocrx_word' id='word_1_872' title='bbox 3409 5731 3524 5768; x_wconf 62' lang='lat' dir='ltr'><strong>vero</strong></span> <span class='ocrx_word' id='word_1_873' title='bbox 3551 5734 3699 5785; x_wconf 68' lang='lat' dir='ltr'><strong>qua-</strong></span> 
     </span>
    </p>
   </div>
   <div class='ocr_carea' id='block_1_118' title="bbox 2093 5783 3683 5855">
    <p class='ocr_par' dir='ltr' id='par_1_118' title="bbox 2093 5783 3683 5855">
     <span class='ocr_line' id='line_1_118' title="bbox 2093 5783 3683 5855; baseline 0.002 -20"><span class='ocrx_word' id='word_1_874' title='bbox 2093 5798 2225 5849; x_wconf 82' lang='lat' dir='ltr'><strong>mor,</strong></span> <span class='ocrx_word' id='word_1_875' title='bbox 2246 5783 2347 5855; x_wconf 82' lang='lat' dir='ltr'><strong>etc.</strong></span> <span class='ocrx_word' id='word_1_876' title='bbox 2370 5783 2580 5852; x_wconf 69' lang='lat' dir='ltr'><strong>Regm.,</strong></span> <span class='ocrx_word' id='word_1_877' title='bbox 2607 5783 2732 5838; x_wconf 82' lang='lat' dir='ltr'><strong>Post</strong></span> <span class='ocrx_word' id='word_1_878' title='bbox 2757 5797 2853 5837; x_wconf 81' lang='lat' dir='ltr'><strong>tres</strong></span> <span class='ocrx_word' id='word_1_879' title='bbox 2876 5800 2991 5839; x_wconf 80' lang='lat' dir='ltr'><strong>vero</strong></span> <span class='ocrx_word' id='word_1_880' title='bbox 3017 5784 3123 5836; x_wconf 70' lang='lat' dir='ltr'><strong>dies</strong></span> <span class='ocrx_word' id='word_1_881' title='bbox 3143 5795 3364 5855; x_wconf 72' lang='lat' dir='ltr'><strong>quatuor</strong></span> <span class='ocrx_word' id='word_1_882' title='bbox 3388 5783 3683 5854; x_wconf 56' lang='lat' dir='ltr'><strong>conjuncti.</strong></span> 
     </span>
    </p>
   </div>
   <div class='ocr_carea' id='block_1_119' title="bbox 2095 5854 3602 5927">
    <p class='ocr_par' dir='ltr' id='par_1_119' title="bbox 2095 5854 3602 5927">
     <span class='ocr_line' id='line_1_119' title="bbox 2095 5854 3602 5927; baseline -0.003 -16"><span class='ocrx_word' id='word_1_883' title='bbox 2095 5856 2248 5924; x_wconf 59' lang='grc' dir='ltr'><strong>ιω,</strong></span> <span class='ocrx_word' id='word_1_884' title='bbox 2269 5854 2392 5909; x_wconf 78' lang='lat' dir='ltr'><strong>Post</strong></span> <span class='ocrx_word' id='word_1_885' title='bbox 2420 5871 2534 5909; x_wconf 78' lang='lat' dir='ltr'><strong>vero</strong></span> <span class='ocrx_word' id='word_1_886' title='bbox 2564 5867 2663 5910; x_wconf 81' lang='lat' dir='ltr'><strong>tres</strong></span> <span class='ocrx_word' id='word_1_887' title='bbox 2694 5855 2765 5910; x_wconf 72' lang='lat' dir='ltr'><strong>vel</strong></span> <span class='ocrx_word' id='word_1_888' title='bbox 2789 5865 3004 5927; x_wconf 78' lang='lat' dir='ltr'><strong>quatuor</strong></span> <span class='ocrx_word' id='word_1_889' title='bbox 3036 5854 3478 5926; x_wconf 28' lang='lat' dir='ltr'><strong>dies’coujunctis,</strong></span> <span class='ocrx_word' id='word_1_890' title='bbox 3492 5865 3602 5911; x_wconf 86' lang='lat' dir='ltr'><strong>etc.</strong></span> 
     </span>
    </p>
   </div>
  </div>
