3966 6348
223 481 334 534 669

1134 481 1454 537 HISTORIA
1500 481 1944 537 FRANCHRLTM.
1991 483 2189 536 ιιιιῖέιι
2230 486 2563 541 OCTAVUS.

3392 484 3488 537 470

219 598 352 650 ultio
393 594 599 664 publica
644 595 839 647 cervici
869 595 986 662 ejus
1018 594 1310 651 immineat.
1342 596 1520 652 Satius
1549 605 1632 651 est
1658 598 1801 651 enim
1835 598 1883 654 Α
1913 596 2073 649 tantia
2097 640 2110 662 ,
2143 613 2243 668 qua
2277 614 2487 668 semper
2516 598 2724 662 ferves,
2772 598 3157 653 abstrahcrcris
3197 615 3212 654 ε
3243 607 3302 652 ιιι
3333 609 3386 653 et
3433 610 3488 656 tu

217 694 280 741 ut
325 689 474 754 pauci
519 695 866 740 cautumaces
916 699 1157 751 peream,
1188 704 1346 757 quam
1396 690 1472 742 ira
1518 689 1610 742 Dei
1651 702 1814 756 super

219 796 440 836 otnnem
483 781 753 851 regionem
785 781 1053 848 dependat
1086 781 1375 835 innoxiam.
1409 781 1533 837 Haec
1571 795 1694 848 rege
1731 779 1813 833 di-

217 882 414 938 cente,
444 872 839 941 responderunt
867 873 1033 926 duces
1066 890 1078 925 :
1114 872 1372 925 Bonitatis
1403 879 1507 924 tua:
1539 870 1808 938 magnani-

219 969 404 1031 mitas,
434 981 526 1018 rex
559 964 783 1029 optime,
807 962 1044 1017 enarrari
1075 962 1230 1017 facile
1262 977 1364 1015 non
1398 971 1601 1030 potest;
1631 961 1720 1030 qui
1747 959 1812 1012 ti-

218 1072 344 1111 mor
371 1056 464 1110 tibi
499 1057 549 1108 in
584 1055 747 1108 Deum
777 1055 874 1118 sit,
898 1054 987 1123 qui
1020 1069 1170 1106 amor
1197 1053 1249 1106 in
1279 1054 1558 1117 ecclesias,
1579 1066 1698 1121 qua:
1728 1066 1811 1106 re-

218 1148 462 1201 verentia
493 1147 542 1199 in
572 1148 1037 1215 sacerdotes,qute
1063 1144 1228 1208 pietas
1256 1145 1306 1196 iu
1332 1157 1610 1213 pauperes,
1627 1157 1812 1209 quaeve

216 1239 556 1304 diSlel-Sﬂllo
604 1239 657 1291 in
699 1251 919 1308 egenos.
951 1238 1053 1290 Sed
1097 1237 1218 1305 quia
1265 1237 1439 1291 omnia
1481 1251 1602 1303 qua:
1642 1235 1809 1303 gloria

215 1339 397 1383 vestra
432 1328 669 1396 profert,
704 1341 846 1382 recta
882 1343 1118 1398 veraque
1163 1343 1284 1384 esse
1329 1336 1652 1392 censentur;
1684 1328 1809 1396 quid

219 1422 480 1473 faciemus
503 1421 644 1490 quod
678 1422 902 1490 pupulas
934 1422 1110 1475 omnis
1137 1421 1189 1475 in
1220 1422 1403 1475 vitium
1437 1431 1517 1476 est
1545 1422 1806 1491 dilapsus,

218 1527 549 1579 oumemque
576 1511 847 1565 hominem
873 1527 1032 1580 agere
1055 1526 1173 1580 quae
1195 1519 1321 1565 sunt
1346 1512 1526 1581 iniqua
1549 1513 1810 1567 delectat?

220 1602 415 1656 Nullus
447 1618 626 1670 regem
661 1604 877 1668 metuit,
904 1603 1080 1656 nullus
1113 1603 1333 1669 ducem,
1363 1603 1534 1657 nullus
1561 1609 1808 1658 comitem

218 1705 502 1750 reveretur
530 1711 546 1749 :
581 1705 634 1750 et
663 1695 709 1750 si
741 1696 985 1750 fortassis
1014 1695 1174 1750 alicui
1210 1697 1307 1750 ista
1336 1695 1641 1764 displicent,
1667 1709 1722 1752 et
1747 1713 1809 1751 ea

221 1801 324 1853 pro
355 1787 693 1856 longcevitate
725 1785 845 1840 vita:
875 1796 1070 1841 vestra:
1099 1787 1389 1842 emendare
1421 1799 1668 1855 conatur,
1695 1798 1806 1843 sta-

218 1879 320 1932 tim
369 1877 564 1932 seditio
597 1878 649 1931 in
690 1877 922 1947 populo,
954 1877 1132 1931 statim
1180 1881 1435 1932 tumullus
1465 1879 1727 1946 exoritur,
1755 1888 1812 1934 et

1913 687 2074 739 vitam
2105 688 2480 757 adipiscereris
2509 699 2761 743 aeternam
2783 728 2797 750 ,
2826 699 2878 742 et
2906 691 3179 757 parvulum
3211 705 3369 758 quem
3398 706 3489 759 ge-

1913 779 2072 831 nuisti
2118 780 2384 834 adducere
2412 780 2478 832 ad
2522 781 2810 848 legitimam
2851 797 3039 850 posses
3080 793 3313 837 aetatem.
3367 783 3492 836 llaec

1912 868 2133 934 effatus,
2167 884 2288 922 cum
2319 869 2478 924 verba
2513 870 2654 924 illius
2699 872 2886 926 mulier
2930 874 3162 942 graviter
3189 873 3487 945 acciperet,

1912 972 1971 1012 se
2009 973 2038 1010 a
2083 970 2375 1028 conspectu
2432 960 2548 1029 ejus
2579 961 2701 1017 felle
2738 961 2949 1020 fervens
2991 965 3267 1019 abstraxit.
3321 966 3494 1020 Adve-

1915 1050 2092 1103 niente
2136 1064 2316 1103 autem
2372 1052 2660 1106 Dominicaa
2702 1054 3128 1110 ltesurrectionis
3156 1057 3244 1112 die
3273 1055 3323 1121 ἀ,
3369 1072 3492 1111 cum

1912 1143 2165 1196 sacerdos
2205 1142 2368 1214 403
2418 1145 2482 1197 ad
2513 1144 2780 1214 implenda
2809 1147 3168 1202 ecclesiastica
3200 1149 3377 1204 ofﬁcia
3421 1149 3490 1202 ad

1912 1234 2191 1289 ecclesiam
2239 1240 2496 1290 maturius
2544 1247 2914 1306 properasset,
2979 1240 3298 1307 antiphonas
3340 1241 3495 1310 juxta

1913 1330 2352 1384 consuetudinem
2387 1330 2626 1396 incipere
2656 1347 2750 1398 per
2776 1332 3018 1386 ordinem
3049 1335 3238 1402 ccepit:
3265 1348 3497 1403 cumque

1917 1421 2059 1476 inter
2084 1421 2416 1491 psallendum
2447 1422 2692 1476 formula:
2719 1423 3090 1487 decumberet,
3137 1424 3365 1477 crudelis
3404 1424 3497 1477 ad-

1915 1512 2013 1567 fuit
2044 1513 2306 1568 homicida
2325 1558 2340 1583 ,
2372 1515 2462 1584 qui
2491 1514 2800 1583 episcopum
2831 1529 2989 1584 super
3014 1514 3296 1570 formulam
3320 1517 3498 1586 quies-

1913 1613 2158 1668 centem,
2200 1612 2446 1660 extracto
2501 1604 2660 1659 baltei
2709 1605 2914 1672 cultro,
2945 1606 3043 1659 sub
3083 1606 3278 1661 ascella
3310 1621 3498 1674 percu-

1914 1698 1994 1748 tit.
2031 1695 2120 1749 llle
2150 1710 2276 1750 vero
2307 1709 2492 1750 vocem
2533 1697 2814 1761 emittens,
2848 1705 2905 1750 ut
2933 1696 3114 1751 clerici
3143 1697 3231 1762 qui
3272 1697 3497 1752 aderant

1911 1786 2260 1856 adjuvareut,
2291 1786 2486 1841 nullius
2513 1787 2712 1841 auxilio
2739 1787 2807 1841 de
2848 1787 3007 1840 tantis
3046 1786 3383 1840 adstantibus
3414 1796 3495 1840 est

1913 1877 2144 1948 adjutus.
2175 1878 2245 1932 At
2283 1877 2372 1932 ille
2415 1877 2599 1948 plenas
2638 1877 2900 1945 sanguine
2939 1891 3128 1931 manus
3156 1890 3316 1944 super
3351 1876 3490 1930 alta-

218 1974 488 2026 intantum
522 1972 899 2040 unusquisque’
917 1979 1102 2024 contra
1143 1970 1306 2042 (‘02
1343 1971 1620 2027 Seniorem
1664 1986 1806 2027 saeva
1837 1971 1885 2032 Β
1912 1974 2048 2026 rium
2091 1970 2388 2026 extendens
2417 1980 2468 2036 ⁸,
2503 1971 2798 2024 orationem
2845 1969 3102 2032 fundens,
3135 1977 3188 2024 et
3232 1968 3342 2022 Deo
3370 1981 3492 2036 gra-

217 2063 524 2117 inteutione
544 2070 840 2132 grassatur,
865 2070 923 2116 ut
946 2060 1031 2115 vix
1061 2077 1119 2116 se
1147 2063 1332 2117 credat
1359 2063 1606 2129 evadere,
1630 2063 1673 2117 si
1703 2072 1811 2117 tan-

215 2156 346 2211 dem
391 2154 555 2210 silere
597 2154 919 2223 nequiverit.
949 2155 1028 2208 Ad
1072 2155 1184 2209 hac
1214 2169 1305 2208 rex
1336 2154 1410 2208 ait
1437 2171 1452 2208 :
1485 2154 1542 2210 Si
1572 2157 1692 2223 quis
1719 2168 1808 2208 se-

215 2252 403 2320 quitur
427 2247 690 2319 justitiam
711 2289 725 2313 ,
761 2250 934 2312 vivat;
969 2250 1011 2301 si
1043 2247 1163 2317 quis
1196 2248 1366 2317 legem
1396 2247 1809 2316 mandatumque

215 2353 462 2398 nostrum
491 2343 716 2411 reSpuit,
735 2341 844 2411 jam
875 2348 1078 2410 pereat,
1099 2354 1167 2395 ne
1194 2354 1292 2394 nos
1319 2339 1518 2394 diutius
1544 2339 1644 2393 hoc
1669 2339 1811 2394 blas-

214 2438 497 2506 pbemium
545 2435 779 2505 (Gallice
819 2432 1022 2504 blame)
1070 2441 1441 2502 prosequatur.
1477 2432 1600 2487 Haec
1629 2447 1695 2488 eo
1724 2433 1806 2486 di-

213 2540 414 2593 cente,
447 2527 666 2581 advenit
713 2527 962 2588 nuntius,
990 2524 1175 2579 dicens
1225 2540 1241 2579 :
1291 2523 1620 2578 Richaredus
1671 2524 1810 2578 filius

213 2617 552 2674 Leuvichiidi
599 2618 668 2672 de
721 2617 992 2686 Hispaniis
1039 2630 1315 2685 egressus,
1345 2614 1517 2683 Caput
1559 2615 1754 2670 Arietis
1781 2625 1807 2654 ι

212 2722 395 2767 castra
427 2709 680 2772 obtinuit,
709 2720 764 2764 et
795 2725 858 2762 ex
892 2722 1028 2777 pago
1059 2707 1326 2763 Tolosano
1357 2707 1646 2762 maximam
1677 2722 1806 2777 par-

216 2815 328 2855 tem
357 2801 715 2871 depOpulatus
760 2810 874 2866 est,
913 2800 1265 2868 hominesque
1297 2798 1538 2855 captivos
1565 2798 1803 2852 abduxit.

222 2891 500 2956 tigeruum
537 2889 562 2928 δ
597 2889 914 2944 Arelatense
942 2899 1174 2943 castrum
1208 2889 1428 2958 irrupit,
1460 2904 1652 2959 resque
1679 2903 1809 2943 cun-

213 2993 338 3037 ctas
385 2996 507 3035 cum
554 2979 860 3034 hominibus
905 2978 1152 3042 abstulit;
1183 2989 1238 3033 et
1267 2980 1343 3033 sic
1374 2993 1434 3034 se
1464 2979 1595 3033 infra
1625 2993 1806 3033 muros

214 3070 604 3127 Nemausensis
631 3070 778 3125 urbis
804 3069 1038 3124 inclusit.
1069 3069 1194 3125 Haec
1216 3069 1439 3124 audiens
1467 3085 1579 3136 rex,
1603 3070 1807 3126 Leude-

214 3162 430 3231 gisilum
457 3161 509 3214 in
537 3160 710 3215 locum
731 3159 1077 3224 Calumniosi,
1093 3170 1449 3229 cognomento
1471 3159 1730 3231 Aﬁgilanis
1755 3171 1804 3227 ο,

213 3253 416 3307 ducem
445 3252 720 3322 deligens,
749 3267 964 3306 omnem
995 3253 1042 3305 ei
1071 3249 1406 3307 Provinciam
1436 3252 1801 3307 Arelatensem

1913 2062 2014 2116 tias
2043 2075 2235 2131 agens,
2266 2061 2318 2115 in
2357 2059 2662 2115 cubiculum
2692 2073 2847 2114 suum
2876 2057 3014 2112 inter
3046 2071 3236 2111 manus
3261 2056 3495 2112 fidelium

1909 2154 2220 2222 deportatus
2239 2193 2256 2218 ,
2286 2161 2341 2208 et
2370 2154 2422 2206 in
2451 2167 2604 2206 suum
2635 2152 2886 2205 lectulum
2924 2151 3218 2206 collocatus
3245 2159 3346 2205 est.
3376 2151 3496 2204 Sta-

1912 2245 2114 2313 timque
2138 2243 2504 2312 Fredegundis
2531 2257 2654 2298 cum
2678 2242 2980 2310 Beppoleno
3002 2243 3136 2296 duce
3159 2251 3214 2296 et
3236 2242 3496 2296 Ansoual-

1909 2337 1980 2391 do
2031 2336 2231 2401 adfuit,
2276 2334 2506 2389 dicens:
2550 2334 2664 2388 Non
2713 2342 3023 2402 oportuerat
3069 2333 3186 2388 haec
3231 2335 3384 2388 nobis
3431 2347 3495 2388 ac

1909 2428 2129 2497 reliqua:
2156 2427 2298 2497 plebi
2350 2435 2486 2492 tute,
2518 2439 2551 2480 ο
2591 2435 2776 2482 Sancte
2811 2426 3093 2491 sacerdOs,
3145 2435 3203 2480 ut
3254 2427 3352 2481 ista
3403 2437 3494 2482 tuo

1909 2519 2078 2574 cultui
2117 2519 2415 2574 evenirent.
2458 2518 2565 2573 Sed
2611 2517 2808 2572 utinam
2859 2518 3182 2572 iudicaretur
3222 2518 3314 2585 qui
3365 2519 3487 2572 talia

1910 2626 2072 2666 ausus
2110 2622 2192 2666 est
2221 2621 2564 2680 perpetrare,
2613 2619 2674 2665 ut
2695 2610 2851 2679 digna
2879 2624 2976 2679 pro
3007 2609 3108 2664 hoc
3135 2609 3341 2665 scelere
3365 2625 3494 2679 sup~

1911 2704 2069 2773 plicia
2093 2702 2402 2758 sustineret.
2424 2703 2609 2758 Sciens
2636 2713 2811 2756 autem
2835 2717 2952 2756 eam
2975 2700 3226 2757 sacerdos
3257 2709 3372 2756 hcce
3395 2704 3494 2757 do-

1911 2794 2024 2849 lose
2054 2793 2323 2863 proferre,
2349 2793 2425 2847 ait
2459 2809 2471 2843 :
2505 2793 2572 2846 Et
2611 2793 2728 2862 quis
2759 2792 2871 2846 haec
2901 2792 3055 2858 fecit,
3089 2793 3188 2846 nisi
3221 2793 3264 2845 is
3291 2792 3381 2862 qui
3409 2806 3495 2847 re-

1907 2900 2002 2956 ges
2028 2883 2329 2950 interemit,
2359 2884 2446 2954 qui
2477 2884 2672 2952 saepius
2695 2882 3008 2954 sanguinem
3042 2884 3382 2938 innocentem
3413 2883 3493 2938 ef-

1908 2979 2074 3043 fudit,
2099 2978 2188 3047 qui
2215 2978 2424 3034 diversa
2451 2977 2505 3032 in
2531 2977 2631 3031 hoc
2661 2991 2828 3046 regno
2857 2976 2996 3030 mala
3021 2975 3323 3030 commisit?
3355 2975 3492 3031 Res-

1909 3069 2094 3139 pondit
2125 3069 2319 3124 mulier
2356 3086 2370 3124 :
2409 3069 2547 3124 Sunt
2573 3069 2710 3138 apud
2761 3083 2858 3124 nos
2922 3070 3224 3136 peritissimi
3267 3069 3491 3139 medici,

1907 3161 2000 3232 qui
2028 3160 2149 3216 huic
2196 3161 2409 3216 vulneri
2443 3159 2645 3216 mederi
2682 3169 2924 3230 possunt.
2969 3159 3225 3214 Permitte
3257 3166 3316 3214 ut
3338 3175 3495 3215 acce-

1909 3250 2037 3305 dant
2077 3249 2142 3304 ad
2173 3259 2247 3305 te.
2279 3248 2347 3304 Et
2375 3248 2506 3305 ille:
2536 3248 2654 3304 Jam
2676 3289 2690 3312 ,
2722 3249 2920 3321 inquit,
2965 3264 3050 3304 me
3079 3247 3219 3302 Deus
3257 3250 3496 3318 praecipit

215 3341 510 3407 commisit,
541 3341 898 3410 custodesque
943 3356 1039 3411 per
1079 3341 1338 3396 terminos
1379 3356 1543 3412 super
1578 3352 1806 3411 quatuor
1835 3349 1880 3412 C
1910 3341 1979 3398 de
2008 3340 2110 3397 hoc
2153 3342 2354 3396 mundo
2397 3343 2599 3397 vocari.
2650 3341 2782 3396 Nam
2824 3351 2879 3395 tu
2920 3355 3040 3410 qua:
3081 3340 3162 3394 his
3202 3339 3494 3396 sceleribus

214 3435 462 3487 virorum
493 3432 662 3487 millia
693 3432 1002 3486 collocavit.
1045 3432 1150 3487 Sed
1179 3440 1236 3487 et
1265 3431 1500 3488 Nicetius
1539 3435 1806 3489 Arverno-

217 3542 344 3580 rum
376 3525 482 3580 dux
511 3525 760 3580 similiter
787 3539 909 3580 cum
938 3525 1253 3580 custodibus
1283 3526 1548 3595 perrexit,
1579 3535 1634 3582 et
1674 3527 1808 3583 fines

215 3615 456 3684 regionis
484 3614 725 3669 ambivit.

293 3706 493 3762 XXXI.
532 3707 666 3762 Dum
695 3706 809 3761 haec
832 3714 1136 3777 agerentur,
1164 3716 1219 3762 et
1264 3706 1630 3778 Fredegundis
1669 3710 1807 3778 apud

217 3798 711 3869 Rothomageusem
759 3799 943 3852 urbem
982 3809 1424 3865 commoraretur,
1467 3801 1626 3854 verba
1665 3815 1810 3854 ama-

218 3889 474 3945 ritudinis
521 3903 644 3945 cum
699 3888 1024 3944 Prmtextato
1069 3889 1320 3958 pontifice
1363 3889 1574 3954 habuit,
1627 3888 1809 3945 dicens

220 3993 506 4038 venturum
540 3996 665 4037 esse
696 3992 938 4050 tempus,
971 3981 1186 4051 quando
1209 3983 1393 4036 exsilia
1424 3981 1476 4036 in
1503 3982 1694 4051 quibus
1718 3983 1811 4038 de-

219 4086 404 4129 tentus
446 4071 649 4140 fuerat,
684 4074 965 4129 reviseret.
1022 4074 1086 4128 Et
1115 4074 1206 4128 ille
1237 4091 1251 4127 :
1288 4074 1398 4144 Ego
1439 4063 1650 4144 semper
1672 4088 1726 4131 et
1757 4077 1808 4131 in

216 4169 451 4232 exsilio,
501 4177 556 4221 et
586 4178 734 4221 extra
781 4167 1029 4221 exsilium
1067 4169 1355 4235 episcopus
1403 4168 1508 4233 fui,
1558 4185 1713 4234 sum,
1759 4181 1812 4224 et

212 4275 354 4322 cru;
385 4274 506 4311 nam
536 4267 590 4311 tu
623 4273 728 4311 non
756 4271 970 4327 semper
1014 4257 1177 4326 regali
1227 4256 1463 4327 potentia
1497 4258 1808 4326 perfrueris.

215 4353 332 4407 Nos
360 4352 425 4406 ab
467 4352 656 4406 exsilio
701 4350 1066 4419 provehimur,
1101 4351 1380 4412 tribuente
1415 4351 1560 4419 Deo,
1598 4353 1651 4406 in
1692 4369 1811 4424 reg-

215 4459 356 4497 num
391 4460 403 4495 :
433 4451 488 4495 tu
515 4457 644 4496 vero
667 4441 734 4495 ab
761 4441 863 4495 hoc
895 4456 1061 4511 regno
1091 4441 1418 4511 demergeris
1444 4458 1496 4496 tu
1537 4443 1808 4510 abyssum.

219 4536 451 4588 liectius
482 4533 627 4588 enim
657 4543 774 4587 erat
805 4534 931 4599 tibi,
964 4541 1022 4587 ut
1052 4533 1234 4588 relicta
1264 4523 1484 4588 stultitia
1516 4546 1674 4607 atque
1705 4554 1816 4590 ma-

221 4629 371 4689 litia,
415 4625 526 4694 jam
562 4634 612 4680 te
636 4624 700 4678 ad
731 4622 949 4679 meliora
987 4634 1361 4690 converteres,
1405 4636 1460 4681 et
1489 4626 1557 4680 ab
1584 4627 1682 4683 hac
1702 4628 1815 4698 jac-

1913 3435 2159 3504 princeps
2207 3433 2417 3488 inventa
2461 3446 2551 3498 es,
2599 3433 2706 3488 eris
2751 3431 3030 3487 maledicta
3079 3432 3131 3486 iu
3164 3432 3393 3498 saeculo,
3440 3441 3496 3488 et

1910 3527 2012 3582 erit
2042 3525 2183 3582 Deus
2212 3527 2352 3580 ultor
2378 3527 2652 3597 sanguinis
2679 3525 2782 3581 mei
2809 3525 2878 3580 de
2904 3526 3080 3594 capite
3110 3533 3222 3580 tuo.
3249 3525 3493 3594 Cumque

1911 3619 1997 3673 illa
2042 3618 2375 3687 discederet,
2421 3617 2657 3686 pontifex
2706 3617 2945 3672 ordinata
2977 3616 3137 3671 domo
3163 3630 3288 3680 sua,
3331 3617 3492 3685 spiri-

1912 3723 2024 3767 tum
2056 3711 2344 3767 exhalavit.
2391 3709 2473 3764 Ad
2502 3724 2660 3778 quem
2707 3707 3072 3778 sepeliendum
3114 3707 3500 3762 Romachatius

1911 3803 2278 3860 ConStantinte
2331 3802 2478 3857 urbis
2511 3801 3074 3871 episcopus'advenit.
3123 3800 3344 3870 Magnus
3375 3809 3500 3855 tunc

1911 3913 2100 3954 omnes
2132 3899 2591 3969 Rothomagenses
2617 3898 2792 3963 cives,
2838 3905 2892 3952 et
2921 3897 3218 3966 praesertim
3259 3897 3502 3951 seniores

1915 3991 2018 4046 luci
2051 3991 2195 4046 illius
2223 3993 2486 4056 Francos,
2530 4002 2730 4045 mteror
2755 3989 2985 4044 obsedit.
3033 3989 3111 4042 Ex
3141 3987 3336 4058 quibus
3367 4003 3503 4041 unus

1913 4082 2097 4137 senior
2125 4083 2189 4136 ad
2238 4081 2644 4152 Fredegundem
2691 4081 2943 4145 veniens,
2993 4079 3114 4132 ait:
3159 4079 3319 4132 Multa
3359 4077 3503 4133 enim

1915 4175 2053 4229 mala
2083 4175 2135 4229 in
2164 4176 2264 4230 hoc
2292 4175 2489 4228 saeculo
2519 4173 2833 4242 perpetrasti
2852 4212 2865 4236 ,
2899 4171 2992 4225 sed
3020 4170 3196 4224 adhuc
3221 4170 3373 4239 pejus
3396 4184 3498 4226 uult

1916 4268 2154 4333 feceras,
2191 4280 2350 4336 quam
2380 4273 2436 4319 ut
2483 4265 2816 4318 sacerdotem
2852 4262 2944 4316 Dei
2982 4260 3199 4329 juberes
3246 4260 3498 4314 interfici.

1915 4360 1990 4416 Sit
2027 4359 2168 4414 Deus
2199 4358 2339 4412 ultor
2383 4357 2656 4426 sanguinis
2696 4353 2996 4409 innocentis
3025 4353 3311 4419 velociter;
3343 4350 3506 4423 m5

1917 4467 2043 4506 nam
2069 4459 2121 4505 et
2147 4463 2336 4504 omnes
2363 4450 2566 4503 erimus
2589 4445 2934 4516 inquisitores
2963 4444 3086 4498 mali
3111 4443 3302 4514 hujus,
3333 4453 3390 4497 ut
3410 4444 3504 4498 tibi

1917 4541 2115 4596 diutius
2143 4556 2247 4595 non
2271 4541 2427 4595 liceat
2456 4548 2564 4592 tam
2588 4535 2826 4594 crudelia
2854 4550 3141 4591 exercere.
3173 4534 3307 4590 Cum
3329 4543 3506 4589 autem

1919 4633 2032 4688 baac
2061 4630 2241 4686 dicens
2272 4630 2573 4686 discederet
2611 4643 2640 4683 a
2673 4638 2965 4698 conspectu
2992 4624 3218 4696 reginae,
3251 4627 3395 4681 misit
3416 4625 3510 4680 illa

297 4772 326 4797 ι·
358 4761 523 4830 ango
563 4757 1354 4832 dicitur_Cabat:qt.rAlteserra:
1395 4767 1476 4813 est
1509 4759 1809 4815 Castefnau-
1842 4767 1892 4827 υ
1919 4765 2150 4824 obiisse.
2181 4778 2287 4832 quo
2325 4761 2410 4816 die
2456 4761 2509 4814 in
2541 4759 2817 4832 Martyrol.
2853 4760 3095 4832 Romano
3147 4768 3497 4832 memoratur,

224 4835 382 4901 dary,
440 4829 582 4899 quod
613 4832 687 4884 ait
713 4847 739 4882 a
764 4829 922 4901 Petro
948 4829 1108 4882 Vallis
1135 4830 1345 4884 Cernaii
1388 4832 1438 4883 in
1471 4833 1694 4882 Historia
1721 4834 1810 4885 Al-

225 4899 528 4966 bigensium
576 4901 835 4972 appellari
873 4899 1119 4953 Castrum
1169 4916 1361 4954 novum
1393 4902 1522 4964 Arii,
1580 4903 1634 4954 iu
1683 4917 1811 4972 agro

227 4973 576 5035 Lauraceusi,
613 4973 660 5024 le
684 4971 1024 5040 Lauraguuis.

303 5044 330 5079 δ
358 5042 582 5097 Celebre
622 5049 702 5094 est
739 5039 874 5111 apud
917 5050 1124 5094 veteres
1163 5051 1409 5094 auctores
1456 5039 1611 5100 huius
1651 5045 1811 5096 castri

225 5129 452 5173 nomen,
496 5114 608 5175 ubi,
656 5121 884 5166 testante
930 5111 1171 5169 Silonio,
1202 5112 1391 5164 Avitus
1437 5113 1695 5163 salutatus
1733 5122 1816 5168 est

225 5186 240 5237 i
268 5208 278 5230 ι
307 5193 543 5253 perator.
579 5183 747 5235 Hodie
779 5192 954 5253 tamen
1001 5191 1200 5253 mutatu
1233 5183 1475 5253 nomine.
1505 5183 1638 5233 haud
1668 5194 1818 5239 certo

221 5249 445 5308 constat
474 5269 538 5306 an
571 5255 640 5306 sit
668 5253 872 5306 Bellum
913 5252 1208 5316 Quadrum,
1243 5253 1400 5319 vulgo
1423 5249 1721 5316 Beaucaire,
1749 5270 1819 5309 an

223 5327 281 5379 in
325 5324 499 5376 insula
529 5321 817 5385 Guernica,
851 5322 1022 5393 vulgo
1053 5325 1104 5373 la
1136 5321 1354 5393 Vergne,
1397 5336 1512 5393 quat
1557 5339 1657 5375 vox
1688 5326 1820 5380 satis

227 5396 452 5461 Ugerno
495 5396 769 5460 competit.
821 5392 1056 5458 Uterque
1107 5391 1448 5453 vero'locus,
1503 5391 1820 5461 interposito

223 5477 418 5518 tamen
467 5463 750 5529 Rhodano,
802 5463 1130 5532 propinquus
1187 5472 1268 5516 est
1297 5462 1604 5525 Tarascoui,
1654 5479 1682 5516 a
1714 5481 1821 5531 quo

219 5547 394 5588 vetus
425 5532 692 5600 Ugernum
723 5550 907 5601 parum
938 5533 1195 5588 distitisse
1224 5542 1428 5587 certum
1456 5543 1558 5597 est,
1603 5534 1741 5587 sicut
1769 5545 1823 5589 et

213 5609 296 5659 ab
323 5606 542 5657 Arelate
586 5620 650 5658 ex
696 5605 813 5658 Vita
861 5605 918 5660 S.
947 5603 1188 5660 Ctesarii.
1223 5603 1546 5657 Hodiernum
1590 5606 1822 5674 appellat

216 5676 432 5732 Biclar.
466 5677 516 5728 in
537 5675 826 5730 Chronico.

301 5759 328 5786 ε
361 5745 518 5799 Colb.
551 5764 649 5810 tn.,
675 5745 864 5814 Regni.
894 5755 945 5799 et
975 5745 1174 5799 Cltcsn.
1208 5745 1302 5805 al.,
1331 5744 1580 5812 Agitanis.

296 5815 328 5855 δ
366 5816 422 5869 Id
447 5827 552 5883 est,
585 5817 672 5870 die
695 5816 964 5871 Dominica
996 5817 1133 5884 (qute
1160 5817 1210 5869 in
1233 5815 1494 5882 seqtnoris
1515 5814 1612 5866 ςυνί
1637 5823 1819 5867 aucto-

211 5891 389 5947 ribus
416 5890 614 5955 passitn
656 5887 770 5940 dies
799 5888 1207 5940 resurrectionis
1248 5886 1535 5936 Ilotniuicat
1576 5885 1814 5955 dicitur),

208 5977 271 6019 ςι
321 5954 513 6016 ventu:
552 5959 620 6013 sit
662 5957 1038 6013 l’rattextatutn
1092 5972 1141 6012 Vl
1185 5956 1303 6010 Kal.
1333 5957 1546 6010 Martias
1600 5971 1688 6009 an.
1713 5954 1817 6010 586

1918 4835 2005 4888 die
2030 4849 2155 4888 vero
2185 4830 2424 4902 sequenti
2473 4832 2526 4886 in
2555 4830 3109 4902 apographoUsuardt
3135 4831 3381 4902 ecclesiae
3403 4830 3510 4882 Ro-

1921 4899 2287 4972 tbomagensis
2318 4911 2564 4956 recenter
2593 4902 2820 4972 scripto.
2847 4901 2996 4972 llunc
3027 4908 3204 4972 tamen
3231 4899 3407 4972 locum
3440 4903 3510 4972 de

1923 4967 2162 5029 Paschali
2197 4973 2485 5028 feSIivitate
2515 4967 2758 5038 intelligit
2784 4970 3150 5038 flenscbenius
3178 4967 3244 5019 ad
3273 4968 3412 5020 diem
3440 4967 3510 5019 24

1924 5045 2083 5098 Febr.
2114 5043 2378 5108 Bolland.,
2406 5043 2493 5096 cui
2526 5036 3005 5108 favetAuonymus
3054 5036 3195 5091 infra
3237 5039 3507 5091 laudatus.

1926 5117 2158 5180 Ideoque
2224 5107 2528 5166 Prtetextati
2596 5120 2819 5180 mortem
2862 5107 3174 5180 “Aprilis
3219 5108 3513 5176 contigisse

1923 5177 2129 5253 scribit,
2157 5199 2262 5252 quo
2290 5183 2378 5237 die
2407 5197 2493 5234 an.
2522 5179 2626 5253 586
2650 5180 2849 5253 Pascha
2881 5177 3211 5253 celebratum
3242 5189 3342 5233 est.
3374 5181 3510 5233 Sub-

1924 5250 2140 5322 scripsit
2171 5250 2526 5307 Praetextatus
2554 5252 2760 5322 Concil.
2795 5250 2966 5322 Paris.
3007 5264 3097 5311 ιιι,
3126 5250 3329 5304 'l‘uron.
3372 5265 3433 5313 ιι,
3460 5260 3514 5305 et

1926 5321 2140 5380 demum
2182 5324 2385 5378 Matisc.
2417 5337 2475 5385 ll,
2523 5335 2610 5373 an.
2639 5321 2768 5385 585,
2811 5321 2954 5375 unde
2985 5328 3130 5389 patet
3157 5323 3275 5388 ejus
3326 5336 3512 5374 neeum

1925 5397 1988 5450 ad
2020 5412 2107 5449 an.
2139 5395 2262 5459 586,
2293 5395 2430 5446 sicut
2458 5401 2507 5446 et
2536 5406 2599 5445 ea
2631 5407 2751 5461 quae
2776 5393 2856 5445 bis
2878 5391 3143 5460 capitibus
3173 5399 3353 5445 narrat
3381 5389 3514 5444 Gre-

1928 5466 2126 5537 gorius,
2168 5479 2289 5518 esse
2318 5464 2678 5537 referendam.

2001 5547 2025 5574 ο
2058 5526 2370 5606 Ahouytnus
2409 5533 2497 5598 qui
2538 5533 2736 5587 satculo
2765 5531 3050 5606 uutleeimo
3081 5530 3213 5606 Acta
3250 5526 3514 5606 archiepi:

1925 5599 3049 5675 scoporunt'Rothomagensium_scripsit,
3093 5603 3232 5653 edita
3288 5610 3420 5675 tum.
3467 5599 3510 5653 ll

1928 5669 2169 5732 Analect.
2225 5669 2537 5741 Mabillon,
2576 5675 2653 5726 sic
2697 5673 2893 5726 habet:
2930 5672 3028 5737 Qui
3076 5686 3197 5741 mox
3220 5677 3272 5720 ut
3301 5669 3514 5741 vulnera

1922 5749 2106 5813 sensit,
2135 5746 2204 5799 ad
2232 5748 2393 5798 altare
2419 5738 2643 5796 cucurrit
2663 5786 2676 5804 ,
2714 5754 2759 5796 et
2783 5743 2911 5794 iffud
2942 5739 3296 5813 amplexatus,
3328 5738 3512 5813 viatico

1924 5808 2180 5870 Dominici
2207 5815 2433 5886 corporis
2456 5824 2502 5870 et
2526 5813 2790 5884 sanguinis
2811 5828 2864 5866 se
2883 5810 3135 5877 muniens,
3161 5811 3385 5864 animum
3408 5808 3516 5865 Dco

1923 5887 2165 5942 reddidit.
