3966 6348
489 471 588 528 ιιι

1432 470 1509 528 .S.
1549 468 1893 537 διιιηζαοιιιι
1918 464 2223 524 EPISCOPI
2255 460 2689 520 TURONENSIS

3646 457 3752 513 472

488 590 577 657 qui
606 600 728 642 eum
750 583 814 638 ad
830 582 1134 639 convivium
1165 591 1499 652 provocaret.
1529 582 1646 649 Quo
1668 590 1954 647 renuente,
1979 595 2068 635 ro-
2094 583 2140 639 Α
2172 576 2445 633 maleﬁciis
2473 576 2735 633 Francum
2766 572 2925 644 jussit
2955 573 3207 629 interfici.
3252 571 3317 627 Et
3346 572 3428 627 his
3457 570 3615 630 dirtis
3641 573 3724 628 dis

488 689 577 750 gat
603 689 660 732 ut
688 693 731 732 st
757 676 1004 732 convivio
1033 680 1148 745 ejus
1176 675 1248 729 uti
1300 690 1405 728 non
1434 674 1595 740 velit,
1625 673 1815 729 saltem
1858 672 1944 727 vel
1972 686 2070 742 po-

488 770 667 823 culum
714 767 953 831 hauriat,
1000 781 1068 820 ne
1100 764 1313 836 jejunus
1341 778 1370 817 a
1414 763 1577 833 regali
1606 763 1769 818 domo
1810 762 2068 816 discedat.

494 860 611 928 Quo
637 867 1004 928 exspectante,
1044 865 1265 924 accepto
1297 856 1520 925 poculo,
1554 854 1687 909 bibit
1730 854 2071 924 absynthium

490 967 612 1007 eum
647 954 773 1008 vino
817 961 873 1006 et
901 952 1059 1006 melle
1099 950 1357 1015 mixtum,
1408 960 1467 1004 ut
1508 964 1626 1005 mos
1667 949 2012 1005 barbarorum
2045 959 2073 988 ι

492 1044 696 1099 habet:
742 1046 835 1100 sed
876 1045 961 1099 hic
996 1052 1153 1113 potus
1175 1056 1384 1097 veneno
1430 1030 1664 1096 imbutus
1702 1052 1838 1097 erat.
1884 1042 2072 1097 Statim

493 1145 667 1191 autem
697 1144 754 1189 ιιι
782 1136 948 1201 bibit,
991 1136 1159 1190 sensit
1202 1134 1407 1206 pectori
1453 1148 1552 1188 suo
1579 1134 1816 1188 dolorem
1843 1134 2073 1188 validum

493 1226 809 1293 imminere,
841 1236 896 1283 et
924 1226 1076 1297 quasi
1124 1225 1170 1279 si
1214 1225 1541 1280 incideretnr
1585 1223 1936 1288 intrinsecus,
1976 1239 2073 1279 ex-

491 1316 688 1372 clamat
716 1319 852 1384 suis,
882 1317 1067 1372 dicens
1099 1335 1111 1370 :
1150 1316 1356 1385 Fugite,
1387 1330 1421 1370 o
1448 1315 1659 1377 miseri,
1689 1314 1852 1382 fugite
1878 1315 2074 1370 malum

493 1412 629 1478 hoc,
683 1426 753 1465 ne
799 1425 1003 1466 mecum
1044 1411 1244 1480 pariter
1306 1407 1662 1478 perimamini.
1718 1407 1825 1462 Illis
1866 1422 2079 1478 quoque

495 1518 603 1558 non
651 1502 991 1570 bibentibus,
1039 1501 1133 1556 sed
1163 1499 1539 1556 festinantibus
1565 1499 1746 1566 abire,
1795 1499 1884 1554 ille
1915 1499 2080 1567 proti—

498 1609 599 1649 nus
627 1606 953 1659 excaecatus,
1004 1605 1337 1661 ascensoque
1378 1605 1541 1661 equo,
1585 1590 1639 1644 in
1687 1589 1846 1647 tertio
1883 1589 1952 1644 ab
1979 1590 2081 1644 hoc

499 1686 621 1741 loco
645 1685 821 1741 stadio
857 1685 1072 1750 cecidit,
1102 1692 1159 1740 et
1184 1691 1427 1738 mortuus
1462 1689 1567 1737 est.
1601 1680 1844 1736 Posthzec
1867 1680 2080 1736 Leudo-

494 1776 681 1830 valdus
722 1774 1006 1844 episcopus
1044 1770 1074 1815 ι
1103 1774 1362 1844 epistolas
1401 1787 1497 1842 per
1538 1787 1727 1828 omnes
1770 1772 2082 1828 sacerdotes

2172 676 2474 732 cesserunt,
2517 667 2720 723 nullum
2762 665 3079 721 rationabile
3135 678 3454 735 responsum
3490 665 3752 733 accipien-

2176 770 2285 824 tes;
2317 759 2649 814 obtestantes
2682 760 2903 812 ntuniuo
2941 767 2997 811 ut
3028 770 3297 826 nunquam
3336 756 3387 808 in
3415 755 3640 811 ecclesia
3668 756 3752 813 illa

2176 852 2477 919 Melantius,
2526 852 2613 920 qui
2656 850 2806 919 prius
2843 849 2896 903 in
2938 847 3059 903 loco
3095 846 3398 903 Prmtexuti
3440 850 3754 919 subrogatus

2178 944 2373 1009 fuerat,
2402 938 2698 999 sacerdOtis
2727 943 3037 1012 fungeretur
3064 939 3266 995 oflicio.

2246 1034 2467 1089 XXXII.
2495 1032 2655 1088 Multa
2680 1034 2821 1088 enim
2851 1030 2952 1086 hoc
2980 1041 3221 1099 tempore
3258 1029 3394 1085 mala
3424 1038 3577 1100 gesta
3610 1040 3752 1089 sunt.

2176 1124 2308 1178 Nam
2339 1123 2596 1178 Domnola
2626 1122 2813 1177 relicta
2857 1120 3126 1192 quondam
3171 1118 3475 1188 Burgoleni,
3516 1134 3636 1187 qua:
3664 1118 3756 1176 fuit

2185 1214 2291 1277 tilia
2320 1213 2539 1269 Victorii
2565 1212 2939 1267 Rhedonensis
2965 1209 3205 1279 episcopi
3231 1217 3282 1276 ο,
3309 1208 3758 1278 quatntNectarins

2180 1304 2520 1361 matrimonio
2545 1303 2915 1373 copulaverat,
2957 1300 3304 1356 intentionem
3343 1300 3411 1354 de
3444 1299 3619 1354 vineis
3641 1315 3757 1356 cum

2182 1395 2453 1459 Boboleno
2483 1392 2504 1433 ί
2539 1391 2903 1450 referendario
2946 1389 3311 1461 Fredegundis
3358 1389 3607 1445 habebat.
3652 1391 3759 1447 Au-

2181 1491 2332 1549 diens
2362 1506 2481 1546 eam
2506 1492 2558 1546 in
2591 1490 2688 1545 has
2716 1489 2902 1545 vineas
2924 1488 3229 1552 advenisse,
3252 1487 3397 1543 misit
3421 1486 3637 1540 nuntios
3665 1483 3755 1539 ob-

2183 1591 2441 1640 testantes
2473 1598 2540 1639 ne
2582 1582 2789 1655 ingredi
2829 1583 3044 1652 penitus
3087 1582 3140 1641 in
3191 1581 3329 1636 hanc
3372 1580 3761 1650 possessionem

2188 1685 2567 1744 praesumeret.
2614 1674 2765 1744 Quod
2809 1676 2894 1731 illa
2924 1673 3248 1744 despiciens,
3280 1682 3334 1729 et
3376 1686 3462 1729 res
3488 1671 3657 1742 patris
3682 1669 3761 1727 sui

2185 1767 2350 1824 fuisse
2378 1768 2748 1838 proclamans,
2779 1767 3017 1838 ingressa
3051 1775 3158 1821 est.
3189 1764 3341 1820 Tunc
3376 1763 3468 1819 ille
3492 1771 3760 1818 commota

493 1866 715 1933 direxit,
749 1875 803 1921 et
842 1873 1063 1934 accepto
1089 1864 1315 1920 consilio
1342 1863 1596 1920 ecclesias
1622 1862 2084 1934 Rotbomagenses
2187 1859 2474 1926 seditione,
2507 1873 2668 1929 super
2692 1873 2810 1915 eam
2853 1872 2975 1913 cum
3024 1857 3248 1915 armatis
3272 1857 3401 1914 viris
3440 1855 3594 1910 irruit
3621 1872 3633 1907 :
3659 1869 3760 1923 qua

491 1958 705 2027 clausit,
738 1966 798 2012 ut
826 1956 880 2013 in
910 1956 995 2013 bis
1032 1955 1266 2026 populus
1306 1955 1568 2011 solemnia
1611 1954 1792 2010 divina
1820 1970 1933 2011 non
1959 1970 2081 2024 spe.
2111 1941 2157 2002 Β
2186 1953 2485 2017 interfecta,
2507 1953 2692 2008 vineas
2714 1936 3074 2012 vindetitiavit,
3094 1965 3293 2021 resque
3311 1950 3550 2017 diripuit,
3580 1958 3636 2005 et
3657 1960 3762 2007 tam

494 2057 690 2114 etaret,
720 2046 895 2103 donec
922 2046 1267 2117 indagatione
1284 2047 1906 2116 communisreperiretur
1927 2046 2085 2116 hujus
2186 2050 2330 2103 virus
2376 2061 2534 2118 quam
2564 2046 2849 2112 mulieres,
2879 2045 2969 2115 qui
3001 2059 3122 2099 cum
3150 2058 3213 2099 ea
3259 2052 3447 2111 erant,
3494 2041 3765 2097 interfecit

494 2136 936 2197 auctorseeleris.
950 2135 1059 2191 Sed
1075 2134 2085 2207 etaliqnosapprehendit,quibussup-
2188 2138 2389 2210 gladio,
2418 2153 2517 2194 nec
2541 2137 2797 2195 remansit
2844 2151 2912 2193 ex
2950 2136 3067 2200 bis,
3100 2135 3201 2191 nisi
3246 2136 3335 2206 qui
3377 2135 3497 2206 fuga
3532 2134 3637 2190 labi
3667 2149 3767 2205 po-

495 2227 659 2297 plicio
680 2227 941 2289 subditis,
967 2228 1251 2283 veritatem
1280 2228 1543 2292 extorsit,
1577 2227 1805 2297 qualiter
1834 2242 1930 2297 per
1957 2242 2087 2283 eon-

496 2316 676 2373 silium
702 2316 1072 2386 Fredegundis
1102 2317 1217 2371 haec
1243 2328 1361 2373 acta
1392 2316 1641 2373 fuerant:
1674 2318 1769 2375 sed
1800 2334 1860 2374 ea
1892 2320 2083 2376 defen-

485 2418 673 2475 sante,
706 2409 892 2464 ulcisci
925 2424 1030 2463 non
1064 2410 1254 2478 potuit.
1309 2408 1578 2464 Ferebant
1599 2411 1762 2466 etiam
1804 2411 1871 2475 ad
1912 2411 2085 2481 ipsum

498 2513 846 2570 percussores
871 2499 1107 2565 venisse,
1148 2513 1247 2568 pro
1273 2514 1340 2555 eo
1361 2500 1504 2569 quod
1536 2500 1652 2556 hzec
1704 2501 1977 2573 inquirere
2003 2518 2088 2558 sa-

498 2592 704 2659 gaciter
741 2591 1065 2655 destinaret;
1097 2590 1192 2646 sed
1220 2591 1464 2646 custodia
1503 2592 1704 2647 vallato
1732 2607 1977 2659 suorum,
2009 2593 2090 2645 ni-

503 2683 580 2738 hil
610 2683 657 2738 ei
705 2697 904 2738 nocere
923 2690 1233 2752 potui-runt.
1281 2681 1466 2750 Itaque
1505 2697 1627 2737 cum
1673 2682 1784 2737 haec
1814 2682 1881 2737 ad
1917 2682 2087 2739 Gunt-

501 2773 820 2841 chralnnum
862 2788 1044 2844 regem
1097 2773 1298 2843 perlata
1329 2772 1578 2839 fuissent,
1604 2782 1659 2827 et
1680 2773 1882 2829 crimen
1925 2787 2091 2844 super

504 2867 786 2923 mulierem
824 2866 1116 2934 jacerrtur,
1149 2865 1296 2920 misit
1334 2873 1445 2921 tres
1475 2867 1756 2935 episc0pos
1793 2866 1859 2920 ad
1900 2866 2089 2933 lilium,

510 2957 604 3028 qui
629 2971 751 3013 esse
772 2956 969 3012 dicitur
986 2954 1294 3025 Chilperici,
1319 2970 1475 3025 quem
1488 2953 1737 3025 superius
1757 2954 2091 3013 Clothariutu

506 3049 977 3120 scripsimns(Lib.
1008 3065 1104 3115 vn,
1134 3066 1248 3117 cap.
1279 3046 1338 3119 ϐ)
1365 3048 1683 3114 vocitatum,
1717 3050 1769 3104 id
1796 3061 1876 3105 est
1900 3049 2096 3104 Arthe-

508 3141 673 3196 tninm
727 3140 1075 3205 Senonicum,
1124 3139 1394 3196 Veranum
1452 3139 1912 3195 Cavellionensem
1947 3149 1995 3207 ο,
2041 3148 2096 3197 et

507 3232 795 3303 Agrecinm
825 3233 1219 3299 Tricassinum,
1254 3241 1311 3289 ut
1339 3232 1543 3287 scilicet
1589 3246 1710 3287 cum
1748 3232 1833 3287 his
1862 3233 1948 3302 qui
1975 3247 2093 3301 par-

2189 2234 2312 2284 tuil.

2262 2318 2503 2375 XXXIII.
2540 2319 2754 2381 Exstitit
2779 2328 2959 2375 autem
2988 2318 3041 2374 in
3073 2318 3155 2374 his
3185 2317 3373 2373 diebus
3417 2317 3556 2386 apud
3581 2317 3767 2373 urbem

2191 2412 2512 2468 Parisiacam
2560 2411 2772 2479 mulier,
2804 2410 2967 2482 406
2993 2426 3114 2480 qute
3144 2410 3350 2465 diceret
3390 2408 3580 2465 incolis
3613 2425 3627 2460 :
3660 2408 3769 2463 Fu-

2192 2505 2300 2575 gite
2322 2505 2391 2559 ab
2420 2504 2573 2570 urbe,
2595 2511 2651 2558 et
2679 2505 2870 2559 scitote
2891 2517 3011 2558 eam
3038 2502 3286 2558 incendio
3306 2498 3772 2561 concremandam.

2190 2598 2320 2667 Quae
2348 2611 2469 2652 cum
2516 2611 2546 2650 a
2590 2595 2777 2650 multis
2821 2594 3164 2658 irrideretur,
3196 2593 3336 2665 quod
3371 2594 3486 2649 haec
3523 2603 3616 2647 aut
3658 2607 3772 2647 scrc

2195 2689 2323 2743 tium
2356 2686 2619 2757 praesagio
2647 2686 2884 2757 diceret,
2913 2695 3006 2740 aut
3042 2700 3175 2740 vana
3207 2683 3387 2754 aliqua
3431 2683 3773 2748 somniasset,

2193 2790 2286 2836 aut
2315 2790 2461 2836 certe
2516 2777 2764 2834 daemonii
2817 2778 3100 2834 meridiani
3157 2777 3252 2847 (V.
3279 2777 3370 2832 lib.
3396 2792 3446 2831 tv
3474 2776 3539 2831 de
3563 2775 3774 2832 no.3.

2203 2871 2441 2936 Martini,
2493 2888 2609 2939 cap.
2640 2870 2733 2941 56)
2764 2869 2878 2924 hrec
2919 2869 3172 2925 instinctu
3215 2868 3518 2938 proferret,
3551 2881 3775 2936 respon-

2194 2965 2271 3020 dit
2302 2981 2319 3020 :
2350 2964 2694 3034 Nequaquam
2733 2970 2816 3017 est
2862 2961 2933 3016 ita
2966 2970 3024 3015 ut
3049 2960 3248 3015 dicitis.
3288 2961 3419 3015 Nam
3466 2959 3519 3013 in
3550 2960 3776 3015 veritate

2197 3059 2405 3128 loquor,
2432 3056 2553 3126 quia
2578 3054 2686 3109 vidi
2719 3069 2815 3125 per
2843 3054 3107 3109 somnium
3134 3067 3165 3106 a
3190 3051 3407 3105 basilica
3436 3051 3607 3105 sancti
3641 3048 3777 3102 Vino

2196 3148 2357 3204 centii
2380 3146 2681 3203 venientem
2711 3147 2883 3200 virum
2909 3145 3286 3208 illuminatum,
3313 3151 3582 3198 tenentem
3610 3158 3776 3198 manu

2198 3252 2436 3303 cereum,
2461 3246 2515 3293 ct
2545 3236 2734 3292 domos
2763 3237 3123 3306 negotiantum
3146 3249 3209 3289 ex
3233 3235 3419 3288 ordine
3440 3236 3777 3289 succenden-

510 3325 703 3380 rulum.
723 3324 1047 3392 nutriebant,
1079 3327 1453 3395 perquirerent
1482 3325 1638 3395 hujus
1661 3324 1881 3380 sceleris
1907 3338 2095 3393 perso-
2124 3312 2169 3375 C
2202 3338 2332 3385 gem,
2366 3328 2604 3398 Denique
2626 3336 2743 3396 post
2768 3329 2976 3381 tertiam
3010 3334 3219 3381 noctem
3251 3324 3393 3394 quod
3426 3324 3543 3379 hec
3583 3326 3780 3379 mulier

509 3431 655 3481 nam,
700 3424 755 3470 et
802 3414 853 3469 in
892 3422 1185 3482 conspectu
1223 3414 1342 3484 ejus
1377 3414 1714 3470 exhibereut.
1766 3414 1920 3482 Quod
1969 3429 2091 3481 cum

510 3509 822 3565 sacerdotes
865 3506 1024 3561 locuti
1070 3505 1326 3567 fuissent,
1374 3507 1770 3574 re5p0nderttnt
1819 3506 2092 3561 seniores:

513 3598 676 3672 ωε
704 3596 869 3652 Nobis
912 3610 1131 3665 prorsus
1163 3596 1278 3650 haec
1318 3594 1456 3651 facta
1500 3597 1807 3665 displicent,
1836 3607 1890 3652 et
1930 3598 2098 3667 magis

515 3704 579 3745 ac
613 3687 783 3757 magis
819 3700 884 3742 ea
917 3686 1160 3755 cupimus
1199 3686 1403 3742 ulcisci.
1443 3686 1577 3741 Nam
1615 3702 1720 3743 non
1754 3698 1927 3757 potest
1960 3688 2096 3757 fieri,

518 3791 576 3835 ut
605 3779 650 3834 si
681 3778 803 3849 quis
829 3776 970 3833 inter
994 3792 1095 3832 nos
1130 3777 1410 3847 cnlpabilis
1451 3778 1736 3844 invenitur,
1762 3778 1814 3834 in
1844 3794 2100 3850 conspec-

520 3881 632 3927 tum
678 3870 824 3941 regis
860 3870 1025 3924 vestri
1067 3869 1383 3935 deducatur,
1404 3882 1524 3925 cum
1570 3884 1677 3926 non
1708 3871 1971 3939 possimus
2004 3888 2100 3928 no-

522 3974 754 4020 atrorum
768 3961 1185 4032 facinoraregali
1200 3964 1478 4019 sanctione
1494 3965 1849 4035 comprimere
1875 3964 1924 4019 ἀ.
1948 3966 2101 4025 Tunc

520 4059 831 4113 sacerdotes
852 4055 1102 4115 dixerunt
1126 4070 1139 4109 :
1164 4054 1431 4110 Noveritis
1457 4055 1622 4125 enim,
1648 4056 1772 4127 quia
1801 4057 1847 4111 si
1876 4070 2101 4126 persona

517 4164 639 4219 quae
676 4150 794 4204 haec
829 4149 1182 4218 perpetravit,
1228 4148 1283 4204 in
1327 4146 1505 4205 medio
1541 4149 1712 4218 posita
1758 4164 1865 4205 non
1908 4148 2099 4215 fuerit,

522 4256 619 4297 rex
642 4249 826 4296 noster
856 4254 978 4296 cum
1025 4240 1267 4297 exercitu
1308 4241 1410 4296 huc
1448 4242 1690 4309 veniens,
1723 4256 1937 4296 omnem
1968 4245 2104 4296 hanc

520 4332 795 4406 regionem
838 4333 1017 4405 gladio
1060 4334 1415 4403 incendioque
1460 4333 1688 4389 vastabit
1719 4349 1734 4386 :
1765 4333 1888 4403 quia
1935 4332 2105 4387 mani-

521 4432 713 4486 festum
749 4439 833 4485 est
860 4428 998 4484 hanc
1034 4427 1370 4484 interfecisse
1401 4428 1583 4497 gladio
1608 4427 1955 4497 episcopum,
1984 4441 2104 4497 qua:

595 4592 620 4620 ⁸
647 4583 736 4639 Sic
805 4584 1041 4638 Francos
1087 4583 1285 4652 passim
1329 4582 1564 4651 appellat
1609 4581 1917 4651 Gregorius.
1969 4583 2104 4637 Vino

2198 3431 2283 3477 est
2309 3421 2488 3485 effata,
2530 3421 2814 3476 inchoante
2850 3418 3199 3488 crepusculo,
3227 3416 3441 3487 quidam
3489 3431 3522 3470 e
3567 3417 3779 3472 civibus

2190 3526 2431 3571 accenso
2481 3511 2711 3577 lumine,
2769 3512 2822 3564 in
2865 3508 3288 3579 promptuarium
3342 3518 3425 3562 est
3474 3508 3782 3577 ingressus.

2199 3594 2579 3672 assumptoqne
2607 3601 2728 3657 oleo
2759 3609 2784 3648 8
2815 3615 2877 3654 ac
2908 3600 3116 3654 cwteris
3137 3613 3256 3668 qua:
3284 3612 3578 3652 necessaria
3599 3608 3782 3663 erant,

2199 3694 2501 3756 abscessit,
2556 3689 2756 3746 lumine
2810 3705 2963 3746 secus
3017 3688 3283 3759 capellam
3333 3688 3438 3743 olei
3493 3688 3781 3745 derelicto.

2204 3787 2331 3840 Erat
2357 3785 2501 3840 enim
2533 3783 2723 3839 domus
2753 3782 2869 3838 haec
2898 3782 3065 3852 prima
3104 3796 3260 3837 secus
3297 3792 3528 3850 portam,
3556 3798 3677 3853 qua:
3710 3783 3785 3839 ad

2203 3878 2480 3933 meridiem
2521 3877 2703 3947 pandit
2747 3891 3049 3947 egressum.
3099 3877 3177 3933 Et
3212 3895 3320 3949 quo
3347 3879 3548 3935 lumine
3584 3893 3792 3949 appre-

2204 3969 2368 4025 hensa
2380 3967 2827 4025 domusiucendio
2838 3978 3231 4032 concrematur,
3246 3970 3316 4025 de
3343 3984 3444 4040 qua
3469 3978 3523 4023 et
3549 3969 3671 4023 alia
3690 3985 3792 4038 ap-

2204 4060 2464 4132 prehendi
2493 4067 2794 4128 cmpernnt.
2818 4059 2967 4114 Tunc
2989 4059 3238 4115 diruente
3257 4060 3378 4129 igne
3395 4074 3555 4129 super
3575 4058 3793 4114 vinctos

2203 4152 2456 4216 carceris,
2490 4152 2738 4223 apparuit
2783 4153 2863 4206 eis
2891 4151 3079 4208 beatus
3106 4153 3428 4217 Germanus,
3471 4160 3526 4207 et
3559 4153 3798 4207 commi-

2206 4259 2377 4300 uuens
2407 4242 2612 4299 trabem
2642 4255 2804 4313 atque
2836 4251 3090 4311 catenas,
3119 4244 3312 4315 quibus
3341 4243 3499 4300 vincti
3531 4245 3801 4301 teneban—

2208 4346 2314 4399 tur,
2340 4342 2581 4391 reserato
2609 4335 2843 4390 careeris
2876 4335 3049 4400 .ostio,
3081 4324 3288 4390 vinctos
3340 4335 3492 4391 abire
3538 4337 3800 4407 permisit

2208 4426 2525 4485 incolumes.
2575 4425 2653 4481 Illi
2683 4440 2813 4481 vero
2848 4426 3051 4494 egressi
3095 4440 3156 4481 se
3198 4425 3266 4481 ad
3306 4425 3581 4482 basilicam
3612 4428 3801 4483 sancti

2209 4598 2327 4639 sum
2357 4596 2511 4637 suum
2538 4596 2549 4632 :
2587 4580 2727 4649 quod
2761 4577 2848 4651 h_ic
2877 4578 3169 4651 observare
3196 4579 3366 4643 visum
3403 4588 3517 4651 est,
3542 4594 3611 4635 eo
3645 4581 3805 4651 quod

524 4661 700 4735 autern
735 4648 1120 4742 ‘absynthiaco',
1166 4648 1512 4742 nonyba'rbari
1561 4648 2105 4742 slpltt'tn',vsed_etnllo-
2132 4683 2187 4742 Ι)
2212 4655 2366 4722 hujus
2396 4648 2669 4742 antistitis,
2695 4648 2978 4742 tat-Felicis
3003 4650 3585 4742 Bcﬂ‘licensis‘pomina,
3611 4648 3809 4742 nescio

525 4726 665 4778 mani
697 4722 979 4780 utebantur
1005 4722 1055 4775 in
1081 4724 1361 4787 conviviis,
1396 4733 1453 4776 ut
1479 4739 1543 4776 ex
1568 4723 1865 4791 Capitolino
1896 4724 1945 4777 in
1971 4724 2104 4778 Gor-

525 4796 711 4861 iliauo,
738 4807 792 4849 et
817 4793 1123 4865 Lampridio
1153 4793 1204 4847 in
1230 4793 1615 4863 llicliogabalo,
1646 4795 1705 4850 S.
1732 4792 2019 4848 Ambrosio
2044 4795 2106 4847 li-

525 4868 625 4920 bro
646 4866 713 4919 de
734 4867 925 4929 'I‘obia,
949 4876 1003 4921 et
1028 4865 1147 4917 aliis
1178 4865 1488 4918 auctoribus
1520 4875 1683 4933 patet.
1714 4867 1787 4920 De
1813 4866 1915 4919 hoc
1944 4865 2105 4921 etJo-

526 4952 622 4991 nas
655 4936 705 4988 in
738 4938 860 4992 Vita
893 4935 1062 4991 Saneti
1090 4936 1422 4989 Columhani.

596 5004 623 5044 δ
649 5007 695 5060 ls
735 5019 852 5063 erat
895 5011 1057 5075 cpisc.
1112 5006 1483 5072 Bajocassinus
1524 5022 1588 5061 ex
1634 5007 1723 5059 lib.
1761 5021 1833 5069 ιιι,
1862 5020 1979 5072 cap.
2017 5006 2103 5072 I5,

525 5076 680 5143 rujus
699 5080 855 5132 sodes
876 5089 958 5132 est
986 5079 1152 5140 prima
1181 5078 1232 5129 in
1262 5075 1505 5141 Lugdun.
1534 5077 1572 5129 ll
1598 5086 1719 5144 post
1744 5075 2104 5144 tnetropolitn,

526 5148 669 5201 unde
713 5148 941 5202 viduata:
972 5145 1424 5218 Rothomagensis
1457 5147 1709 5201 ECclcsitn
1755 5161 1938 5200 curam
1982 5158 2107 5200 tunc

526 5220 782 5285 suscepit.

602 5299 622 5326 ε
657 5291 747 5343 Sic
777 5303 905 5343 mss.
929 5298 982 5343 et
1010 5297 1182 5351 recte;
1218 5306 1338 5342 nam
1362 5288 1788 5344 Cabillonensem
1816 5286 2108 5341 Ecclesium

527 5370 653 5414 tunc
669 5361 901 5419 Flavius,
914 5359 1374 5414 Cavcllionenscm
1394 5376 1542 5423 vero,
1559 5373 1651 5412 seu
1664 5357 2106 5421 Cavellicensetn,

532 5431 813 5492 Cavaillon,
844 5429 1106 5496 Voranus,
1138 5431 1413 5495 regebant.
1440 5431 1677 5493 Uterque
1707 5429 1874 5483 Conc.
1901 5428 2105 5482 Matisc.

527 5520 618 5555 an.
644 5502 748 5557 583i
780 5502 1115 5571 subscripsit.
1159 5500 1295 5553 Editi
1327 5500 1465 5571 male
1494 5498 1914 5571 Cabillouemem.
1944 5499 2109 5571 llujus

532 5573 722 5627 Verani
758 5573 871 5627 Vita
920 5568 1094 5627 exstat
1144 5582 1288 5623 tomo
1328 5586 1364 5628 ιι
1396 5570 1647 5623 Biblioth.
1704 5584 1856 5622 nova:
1886 5568 2103 5631 Lat-hei,

531 5660 647 5712 pag.
693 5644 827 5707 69‘);
877 5644 1008 5697 obiit
1056 5658 1112 5695 ιιι
1165 5642 1285 5712 Idus
1311 5640 1651 5712 Novembris,
1699 5640 1790 5712 sed
1848 5639 1964 5706 ipso
2020 5640 2105 5693 die

533 5711 716 5767 Iduum
744 5714 861 5781 ejus
893 5715 1081 5766 festum
1113 5711 1415 5765 celebratur
1446 5711 1498 5764 in
1528 5727 1620 5765 sua
1656 5711 1806 5781 urbe.
1836 5712 2106 5764 Artemius

530 5794 708 5838 autem
746 5783 1079 5838 Senonensis
1115 5781 1430 5847 subscripsit
1470 5783 1634 5834 Cone.
1676 5780 1878 5835 Μςιιίδε.
1912 5792 2003 5835 tet
2044 5797 2103 5833 ιι.

530 5854 737 5907 Colitur
766 5854 904 5921 apud
930 5855 1171 5907 Senones
1199 5853 1286 5906 die
1312 5851 1382 5905 25
1412 5853 1628 5917 Aprilis.
1656 5850 1931 5916 Agroecius
1956 5852 2106 5905 deni-

531 5937 637 5991 que
657 5922 993 5980 'fricassinus
1020 5924 1184 5982 Cone.
1217 5924 1420 5981 Matisc.
1452 5939 1489 5979 tt
1516 5923 1829 5993 subscripsit
1861 5939 1955 5993 per
1979 5924 2104 5978 mis.

2210 4718 2316 4794 quo
2337 4738 2465 4778 casu
2494 4723 2545 4775 in
2567 4718 3049 4794 subscriptiouibus
3069 4721 3288 4794 Concilii
3312 4720 3521 4794 Matisc.
3548 4737 3650 4777 suo
3676 4724 3809 4777 loco

2210 4790 2605 4857 desiderentur,
2638 4801 2696 4846 ut
2725 4801 2905 4844 monet
2928 4790 3246 4845 Sirmondus
3276 4793 3328 4844 iu
3362 4792 3573 4845 erratis.

2283 4862 2309 4902 ά
2338 4864 2486 4930 Quod
2517 4877 2709 4931 nempe
2734 4860 2916 4921 alium,
2938 4871 3130 4929 praeter
3152 4861 3478 4915 (Iblotarium
3498 4862 3808 4931 juniorem,

2214 4950 2389 5003 regem
2419 4950 2522 4987 non
2550 4939 2939 5003 agnoscerent,
2986 4931 3141 5000 cujus
3172 4933 3319 5000 regni
3364 4932 3462 5003 ipsi
3494 4936 3806 5003 optimates

2212 5002 2363 5060 erant
2391 5016 2445 5059 et
2474 5002 2762 5057 consiliarii
2786 5042 2801 5066 ,
2827 5016 2989 5069 penes
3011 5017 3145 5070 quos
3164 5044 3179 5067 ,
3227 5005 3297 5054 ub
3326 5002 3462 5071 regis
3490 5002 3810 5069 infantiam,

2215 5092 2392 5131 rerum
2421 5072 2813 5129 administratio
2840 5082 2991 5136 erat;
3027 5073 3356 5143 proindeque
3381 5072 3580 5143 nullum
3622 5076 3716 5143 jus
3750 5077 3811 5130 in

2214 5161 2308 5199 eos
2340 5146 2485 5215 ipsos
2514 5144 2875 5199 Gnntramuns
2918 5142 3158 5215 haberet.
3208 5141 3362 5215 Unde
3404 5141 3685 5215 Melantius
3712 5161 3816 5200 se-

2214 5218 2335 5269 dem
2362 5213 2866 5279 Vltothomagensem
2890 5254 2904 5273 ,
2954 5213 3163 5283 favente
3203 5213 3572 5283 Fredegnnde,
3607 5231 3687 5268 ι·ιιι
3706 5231 3811 5269 sus

2212 5288 2467 5354 obtinuit,
2490 5286 2574 5341 cui
2599 5283 2891 5352 Gregorius
2920 5282 3395 5354 AMunguStinum'
3428 5285 3667 5351 aliosque
3695 5302 3817 5339 ιιιο-

2213 5340 2414 5437 ιιίιοιιυβ
2440 5340 2780 5479 ίήὅὲιιειίὲω
2808 5340 3207 5423 ριοῆαιὲεειῆθς
3249 5340 3655 5410 commendavit
3702 5358 3815 5410 lib.

2213 5443 2283 5479 ιχ.
2308 5438 2467 5479 epist.
2573 5464 2587 5479 .

2212 5443 2283 5493 lx,
2308 5438 2467 5493 epist.
2499 5438 2587 5479 52.

2381 5444 2391 5477 I
2452 5468 2467 5482 .
2535 5443 2587 5479 z.

2286 5443 2674 5566 'egtibsgripsit
2702 5494 2866 5551 Cone.
2901 5494 3102 5550 Turon.
3149 5511 3205 5560 II,
3238 5511 3331 5552 an.
3361 5494 3487 5561 567,
3537 5506 3589 5552 et
3615 5496 3823 5552 lauda-

2212 5578 2297 5624 tur
2326 5584 2357 5621 a
2386 5564 2677 5622 Fortunato
2707 5568 2798 5622 lib.
2833 5584 2907 5631 ιιι,
2947 5582 3111 5621 Carm.
3152 5567 3205 5621 ιι.

2289 5636 2306 5675 ί
2354 5639 2563 5705 Restm,
2598 5637 2879 5693 Bodolena.
2912 5638 3045 5705 Cap.
3072 5652 3258 5706 βιαιο..
3291 5647 3345 5692 et
3375 5636 3511 5692 infra
3539 5651 3657 5706 cap.
3709 5637 3819 5704 42,

2212 5709 2407 5763 dicitur
2433 5707 2780 5778 Beppolenus.
2829 5709 2895 5764 V.
2944 5723 3065 5774 cap.
3094 5708 3181 5762 45.
3225 5708 3452 5763 Intentio
3506 5706 3614 5772 hic,
3656 5709 3823 5765 sicut

2210 5790 2265 5833 et
2316 5781 2513 5847 passim
2564 5778 2701 5848 apud
2732 5780 2918 5849 Greg.,
2963 5780 3358 5834 contentionem
3397 5794 3494 5833 seu
3527 5782 3678 5834 litem
3702 5780 3821 5836 de-

2212 5863 2409 5917 Signat.

2282 5928 2307 5968 ι
2349 5920 2439 5978 Sic
2459 5918 2667 5985 Casin.;
2696 5924 2899 5985 caeteri,
2940 5932 3297 5993 assutnptoque
3322 5936 3406 5990 ea,
3434 5929 3526 5977 aut
3554 5919 3621 5977 ab
3643 5936 3746 5993 eo.
