3966 6348
348 338 458 394 475

1283 338 1600 397 HlSTORIA
1642 337 2083 396 FRANCORUM.
2125 339 2328 395 LIBER
2367 341 2714 400 OCTAVUS.

3507 347 3611 402 47’:

347 461 646 529 ‘S'incentii,
679 462 730 516 in
756 475 858 531 qua
883 460 1184 529 sepulcrum
1215 462 1437 518 habetur
1463 465 1600 519 beati
1633 461 1925 522 Antistitis.
1955 457 2004 514 Δ
2033 470 2214 514 mento
2243 461 2312 516 de
2343 461 2568 532 pellibus
2605 471 2806 516 tantum
2837 469 3097 528 uteretur,
3131 463 3306 518 cibum
3331 464 3397 517 de
3430 464 3613 518 herbis

350 557 713 611 contulerunt.
739 554 903 624 lgitttr
930 569 1051 608 cum
1094 571 1189 623 per
1218 563 1383 610 totam
1408 557 1679 610 civitatem
1713 558 1816 610 huc
1850 565 1929 608 at-

351 664 452 715 que
483 649 609 702 illuc
640 647 800 701 ﬂante
830 654 993 701 vento
1022 647 1230 702 ﬂamma
1263 646 1515 714 ferretur,
1549 650 1775 717 totisque
1800 649 1929 702 viri-

352 740 448 794 bus
479 751 729 810 regnaret
775 741 1078 794 incendium
1108 783 1123 806 ,
1179 743 1608 810 appropinquare
1659 743 1724 796 ad
1766 743 1928 798 aliam

353 841 561 900 partam
586 832 770 898 coepit,
798 831 853 885 in
883 846 984 900 qua
1013 831 1150 886 beati
1175 832 1380 887 Martini
1422 834 1718 889 oratorium
1762 833 1930 888 habe-

353 924 548 978 batur:
581 923 723 990 quod
753 923 820 978 ob
874 923 976 977 hoc
1028 921 1314 992 aliquando
1359 923 1556 978 factum
1608 924 1818 988 fuerat,
1863 938 1930 979 eo

351 1013 493 1082 quod
524 1013 594 1066 ibi
622 1013 825 1081 lepram
872 1013 1131 1068 maculosi
1183 1014 1414 1069 hominis
1463 1014 1650 1069 osculo
1692 1015 1933 1082 depulis-

352 1111 494 1158 δεμ.
523 1102 614 1156 Vir
643 1113 820 1158 autem
847 1104 934 1173 qui
964 1119 1085 1158 eum
1110 1105 1332 1158 intextis
1356 1105 1598 1174 virgultis
1621 1106 1672 1160 in
1701 1105 1932 1160 sublime

355 1203 748 1260 construxerat,
782 1196 1017 1250 conlisus
1048 1197 1100 1250 in
1123 1195 1281 1266 507
1303 1196 1548 1261 Domino,
1577 1212 1674 1250 nec
1695 1197 1764 1252 de
1793 1197 1929 1252 beati

354 1287 566 1341 Martini
610 1286 806 1341 virtute
833 1287 1075 1353 difﬁsus,
1132 1303 1192 1343 se
1243 1303 1438 1357 resque
1464 1304 1590 1344 suas
1643 1288 1782 1342 intra
1813 1291 1932 1354 ejus

356 1377 589 1447 parietes
627 1378 873 1445 ambivit,
902 1378 1086 1434 dicens
1111 1397 1124 1433 :
1154 1379 1328 1435 Credo
1356 1383 1525 1447 enim,
1563 1391 1616 1436 et
1650 1381 1782 1435 ﬁdes
1811 1395 1929 1437 mea

353 1490 454 1546 est,
485 1483 628 1550 quod
661 1482 885 1550 repellat
911 1481 976 1536 ab
1005 1482 1106 1537 hoc
1129 1481 1248 1536 loco
1271 1481 1596 1546 incendium,
1621 1481 1709 1551 qui
1733 1480 1932 1548 saepius

357 1574 619 1628 incendiis
659 1573 977 1641 imperavit,
1004 1584 1059 1628 et
1087 1574 1140 1628 in
1173 1573 1275 1628 hoc
1303 1573 1423 1628 loco
1472 1574 1667 1641 leprosi
1701 1571 1931 1627 hominis

349 1672 526 1717 cutem
575 1664 764 1718 osculo
823 1665 1070 1720 medeute
1138 1665 1403 1735 purgavit.
1460 1665 1931 1734 Appropinquante

347 1753 490 1809 enim
524 1753 650 1808 illuc
677 1754 954 1823 incendio,
986 1754 1292 1810 ferebantur
1322 1754 1482 1810 validi
1513 1755 1655 1824 globi
1688 1756 1927 1810 ﬂamma-

2035 554 2330 620 agrestibus
2361 555 2584 609 incoctis
2610 567 2869 616 sumeret;
2898 555 3004 608 vini
3036 573 3163 611 vero
3196 565 3396 610 tantum
3429 572 3519 610 vas
3540 557 3610 612 ad

2034 657 2095 696 os
2148 655 2410 710 poneret,
2475 645 2610 712 quod
2657 647 2826 714 magis
2881 656 3154 713 putaretur
3203 647 3371 700 libare
3422 649 3610 702 osculo

2031 749 2187 802 quam
2221 735 2453 788 haurire.
2484 734 2587 789 Sed
2618 751 2738 790 cum
2769 734 2940 790 eidem
2963 735 3127 807 ωε
3146 736 3457 790 devotornm
3506 737 3613 790 lar-

2031 827 2168 896 gitas
2199 827 2502 897 frequenter
2530 828 2807 884 exhiberet
2854 844 2978 883 vasa
3030 829 3130 883 hoc
3161 832 3317 898 plena
3363 831 3566 898 liquore
3592 871 3609 895 ,

2032 918 2238 982 didicit,
2265 911 2403 987 quod
2438 919 2589 987 peius
2618 929 2729 982 est,
2773 929 2922 974 extra
2956 922 3170 975 modum
3203 923 3414 976 haurire
3437 962 3452 984 ,
3473 932 3530 976 et
3557 922 3609 975 in

2033 1018 2237 1065 tantum
2266 1009 2488 1063 dissolvi
2516 1009 2755 1078 potione,
2788 1020 2845 1064 ut
2876 1011 3189 1080 plerumque
3214 1012 3394 1065 ebrius
3418 1026 3594 1065 cerne

2032 1110 2217 1160 retur:
2252 1101 2391 1155 unde
2416 1103 2614 1156 laetum
2645 1111 2757 1166 est,
2790 1113 2844 1157 ut
2871 1102 3232 1160 invalescente
3263 1106 3607 1167 temulentia,

2033 1198 2274 1258 tempore
2305 1193 2650 1261 procedente,
2674 1210 2704 1247 a
2726 1194 2992 1248 daemonio
3017 1208 3318 1264 correptus,
3342 1213 3434 1262 per
3455 1212 3613 1249 ener-

2035 1284 2170 1350 giam
2201 1294 2506 1350 vexaretur,
2558 1285 2611 1338 in
2645 1295 2846 1339 tantum
2902 1297 2960 1340 ut
3013 1298 3232 1354 accepto
3286 1290 3493 1351 cultro,
3526 1289 3611 1341 vel

2031 1374 2386 1444 quodcunque
2413 1391 2581 1443 genus
2607 1378 2726 1442 teli,
2755 1379 2837 1432 vel
2871 1379 3121 1446 lapidem,
3151 1389 3242 1432 aut
3291 1380 3482 1432 fustem
3516 1394 3613 1447 po-

2034 1472 2224 1523 tnisset
2249 1471 2512 1539 arripere,
2557 1481 2678 1541 post
2710 1471 2953 1527 homines
2983 1475 3171 1526 insano
3199 1472 3378 1526 furore
3405 1472 3614 1526 discur-

2029 1574 2200 1627 reret;
2244 1565 2385 1619 uude
2440 1565 2734 1620 necessitas
2780 1566 2998 1634 exegit,
3043 1576 3097 1618 ut
3150 1565 3354 1620 catenis
3405 1565 3613 1620 vinctus

2029 1658 2388 1716 custodiretur
2433 1659 2483 1712 in
2515 1659 2731 1713 cellula.
2771 1657 2826 1711 In
2860 1659 2960 1712 hac
3009 1673 3222 1728 quoque
3271 1657 3615 1712 damnatione

2033 1763 2128 1818 per
2155 1747 2378 1802 duorum
2425 1763 2691 1802 annorum
2737 1749 2906 1815 spatia
2953 1748 3294 1803 debacchans
3317 1789 3332 1812 ,
3363 1749 3606 1816 spiritum

350 1859 490 1911 rum,
512 1847 600 1914 qui
626 1817 986 1916 percutieotes
1011 1851 1272 1918 parietem
1302 1817 1544 1915 oratorii,
1577 1849 1820 1916 protinus
1849 1857 1929 1902 te-
1958 1817 2007 1878 Β
2034 1817 2329 1898 exhalavit.
2383 1842 2536 1898 Alius
2583 1856 2797 1911 quoque
2845 1842 3124 1897 Anatolius
3177 1842 3606 1910 Burdegalensis,

350 1938 660 2005 pescebant.
684 1937 964 1996 Clamabat
991 1953 1171 1997 autem
1203 1942 1429 2013 populus
1452 1942 1565 1996 viro
1591 1957 1654 1996 ac
1677 1940 1886 1996 mulieri
1913 1958 1928 1995 :

353 2030 560 2100 Fugite,
595 2048 630 2087 o
673 2034 900 2103 miseri,
959 2045 1014 2089 ut
1068 2036 1296 2092 evadere
1346 2037 1586 2106 possitis.
1637 2038 1775 2092 Ecce
1819 2037 1930 2108 jam

349 2120 551 2188 ignium
582 2124 790 2193 pondus
819 2140 980 2192 super
1003 2141 1099 2182 vos
1125 2126 1302 2182 deruit
1327 2143 1343 2192 ;
1372 2142 1499 2183 ecce
1531 2128 1723 2182 favillae
1746 2129 1931 2183 incen-

349 2211 422 2266 dii
450 2227 573 2267 cum
606 2214 952 2283 carbonibus,
986 2227 1234 2285 tanquam
1268 2218 1475 2273 validus
1504 2218 1697 2285 imber,
1736 2220 1801 2274 ad
1832 2235 1929 2275 vos

350 2317 520 2371 usque
559 2304 903 2361 distenditur.
939 2307 1272 2377 Egredimini
1302 2308 1369 2362 ab
1398 2310 1668 2377 oratorio,
1713 2325 1779 2365 ne
1807 2327 1927 2366 cum

347 2394 537 2449 eodem
569 2398 816 2452 incendio
841 2399 1276 2454 concrememiui.
1302 2399 1370 2454 At
1392 2400 1465 2454 illi
1489 2402 1786 2456 orationem
1811 2401 1930 2455 lun-

345 2484 561 2547 dentes,
613 2502 882 2556 nunquam
928 2488 1111 2543 abhis
1161 2490 1376 2544 vocibus
1417 2490 1790 2545 movebantur.
1821 2492 1926 2547 Sed

347 2591 446 2632 nec
478 2577 675 2632 mulier
718 2594 776 2633 se
825 2596 1057 2650 unquam
1095 2595 1124 2632 a
1153 2579 1410 2646 fenestra,
1441 2597 1536 2651 per
1564 2599 1722 2652 quam
1754 2584 1924 2639 inter-

341 2671 473 2724 dum
514 2672 744 2727 ﬂammae
774 2662 1226 2743 ingrediebantur,
1256 2676 1489 2741 amovit;
1527 2692 1646 2745 quae
1674 2685 1789 2731 erat
1827 2692 1924 2745 spe

348 2759 659 2816 firmissima
712 2763 780 2818 de
828 2765 1024 2820 virtute
1076 2765 1214 2820 beati
1266 2766 1520 2822 antistitis
1582 2770 1922 2836 praemunita.

343 2853 622 2923 Tantaque
654 2853 749 2908 fuit
778 2856 951 2910 virtus
996 2855 1137 2910 beati
1170 2857 1472 2923 pontiﬁcis,
1507 2868 1564 2912 ut
1593 2874 1702 2914 non
1747 2861 1920 2916 solum

345 2940 446 2995 hoc
467 2943 762 2998 oratorium
805 2959 925 3000 cum
972 2945 1173 3000 alumni
1224 2947 1421 3017 proprii
1465 2948 1626 3003 domo
1653 2949 1917 3018 salvaret,

342 3049 528 3088 verum
554 3037 714 3089 etiam
746 3052 842 3091 nec
868 3038 986 3092 aliis
1007 3037 1252 3094 domibus
1272 3055 1391 3109 quae
1419 3040 1470 3095 in
1498 3041 1724 3096 circuitu
1745 3053 1922 3109 erant,

341 3140 537 3180 nocere
564 3126 790 3182 ﬂammis
820 3128 1215 3186 dominantibus
1235 3131 1598 3200 permisisset:
1630 3134 1808 3203 ibique
1832 3151 1920 3190 ce-

342 3219 476 3274 cidit
505 3219 832 3288 incendium,
865 3221 1005 3287 quod
1049 3222 1116 3276 ab
1164 3238 1267 3276 una
1295 3235 1444 3292 parte
1485 3225 1660 3292 pontis
1683 3239 1921 3296 coeperat

341 3310 626 3364 desaevire.
657 3311 736 3365 Ab
759 3311 862 3364 alia
892 3327 1019 3366 vero
1048 3322 1198 3382 parte
1222 3321 1328 3368 tam
1360 3315 1534 3370 valide
1573 3328 1764 3373 cuncta
1793 3335 1921 3373 con-

342 3400 620 3468 ﬂagravit,
669 3411 722 3455 ut
767 3402 941 3457 amnis
967 3403 1124 3458 ﬁnem
1173 3405 1500 3472 imponeret.
1531 3407 1920 3467 Verumtamen

340 3491 588 3546 ecclesia:
617 3508 721 3545 non
773 3501 898 3547 sunt
941 3493 1143 3550 adusta:
1171 3511 1293 3551 cum
1333 3499 1581 3554 domibus
1610 3501 1746 3556 suis.
1797 3503 1922 3559 Aie-

343 3583 474 3637 bant
502 3585 643 3640 enim
675 3585 810 3639 hanc
837 3585 1021 3640 urbem
1052 3587 1200 3655 quasi
1233 3599 1602 3644 consecratam
1625 3592 1798 3655 fuisse
1819 3608 1920 3649 an-

345 3673 596 3740 tiquitus,
628 3684 686 3731 ut
706 3692 810 3732 non
843 3677 910 3731 ibi
944 3677 1248 3734 incendium
1279 3680 1627 3749 praevaleret,
1658 3699 1762 3737 non
1804 3700 1920 3740 ser-

337 3780 494 3835 pens,
527 3783 631 3822 non
662 3769 763 3839 glis
788 3773 1143 3840 apparuisset.
1173 3772 1354 3842 Nuper
1397 3786 1574 3830 autem
1603 3791 1724 3831 cum
1761 3777 1919 3832 cuni-

334 3858 491 3914 culus
521 3861 694 3929 pontis
720 3863 1124 3931 emundaretur,
1159 3875 1215 3921 et
1244 3880 1456 3922 casuum
1485 3867 1553 3922 de
1601 3884 1708 3938 quo
1739 3870 1918 3938 reple-

335 3959 449 4006 tum
482 3953 678 4020 fuerat,
710 3953 1034 4024 auferretur,
1057 3969 1362 4027 serpentem
1389 3961 1692 4031 gliretnque
1717 3977 1916 4018 aereum

334 4052 680 4112 repererunt.
712 4044 918 4112 Quibus
945 4049 1159 4116 ablatis,
1189 4058 1244 4105 et
1270 4051 1434 4121 glires
1458 4052 1526 4106 ibi
1556 4051 1809 4123 deinceps
1829 4069 1923 4110 ex-

335 4143 417 4189 tra
449 4153 758 4202 numerum,
802 4148 859 4194 et
895 4152 1174 4208 serpentes
1199 4153 1602 4212 apparuerunt;
1634 4152 1690 4200 et
1736 4154 1918 4215 postea

333 4226 581 4282 incendia
621 4228 858 4297 perferre
878 4232 1058 4300 coepit.

409 4315 648 4372 XXXIV.
679 4318 743 4374 Et
780 4324 905 4391 quia
937 4323 1185 4394 princeps
1210 4324 1550 4381 tenebrarum
1584 4327 1730 4383 mille
1761 4329 1922 4385 habet

330 4417 481 4463 artes
510 4412 771 4477 nocendi;
799 4414 924 4481 quid
952 4414 1020 4470 de
1050 4418 1308 4472 reclausis
1351 4434 1414 4473 ac
1447 4417 1554 4475 Deo
1583 4421 1794 4477 devotis
1824 4438 1920 4476 nu-

331 4515 430 4568 per
457 4510 663 4569 gestum
690 4503 872 4568 fuerit,
905 4507 1152 4575 pandam.
1199 4508 1478 4565 Vennocus
1527 4512 1715 4576 Britto,
1761 4529 1911 4582 pres-

329 4590 526 4660 byterii
587 4594 790 4648 honore
839 4597 1092 4664 praeditus
1113 4638 1127 4662 ,
1157 4599 1307 4668 cujus
1337 4602 1386 4654 in
1418 4602 1524 4654 alio
1555 4603 1691 4656 libro
1720 4607 1914 4658 memi-

330 4686 510 4741 nimus
541 4684 589 4753 δ,
621 4696 781 4742 tanta:
825 4703 884 4743 se
936 4692 1273 4745 abstinentia:
1317 4692 1621 4760 dedicavit,
1656 4705 1709 4749 ut
1759 4695 1918 4752 indu-

410 4939 433 4969 ⁸
472 4931 580 4986 lloc
604 4932 916 5004 miraculum
968 4935 1130 4990 refert
1161 4935 1432 5004 Sulpicius
1482 4936 1670 4992 Sever.
1715 4937 1766 4991 in
1795 4937 1912 4993 Vita

328 5001 385 5074 S.
418 5003 644 5056 Martini.
679 5004 982 5058 Oratorium
1012 5023 1158 5068 vero,
1183 5001 1320 5074 quod
1348 5007 1432 5059 hic
1454 5018 1799 5072 memoratur,
1852 5011 1904 5064 in

328 5072 439 5137 ipsa
491 5074 750 5147 Sequanae
776 5076 970 5147 _insula
1000 5077 1064 5129 ad
1114 5072 1582 5143 septentrionalem
1616 5079 1763 5131 urbis
1794 5095 1904 5147 por-

331 5152 438 5215 tam
484 5146 712 5209 positum
769 5145 932 5198 fuisse
964 5148 1230 5200 existimat
1266 5147 1504 5202 Valesius
1551 5150 1602 5201 in
1652 5145 1908 5215 discepta-

326 5214 468 5267 tione
494 5215 572 5287 de
591 5215 824 5268 basilicis
849 5230 965 5284 cap.
998 5216 1055 5281 2,
1111 5218 1292 5284 procul
1321 5219 1386 5270 ab
1428 5235 1491 5270 eo
1532 5218 1673 5284 loco,
1717 5220 1767 5272 in
1801 5237 1904 5287 quo

324 5299 465 5339 nunc
480 5285 902 5340 visitttrecclesia
932 5290 1100 5341 sancti
1119 5288 1367 5342 Martinia
1393 5287 1609 5356 Campis
1635 5290 1793 5359 vulgo
1817 5285 1905 5343 di-

323 5365 432 5427 cta,
456 5370 621 5427 quain
643 5371 671 5409 a
702 5367 850 5421 patre
878 5371 975 5410 Suo
1007 5359 1232 5412 Henrico
1256 5375 1379 5427 rege
1401 5369 1758 5414 constructam
1779 5361 1903 5412 Phi-

324 5425 496 5491 lippus
526 5426 541 5478 l
587 5425 909 5480 Francorum
941 5443 1031 5482 rex
1063 5425 1499 5483 Cluniacensibus
1540 5431 1898 5484 Benedictinis

317 5496 599 5550 monachis
655 5498 855 5550 saeculo
899 5514 948 5551 XI
999 5499 1209 5552 labente
1266 5500 1530 5554 attribuit.
1582 5499 1898 5556 Persuasum

319 5573 497 5620 tamen
524 5567 750 5621 habebat
775 5569 1054 5635 llenricus,
1088 5571 1226 5624 seibi
1253 5571 1530 5624 ecclesiam
1561 5583 1895 5636 conStruere,

318 5639 407 5688 ubi
445 5647 598 5707 vetus
628 5638 756 5691 illttd
791 5642 1079 5693 oratorium
1101 5649 1324 5694 Steterat
1352 5659 1362 5692 :
1387 5642 1480 5695 sed
1508 5641 1806 5707 fallebatur,
1833 5643 1901 5695 in-

315 5706 830 5773 quit-Valesius,nec
857 5709 1044 5764 mirum
1077 5725 1195 5765 esse
1222 5710 1368 5769 dicit.
1395 5725 1515 5764 cum
1545 5710 1748 5764 nullum
1772 5706 1898 5766 tuttc

313 5787 626 5845 superesset
659 5780 853 5847 prioris
887 5779 1030 5836 illius
1059 5780 1270 5837 aedilicii
1323 5782 1625 5851 vestigium.
1678 5781 1894 5837 Certum

1947 3181 1996 3248 C

1947 4563 2000 4625 D

2034 1949 2192 2006 puer,
2219 1943 2279 1992 ut
2302 1936 2506 2000 ferunt,
2533 1948 2792 1989 annorum
2840 1933 3155 1999 duodecim,
3193 1947 3314 1988 cum
3359 1943 3503 1988 esset
3534 1932 3613 1986 fa-

2030 2030 2206 2086 mulus
2233 2028 2507 2098 cujusdam
2537 2028 2920 2097 negotiatoris,
2955 2027 3104 2096 petiit
3135 2027 3232 2081 sibi
3260 2026 3326 2080 ad
3355 2025 3613 2081 recIn-io—

2031 2137 2154 2178 nem
2202 2120 2474 2176 licentiam
2525 2119 2706 2175 tribui.
2739 2121 2844 2174 Sed
2891 2121 3174 2174 resistente
3226 2119 3314 2173 diu
3347 2118 3613 2184 domino,

2031 2221 2223 2282 putans
2259 2227 2380 2268 eum
2433 2213 2486 2266 in
2535 2211 2636 2266 hoc
2685 2220 2992 2281 tepescere,
3032 2220 3190 2279 atque
3238 2210 3459 2278 implere
3504 2223 3608 2264 non

2032 2319 2190 2374 posse
2211 2306 2262 2359 in
2295 2304 2396 2359 hac
2423 2314 2599 2370 aetate,
2624 2303 2768 2374 quod
2791 2303 3059 2357 nitebatur
3085 2313 3340 2370 appetere
3357 2340 3372 2364 ,
3393 2301 3607 2356 tandem

2031 2399 2203 2452 victus
2233 2399 2480 2467 precibus
2508 2398 2692 2452 famuli
2723 2398 3025 2451 facultatem
3057 2396 3272 2458 tribuit,
3299 2405 3355 2449 ut
3384 2394 3434 2447 id
3463 2396 3607 2464 quod

2031 2489 2304 2558 ﬂagitabat
2332 2490 2600 2558 impleret.
2628 2489 2753 2544 Erat
2779 2498 2954 2542 autem
2981 2489 3051 2541 ibi
3074 2497 3258 2557 crypta
3281 2489 3348 2539 ab
3375 2487 3608 2555 antiquis

2031 2583 2360 2637 transvoluto
2375 2581 2596 2652 (Gallice
2614 2580 2795 2651 vouté)
2812 2581 3138 2650 clegantique
3163 2595 3324 2649 opere
3345 2580 3608 2649 exposita,

2031 2673 2082 2728 in
2097 2674 2250 2743 cujus
2260 2675 2453 2742 angulo
2469 2683 2584 2728 erat
2597 2674 2783 2728 cellula
2809 2688 2966 2742 parva
2980 2672 3328 2741 dequadratis
3344 2673 3389 2726 la
3399 2671 3608 2741 pidibus

2029 2768 2230 2834 clausa,
2264 2767 2315 2820 in
2346 2782 2504 2836 quam
2534 2767 2618 2820 vix
2655 2782 2793 2822 unus
2833 2777 2980 2821 stans
3021 2765 3182 2820 homo
3213 2767 3372 2836 recipi
3408 2775 3609 2835 posset.

2029 2857 2088 2912 ln
2109 2857 2244 2912 hanc
2264 2858 2509 2913 cellulam
2534 2874 2668 2927 puer
2691 2859 3006 2927 ingreditur;
3032 2859 3083 2914 in
3113 2859 3210 2913 hac
3237 2874 3331 2927 per
3368 2869 3490 2913 octo
3516 2868 3609 2916 aut

2029 2964 2095 3003 eo
2146 2951 2375 3019 amplius
2425 2967 2597 3006 annos
2643 2961 3026 3014 commoratus,
3057 2954 3200 3006 tenui
3229 2951 3347 3006 cibo
3377 2962 3610 3020 potuqne

2028 3052 2334 3108 contentus,
2375 3043 2568 3111 vigiliis
2594 3042 3032 3112 orationibus-que
3088 3043 3329 3097 vacabat.
3365 3042 3610 3097 l'osthzec

2030 3149 2281 3200 pavorem
2309 3133 2542 3187 validum
2566 3148 2875 3203 perpessus,
2895 3134 3128 3189 clamare
3154 3135 3336 3202 cmpit,
3355 3135 3608 3190 intrinse-

2026 3240 2120 3280 cus
2137 3237 2196 3278 se
2219 3224 2476 3292 torqueri.
2500 3221 2650 3278 Unde
2672 3222 2869 3278 factum
2886 3236 2985 3288 est,
3008 3235 3063 3278 ut
3081 3225 3527 3294 adjuvanteeum,
3551 3232 3610 3279 ut

2022 3318 2205 3382 credo,
2237 3315 2513 3369 diabolicae
2542 3314 2704 3384 partis
2736 3313 2920 3368 militia
2941 3355 2956 3378 ,
2989 3319 3182 3371 amotis
3227 3319 3446 3386 quadris
3487 3320 3606 3388 qui-

2023 3410 2122 3466 bus
2144 3408 2428 3464 conclusus
2454 3406 2992 3472 tenebatur,eli.deret
3021 3410 3278 3477 parietem
3303 3409 3358 3463 in
3383 3419 3607 3476 terram,

2023 3501 2284 3555 collidens
2312 3500 2609 3570 palmas,et
2638 3497 2877 3550 clamans
2906 3512 2966 3552 se
2992 3512 3023 3552 a
3055 3499 3255 3554 sanctis
3282 3498 3375 3553 Dei
3400 3502 3604 3567 peruri.

2023 3595 2266 3660 Cumque
2291 3594 2591 3649 diutissime
2617 3595 2670 3648 in
2692 3593 2791 3648 hac
2818 3593 3021 3648 insania
3048 3603 3339 3656 teneretur,
3361 3601 3413 3646 et
3437 3592 3608 3647 sancti

2023 3685 2238 3742 Martini
2279 3685 2522 3742 crebrius
2565 3685 2907 3742 conﬁteretur
2941 3699 3176 3748 nomen,
3206 3699 3271 3739 ac
3310 3683 3518 3739 diceret
3544 3698 3605 3738 se

2026 3779 2201 3849 potius
2246 3779 2316 3834 ab
2342 3794 2409 3834 eo
2450 3794 2605 3848 quam
2637 3793 2666 3832 a
2691 3777 2895 3834 sanetis
2939 3777 3058 3834 aliis
3089 3776 3348 3840 cruciari,
3376 3776 3610 3832 Turonis

2023 3869 2326 3926 adducitur.
2375 3869 2480 3926 Sed
2511 3869 2686 3924 malus
2726 3868 2947 3937 spiritus
2967 3909 2983 3935 ,
3016 3868 3180 3924 credo
3200 3907 3217 3935 ,
3260 3870 3330 3924 ob
3359 3869 3608 3924 virtutem

2021 3971 2182 4029 atque
2210 3961 2625 4031 magnitudinem
2649 3963 2821 4015 sancti
2863 3974 3228 4028 compressus,
3264 3974 3601 4029 nequaquam

2024 4052 2294 4108 hominem
2323 4051 2605 4106 mutilavit.
2637 4049 2771 4105 Nam
2803 4051 2858 4105 in
2906 4050 3025 4105 loco
3055 4050 3172 4120 ipso
3202 4064 3297 4119 per
3325 4049 3453 4104 anni
3484 4064 3608 4103 cur-

2024 4143 2251 4198 riculum
2281 4142 2504 4211 degens,
2533 4155 2654 4196 cum
2683 4140 2818 4195 nihil
2840 4140 2968 4194 mali
2999 4148 3292 4208 pateretur,
3323 4153 3606 4209 regressus

2023 4243 2106 4291 est
2142 4250 2156 4289 :
2185 4233 2280 4288 sed
2310 4247 2496 4287 rursus
2522 4232 2715 4302 quibus
2743 4239 3007 4295 caruerat,
3040 4230 3291 4285 incurrit.

2095 4324 2313 4380 XXXV.
2341 4322 2522 4392 Legati
2552 4321 2618 4377 de
2646 4321 2914 4389 Hispaniis
2937 4321 3003 4376 ad
3028 4335 3206 4391 regem
3235 4318 3602 4377 Guntchram-

2021 4431 2150 4490 num
2182 4423 2447 4470 venerunt
2470 4428 2592 4469 cum
2619 4414 2797 4468 mttltis
2827 4413 3161 4479 muneribus,
3206 4427 3392 4483 pacem
3421 4422 3604 4481 peteuo

2026 4520 2128 4575 tes,
2151 4509 2246 4564 sed
2278 4508 2555 4563 nihilccrti
2587 4506 2857 4576 accipiunt
2885 4506 2938 4560 in
2962 4507 3252 4577 responsis.
3283 4506 3410 4561 Nam
3433 4506 3598 4578 ωε

2024 4617 2165 4658 anno
2195 4602 2486 4672 prteterito,
2508 4615 2627 4654 cum
2651 4601 2917 4654 exercitus
2942 4600 3323 4668 Septimaniam
3343 4598 3608 4653 debellasc

2023 4706 2124 4758 set,
2159 4711 2319 4752 naves
2347 4711 2465 4766 quae
2488 4694 2554 4750 de
2583 4692 2764 4749 Galiiis
2795 4694 2846 4748 in
2872 4693 3147 4749 Galliciam
3179 4695 3424 4748 abierant
3467 4703 3514 4758 ε,
3539 4708 3604 4747 ex

2023 4931 2103 4975 est
2136 4930 2311 4974 tamen
2339 4933 2403 4972 ex
2451 4916 2777 4972 Childeberti
2814 4914 2878 4970 lll
2925 4913 3128 4979 charta,
3188 4927 3343 4982 quam
3390 4912 3440 4964 in
3497 4914 3602 4980 Ap-

2026 4992 2248 5060 pendice
2305 4990 2667 5060 proferemus,
2699 4987 2803 5060 sub
2829 5056 2838 5060 _
2861 4987 3027 5060 prima
3059 4999 3240 5052 regum
3282 4993 3597 5060 nostrorum

2013 5055 2179 5129 stirpe
2203 5055 2475 5113 basilicam
2501 5056 2899 5129 sanctiﬁlartini
2927 5068 2992 5107 eo
3010 5055 3133 5129 loco
3157 5055 3457 5129 exstitisse,
3487 5070 3597 5122 quo

2017 5125 2156 5186 nunc
2185 5130 2409 5184 ecclesia
2443 5129 2610 5181 sancti
2662 5125 2872 5180 Martini
2924 5141 2953 5178 a
2983 5127 3198 5192 Campis
3253 5134 3450 5194 perstat
3486 5143 3499 5179 :
3533 5141 3599 5178 an

2012 5217 2138 5255 vero
2163 5216 2223 5255 ea
2254 5200 2364 5266 ipsa
2391 5199 2458 5270 sit
2487 5213 2644 5270 quam
2677 5197 2761 5250 hic
2797 5197 3089 5266 Gregorius
3132 5198 3332 5265 laudat,
3364 5197 3481 5250 aliis
3511 5195 3594 5249 in-

2011 5271 2324 5342 quirendum
2348 5268 2721 5342 relinquimus.

2082 5341 2108 5379 δ
2151 5344 2316 5408 Supra
2348 5339 2439 5394 lib.
2471 5337 2522 5407 v,
2545 5355 2663 5408 cap.
2684 5339 2774 5407 9.2,
2800 5340 2886 5393 ubi
2915 5339 3107 5396 dicitur
3140 5337 3472 5394 Vuimtochus
3495 5350 3590 5390 seu

2021 5412 2330 5467 Vinnochus.

2079 5497 2100 5524 ο
2136 5484 2188 5537 ld
2217 5482 2702 5564 ipsumdesignare
2724 5482 2887 5536 voluit
2915 5482 3069 5564 loqu.
3107 5481 3294 5564 Biclar.
3332 5478 3379 5529 in
3406 5475 3569 5556 Chro-

2005 5557 2144 5622 nico,
2177 5548 2266 5608 ubi
2300 5555 2363 5608 ad
2396 5548 2691 5624 Leuv‘rgildi
2723 5569 2921 5624 annum
2960 5554 2995 5624 -l_
2993 5554 3022 5603 7
3076 5552 3241 5624 relcrt
3277 5548 3590 5624 provinciam

2005 5614 2247 5680 Callatia:
2277 5614 2594 5694 (legendum
2618 5634 2701 5694 est
2730 5639 2793 5678 ex
2826 5623 2925 5676 hoc
2958 5620 3209 5694 Gregorii
3231 5614 3597 5694 lo'cq,_Gall_e-

2000 5699 2115 5762 cite,
2143 5711 2237 5749 seu
2268 5688 2545 5764 Callwciw)
2573 5710 2603 5748 a
2634 5692 2954 5748 Francorum
2985 5688 3306 5760 infestatione
3336 5689 3496 5742 fuisse
3523 5688 3600 5740 li-

2004 5771 2250 5822 iteratam.
