3966 6348
369 341 478 397 ι75

1365 339 1424 396 S.
1466 338 1795 398 GREGORII
1839 335 2145 391 EI’ISCUPI
2184 335 2616 392 TURONENSIS

3538 337 3644 391 476

369 467 520 532 jussu
543 457 869 514 Leuvichildi
902 457 1043 528 regis
1068 466 1290 514 vastata
1318 470 1468 526 sunt,
1501 475 1587 516 res
1613 460 1826 524 ablatae,
1858 456 1951 509 ho-
1984 453 2033 510 Α
2063 451 2306 506 manibus
2358 453 2518 506 etiam
2571 465 2798 520 proprns
2851 449 3140 504 verberare
3203 449 3646 518 progrediebatur

369 552 542 607 mines
572 549 696 604 caesi
723 560 883 620 atque
912 549 1212 616 interfecti,
1247 552 1483 606 nonnulli
1511 553 1706 622 captivi
1736 553 1952 608 abducti

368 651 515 697 sunt.
553 641 627 696 Ex
652 641 846 711 quibus
875 643 1027 711 pauci
1055 643 1451 712 quodammodo
1499 643 1713 714 scaphis
1757 644 1950 714 erepti,

370 731 558 800 patria:
585 746 704 799 qua:
730 742 846 785 acta
881 731 1091 786 fuerant
1121 733 1517 787 nuntiaverunt.

383 865 387 870 .
442 823 682 878 XXXVI.
720 823 878 892 Igitur
906 825 1044 893 apud
1075 824 1476 882 Childebertum
1508 841 1690 897 regem
1735 827 1957 897 Magno-

374 914 565 968 valdus
596 914 772 968 causis
797 914 1019 968 occultis
1045 930 1105 967 ex
1134 913 1288 983 jussu
1319 917 1457 983 regis
1503 915 1817 972 interficitur
1857 919 1958 974 hoc

374 1005 554 1059 modo.
586 1005 772 1060 Stante
800 1003 932 1059 infra
965 1007 1242 1067 MelJensis
1273 1008 1417 1062 urbis
1447 1008 1699 1076 palatium
1732 1026 1874 1080 rege,
1905 1019 1960 1066 et

373 1094 557 1151 ludum
585 1105 878 1165 spectante,
911 1099 1139 1167 qualiter
1163 1099 1360 1153 animal
1389 1112 1600 1155 caterva
1645 1117 1834 1156 canum
1858 1104 1961 1158 cir-

375 1189 683 1242 cumdatum
717 1189 1056 1259 fatigabatur,
1093 1191 1470 1256 Maguovaldus
1517 1193 1827 1247 arcessitur.
1860 1195 1960 1262 Qui

377 1279 622 1344 veniens,
653 1289 707 1334 et
737 1281 982 1336 nesciens
1008 1296 1127 1347 utne
1155 1283 1355 1351 agenda
1385 1294 1562 1349 erant,
1593 1299 1712 1338 eum
1746 1288 1963 1357 reliquis

377 1371 672 1427 dissolutus
701 1374 833 1438 risu,
866 1375 1169 1442 prespicere
1209 1375 1463 1444 pecudem
1495 1378 1678 1447 cmpit.
1709 1379 1779 1433 At
1806 1379 1850 1434 is
1875 1380 1961 1435 cui

376 1464 585 1534 jussum
619 1462 810 1529 fuerat,
837 1479 954 1518 cum
976 1465 1171 1520 videret
1201 1481 1324 1521 eum
1348 1469 1653 1533 spectaculo
1677 1471 1961 1542 intentum,

379 1551 570 1608 librata
598 1553 792 1620 securi,
822 1567 979 1623 caput
1005 1556 1124 1626 ejus
1156 1559 1333 1623 illi~it;
1368 1561 1454 1627 qui
1487 1562 1684 1617 cecidit
1723 1575 1774 1618 et
1823 1579 1967 1619 mor-

380 1654 504 1697 tuus
536 1656 634 1711 est,
668 1659 730 1698 ac
756 1662 847 1714 per
877 1645 1164 1701 fenestram
1213 1649 1405 1704 domus
1447 1653 1734 1720 projectus,
1783 1669 1812 1708 a
1855 1658 1967 1711 suis

378 1737 620 1804 sepultus
649 1746 749 1805 est,
782 1753 974 1807 resque
1003 1742 1118 1808 ejus
1148 1743 1392 1810 protinus
1419 1743 1662 1811 direptae,
1691 1754 1746 1799 et
1775 1747 1967 1802 aerario

2057 544 2287 609 multos,
2317 560 2381 601 ac
2426 544 2650 598 dicere:
2683 543 2817 596 Nutu
2869 541 2988 596 ideo
3035 540 3156 611 quia
3202 540 3429 595 clericus
3475 541 3648 597 factus

2056 651 2198 702 sum,
2225 637 2366 689 ultor
2413 636 2728 704 injuriarum
2762 649 3000 688 mearum
3053 649 3157 686 non
3188 636 3316 688 ero?
3366 635 3470 690 Sed
3516 635 3646 704 quid

2058 728 2232 782 dicam
2261 729 2328 782 de
2354 728 2584 792 exteris,
2619 743 2740 782 cum
2786 741 2884 780 nec
2931 727 3060 791 ipsis
3117 740 3327 793 quoque
3376 729 3648 796 germanis

2060 829 2322 889 parceret,
2353 819 2445 872 sed
2471 818 2812 889 ipsosmagis
2842 817 3200 886 exspoliaret?
3230 818 3364 871 Cum
3381 833 3487 885 quo
3509 833 3648 871 nun-

2059 926 2215 980 quam
2238 911 2500 979 justitiam
2525 909 2589 963 de
2621 909 2778 963 rebus
2811 909 3045 977 paternis
3073 909 3400 962 maternisve
3427 909 3643 976 assequi

2061 1015 2364 1074 potuerunt.
2398 1005 2593 1070 Quinto
2623 1015 2800 1058 autem
2849 1019 2990 1057 anno
3036 1003 3375 1072 episcOpatus
3421 1003 3502 1058 sui
3551 1020 3648 1058 ex-

2060 1099 2238 1170 pleto,
2267 1115 2386 1153 cum
2414 1099 2524 1169 jam
2552 1109 2760 1152 sextum
2806 1097 3132 1168 ingrediens,
3177 1098 3392 1166 epulum
3437 1097 3648 1151 civibus

2061 1207 2181 1246 cum
2207 1192 2463 1245 immensa
2494 1190 2674 1245 laetitia
2699 1201 3083 1258 praeparasset;
3111 1204 3141 1242 a
3169 1190 3317 1243 febre
3343 1201 3646 1257 correptus,

2061 1297 2258 1336 annum
2289 1297 2448 1351 quem
2469 1292 2706 1351 coeperat
2733 1281 2972 1350 protinus
2997 1290 3168 1334 morte
3191 1280 3498 1336 imminente
3528 1283 3648 1334 tini-

2062 1375 2160 1428 vit.
2191 1372 2246 1428 In
2269 1374 2420 1442 cujus
2444 1374 2616 1430 locum
2643 1372 3056 1428 Bertcbramnus
3087 1373 3384 1428 Parisiacus
3411 1383 3434 1412 ο
3467 1374 3647 1428 archi-

2062 1463 2321 1519 diaconus
2369 1467 2689 1534 subrogatus
2736 1475 2840 1520 est.
2889 1464 2990 1530 Qui
3037 1465 3231 1518 multas
3274 1465 3648 1521 altercationes

2061 1570 2184 1611 cum
2217 1556 2399 1612 relicta
2423 1557 2560 1611 illius
2583 1556 2816 1612 defuncti
2842 1557 3091 1612 habuisse
3117 1559 3388 1626 probatur,
3415 1574 3482 1614 eo
3501 1559 3649 1628 quod

2063 1662 2180 1714 res,
2212 1662 2330 1714 quae
2359 1659 2599 1718 tempore
2627 1649 2904 1719 Badegisili
2935 1649 3169 1719 episcopi
3218 1650 3461 1705 ecclesize
3507 1651 3650 1705 data:

2068 1740 2298 1806 fuerant,
2331 1749 2580 1811 tanquam
2603 1743 2847 1812 proprias
2885 1743 3169 1808 retinebat,
3202 1743 3387 1798 dicens
3417 1761 3429 1796 :
3463 1743 3649 1797 Militia

379 1827 624 1897 publico,
652 1839 910 1898 quantum
941 1843 1210 1899 repertum
1234 1839 1318 1886 est
1337 1872 1352 1896 ,
1397 1841 1520 1886 sunt
1565 1833 1746 1888 illatae.
1800 1839 1969 1890 Autu-
1997 1836 2045 1897 B
2073 1833 2186 1886 haec
2215 1833 2313 1887 fuit
2341 1834 2439 1888 viri
2463 1835 2590 1903 mei,
2617 1843 2673 1889 et
2703 1834 2826 1889 licet
2854 1834 3038 1901 invita,
3071 1844 3245 1888 tamen
3269 1845 3460 1888 cuncta
3488 1832 3649 1888 resti-

383 1918 599 1970 tnabant
631 1926 804 1973 tamen
833 1920 1072 1988 quidam,
1103 1935 1168 1973 eo
1199 1922 1340 1989 quod
1371 1932 1494 1992 post
1534 1935 1760 1979 mortem
1789 1921 1970 1984 fratris

379 2008 608 2063 diversis
654 2013 819 2079 plagis
871 2012 1151 2082 conjugem
1209 2012 1451 2068 allectam
1492 2016 1864 2073 interfecisset.
1914 2030 1970 2075 et

382 2115 603 2155 uxorem
637 2106 819 2156 fratris
847 2114 1070 2159 asotsset
1118 2113 1265 2171 toro,
1299 2106 1564 2161 exstitisse
1603 2122 1817 2164 causam
1865 2126 1968 2180 qua

380 2190 796 2246 interitneretur.

458 2282 722 2337 XXXVII.
755 2283 999 2340 Posthaac
1022 2284 1366 2343 Childebcrto
1392 2288 1501 2356 regi
1526 2288 1665 2344 Illius
1686 2299 1843 2346 natus
1861 2301 1968 2359 est,

381 2370 475 2438 qui
519 2387 549 2425 a
598 2371 905 2442 Magnerico
953 2374 1307 2431 Treverorum
1354 2379 1604 2448 episcopo
1637 2390 1662 2416 ἰ
1694 2381 1762 2437 de
1816 2396 1971 2436 sacro

382 2462 534 2518 fonte
560 2474 864 2533 susceptus,
891 2466 1297 2525 Theodobertus
1325 2479 1411 2526 est
1437 2472 1699 2529 vocitatus
1731 2491 1743 2526 :
1772 2475 1838 2528 de
1865 2489 1972 2545 quo

387 2562 592 2610 tantum
617 2559 866 2628 gaudium
893 2559 1325 2618 Guntcbramnus
1347 2579 1442 2620 rex
1475 2564 1679 2632 habuit,
1711 2574 1768 2620 ut
1790 2568 1970 2623 statim

383 2650 416 2704 I-
438 2661 588 2720 gates
617 2654 875 2724 dirigens,
914 2656 1082 2711 multa
1110 2658 1159 2712 ei
1193 2674 1413 2714 munera
1445 2662 1859 2728 transmitteret,
1892 2661 1973 2717 di-

383 2756 513 2795 cens
549 2759 560 2794 :
591 2743 693 2798 Per
723 2744 864 2800 hunc
884 2746 1026 2801 enim
1076 2747 1213 2804 Deus
1255 2750 1464 2819 erigere
1514 2751 1837 2807 Francorum
1881 2768 1970 2808 re-

380 2853 545 2908 gnum
591 2842 802 2910 propria
831 2843 1124 2913 majestatis
1163 2860 1274 2901 sua:
1324 2847 1522 2915 pietate
1565 2848 1896 2919 dignabitur,
1923 2848 1971 2905 si

388 2932 514 2988 huic
543 2945 710 3003 pater,
741 2946 832 2990 aut
860 2938 972 3005 ipse
1001 2939 1193 2994 vixerit
1220 2942 1379 3010 patri.

460 3026 746 3082 XXXVIII.
778 3031 932 3085 Anno
961 3031 1190 3100 denique
1241 3035 1524 3090 undecimo
1562 3037 1710 3106 regni
1757 3035 1972 3093 Cltilde-

386 3120 526 3175 berti
555 3123 716 3193 regis,
750 3123 903 3193 legati
936 3125 1127 3180 iterum
1157 3126 1224 3182 de
1253 3127 1519 3197 Hispaniis
1552 3139 1838 3195 venerunt,
1874 3146 1970 3199 pa-

2071 1927 2193 1982 tuit.
2230 1929 2355 1982 Erat
2384 1927 2525 1982 enim
2559 1927 2811 1982 ineffabili
2841 1927 3071 1992 malitia;
3123 1941 3244 1980 nam
3283 1925 3478 1994 sepius
3523 1925 3652 1980 viris

2071 2021 2247 2074 omnia
2289 2020 2535 2088 pudenda
2579 2033 2702 2073 cum
2741 2019 2872 2086 ipsis
2922 2016 3122 2072 ventris
3169 2017 3396 2084 pellibus
3443 2016 3652 2080 incidit,

2072 2109 2288 2166 feminis
2317 2109 2606 2165 secretiora
2636 2108 2876 2177 corpOris
2903 2109 3017 2162 loca
3059 2107 3272 2162 laminis
3299 2107 3654 2162 candentibus

2073 2205 2328 2274 perussit,
2360 2203 2454 2257 sed
2485 2210 2540 2257 et
2566 2202 2730 2255 multa
2759 2201 2860 2254 alia
2889 2199 3068 2269 inique
3095 2201 3279 2270 gessit,
3326 2215 3444 2267 qua:
3477 2211 3655 2255 tacere

2073 2298 2268 2352 melius
2300 2295 2502 2364 putavi.
2532 2295 2676 2349 Obiit
2713 2302 2768 2348 et
2795 2292 3072 2349 Sabaudus
3099 2291 3125 2328 ά
3161 2292 3491 2347 Arelatensis
3535 2293 3655 2360 epi-

2073 2403 2290 2455 scapus,
2316 2387 2367 2440 in
2394 2385 2546 2452 cujus
2600 2385 2776 2439 locum
2827 2382 2985 2454 5.11
3036 2381 3274 2437 Licerius
3301 2383 3439 2452 regis
3486 2381 3656 2436 Gunt-

2072 2479 2317 2537 chramni
2365 2477 2756 2534 referendarius
2783 2487 2866 2532 est
2899 2477 3120 2532 ascitus.
3149 2475 3341 2531 Gravis
3367 2485 3494 2529 tunc
3525 2475 3657 2529 Pro-

2075 2573 2304 2627 vinciam
2335 2572 2505 2640 ipsam
2535 2570 2651 2625 lues
2668 2570 2985 2639 depopulata
3017 2578 3120 2624 est.
3150 2568 3290 2624 Obiit
3321 2581 3372 2623 et
3396 2569 3657 2625 Evantius

2075 2664 2394 2720 Viennensis
2413 2663 2695 2731 episcopus
2721 2671 2770 2727 θ,
2799 2662 2849 2715 in
2873 2661 3024 2730 cujus
3048 2661 3229 2715 sedem
3255 2660 3409 2714 Virus
3437 2663 3657 2732 presby-

2076 2767 2158 2812 ter
2179 2757 2246 2812 de
2274 2755 2608 2812 senatoribus
2631 2770 2756 2824 rege
2774 2754 3002 2825 eligente
3022 2754 3375 2808 substituitur.
3401 2753 3657 2823 Multique

2073 2864 2142 2906 eo
2168 2864 2312 2903 anno
2354 2848 2691 2902 sacerdotum
2739 2864 2802 2902 ex
2853 2845 2954 2902 hoc
3001 2847 3200 2901 mttndo
3243 2847 3652 2916 migraverunt:

2075 2939 2214 3010 quod
2247 2939 2523 3008 praeterire
2548 2938 2687 2992 volui
2719 2937 2764 3004 τ,
2796 2952 2860 2991 eo
2889 2937 3031 3004 quod
3053 2938 3416 3008 unusquisque
3446 2939 3497 2992 in
3527 2937 3658 2992 urbe

2074 3047 2170 3087 sua
2202 3033 2283 3086 sui
2315 3029 2590 3099 reliquerit
2619 3039 2961 3084 monimenta.

2148 3123 2263 3180 XL.
2294 3122 2415 3178 Fuit
2443 3132 2616 3176 autem
2641 3129 2697 3174 et
2726 3123 2777 3176 itt
2808 3122 2940 3176 urbe
2970 3119 3232 3175 Turonica
3262 3119 3504 3190 Pelagius
3532 3121 3658 3189 qui-

385 3230 507 3269 cem
548 3219 956 3285 petenteszsed
1005 3219 1135 3274 nihil
1185 3220 1316 3275 certi
1355 3222 1689 3283 obtinentes.
1736 3220 2044 3297 regressic
2076 3222 2219 3287 dam,
2247 3218 2298 3272 in
2329 3215 2475 3270 omni
2524 3214 2724 3269 malitia
2774 3212 3116 3277 exercitatus,
3171 3212 3374 3266 nullum
3421 3212 3656 3281 judicent

381 3319 525 3362 sunt.
577 3309 901 3365 Ricbaredus
945 3322 1155 3377 autem,
1204 3315 1343 3370 Illius
1394 3315 1751 3385 Leuvicbihli,
1801 3335 1971 3388 usque

386 3402 686 3459 Narbouam
717 3403 882 3477 5.10
909 3406 1074 3473 venit,
1103 3418 1157 3462 et
1187 3407 1325 3462 intra
1357 3411 1641 3466 terminum
1671 3411 1966 3470 Galliarum

388 3496 753 3563 praedas-egit,
783 3505 839 3549 et
866 3496 1001 3550 i-lam
1031 3512 1308 3566 regressus
1334 3507 1433 3554 est.

461 3585 706 3640 XXXIX.
739 3586 817 3640 Eo
843 3585 871 3625 ιι
901 3601 1042 3641 anno
1090 3589 1241 3643 multi
1283 3590 1654 3659 episcoporum
1698 3592 1966 3650 obierunt.

388 3676 718 3745 Badegisilus
739 3693 871 3733 vero
885 3677 1354 3735 Cenomannorum
1378 3683 1681 3754 episcopus,
1710 3687 1793 3740 vir
1815 3687 1972 3745 valde

387 3780 562 3820 smvus
587 3767 638 3821 in
672 3769 888 3837 populo,
919 3769 1175 3824 auferens
1202 3771 1314 3826 sive
1343 3772 1598 3840 diripiens
1641 3774 1840 3842 injuste
1882 3791 1971 3834 res

386 3857 722 3914 diversorum
754 3878 767 3913 :
796 3860 862 3915 ad
891 3861 1044 3930 cujus
1071 3864 1302 3919 animum
1333 3865 1584 3920 acerbum
1613 3880 1771 3938 atque
1797 3870 1972 3925 immi-

390 3959 499 4005 tem
525 3950 717 4020 conjux
749 3965 1052 4011 accesserat
1077 3956 1286 4023 saevior,
1317 3973 1436 4027 quae
1467 3959 1613 4013 ilhtm
1648 3962 1698 4015 itt
1727 3963 1972 4017 commit-

391 4044 567 4099 tendis
596 4045 909 4113 sceleribus,
958 4048 1298 4120 aequissimis
1346 4053 1554 4107 consilii
1579 4053 1808 4110 stimulis
1850 4071 1971 4125 per-

386 4137 631 4206 urgebat.
662 4138 770 4194 Nec
793 4142 1093 4209 praeteribat
1139 4143 1271 4207 dies,
1314 4153 1404 4198 aut
1422 4155 1748 4201 momentum
1773 4148 1962 4218 ullum,

388 4230 442 4284 in
473 4247 577 4289 uno
607 4247 710 4287 non
743 4241 834 4287 aut
864 4232 914 4287 in
941 4233 1129 4302 spoliis
1158 4235 1378 4300 civium,
1410 4250 1498 4291 aut
1528 4237 1580 4292 itt
1627 4239 1852 4294 diversis
1894 4241 1972 4294 al-

388 4323 768 4377 tercationibus
803 4335 1155 4393 grassaretur.
1189 4327 1436 4393 Quotidie
1462 4338 1638 4384 autem
1668 4345 1787 4384 cum
1830 4331 1976 4400 judi-

387 4413 540 4468 cibus
561 4429 748 4471 causas
779 4416 1075 4483 discutere,
1120 4420 1335 4474 militias
1362 4423 1647 4476 szeculares
1693 4438 1972 4480 exercere.

387 4506 586 4559 saevire
614 4505 667 4559 in
709 4507 864 4569 alios,
895 4509 1029 4562 alios
1067 4509 1302 4564 cmdibus
1345 4526 1502 4580 agere
1549 4528 1653 4567 non
1704 4515 1972 4582 cessabat,

2076 3323 2340 3375 metuens,
2375 3323 2470 3376 pro
2507 3301 2574 3361 eo
2602 3306 2742 3376 quod
2771 3304 3134 3375 iumentorum
3166 3303 3427 3360 Ilscalium
3473 3314 3659 3358 custo-

2071 3401 2168 3459 des
2191 3401 2289 3456 sub
2316 3402 2434 3468 ejus
2464 3406 2724 3468 potestate
2752 3397 3131 3452 consisterent.
3161 3396 3242 3449 0b
3273 3395 3374 3450 hoc
3393 3395 3551 3460 furta,
3571 3409 3657 3449 su-

2074 3503 2326 3563 perventa
2357 3502 2406 3555 8,
2440 3490 2801 3558 pervasiones,
2851 3487 3047 3554 caedes,
3080 3488 3396 3556 diversaque
3424 3487 3655 3558 scelera,

2075 3594 2183 3638 tam
2216 3585 2266 3637 in
2299 3583 2610 3638 ﬂuminibus
2638 3595 2796 3648 quam
2823 3579 2876 3633 in
2920 3579 3100 3644 terris,
3129 3593 3288 3648 agere
3336 3593 3439 3633 non
3468 3593 3655 3634 cessa-

2075 3674 2187 3730 bat.
2217 3674 2346 3730 Nam
2380 3673 2694 3742 plerumque
2718 3668 3060 3732 arcessitum,
3105 3680 3160 3723 et
3189 3669 3485 3724 minacibus
3515 3669 3656 3722 lent-

2074 3768 2279 3838 basque
2308 3765 2504 3831 verbis,
2539 3773 2596 3820 ut
2635 3763 2704 3816 ab
2749 3762 2848 3815 hac
2892 3760 3092 3816 malitia
3121 3760 3427 3824 desisteret,
3474 3763 3660 3829 prohi-

2075 3859 2203 3915 bere
2231 3856 2374 3912 volui
2407 3874 2421 3912 :
2453 3856 2545 3911 sed
2577 3854 2745 3924 magis
2771 3852 2892 3907 odia
2934 3867 3092 3922 quam
3140 3851 3375 3921 aliquem
3425 3850 3657 3905 fructum

2072 3952 2294 4025 iustitiae
2315 3950 2384 4006 ab
2409 3964 2474 4005 eo
2509 3948 2711 4018 recepi,
2756 3945 2907 4017 juxta
2950 3945 3080 4000 illud
3127 3944 3517 4000 Salomoniaca:
3557 3946 3660 3996 Sa-

2075 4045 2291 4115 pientia:
2322 4039 2657 4110 proverbium
2691 4053 2706 4092 :
2737 4036 2908 4106 Argue
2934 4036 3169 4101 stultum,
3200 4034 3408 4104 adjiciat
3439 4035 3580 4088 odire
3609 4044 3661 4088 te

2073 4138 2257 4210 (Prov.
2290 4151 2361 4203 tx,
2394 4134 2473 4204 8).
2506 4132 2636 4188 Nam
2669 4140 2870 4186 tantum
2902 4129 2955 4184 in
2983 4144 3069 4183 me
3099 4128 3277 4182 odium
3302 4128 3464 4182 miser
3492 4127 3660 4182 habeo

2076 4231 2188 4295 bat,
2222 4238 2279 4282 ut
2319 4228 2514 4294 smpius
2546 4221 2784 4295 spoliatis
2813 4223 3074 4290 caesisque
3123 4219 3425 4274 hominibus
3454 4228 3660 4273 sancta:

2073 4323 2337 4385 ecclesiae,
2365 4319 2638 4375 exanimes
2666 4317 2960 4387 reliquerit,
3005 4327 3197 4368 causas
3222 4310 3452 4380 qualiter
3476 4309 3656 4363 eccle-

2074 4415 2169 4471 sia:
2202 4415 2284 4468 vel
2340 4411 2576 4468 basilica:
2622 4409 2792 4464 sancti
2836 4406 3042 4462 Martini
3089 4404 3285 4458 damna
3333 4400 3655 4464 intenderet,

2075 4505 2373 4575 inquirens.
2406 4502 2558 4560 Unde
2590 4501 2786 4555 factum
2815 4508 2926 4569 est,
2955 4508 3012 4552 ut
3041 4495 3266 4568 quadam
3297 4494 3412 4549 vice
3441 4492 3660 4547 venien-

460 4673 486 4699 ι
516 4661 723 4736 Colitur
748 4663 834 4719 die
859 4663 932 4719 25
959 4663 1080 4719 Julii
1105 4680 1120 4730 ;
1161 4665 1399 4734 sepultus
1427 4676 1510 4722 est
1539 4667 1590 4722 in
1637 4667 1964 4724 monasterio
1993 4669 2043 4730 D
2071 4682 2166 4736 per
2198 4666 2358 4727 Iluvio
2377 4662 2502 4716 Gala
2534 4658 2770 4736 dimisit,
2801 4653 3275 4736 rogansabbatem
3299 4650 3520 4736 illustri:
3557 4650 3658 4736 loci

390 4735 558 4786 sancti
591 4734 822 4798 Martini,
854 4750 882 4788 a
913 4736 1089 4803 seipSo
1136 4736 1372 4798 conditu,
1421 4739 1559 4804 quod
1615 4740 1774 4792 etiam
1825 4754 1966 4793 nunc

388 4813 564 4876 exstat
595 4806 693 4858 sub
722 4806 909 4860 ordine
942 4806 1303 4860 Benedictino.
1355 4808 1479 4875 Ejus
1535 4809 1702 4861 Vitam
1753 4810 1968 4876 scripsit

391 4875 686 4929 Iibervinus
716 4877 900 4940 abbas,
929 4877 1172 4930 laudatur
1195 4893 1223 4930 a
1259 4877 1548 4933 Fortunato
1571 4879 1664 4934 lib.
1695 4894 1770 4945 III,
1795 4875 1965 4934 carui.

391 4946 480 5007 Il,
508 4956 562 4998 et
589 4947 784 5013 passim
812 4963 840 5000 a
865 4958 1049 5002 nostro
1075 4945 1352 5012 Gregorio.

466 5013 634 5087 {Hoc
678 5026 836 5087 caput
881 5033 1001 5071 cum
1050 5027 1279 5082 quatuor
1320 5018 1664 5087 sequentibus
1715 5019 1866 5074 deest
1912 5019 1962 5074 in

389 5084 542 5138 Ilolh.
575 5101 627 5142 a.
658 5097 711 5140 et
738 5084 856 5140 Vat.
890 5089 962 5142 De
988 5087 1294 5152 Badegesilo
1323 5084 1482 5155 supra
1514 5090 1606 5144 lib.
1643 5105 1717 5155 VI,
1751 5106 1869 5155 cap.
1897 5090 1961 5155 9;

390 5157 706 5226 subscripsit
735 5157 970 5211 Concilio
1010 5157 1395 5214 Matiscoueusi
1426 5175 1484 5224 ll,
1514 5173 1655 5213 anno
1684 5163 1809 5216 555.
1835 5161 1964 5216 Con-

391 5223 481 5300 iux
510 5223 624 5300 ejus
654 5225 1334 5300 Magnatrudis_appellatnr
1363 5223 1527 5288 infra,
1551 5231 1639 5284 lib.
1679 5247 1734 5296 x,
1761 5247 1878 5300 cap.
1905 5233 1960 5287 5.

443 5297 807 5366 iStinguendus
833 5306 917 5351 est
944 5313 980 5368 a7
1020 5298 1366 5368 Bert-gesito,
1393 5300 1482 5368 qui
1509 5301 1750 5355 eamdem
1782 5297 1963 5356 sedem

394 5365 473 5418 his
503 5365 711 5439 invasit,
746 5375 802 5421 ut
853 5369 904 5422 in
943 5365 1284 5423 Testamento
1313 5365 1422 5423 suo
1448 5373 1793 5439 conqueritur
1841 5388 1967 5428 San-

389 5449 507 5490 ctus
538 5438 899 5492 Bertramnus.

465 5517 488 5544 ο
524 5509 648 5576 Ejus
679 5510 807 5563 Acta
838 5509 1096 5563 habentur
1127 5518 1271 5562 tomo
1301 5508 1364 5563 lll
1394 5509 1636 5563 Analect.
1669 5509 1962 5574 Mabillon.,

390 5575 478 5628 ubi
508 5575 670 5649 ipsius
695 5579 1112 5646 Testamentum,
1154 5596 1261 5648 quo
1308 5583 1445 5634 inter
1488 5579 1590 5649 alia
1638 5581 1799 5649 multa
1844 5596 1963 5649 qua:

389 5648 553 5702 vanis
580 5649 820 5705 ecclesiis
846 5650 1084 5713 donavit,
1118 5647 1347 5705 basilica:
1378 5649 1515 5702 beati
1554 5647 1836 5714 Viucentii,
1864 5647 1958 5706 ubi

390 5732 582 5788 corpus
613 5719 748 5772 beati
795 5721 1066 5784 Germani,
1098 5736 1126 5773 a
1156 5735 1261 5788 quo
1305 5721 1567 5772 enutritus
1623 5719 1822 5778 fuerat.
1870 5736 1954 5774 rc-

391 5787 638 5853 quiescit,
678 5790 850 5846 villam
884 5791 1095 5848 Bobanc
1123 5787 1480 5846 itt’tcrriturio
1526 5791 1825 5859 Stautpcnsi
1869 5809 1954 5845 su-

2071 4720 2245 4801 iltius',
2277 4747 2334 4789 ut
2363 4747 2558 4804 nomen,
2584 4731 2698 4804 ejus
2726 4720 2778 4782 in
2811 4720 2951 4804 libro
2972 4725 3111 4804 vitae
3147 4723 3423 4804 recitetnr.
3460 4720 3658 4804 fariis

2071 4791 2316 4863 conciliis
2348 4791 2629 4857 interfuit:
2645 4799 2860 4853 Festum
2887 4797 3001 4866 ejus
3021 4795 3335 4866 celebratur
3378 4793 3430 4845 in
3458 4791 3658 4866 blarty~

2073 4862 2178 4932 rul.
2210 4875 2484 4944 Gallicano
2522 4869 2702 4944 dieAll_l
2759 4862 3237 4944 neq.'_t«‘eb_r_ui_u_-ii.
3272 4864 3346 4918 De
3374 4878 3440 4916 eo
3484 4862 3657 4930 Pape-

2074 4948 2325 5004 brochius
2351 4946 2414 4999 ad
2445 4943 2584 4998 diem
2615 4941 2648 4996 6
2675 4939 2818 4993 .lttnii
2851 4936 3199 4990 Bollandia'ni.

2146 5000 2279 5072 “De
2309 5017 2410 5071 hoc
2437 5029 2594 5082 supra
2629 5011 2720 5082 lib.
2749 5025 2822 5082 tv,
2847 5022 2968 5082 cap.
2993 5005 3101 5082 μη
3133 5004 3330 5082 dicitur
3357 5002 3514 5082 vulgo
3545 5000 3655 5080 Sq-

2070 5091 2295 5161 paua'us.
2329 5073 3102 5161 [ariisiConciliis-iint—erfujt,
3141 5085 3202 5161 et
3245 5073 3654 5161 vicarjatutunin

2073 5142 2258 5215 Galliis
2284 5142 2314 5212 a
2347 5153 2561 5227 Pelagio
2591 5167 2725 5224 papa
2756 5149 2999 5205 obtinuit.
3037 5146 3113 5201 De
3139 5145 3349 5200 Licerio
3390 5142 3525 5197 infra
3557 5142 3654 5195 lib.

2068 5244 2146 5286 ιχ.
2177 5245 2293 5286 can.
2321 5227 2413 5282 25.

2131 5272 2146 5297 ,
2177 5245 2293 5298 cap.
2321 5245 2413 5282 zo.
3171 5286 3183 5297 θ

2145 5310 2168 5338 ο
2199 5300 2450 5354 Eiantius
2495 5292 2811 5362 subscripsit
2851 5290 3015 5345 Cone.
3062 5287 3267 5362 Mense,
3295 5299 3334 5352 ι,
3366 5281 3604 5362 θυι-διν
3633 5296 3654 5345 ς

2073 5353 2240 5441 Lugd.
2270 5364 2633 5441 tu,ﬂan_._585;
2682 5353 2890 5441 Valent.
2926 5375 2982 5426 ll,
3023 5373 3111 5441 an:
3163 5356 3414 5441 ᾕδάέηθι.
3447 5353 3651 5441 Mense.

2070 5425 2250 5504 tuan.
2283 5425 2406 5492 585.
2443 5425 2656 5491 Festum
2703 5434 2818 5503 ejus
2865 5430 3104 5485 nonnulli
3145 5427 3233 5482 die
3282 5427 3348 5480 I5
3391 5425 3654 5490 Januarii,

2070 5513 2159 5566 alii
2189 5513 2222 5566 3
2253 5509 2435 5576 Fcbr.,
2465 5506 2728 5561 recolunt.

2145 5579 2400 5649 'Regm.,
2426 5578 2588 5632 nolui.
2855 5646 2865 5649 _
2908 5644 2920 5649 _
3023 5642 3034 5649 _
3324 5639 3332 5649 .
3500 5642 3515 5649 -
3549 5635 3562 5646 ν

2136 5661 2163 5699 8
2189 5650 2245 5724 Id
2269 5642 2614 5724 cst,'rapinas
2632 5687 2648 5715 ,
2675 5661 2771 5703 seu
2818 5642 3098 5701 violentias
3131 5642 3439 5712 repentinas
3465 5642 3519 5693 et
3549 5642 3657 5690 ini-

2063 5721 2332 5791 prmvisas.
