3966 6348
184 377 292 430 ιπ

1132 381 1448 440 IIISTOIIIA
1494 382 1937 441 FRANCORUM.
1985 383 2186 440 LIBER
2227 370 2569 441 OCTAVUS.

3366 388 3472 446 478

184 502 269 550 tes
302 495 546 550 homines
568 502 804 561 nostros,
834 502 992 566 atque
1016 497 1264 551 echiuum
1294 498 1344 549 in
1369 496 1509 549 vasis
1531 496 1777 551 deleren—
1806 501 1854 558 Α
1886 498 2119 568 migisilo
2144 514 2354 568 quoque
2397 508 2593 553 metum
2639 498 2815 554 intulit
2834 540 2848 565 ,
2894 501 2988 556 sed
3040 502 3345 570 paciﬁcatus
3389 516 3471 561 est

187 596 271 641 tes
295 585 549 651 cederet,
585 596 904 656 protereret,
936 588 1160 657 ipsaque
1186 602 1311 641 vasa
1340 597 1577 657 caperet.
1621 587 1777 654 Quod
1814 646 1821 653 ,

188 679 385 735 factum
412 695 533 735 cum
563 681 969 747 comperissem,
1015 696 1140 734 eum
1172 694 1202 733 a
1229 681 1607 735 communione
1661 694 1783 733 sus-

189 771 372 842 pendi.
401 786 508 825 non
536 772 688 842 quasi
720 772 861 824 ultor
888 769 1098 840 injuriae
1128 786 1287 834 meae,
1316 771 1409 826 sed
1463 779 1523 825 ut
1575 771 1782 825 facilius

186 879 312 927 curn
343 864 413 916 ab
443 861 543 917 hac
575 861 783 916 insania
831 862 1114 918 redderem
1167 861 1528 917 emendatum.
1577 861 1647 916 At
1694 862 1785 914 ille

187 952 379 1009 electis
408 953 691 1008 duodecim
719 953 866 1017 viris,
911 961 965 1008 ut
1019 951 1121 1008 hoc
1147 953 1323 1008 scelus
1352 950 1641 1021 peieraret,
1687 951 1785 1006 ad-

190 1048 356 1102 venit.
389 1046 497 1102 Sed
528 1061 648 1100 cum
672 1060 772 1116 ego
800 1045 999 1099 nullum
1028 1045 1220 1101 vellem
1250 1053 1643 1100 sacramentum
1672 1058 1787 1098 sus-

186 1140 393 1210 cipere,
424 1138 730 1206 compulsus
758 1138 829 1190 ab
856 1152 944 1203 eo,
975 1138 1058 1193 vel
1087 1152 1116 1190 a
1148 1137 1353 1193 civibus
1383 1136 1601 1200 nostris,
1626 1150 1793 1189 amo-.

189 1232 257 1283 tis
320 1228 587 1298 reliquis,
631 1227 800 1297 ipsius
856 1235 1060 1282 tantum
1110 1226 1473 1297 juramentum
1530 1228 1779 1293 suscepi,

186 1321 429 1391 iussique
458 1334 579 1374 eum
612 1318 777 1387 recipi
826 1319 881 1373 in
923 1318 1378 1373 communionem.
1428 1318 1559 1373 Erat
1602 1326 1781 1372 autem

188 1426 254 1468 eo
285 1419 528 1479 tempore
556 1410 757 1464 mensis
784 1408 1004 1477 primus.
1033 1408 1365 1465 Adveniente
1390 1416 1570 1461 autem
1598 1422 1782 1463 mense

188 1506 402 1573 quinto,
434 1518 538 1571 quo
568 1510 717 1571 prata
746 1504 919 1557 secari
946 1502 1144 1565 solent,
1176 1510 1383 1570 pratum
1404 1500 1787 1556 sanctimonia-

188 1596 342 1661 lium,
368 1596 513 1664 quod
545 1595 775 1649 termino
804 1593 935 1661 prati
963 1593 1044 1648 sui
1074 1591 1402 1656 adhaerebat,
1429 1591 1695 1655 pervadit.
1725 1591 1782 1648 In

189 1702 298 1757 quo
327 1684 508 1741 statim
543 1694 601 1740 ut
629 1684 818 1741 falcem
841 1684 1007 1749 misit,
1041 1684 1188 1740 febre
1221 1693 1525 1753 correptus,
1553 1682 1643 1739 die
1669 1691 1783 1738 ter-

191 1780 265 1832 tia
295 1777 545 1847 spiritum
573 1775 863 1832 exhalavit.
907 1775 1235 1842 Deposucrat
1264 1776 1405 1831 enim
1451 1775 1552 1830 sibi
1599 1776 1784 1844 sepul-

1881 604 2001 645 cum
2032 606 2119 647 eo.
2146 591 2422 646 Accedens
2452 600 2630 645 autem
2662 592 2726 645 ad
2761 592 2968 656 urbem,
3006 594 3129 647 dum
3163 596 3475 662 epularetur

1881 696 2002 736 cum
2033 681 2259 736 diversis
2290 682 2342 735 in
2375 682 2584 749 tristcga
2614 694 2662 748 ε,
2696 683 2874 736 subito
2899 682 3121 738 eﬁracto
3152 686 3354 753 pulpito
3374 687 3472 741 du-

1884 788 2023 840 mus,
2056 774 2140 827 vix
2170 773 2458 828 semivivus
2498 775 2687 840 evasit,
2717 774 2899 828 multis
2942 774 3103 845 413
3156 777 3467 843 debilitatis,

1883 865 1935 919 in
1965 866 2167 920 eisdem
2193 877 2368 920 tamen
2387 866 2540 919 malis
2562 865 2856 935 perdurans
2878 882 2998 935 qua!
3038 869 3183 936 prius
3208 880 3467 937 gesserat.

1882 957 2045 1011 Multa
2079 967 2203 1011 tunc
2231 968 2285 1012 et
2317 957 2679 1026 Fredegnndis
2709 958 2761 1011 in
2796 973 2960 1027 regno
2991 958 3087 1013 ﬁlii
3111 960 3192 1014 sui
3217 959 3283 1012 de
3313 960 3470 1015 rebus

1880 1048 1999 1118 ejus
2041 1050 2256 1103 evertit.
2287 1047 2409 1115 Ipse
2435 1063 2646 1118 quoque
2673 1049 2737 1102 ad
2773 1048 3113 1105 Rhedonicos
3143 1050 3382 1118 rediens,
3415 1062 3470 1106 et

1881 1153 1976 1193 eus
2002 1138 2113 1209 regi
2138 1137 2538 1193 Guntchramno
2568 1140 2797 1195 subdere
2826 1141 3067 1210 cupiens,
3116 1143 3278 1195 lilium
3306 1157 3463 1196 suum

1884 1230 1937 1284 in
1972 1229 2219 1285 ltocloco
2269 1230 2504 1298 reliquit.
2560 1231 2659 1297 Qui
2717 1246 2825 1286 non
2885 1232 3050 1286 multo
3106 1232 3473 1287 intercedente

1885 1331 2146 1389 tempore,
2172 1322 2499 1376 irruentibus
2520 1321 2846 1377 Rhedonicis
2868 1321 3221 1393 interemptus
3246 1334 3328 1377 est
3348 1339 3469 1379 cum

1886 1414 2066 1468 multis
2101 1413 2378 1469 honoratis
2408 1414 2557 1469 viris.
2614 1414 2724 1469 Hoc
2757 1431 2896 1470 anno
2928 1416 3094 1471 multa
3124 1416 3275 1486 signa
3306 1430 3472 1485 appa-

1884 1521 2141 1566 ruerunt:
2174 1527 2295 1566 nam
2328 1526 2515 1567 mense
2536 1514 2767 1581 septimo
2788 1512 3009 1566 arbores
3042 1512 3169 1567 visa:
3209 1520 3333 1566 sunt
3377 1509 3475 1564 llo-

1885 1605 2090 1667 ruisse,
2120 1603 2212 1659 sed
2246 1612 2301 1659 et
2350 1604 2533 1658 multze
2580 1620 2699 1672 qua:
2750 1605 2896 1673 prius
2952 1619 3107 1673 poma
3153 1604 3473 1668 habuerant,

1886 1710 2027 1751 nova
2059 1696 2341 1761 dederunt,
2373 1712 2489 1764 qua:
2520 1712 2687 1765 usque
2715 1696 2780 1749 ad
2811 1697 3011 1751 Nitalis
3045 1698 3307 1752 Dominici
3342 1710 3475 1751 tem—

1886 1802 2015 1856 pora
2042 1786 2095 1841 in
2128 1788 2255 1854 ipsis
2284 1787 2569 1841 arboribus
2593 1786 2787 1841 habita:
2814 1796 2959 1842 sunt.
3006 1789 3203 1858 Fulgor
3233 1803 3327 1857 per
3366 1780 3485 1844 (ιω-³

193 1886 343 1926 crum
392 1872 447 1924 in
498 1870 716 1926 basilica
765 1870 934 1926 sancti
985 1868 1198 1925 Martini
1251 1870 1355 1925 vici
1404 1868 1780 1934 Condalensis,
1814 1864 1862 1925 Β
1890 1879 1995 1933 lum
2018 1878 2071 1932 in
2105 1878 2320 1933 modum
2348 1879 2610 1947 serpentis
2640 1879 2943 1933 cucurrisse
2970 1880 3119 1933 visus
3150 1890 3256 1934 est.

193 1966 359 2036 512
395 1963 537 2033 quod
592 1963 861 2018 detectum
908 1961 992 2017 sui
1043 1968 1098 2017 et
1128 1970 1157 1999 ι
1185 1960 1461 2017 eﬁ'ractum
1515 1959 1568 2014 in
1615 1958 1785 2015 frusta

194 2060 495 2127 reperiunt.
528 2057 620 2112 Sic
646 2065 832 2126 postea
864 2057 915 2112 in
947 2056 1155 2126 porticu
1204 2055 1374 2126 ipsius
1423 2041 1666 2111 basilice,
1702 2066 1796 2112 est

191 2151 471 2218 sepultus;
508 2164 632 2203 vasa
660 2163 871 2219 quoque
897 2149 1095 2215 echini,
1131 2164 1251 2219 qua:
1283 2147 1632 2218 pejeraverat,
1662 2160 1791 2219 post.

191 2242 399 2297 obitum
431 2242 571 2296 illius
599 2242 668 2296 ab
694 2241 811 2310 eius
835 2242 1203 2311 promptuario
1228 2251 1353 2296 sunt
1381 2242 1577 2297 delata.
1603 2240 1781 2295 Mani-

193 2331 388 2387 iestata
418 2342 504 2387 est
523 2342 702 2388 autem
732 2332 900 2387 virtus
922 2332 1092 2387 beata:
1120 2330 1301 2387 Marizc
1332 2330 1382 2400 δ,
1418 2332 1471 2386 in
1500 2330 1656 2402 cujus
1685 2331 1786 2386 ba-

192 2426 347 2481 silica
378 2426 540 2478 raise:
573 2434 969 2485 sacramentum
1000 2420 1223 2494 protulit
1249 2424 1499 2479 mendax.
1778 2470 1781 2473 η

274 2516 412 2574 XLI.
442 2515 577 2571 Cum
610 2527 787 2573 autem
812 2532 905 2587 per
935 2525 1101 2573 totam
1134 2526 1332 2573 terram
1353 2532 1519 2572 sonus
1548 2517 1640 2572 ille
1667 2532 1789 2583 per-

195 2616 441 2664 curreret
468 2606 844 2664 Praetextatum
865 2608 1175 2678 episcopum
1196 2623 1225 2663 a
1249 2607 1601 2679 Fredegunde
1622 2608 1795 2664 fuisse

196 2699 562 2768 interiectum,
596 2700 682 2753 illa
712 2715 924 2771 quoque
952 2716 1061 2771 quo
1109 2701 1320 2757 facilius
1362 2700 1732 2771 detergeretur
1755 2716 1793 2755 α

197 2791 449 2858 crimine,
471 2791 863 2862 apprehensum
890 2808 1111 2861 puerum
1140 2793 1273 2849 cadi
1309 2792 1470 2863 jussit
1499 2793 1791 2848 vehemen-

200 2893 305 2946 ter.
329 2886 513 2941 dicens
537 2903 549 2938 :
574 2885 652 2941 'I‘u
681 2887 781 2941 hoc
808 2886 1199 2956 blasphemium
1226 2901 1388 2956 super
1428 2900 1517 2941 me
1541 2886 1797 2950 intulisti,

199 2988 259 3030 ut
292 2974 673 3032 Prmtestatum
702 2978 848 3033 urbis
872 2978 1318 3049 Rothomagensis
1338 2976 1647 3048 episcopum
1673 2978 1788 3049 gla-

196 3068 294 3122 dio
322 3078 623 3136 appeteres.
652 3068 719 3123 Et
748 3068 963 3124 tradidit
982 3084 1104 3124 eum
1133 3070 1313 3139 nepoti
1344 3069 1511 3137 ipsius
1538 3068 1787 3124 sacerdoo

199 3160 293 3213 tis.
319 3158 417 3223 Qui
446 3173 569 3215 cum
596 3173 720 3237 eum
752 3160 802 3213 in
825 3158 1087 3227 supplicio
1119 3159 1401 3227 posuisset,
1430 3173 1643 3214 omnem
1674 3174 1787 3213 rem

1958 1968 2141 2026 XLIII.
2180 1970 2336 2025 Anno
2358 1985 2570 2039 quoque
2595 1968 2919 2023 duodecimo
2945 1969 3274 2024 Childeberti
3306 1969 3473 2039 regis,

1886 2063 2119 2119 Nicetius
2150 2066 2422 2117 Arvernus
2461 2074 2637 2117 rector
2665 2063 3010 2118 Massiliensis
3039 2063 3331 2117 Provincim
3361 2060 3386 2101 ἀ
3419 2072 3475 2120 et

1885 2154 2209 2223 reliquarum
2237 2154 2469 2217 urbium,
2499 2168 2618 2222 qua:
2663 2152 2714 2207 in
2756 2153 2856 2207 illis
2885 2154 3124 2222 partibus
3152 2153 3216 2205 ad
3251 2169 3475 2222 regnum

1887 2245 2031 2315 regis
2080 2244 2246 2313 ipsius
2295 2236 2659 2311 pertinebant,
2708 2250 2792 2296 est
2840 2242 3139 2298 ordinatus.
3202 2245 3478 2301 Aulestins

1889 2353 2022 2393 vero
2072 2339 2124 2393 in
2174 2338 2463 2407 Andegavo
2506 2354 2535 2391 a
2587 2352 2712 2408 rege
2752 2338 3155 2394 Guntcliramno
3205 2340 3477 2409 dirigitur,
3560 2374 3571 2381 η

1889 2430 2067 2483 multis
2097 2429 2291 2485 ibidem
2323 2428 2532 2483 damnis
2580 2427 2826 2498 afﬂigens
2871 2445 3001 2497 ens,
3054 2431 3144 2500 qui
3198 2432 3249 2484 in
3306 2438 3479 2484 morte

1892 2520 2163 2575 Domnolaa
2187 2521 2369 2575 uxoris
2407 2518 2637 2575 Nectarii
2665 2521 2803 2575 misti
2847 2522 3093 2576 luerunt:
3123 2537 3315 2591 resque
3347 2521 3479 2590 Dep-

1892 2610 2070 2681 poleni
2113 2620 2163 2677 θ,
2195 2626 2261 2666 eo
2291 2612 2432 2681 quod
2464 2612 2623 2667 fuerit
2654 2613 2812 2680 hujus
2839 2624 2997 2683 caput
3026 2613 3268 2681 sceleris,
3304 2614 3359 2667 in
3391 2612 3479 2667 iis—

1889 2712 2009 2756 cum
2039 2701 2317 2771 redigens,
2352 2701 2641 2757 Namnetas
2667 2703 2916 2765 accessit,
2945 2717 3009 2760 ac
3040 2703 3305 2758 lacessere
3335 2702 3479 2756 Non-

1891 2793 2123 2848 nichimn
2151 2793 2457 2862 epist‘Opum
2487 2796 2668 2862 erepit,
2701 2795 2885 2850 (licens
2912 2813 2924 2848 :
2951 2790 3081 2863 Quia
3111 2789 3247 2849 ﬁlius
3279 2804 3399 2851 tuus
3428 2797 3481 2850 in

1892 2886 1993 2940 hoc
2030 2885 2266 2941 facinore
2304 2895 2387 2941 est
2424 2887 2706 2951 admistus,
2739 2897 2795 2942 ut
2822 2886 3009 2958 dignas
3040 2902 3135 2957 pro
3172 2889 3480 2943 commissis

1892 2977 2005 3031 suis
2028 2993 2212 3045 plenas
2239 2978 2345 3031 luat
2375 2980 2622 3033 meritum
2653 2978 2837 3049 exigit.
2865 2980 2969 3034 Sed
2996 2995 3127 3049 puer
3153 2981 3481 3035 conscientia

1892 3080 2178 3124 accusante
2217 3070 2453 3134 territus,
2494 3068 2557 3125 ad
2586 3071 2952 3124 Chlotharium
2995 3071 3161 3125 ﬁliutu
3192 3071 3479 3141 Chilperici

1892 3161 2119 3232 aufugit.
2176 3162 2452 3217 Antestius
2500 3177 2632 3218 vero
2677 3164 2911 3230 acceptis
2963 3162 3367 3232 ﬁdeiussoribus
3413 3162 3481 3216 ab

197 3252 486 3307 evidenter
513 3253 742 3321 aperuit,
788 3251 1135 3321 dixitquezA
1178 3252 1359 3322 regina
1397 3252 1541 3306 enim
1587 3250 1788 3306 Frede-
1819 3240 1867 3304 C
1896 3253 2169 3323 episcOpu,
2217 3262 2274 3306 ut
2324 3253 2374 3306 in
2427 3252 2707 3321 praesentia
2754 3254 2893 3321 regis
2936 3252 3168 3320 adesset,
3213 3250 3480 3308 Sautonas

196 3343 383 3413 gunde
411 3356 627 3398 centum
657 3344 858 3413 solidos
882 3343 1087 3413 accepi,
1115 3351 1174 3398 ut
1203 3343 1302 3398 hoc
1328 3341 1598 3408 facerem;
1632 3358 1658 3394 a
1685 3342 1793 3397 lle-

199 3438 373 3491 Iantio
406 3452 533 3491 vero
559 3437 833 3508 episcopo,
862 3436 1277 3507 quinquaginta;
1310 3445 1366 3491 et
1409 3438 1476 3492 ab
1523 3434 1791 3495 archidia-

198 3545 341 3584 cono
362 3530 616 3599 civitatis,
639 3530 774 3585 alios
803 3528 1217 3599 quinquaginta;
1250 3529 1469 3597 insuper
1493 3537 1551 3584 et
1569 3528 1788 3597 promis-

198 3638 322 3675 sum
354 3620 536 3688 habui,
567 3630 626 3675 ut
654 3621 914 3692 ingenuus
946 3620 1156 3688 ﬁerem,
1186 3621 1325 3677 sicut
1372 3628 1428 3676 et
1472 3635 1608 3674 uxor
1651 3633 1788 3673 mea.

199 3711 257 3767 In
291 3714 393 3767 hac
426 3726 553 3769 voce
581 3713 746 3775 illius,
778 3712 1060 3783 evaginato
1105 3711 1266 3767 homo
1296 3710 1382 3766 ille
1424 3710 1603 3779 gladio
1647 3725 1792 3781 pric-

199 3805 405 3860 dictum
437 3819 585 3861 reum
636 3808 687 3862 in
736 3805 903 3862 frusta
946 3806 1199 3861 concidit.
1251 3804 1618 3876 Fredegundis
1665 3819 1793 3858 vero

200 3895 534 3961 Helantium,
562 3912 720 3967 quem
767 3895 911 3969 prius
938 3898 1251 3969 episcopum
1295 3903 1567 3964 posuerat,
1616 3894 1797 3949 eccle-

204 3990 301 4041 δέω
332 3986 580 4041 instituit.

276 4074 437 4131 XLII.
479 4076 665 4131 Duma
703 4073 1055 4148 Fredegnnde
1099 4068 1434 4148 Bcppoleuus
1480 4076 1589 4132 dux
1641 4078 1796 4135 valde

203 4168 547 4237 iatigaretur,
564 4183 665 4224 nec
691 4169 844 4237 juxta
869 4184 1151 4239 personam
1180 4185 1333 4225 suam
1362 4170 1412 4225 ei
1447 4169 1618 4224 honor
1639 4170 1794 4225 debi-

120 4268 123 4269 '
206 4266 291 4312 tus
321 4259 744 4328 impenderetur,
771 4274 999 4315 cernens
1021 4274 1080 4315 se
1101 4260 1329 4331 despici,
1357 4261 1422 4314 ad
1447 4260 1797 4316 Guntchram-

206 4364 335 4401 num
366 4364 546 4417 regem
577 4349 724 4404 abiit.
756 4351 798 4404 Α
828 4365 933 4420 quo
982 4360 1199 4420 accepta
1256 4360 1520 4421 petestate
1565 4351 1794 4407 ducatus

204 4454 371 4508 super
398 4440 645 4497 civitates
673 4444 787 4497 illas
808 4485 823 4510 ,
856 4459 973 4512 quae
1002 4445 1067 4498 ad
1100 4442 1471 4500 Cltlotharium
1505 4445 1793 4515 Chilperici

205 4532 350 4600 regis
380 4534 548 4587 lilium
579 4535 930 4603 pertinebant,
957 4549 1077 4590 cum
1106 4552 1295 4606 magna
1317 4538 1553 4606 potentia
1581 4539 1787 4609 pergit;

1899 3347 2066 3401 venit.
2098 3345 2272 3401 Sonus
2310 3354 2487 3399 autem
2513 3345 2595 3399 his
2623 3344 2814 3400 diebus
2852 3344 3076 3409 exierat,
3107 3344 3249 3415 quod
3276 3344 3479 3400 Frede-

1896 3437 2090 3509 guudis
2126 3438 2365 3491 occultos
2406 3438 2457 3492 in
2483 3435 2762 3506 Hispanias
2806 3437 3027 3491 nuntios
3056 3436 3333 3505 dirigeret,
3364 3451 3483 3491 eos-

1896 3530 2019 3585 dem
2068 3543 2099 3583 a
2131 3527 2365 3583 Palladio
2404 3528 2709 3583 Santonica:
2755 3527 2902 3582 urbis
2926 3528 3179 3597 episcopo
3207 3528 3343 3582 clam
3367 3541 3484 3581 sus-

1895 3632 2114 3690 ceptos,
2148 3628 2205 3676 et
2262 3627 2474 3674 inantea
2513 3620 2853 3674 transmissos
2886 3619 3065 3675 fuisse.
3113 3619 3279 3675 Erant
3307 3630 3484 3675 autem

1896 3724 1965 3765 eo
1998 3721 2242 3778 tempore
2270 3709 2387 3765 dies
2409 3708 2839 3780 Quadrag‘esimae
2866 3700 3089 3776 sanetae,
3120 3720 3171 3767 et
3201 3716 3486 3781 episcopus

1897 3805 1951 3860 in
1984 3804 2209 3859 insulam
2232 3802 2396 3875 4η.
2425 3803 2610 3868 maris,
2639 3802 2894 3859 orationis
2921 3818 3078 3859 causa
3107 3815 3407 3860 secesserat
3434 3804 3453 3843 τ
3466 3845 3480 3859 .

1897 3895 2201 3951 Secundum
2230 3894 2671 3950 consuetudinem
2701 3904 2910 3962 autem,
2941 3896 3068 3951 dum
3101 3896 3165 3951 ad
3194 3897 3485 3952 Dominica:

1896 3987 2077 4044 ﬁmum
2116 3990 2247 4044 festa
2290 3988 2355 4042 ad
2401 3988 2683 4044 ecclesiam
2726 4004 2878 4044 suam
2910 3990 3105 4060 populo
3135 4000 3486 4059 exspectante

1897 4082 2131 4146 rediret,
2172 4079 2241 4134 ab
2272 4080 2514 4135 Antestio
2558 4080 2611 4134 in
2644 4080 2727 4134 via
2758 4082 3003 4139 vallatur.
3028 4081 3127 4147 Qui
3171 4080 3354 4153 [Forte
3377 4082 3487 4151 cui]

1898 4188 1998 4227 nec
2035 4172 2275 4226 discussa
2315 4172 2393 4225 rei
2434 4171 2661 4225 veritate
2698 4171 2909 4226 dicebat
2951 4189 2964 4227 :
3012 4173 3126 4227 Non
3167 4158 3487 4245 ingredieris

1898 4267 2105 4332 urbem,
2136 4264 2229 4319 sed
2278 4264 2468 4320 exsilio
2512 4264 2975 4343 condemnaberis,
3029 4268 3151 4336 quia
3198 4267 3483 4336 suscepisti

1902 4364 2115 4416 nuntios
2140 4361 2369 4417 inimica:
2393 4361 2593 4417 domini
2626 4363 2789 4417 nostri
2818 4363 2975 4432 regis.
3011 4365 3079 4417 At
3110 4364 3233 4419 ille:
3267 4363 3480 4432 Nescio,

1897 4455 1991 4523 ait,
2015 4455 2140 4523 quid
2173 4455 2428 4525 loquaris.
2456 4455 2656 4509 Tamen
2685 4455 2807 4524 quia
2838 4456 2954 4510 dies
2981 4456 3148 4511 sancti
3177 4456 3481 4526 imminent,

1896 4546 2214 4601 accedamus
2271 4544 2339 4600 ad
2402 4545 2612 4614 urbem,
2674 4545 3025 4616 decursisque
3086 4545 3491 4602 solemnitatum

204 4623 301 4677 sed
335 4637 365 4677 a
395 4624 720 4679 Rbedonicis
748 4639 853 4680 non
882 4635 966 4680 est
995 4635 1264 4695 receptus.
1308 4628 1611 4698 Andegavis
1660 4644 1788 4684 vero

1894 4648 2200 4694 sanctarum
2226 4638 2395 4711 l'eStis,
2419 4648 2604 4708 postea
2636 4654 2970 4710 quaecunque
2990 4639 3220 4695 volueris
3248 4652 3489 4710 oppone,

206 4717 456 4783 veniens,
488 4717 650 4771 multa
681 4717 819 4771 mala
846 4719 1041 4772 ibidem
1073 4721 1261 4789 gessit,
1305 4720 1377 4773 ita
1417 4730 1477 4774 ut
1524 4734 1785 4788 annonas,

206 4810 437 4878 licitum,
462 4810 669 4876 vinum,
698 4820 753 4865 et
776 4810 1029 4886 quidquid
1060 4812 1297 4880 reperire
1324 4813 1585 4882 potuisset
1616 4814 1667 4867 in
1692 4814 1790 4868 do-

206 4901 384 4954 mibus
420 4902 615 4957 civium
651 4901 716 4956 ad
765 4917 899 4973 quas
942 4912 1265 4969 accesserat,
1322 4919 1421 4960 nec
1469 4906 1791 4975 exspectatis

200 4994 469 5062 clavibus,
501 4994 757 5065 disruptis
804 4994 958 5051 ostiis
999 4995 1331 5062 devastaret;
1379 4998 1681 5067 multosque
1722 4998 1793 5055 de

200 5086 601 5144 habitatoribus
630 5088 728 5143 loci
773 5087 1011 5143 caedibus
1039 5088 1216 5144 aﬁecit
1244 5089 1633 5161 protrivitque;
1680 5090 1787 5146 Do—

269 5223 297 5296 'f
336 5222 548 5296 Regm.,
574 5225 844 5296 delectum,
869 5225 971 5279 sive
997 5224 1289 5293 eﬂ‘ractum.

275 5293 307 5334 δ
340 5293 491 5361 Περὶ,
521 5300 681 5350 sancti
714 5295 947 5349 Martini.

276 5376 304 5404 ε
340 5366 489 5421 Colb.
523 5382 597 5420 In.
626 5378 681 5420 et
725 5367 937 5434 negm.,
987 5366 1200 5421 tristico.
1245 5365 1371 5420 Bec.
1423 5366 1553 5421 nihil
1604 5366 1786 5423 habet.

194 5438 449 5504 Tristega
492 5446 618 5491 sunt
641 5437 863 5492 aedilicia
897 5440 948 5490 in
978 5446 1086 5492 tres
1123 5436 1552 5505 contignationes
1594 5439 1789 5493 distin-

193 5520 282 5567 cta
308 5525 324 5573 ;
353 5506 609 5576 pulpitum
637 5524 764 5563 vero
785 5516 870 5562 est
895 5508 1105 5562 culmen
1140 5507 1283 5562 tecti.

269 5578 300 5618 ἀ
327 5580 441 5633 Sub
478 5579 735 5634 Chlotarii
780 5579 796 5632 Ι
832 5577 956 5633 Iiliis
995 5577 1271 5632 Provlueia
1325 5576 1379 5629 in
1415 5576 1550 5631 duas
1606 5587 1787 5647 partes

191 5653 373 5705 divisa
394 5660 495 5704 est.
530 5649 643 5705 Una
674 5649 1004 5721 Arelatensis
1027 5649 1315 5721 Provincia_
1338 5647 1503 5721 dicta,
1542 5651 1643 5704 sub
1669 5666 1776 5721 qua

187 5721 503 5784 Arelatum,
529 5720 664 5787 Reii,
680 5729 809 5784 ete.,
825 5719 1157 5775 Guntramno
1180 5718 1372 5789 cessit;
1394 5719 1643 5789 alteram,
1661 5718 1782 5789 quae

188 5790 550 5848 Massiliensis
581 5790 859 5846 Provinci:
890 5790 1192 5849 dicebatur.
1207 5788 1513 5851 Massiliam,
1546 5788 1780 5844 Aveltio—

192 5880 350 5931 rent,
372 5865 552 5933 Aquas
574 5862 785 5921 Sextias
819 5872 873 5918 et
906 5862 1009 5919 alia
1036 5861 1227 5932 Oppida
1256 5862 1354 5916 sub
1381 5874 1439 5915 se
1468 5859 1777 5927 habentem,

1893 4732 2155 4785 rationem
2186 4746 2215 4785 a
2251 4746 2338 4785 me
2363 4731 2631 4802 accipies:
2656 4732 2777 4803 quia
2807 4732 2947 4802 quod
2974 4742 3188 4802 reputas
3216 4731 3349 4786 nihil
3373 4743 3478 4786 est.

1891 4824 1962 4880 At
1991 4825 2077 4880 ille
2104 4842 2116 4877 :
2144 4824 2509 4895 Nequaquam,
2537 4826 2728 4894 inquit,
2759 4826 2852 4880 sed
2908 4840 3014 4880 non
3046 4828 3274 4894 attinges
3300 4826 3495 4880 limina

1893 4915 2136 4971 ecclesia:
2164 4924 2291 4983 tute,
2318 4916 2437 4985 quia
2466 4916 2700 4972 inﬁdelis
2737 4914 3028 4985 apparuisti
3056 4914 3274 4970 domino
3300 4926 3499 4970 nostro.

1894 5005 2029 5075 regi.
2078 5005 2215 5073 Quid
2259 5006 2445 5074 plura?
2485 5015 2696 5060 tenetur
2739 5004 2789 5060 in
2830 5006 2913 5058 via
2949 5003 3257 5075 episcopus,
3289 5005 3489 5060 domus

1895 5096 2140 5152 ecclesiae
2169 5096 2509 5164 describitur,
2554 5110 2746 5166 resque
2787 5094 3137 5165 diripiuntur.
3168 5092 3329 5151 Cives
3357 5111 3495 5151 cum.

1891 5229 2194 5302 Sigihertus
2236 5228 2490 5302 obtinuit.
2551 5228 2756 5302 Priuris
2809 5238 3049 5284 rectores
3096 5229 3294 5302 sapius
3343 5229 3495 5302 apud+

1892 5298 2101 5355 veieres
2151 5299 2436 5354 historicos
2482 5298 2693 5366 patricii
2758 5301 3142 5369 appellantur,
3189 5300 3491 5369 aliquando

1890 5372 2052 5427 etiam
2080 5370 2264 5426 duces.
2308 5370 2628 5424 Posterioris
2659 5386 2788 5425 vero
2821 5371 3057 5439 prmiecﬁ
3094 5383 3476 5436 nonnunquam

1895 5443 2098 5513 patricii
2128 5440 2254 5496 dicti
2278 5451 2434 5504 sunt;
2483 5441 2569 5496 hic
2594 5441 2831 5496 Nicetius
2846 5454 3028 5513 rector
3054 5442 3374 5513 appellatur.

1897 5509 1908 5513 ”
1967 5522 1992 5552 ο
2027 5512 2128 5569 Ed.
2159 5513 2386 5582 aliquot,
2420 5520 2480 5568 ut
2504 5526 2663 5583 supra
2695 5527 2812 5584 cap.
2844 5512 2934 5579 59.,
2966 5511 3228 5567 Boboleui.
3263 5509 3485 5577 Begm.,

1891 5583 2176 5637 Bobelleni.

1942 5601 2176 5638 ουειιεηι.

1968 5654 1985 5693 τ
2015 5655 2140 5709 Hinc
2166 5662 2284 5710 erat
2311 5663 2616 5707 sanctorum
2646 5652 2885 5707 virorum
2902 5648 3258 5710 consuetudo,
3286 5654 3343 5700 ut
3372 5646 3485 5701 die-

1892 5726 1989 5781 bus
2009 5724 2442 5795 Quadragesimze
2465 5724 2514 5795 in
2546 5737 2786 5778 eremqu
2804 5723 3143 5795 accederent.
3170 5717 3299 5774 Vide
3321 5717 3487 5776 Puni.

1890 5795 2073 5854 saeculi
2105 5811 2119 5849 l
2150 5793 2508 5860 Bcitcdictini,
2541 5809 2691 5849 num.
2719 5794 2840 5849 ill.
