3966 6348
443 339 544 393 479
1431 321 1494 379 S.
1537 311 1865 376 GREGORII
1914 304 2213 364 EPISCOPI
2267 300 2700 359 TURONENSIS
3627 301 3746 353 430

447 450 663 508 numine
683 457 706 484 ιι
747 445 994 502 oblinere
1038 457 1143 497 non
1194 446 1419 512 queunt,
1465 443 1524 490 ut
1561 433 1750 487 saltem
1784 428 1866 483 vel
1895 425 2038 481 celc-
2066 423 2114 480 A
2143 419 2294 486 Quod
2322 417 2686 474 misericordia
2717 415 2927 469 Domini
2953 430 3059 470 non
3087 414 3330 485 permisit
3360 431 3374 470 :
3406 414 3546 470 inter
3597 433 3745 487 quos

447 543 598 596 brata
644 538 982 594 solemnitate
1014 509 1252 602 paschaii
1287 528 1622 583 discutiatur.
1671 523 1870 590 llisque
1909 534 2038 588 sup-
2140 514 2323 568 Baddo
2352 509 2376 549 ά
2408 514 2589 568 senior
2621 511 2937 565 habebatur.

449 630 789 702 plicantibus,
819 639 872 683 et
900 627 992 680 illo
1019 624 1302 682 renitente,
1329 619 1540 672 tandem
1569 612 1821 684 patefacit
1845 612 2038 665 vulnus

449 721 590 790 ιιιιοά
641 721 839 776 mem"
890 721 939 772 ίη
990 727 1222 787 Ροοῑοτθο
1266 713 1348 775 δίο
1391 709 1586 779 inqu“,
1621 707 1839 761 domum
1876 719 2038 774 (ιιιεω
2141 735 2320 787 regem
2348 717 2811 773 Guntcbramuum
2837 717 3099 784 venirent,
3132 725 3186 772 et
3217 716 3413 770 nullius
3444 721 3588 786 pacis
3615 734 3750 788 gra-

454 816 592 868 intra
626 812 877 868 territorii
904 809 1115 863 BituriCi
1150 806 1436 860 terminum
1465 802 1662 855 habere
1689 799 2040 867 ἀίῧηοθείιυῐν
2144 811 2272 863 tiam
2301 809 2544 864 obtinere
2571 808 2891 876 potuissent,
2926 806 3020 861 sed
3063 810 3231 876 magis
3261 809 3536 863 inimicitia
3567 813 3750 879 pullu-

453 921 591 960 meae
616 904 805 958 ditioni
841 903 976 957 facta
1015 899 1318 955 venditione
1344 893 1668 958 subdiderit.
1694 907 1813 962 quae
1840 891 2048 959 ηδεὶια-
2147 902 2302 968 laret,
2346 916 2439 956 rex
2475 900 2910 956 Guntchramnus
2935 899 3276 968 Albigeusem
3325 901 3508 956 urbem
3555 906 3745 972 nepoti

457 998 527 1051 tis
577 995 716 1050 facio
753 1013 766 1048 :
811 994 1044 1060 alioquin
1092 1007 1197 1046 non
1246 988 1467 1059 effugiet
1509 998 1699 1040 manus
1746 997 1914 1050 meas,
1946 982 2046 1037 nisi

2194 1011 2247 1050 ιο
2276 995 2622 1051 Childebcrto
2663 992 2917 1049 reddidit.
2963 993 3114 1058 Quod
3160 1008 3389 1047 cernens
3433 995 3747 1050 Desiderius

459 1086 707 1140 trudatur
733 1086 784 1139 in
807 1084 1078 1141 exsilium.
1126 1079 1310 1136 Μθιιιῖῐ
1339 1092 1537 1146 negare
1557 1074 1841 1144 episcopus
1867 1091 1878 1126 ⁵
1905 1073 2048 1127 sui“
2149 1089 2279 1152 dux,
2303 1103 2390 1158 qui
2424 1085 2657 1142 maxime
2698 1086 2751 1140 in
2774 1084 3016 1154 ejusdem
3043 1085 3192 1139 urbis
3225 1086 3494 1139 territorio
3522 1086 3750 1142 meliora

460 1181 595 1247 Ρείις
633 1178 1088 1246 δυδεθτῖβδῖιίιυθν
1126 1189 1188 1228 ac
1220 1170 1437 1227 ιτθάίάίι
1470 1184 1687 1238 ³81⁸1³ιηῖ
1719 1178 1773 1223 ει
1806 1165 1884 1221 Sic
1911 1165 2056 1220 datis
2154 1178 2421 1233 facultatis
2449 1193 2561 1252 sua:
2602 1175 2945 1241 condiderat;
2976 1174 3141 1246 416
3179 1176 3374 1230 timens
3401 1192 3471 1231 ne
3496 1177 3625 1230 ultio
3652 1193 3718 1232 ex

464 1268 867 1337 fidejussoribus
907 1269 973 1320 de
1006 1264 1290 1334 praesentia
1344 1277 1438 1317 sua
1483 1269 1610 1314 ante
1654 1273 1854 1327 regem,
1895 1258 1947 1308 in
1974 1255 2056 1309 ci-

2194 1279 2428 1325 eteretur
2460 1268 2530 1322 ab
2560 1282 2626 1322 eo
2654 1276 2875 1336 propter
2910 1267 3182 1334 antiquam
3221 1266 3578 1325 inimicitiam.
3601 1266 3750 1334 quod

468 1360 690 1413 vitatetn
735 1357 939 1427 ingredi
972 1357 1266 1425 permissus
1292 1363 1391 1408 est.
1419 1352 1726 1406 Trausactis
1759 1347 1918 1415 igitur
1942 1344 2056 1398 die-
2155 1361 2440 1431 aliquando
2480 1360 2532 1414 ίη
2557 1358 2746 1414 eadem
2785 1358 3001 1412 civitate
3029 1357 3321 1412 exercitum
3348 1356 3600 1425 gloriosa,
3632 1373 3743 1411 me,

469 1450 568 1503 blls
608 1449 839 1513 εθηοιῖε»
878 1447 945 1500 ad
983 1463 1159 1516 regem
1205 1446 1376 1514 ροτςῖι
1414 1463 1427 1498 ε
1473 1442 1643 1495 “diu”
1673 1450 1725 1493 ει
1753 1437 2057 1500 Amemus,
2159 1455 2344 1510 moriae
2371 1451 2625 1524 Sigiberti
2666 1451 2807 1520 regis
2833 1450 3068 1520 graviter
3101 1449 3386 1512 affecisset,
3414 1463 3535 1502 cum
3559 1449 3750 1502 Tetra-

468 1540 563 1595 sed
608 1540 738 1593 nihil
785 1539 854 1594 de
901 1539 981 1591 his
1025 1552 1144 1607 qua:
1203 1537 1507 1604 opponebat
1553 1534 1838 1602 episcopo,
1888 1527 2062 1596 potuit

2198 1547 2245 1600 ia
2293 1559 2464 1599 uxore
2505 1557 2625 1610 sua,
2668 1557 2827 1611 quam
2863 1539 3070 1594 Eulalio
3117 1547 3241 1592 tunc
3277 1541 3518 1593 Arverno
3564 1539 3748 1592 comiti

468 1632 788 1701 altpl'obal'e-
816 1631 1108 1698 Ερίεουρυδ
1127 1639 1302 1682 autem
1325 1627 1390 1680 ad
1411 1625 1597 1679 urbe!"
1622 1623 1798 1676 τεάίτθ
1819 1618 2060 1688 ,ἱυιπίυτν
2162 1636 2474 1696 abstulerat.
2509 1633 2561 1688 in
2587 1633 2817 1688 termino
2842 1631 3113 1685 Tolosano
3137 1643 3260 1683 cum
3298 1630 3458 1684 rebus
3500 1631 3750 1683 omnibus

469 1738 525 1781 et
556 1741 722 1797 usque
752 1727 816 1779 ad
852 1726 1114 1797 synodum
1161 1723 1390 1777 futuram
1419 1722 1696 1783 dilatatur,
1728 1717 1773 1771 si
1806 1717 1940 1770 forte
1966 1713 2063 1766 ali-
2099 1795 2118 1797 Α
2167 1727 2437 1781 ιηηείρηε
2481 1725 2776 1780 emi-cuum
2825 1728 3164 1785 commovet,
3207 1733 3259 1778 ει
3301 1730 3485 1777 contra
3523 1722 3752 1776 σοιιιιηε

471 1834 576 1888 qua
619 1795 688 1872 de
729 1818 812 1872 his
855 1795 973 1886 qua:
1026 1815 1456 1884 opponebantur,
1511 1810 1812 1866 evidentius
1857 1804 2060 1876 poSsint

2201 1818 2314 1872 hire
2338 1817 2596 1886 disponit,
2627 1813 2813 1870 divisis
2841 1814 3009 1882 prius,
3051 1827 3110 1869 ιιι
3159 1813 3364 1875 ferunt.
3400 1813 3560 1867 rebus
3611 1812 3752 1865 inter

469 1909 687 1977 'SHOSCi
718 1907 766 1964 δι
799 1907 982 1961 Adfui"
1009 1918 1062 1962 θι
1091 1905 1422 1961 Νοιιηῖευίυε
1469 1903 1774 1972 ορῖεουμυε,
1804 1901 1892 1970 ιιιιί
1923 1897 2062 1952 dalis
2165 1909 2305 1964 filios
2334 1919 2387 1964 et
2409 1905 2690 1979 conjugem
2722 1915 3146 1976 :assumptoque
3175 1921 3357 1960 secum
3386 1905 3752 1961 Ausuovaldo

470 2002 651 2056 mollis
682 1999 992 2054 muneribus
1024 1998 1286 2052 abscessit
1318 2007 1367 2051 οι
2164 2001 2382 2070 comite,
2411 2000 2799 2055 Carcassonam
2841 1999 3012 2068 petiit.
3045 1998 3482 2066 Praeparaverant
3511 1999 3653 2051 enim
3693 2012 3751 2051 se

547 2090 732 2146 XLIV.
773 2090 1142 2159 Fredegundis
1188 2104 1317 2142 vero
1361 2087 1510 2158 quasi
1541 2085 1704 2158 415
1734 2101 1802 2140 ex
1846 2083 2065 2137 nomine

2194 2107 2272 2149 loc
2293 2093 2474 2147 audito
2495 2091 2644 2146 urbis
2668 2091 2811 2147 illius
2835 2091 3001 2155 cives,
3025 2093 3175 2160 quasi
3207 2095 3458 2145 resistere
3481 2092 3718 2143 volentes
3735 2110 3754 2146 :

479 2183 575 2239 filii
613 2184 713 2243 sui,
765 2183 967 2250 legatos
1015 2180 1082 2235 ad
1128 2179 1591 2234 Guutchramnum
1637 2192 1820 2246 regem
1863 2174 2064 2243 dirigit.

2194 2187 2448 2242 .udierant
2493 2193 2673 2240 autem
2720 2185 2788 2239 de
2818 2183 2904 2239 his
2937 2184 3108 2254 prius.
3149 2183 3390 2251 Denique
3432 2183 3565 2236 inito
3615 2184 3752 2237 bella

2213 628 2372 682 XLV.
2414 629 2544 682 Cum
2593 637 2769 680 autem
2818 625 2979 694 legati
3028 625 3096 680 de
3122 625 3394 696 Hispaniis
3438 627 3632 682 crebro
3671 627 3751 684 ad

477 2276 580 2343 Qui
613 2284 848 2329 reserata
879 2280 1158 2342 petitione,
1182 2283 1404 2338 accepto
1448 2281 1728 2336 responso,
1760 2265 2068 2321 valedicen-

479 2376 563 2421 tes
602 2366 934 2431 abscedunt;
981 2364 1077 2420 sed
1128 2364 1313 2419 nescio
1343 2363 1536 2432 quibus
1572 2363 1748 2417 causis
1792 2358 2070 2428 paululum

479 2459 621 2529 apud
675 2466 932 2512 metatum
982 2470 1136 2510 suum
1184 2456 1442 2512 remorati
1485 2463 1630 2508 sunt.
1676 2454 1834 2508 Mane
1887 2460 2066 2505 autem

479 2550 644 2616 facto,
693 2549 1012 2620 procedente
1060 2561 1185 2616 rege
1224 2545 1291 2600 ad
1341 2544 1646 2608 matutinas,
1687 2558 1749 2596 ac
1798 2547 2069 2609 praeunte

481 2656 678 2702 cereo,
717 2641 863 2693 visus
898 2648 981 2693 est
1016 2638 1176 2691 homo
1214 2636 1364 2706 quasi
1402 2636 1584 2690 ebrius
1622 2635 1675 2686 in
1726 2631 1920 2701 angulo
1948 2645 2072 2684 oza-

483 2734 603 2787 torii
633 2731 946 2795 dormitare,
988 2728 1263 2783 accinctus
1292 2727 1487 2797 gladio,
1513 2725 1663 2794 cujus
1689 2724 1837 2778 hasta
1871 2723 2073 2793 pariete

482 2823 901 2877 sosteutabatur.
953 2823 1064 2878 Hoc
1100 2823 1215 2877 viso
1250 2839 1344 2877 rex
1387 2821 1722 2883 exclamavit.
1752 2819 1937 2873 dicens
1964 2832 2073 2874 non

481 2930 603 2970 esse
643 2915 980 2983 simpliciter,
1031 2914 1301 2969 hominem
1348 2912 1449 2968 sub
1488 2911 1590 2966 hoc
1631 2913 1853 2965 horrore
1897 2908 2072 2962 noctis

487 3008 578 3060 tali
613 3008 663 3060 in
705 3007 821 3060 loco
850 3008 1149 3076 quiescere.
1184 3006 1485 3075 Oppressus
1517 3014 1718 3068 autem,
1743 3014 1794 3058 et
1830 3002 1959 3056 loris
1987 3017 2076 3056 re-

486 3102 720 3160 vincttts,
768 3098 1196 3168 interrogabatur
1228 3098 1356 3165 quid
1399 3097 1498 3152 sibi
1545 3097 1661 3150 hznc
1710 3095 1905 3148 vellent
1951 3107 2074 3162 qua:

2171 2276 2353 2347 fugere
2382 2275 2568 2331 Gottbi
2615 2286 2891 2343 coeperunt
2913 2316 2930 2340 ,
2962 2285 3014 2329 et
3047 2274 3353 2329 Desiderius
3382 2288 3504 2327 cum
3534 2276 3754 2327 Austro.

2172 2369 2330 2424 valdo
2359 2383 2388 2422 a
2419 2377 2570 2439 tergo
2593 2367 2803 2422 caedere
2835 2368 3064 2421 hostem.
3101 2366 3221 2420 -lllis
3251 2381 3463 2433 quoque
3512 2365 3756 2434 fugienti-

2171 2461 2296 2528 bus,
2319 2462 2406 2516 bic
2432 2476 2554 2516 cum
2583 2460 2766 2530 paucis
2792 2459 2857 2514 ad
2886 2461 3073 2515 urbem
3101 2459 3327 2513 accessit
3357 2475 3369 2510 :
3403 2457 3584 2510 lassati
3614 2459 3754 2511 etum

2173 2555 2383 2611 fuerant
2407 2555 2617 2625 equites
2646 2553 2753 2624 [ΑΙ.
2783 2551 2928 2622 equi]
2959 2553 3248 2606 sociorum.
3281 2550 3432 2603 Tunc
3459 2550 3525 2603 ad
3552 2561 3756 2618 portam

2175 2648 2323 2703 urbis
2368 2647 2652 2712 accedens,
2681 2646 2910 2700 vallatus
2955 2660 2984 2697 a
3018 2643 3224 2697 civibus
3264 2643 3354 2710 qui
3400 2643 3536 2695 intra
3578 2656 3759 2694 muros

2174 2747 2349 2804 erant,
2379 2737 2691 2794 interfectus
2717 2744 2801 2790 est
2828 2750 2947 2788 cum
2979 2733 3060 2788 his
3093 2733 3344 2786 omnibus
3371 2732 3460 2800 qui
3492 2746 3615 2785 eum
3650 2730 3759 2785 fue—

2175 2838 2298 2884 rant
2327 2826 2592 2899 prosecuti
2619 2844 2634 2880 :
2666 2825 2734 2880 ita
2767 2834 2825 2879 ut
2855 2825 2938 2878 vix
2968 2823 3118 2892 pauci
3148 2822 3341 2877 exinde
3367 2821 3760 2891 quodammodo

2176 2921 2486 2986 evaderent,
2535 2919 2628 2989 qui
2675 2933 2832 2983 rem,
2881 2926 2942 2971 ut
2995 2926 3140 2987 gesta
3191 2917 3381 2980 fuerat,
3435 2916 3760 2968 nuntiarent.

2177 3011 2566 3068 Austrovaldus
2591 3025 2719 3065 vero
2747 3009 2972 3062 audiens
3001 3007 3331 3062 Desiderium
3374 3015 3664 3070 mortuum,
3695 3005 3764 3059 de

2178 3106 2266 3160 via
2293 3117 2572 3174 regressus
2617 3100 2685 3154 ad
2726 3115 2908 3171 regem
2955 3101 3222 3169 perrexit,
3270 3097 3362 3168 qui
3408 3113 3530 3151 mox
3572 3097 3624 3149 in
3649 3098 3763 3164 ejus

486 3198 689 3257 ageret.
733 3187 841 3243 Nec
879 3204 1029 3243 mora
1071 3188 1335 3260 supplicio
1374 3187 1650 3251 subditus,
1682 3185 1810 3240 dicit
1848 3199 1907 3239 se
1943 3199 1971 3236 a
2004 3186 2069 3238 le-
2100 3186 2150 3250 C
2176 3202 2355 3256 locum
2379 3197 2488 3252 dux
2518 3195 2794 3251 ειειυίωιι,

488 3282 626 3350 gatis
652 3279 742 3351 qui
768 3280 1102 3335 advenerant
1145 3281 1397 3334 emissum
1425 3279 1608 3342 fuisse,
1634 3287 1690 3331 ut
1719 3293 1810 3332 rex
1850 3275 2074 3332 deberet

489 3372 743 3428 interfici.
817 3372 1053 3442 Denique
1107 3373 1429 3442 apprehensi
1480 3371 1636 3440 legati
1682 3367 2074 3436 Fredegundis,

491 3466 626 3519 nihil
665 3466 734 3520 de
767 3464 850 3519 his
880 3481 998 3534 qua:
1028 3466 1482 3533 interrogatisunt
1521 3464 1862 3522 confitentur.
1889 3461 2076 3515 dicen-

492 3568 617 3612 tes:
660 3558 767 3613 Nos
815 3557 944 3613 nihil
993 3558 1061 3610 ad
1106 3558 1247 3611 aliud
1295 3557 1478 3624 missi,
1517 3556 1617 3611 nisi
1659 3565 1717 3609 ut
1753 3555 2076 3625 legationem

493 3663 652 3718 quam
678 3648 1036 3717 suggessimus
1063 3646 1414 3701 deferremus.
1444 3647 1592 3701 Tunc
1620 3646 1891 3700 hominem
1922 3643 2078 3700 illum

495 3739 723 3793 diversis
758 3737 928 3808 plagis
958 3736 1225 3802 affectum,
1257 3747 1311 3791 et
1340 3737 1544 3791 carceri
1579 3736 1960 3805 mancipatum,
1995 3735 2077 3789 le-

497 3841 648 3900 gntus
683 3845 778 3899 per
812 3829 1022 3884 diversa
1058 3829 1168 3884 loca
1208 3829 1398 3884 exsilio
1435 3829 1775 3884 condemnari
1823 3827 2084 3898 prmcipit.

501 3921 935 3977 Manifesti~sime
976 3920 1120 3975 enim
1168 3920 1339 3989 patuit
1385 3919 1486 3974 sub
1520 3919 1622 3975 hoc
1660 3920 1784 3975 dolo
1825 3935 1854 3974 a
1883 3920 2086 3975 Frede-

502 4013 679 4084 gunde
709 4013 876 4068 fuisse
905 4013 1160 4080 directos,
1182 4023 1236 4066 ut
1261 4027 1438 4082 regem
1475 4012 1780 4067 interficere
1803 4012 2086 4066 deberent.

2253 3320 2439 3378 XLVI.
2497 3317 2744 3373 Posthaac
2783 3325 2806 3352 θ
2836 3313 3216 3370 Leuvit:hildus
3265 3329 3359 3367 rex
3409 3313 3761 3381 Hispanorum

2182 3420 2445 3483 aegrotare
2483 3408 2666 3475 coepit,
2698 3405 2817 3470 sed,
2855 3415 2909 3457 ut
2939 3404 3154 3473 quidam
3205 3410 3473 3466 asserunt,
3507 3401 3763 3468 paeniten-

2185 3507 2312 3559 tiam
2337 3517 2434 3572 pro
2463 3514 2647 3556 errore
2670 3497 2921 3552 hzeretico
2948 3511 3136 3565 agens,
3170 3505 3225 3549 et
3255 3497 3529 3548 obtestans
3555 3508 3621 3547 ne
3648 3492 3768 3546 huic

2183 3593 2375 3649 ha-resi
2404 3592 2681 3661 quisquam
2711 3587 3036 3658 reperiretur
3065 3597 3480 3649 consentaneus,
3515 3583 3568 3638 in
3598 3584 3772 3653 legem

2184 3686 2502 3742 catholicam
2558 3681 2796 3746 transiit;
2857 3695 2921 3735 ac
2978 3693 3072 3748 per
3125 3687 3327 3746 septem
3381 3677 3495 3731 dies
3546 3677 3598 3730 in
3647 3677 3773 3730 fletu

2185 3779 2481 3850 perduraus
2509 3791 2603 3843 pro
2635 3774 2717 3826 his
2745 3788 2864 3842 qum
2891 3781 3076 3826 contra
3109 3769 3277 3822 Deum
3325 3768 3508 3836 inique
3561 3768 3777 3820 molims

2186 3879 2271 3926 est
2302 3866 2347 3935 ί,
2376 3868 2621 3938 spiritum
2653 3858 3320 3930 exhalavit:reguavitque
3353 3857 3685 3920 Richaredus
3717 3856 3779 3910 fi.

2191 3963 2296 4018 lius
2321 3961 2437 4030 ejus
2465 3973 2561 4029 pro
2586 3973 2679 4013 eo.

501 4114 3780 4162 mw”

951 4265 1308 4340 (‘17-‘13
1365 4241 1968 4328 INCIPIUNT
2029 4239 2083 4323 C

2194 4233 2617 4323 PITULA
2677 4227 2984 4313 LIBRI
3039 4224 3343 4310 ΝΟΝΙ.

512 4404 561 4459 1.
601 4406 673 4459 De
707 4405 991 4459 Richaredo
1023 4414 1067 4456 ct
1094 4404 1270 4473 legatis
1295 4407 1427 4469 ejus.

507 4475 594 4530 11.
625 4475 697 4528 De
718 4476 851 4527 obitu
875 4475 1032 4527 beata!
1067 4474 1416 4540 Radegundis.

510 4546 535 4598 Ι
551 4545 569 4595 1
585 4545 628 4598 Ι.
656 4543 731 4614 De
757 4560 814 4596 eo
836 4545 920 4614 qui
946 4559 1062 4614 cum
1093 4545 1258 4614 cultro
1282 4545 1348 4593 ad
1378 4541 1821 4596 Guntchrunmum
1852 4559 2018 4614 regem
2047 4541 2200 4596 venit.

511 4615 537 4668 1
555 4615 616 4667 ιν.
651 4613 799 4678 Quod
837 4612 1157 4666 Childeberto
1184 4613 1317 4665 alius
1341 4623 1487 4667 natus
1519 4624 1591 4666 est
1612 4614 1779 4681 ﬁlius.

525 4685 582 4740 γ.
617 4684 693 4738 De
722 4684 992 4754 prodigiis.

584 4831 609 4857 ιι
654 4821 706 4876 ld
734 4829 812 4872 est
838 4818 898 4872 ab
923 4817 1146 4880 homine,
1176 4817 1379 4871 scilicet
1403 4818 1666 4872 Antestio.

584 4891 610 4930 ι)
651 4891 917 4945 Laudatur
949 4903 979 4940 a
1015 4888 1304 4940 Fortunato
1355 4889 1445 4940 lib.
1478 4903 1514 4953 ι,
1539 4905 1705 4941 carm.
1735 4889 1792 4954 ὃ,
1823 4888 1892 4942 ob
1921 4887 2090 4942 :cdifl—

515 4973 685 5018 catam
714 4970 899 5015 sancto
923 4959 1200 5025 Stephano
1229 4960 1530 5013 ecclesiam.
1559 4960 1790 5013 Alteram
1843 4960 1893 5010 in
1923 4958 2092 5012 hono-

515 5050 629 5087 rem
680 5041 984 5085 sanctorum
1029 5030 1187 5092 Petri,
1223 5029 1390 5092 Pauli,
1423 5030 1699 5084 Laurentii
1749 5041 1801 5084 et
1831 5029 2093 5083 Pancratii

518 5102 826 5166 :mlificarat,
849 5104 897 5153 in
921 5115 1022 5166 qua
1059 5100 1310 5153 tredecim
1337 5112 1488 5154 erant
1512 5101 1718 5163 altaria,
1745 5101 1834 5153 sed
1868 5110 2098 5168 quatuor

520 5189 586 5226 ex
624 5173 706 5225 his
745 5179 1054 5224 consecrata
1089 5185 1191 5222 non
1216 5170 1444 5231 fuerant,
1473 5172 1616 5238 quod
1654 5171 1904 5239 reliquias
1936 5171 1987 5224 in
2018 5171 2100 5224 eis

521 5240 859 5306 reponendus
885 5240 1056 5293 nullas
1081 5239 1316 5303 haberet,
1337 5251 1392 5294 ut
1411 5253 1550 5308 patet
1580 5257 1642 5296 ex
1671 5243 1836 5294 sancti
1856 5240 2098 5308 Gregorii

519 5313 587 5368 M.
613 5312 768 5378 epi5t.
793 5310 882 5376 50,
912 5310 999 5362 lib.
1026 5326 1077 5374 v,
1101 5310 1189 5363 ubi
1215 5311 1460 5378 reliquias
1485 5328 1615 5376 quas
1643 5313 1709 5364 ab
1741 5327 1804 5366 eo
1831 5311 2097 5365 Palladius

521 5383 934 5449 el'llagitarat,se
963 5380 1057 5446 ipsi
1088 5381 1443 5435 transmittere
1473 5381 1656 5434 beatus
1682 5391 1905 5435 testatur
1928 5381 2102 5447 ponti-

521 5454 631 5516 fex,
656 5453 745 5522 qui
778 5461 832 5506 et
860 5451 1015 5517 epist.
1044 5449 1113 5504 52
1141 5450 1376 5519 ejusdem
1400 5451 1518 5522 libri
1547 5449 1976 5522 eidetn.Palladio
1993 5452 2101 5503 Au-

522 5521 791 5594 gustinum
833 5522 1071 5594 aliosque
1094 5521 1381 5594 monachos
1414 5521 1465 5594 in
1481 5521 1722 5594 Aligliam
1746 5529 1933 5594 euntes
1954 5536 2104 5574 eom-

522 5588 813 5648 ineudavit.
849 5593 1050 5645 Nomen
1080 5590 1196 5658 ejus
1248 5591 1300 5643 iu
1329 5588 1479 5643 fastis
1512 5589 1762 5643 Ecclesiae
1794 5590 2006 5657 legitur,
2039 5605 2100 5642 ac

523 5667 831 5716 utisanctus
858 5663 908 5716 in
939 5660 1160 5730 propria,
1182 5659 1405 5730 ecclesia
1440 5660 1753 5714 honoratur.
1775 5659 2106 5730 Subscripsit

525 5732 669 5788 Cone
717 5732 882 5785 Paris.
909 5747 978 5792 tv,
1003 5729 1090 5783 an.
1118 5729 1240 5792 575,
1269 5740 1322 5782 et
1347 5729 1551 5783 Matisc.
1577 5745 1634 5789 ll,
1666 5745 1803 5782 anno
1831 5732 1957 5786 585.

603 5812 624 5840 ε
649 5799 743 5858 llic
762 5813 875 5858 erat
901 5805 1179 5874 episcopus
1199 5799 1569 5875 Namucteusis
1592 5800 1782 5859 Felicis
1803 5817 2100 5869 successor,

2118 4818 2171 4877 D
2197 4824 2251 4868 ut
2283 4810 2480 4864 dicitur
2520 4824 2677 4878 supra
2724 4808 2817 4860 lib.
2851 4823 2924 4871 vr,
2959 4821 3076 4878 cap.
3109 4805 3484 4878 15,;7lvourlatur
3527 4807 3653 4878 item
3691 4809 3788 4862 l:h.

2195 4901 2246 4939 tv
2277 4885 2344 4937 de
2372 4882 2554 4936 Mirac.
2587 4876 2753 4934 sancti
2786 4877 3020 4942 Martini,
3067 4893 3184 4942 cap.
3214 4877 3306 4930 26.
3341 4878 3491 4932 Alios
3522 4876 3614 4930 fuit
3645 4882 3768 4944 ejus

2195 4957 2314 5009 dem
2337 4953 2482 5007 sedis
2497 4954 2664 5020 episc.
2692 4947 3018 5002 Nonnichius
3038 4947 3458 5004 seuNuuichius.
3478 4950 3565 5012 qui
3587 4950 3792 5002 szeculo

2197 5026 2454 5091 superiori
2479 5025 2644 5078 Cone.
2673 5021 2953 5074 Venetensi
2981 5020 3330 5091 subscripsit;
3360 5020 3554 5088 cuique
3585 5021 3796 5088 Apolli~

2200 5090 2345 5150 naris
2375 5093 2628 5146 Sidonius
2659 5091 2873 5156 scripsit
2899 5091 3061 5158 epist.
3098 5090 3162 5143 15
3194 5091 3286 5143 lib.
3315 5105 3429 5143 vm.

2274 5165 2299 5202 ά
2339 5164 2472 5220 Cod.
2498 5163 2650 5218 Coll).
2683 5177 2761 5227 a.,
2794 5159 2963 5212 Batto.

2279 5248 2302 5273 ο
2347 5236 2456 5288 lloc
2485 5245 2644 5302 caput
2673 5233 2823 5284 deest
2851 5232 2907 5282 in
2936 5230 3088 5302 Colh.
3122 5243 3173 5282 a.
3202 5240 3254 5284 et
3280 5230 3398 5283 Vat.

2282 5307 2302 5346 ί
2347 5301 2575 5373 Agnovit
2615 5302 2831 5372 quidem
2858 5301 3143 5373 veritatem
3191 5317 3256 5355 ex
3285 5302 3545 5368 Gregorio
3578 5303 3642 5354 Μ.
3696 5304 3797 5355 lih.

2206 5396 2262 5433 ιιι
2297 5371 2520 5444 Dialog.,
2549 5371 2668 5442 cap.
2702 5373 2761 5425 51
2793 5386 2808 5424 :
2845 5371 2949 5425 Sed
2973 5373 3137 5444 gentis
3163 5388 3270 5424 sua:
3296 5374 3474 5425 timore
3498 5376 3802 5442 perterritus

2205 5453 2271 5503 ad
2305 5443 2464 5512 ﬁdem,
2485 5444 2790 5499 catholicam
2820 5443 3080 5512 pervenire
3106 5458 3204 5495 non
3235 5444 3438 5496 meruit.
3492 5445 3563 5495 De
3600 5444 3802 5497 Leuvi.

2207 5511 2338 5590 giltli
2385 5517 2738 5590 conversione
2787 5511 2921 5590 nihil
2950 5513 3192 5590 scribunt
3213 5513 3446 5590 Joannes
3474 5513 3802 5590 Diclareusis

2207 5581 2390 5652 abbas,
2415 5596 2504 5640 aut
2527 5586 2762 5640 Isidorus
2785 5581 2851 5636 ad
2879 5598 3042 5635 teram
3075 5582 3199 5645 606,
3246 5584 3367 5636 licet
3391 5585 3538 5650 plura
3565 5585 3802 5639 habeant

2207 5661 2276 5714 de
2305 5660 2415 5712 illo.
2450 5658 2582 5711 Eum
2613 5655 2677 5707 ad
2709 5668 2894 5722 poenas
2925 5664 3208 5719 perpetuas
3251 5669 3314 5708 ex
3348 5655 3446 5707 hac
3474 5657 3577 5707 vita
3607 5656 3805 5710 demi-

2245 5744 2394 5784 rasse
2417 5729 2494 5782 ait
2515 5726 2706 5782 Paulus
2729 5724 3098 5792 Emeritensis,
3118 5738 3237 5794 cap.
3257 5726 3321 5780 16
3341 5726 3408 5780 de
3431 5725 3561 5780 Vitis
3585 5737 3806 5794 patrum

2239 5800 2441 5858 interit.
