3966 6348
204 430 307 485 (δι
1177 419 1495 478 HISTORIA
1536 415 1826 474 FRANGOI

1945 415 1980 470 Ι.
2022 412 2222 469 LIBER
2261 409 2505 470 NONUS.
3387 405 3493 462 482

208 539 320 597 VI.
354 540 430 595 De
448 537 804 594 seductoribus
830 546 877 591 et
904 537 1099 589 artolts.

213 611 354 666 ιἰι.
389 611 463 664 De
487 611 768 663 remotione
796 607 1022 661 Ennodii
1052 606 1231 668 duris;
1253 606 1379 658 etde
1412 604 1771 658 Wasconibus.

212 682 389 736 VIII.
423 682 496 733 De
528 681 802 749 prtesentia
831 677 1212 732 Guntchramui
1240 676 1475 729 Bosouis.

208 752 319 809 IX.
352 750 429 805 De
449 752 657 804 interitu
693 749 1001 818 Raurhiugi.

207 824 283 879 X.
315 823 389 877 De
410 823 620 875 interitu
648 817 1021 873 Guntcltraumi
1051 817 1289 871 Bosonis.

208 893 321 949 XI.
352 894 503 959 Quod
525 908 579 945 se
597 906 736 960 reges
764 892 1012 943 I‘IdsTIlIl‘.

212 963 329 1023 XII
340 956 463 1016 .V'De
489 956 696 1015 interit'u
730 960 963 1014 Ursionis
993 976 1057 1011 ac
1083 956 1424 1026 Bertltefredi.

211 1020 394 1089 XIII.
430 1032 506 1085 De
534 1032 799 1095 Baddone,
824 1033 914 1100 qui
937 1031 988 1083 in
1017 1020 1323 1099 legationem
1348 1031 1522 1081 abiens
1542 1068 1559 1094 ,
1599 1027 1831 1078 detentus
1852 1066 1867 1088 ,
1900 1032 1948 1077 et
1979 1025 2300 1092 postmodum
2333 1022 2451 1094 [Ed
2486 1032 2597 1092 post
2621 1020 2732 1093 diu]
2754 1022 2992 1076 dimissus
3021 1035 3129 1090 est;
3155 1024 3286 1080 etde
3315 1037 3409 1077 tm!
3431 1023 3495 1075 bo

286 1104 627 1174 dysenterico.

214 1174 301 1229 XI
320 1168 381 1228 l7.
418 1174 494 1226 De
520 1188 645 1241 pace
672 1170 1097 1241 Egiditepisropi
1116 1179 1164 1223 et
1186 1169 1317 1240 Lupi
1343 1168 1507 1223 ducis.

210 1245 263 1300 X
283 1244 348 1297 V.
384 1242 460 1296 De
484 1240 808 1296 conuersione
838 1240 1125 1293 Ilicltaredi.

214 1315 264 1369 X
280 1315 387 1383 VI.
412 1313 491 1368 De
515 1314 765 1383 legatione
792 1313 953 1381 ipsius
975 1314 1043 1364 ad
1071 1325 1210 1379 reges
1235 1318 1454 1383 nostros.

215 1385 265 1440 X
283 1382 416 1437 VII.
452 1384 528 1435 De
546 1375 822 1453 etrignitate'
839 1383 965 1434 anni
991 1375 1305 1453 huju§!_seu,
1339 1379 1411 1453 lle
1430 1377 1698 1453 sterilitate
1726 1393 1846 1429 aunt
1870 1387 1916 1447 et
1944 1375 2195 1429 charitate
2218 1389 2453 1427 auuonre.

217 1456 268 1508 X
287 1453 454 1508 VIII.
490 1454 563 1506 De
584 1448 868 1519 Britannis,
897 1462 943 1505 el
971 1448 1109 1504 obitu
1141 1448 1373 1502 Nantatii
1398 1450 1645 1519 episc0pt.

216 1524 382 1579 XIX.
411 1523 488 1577 De
508 1524 717 1577 interitu
744 1522 968 1577 Sicltarit
990 1522 1112 1574 civis
1136 1519 1395 1573 'I‘uronici.

214 1594 353 1650 XX.
390 1594 464 1647 De
493 1609 551 1647 eo
578 1592 717 1662 quod
744 1596 810 1645 ad
833 1590 1279 1645 Guntchramnum
1300 1604 1468 1660 regem
1501 1590 1553 1642 in
1579 1588 1882 1658 lcgattonem
1910 1602 2002 1656 pro
2023 1585 2351 1639 custodit-mla
2380 1600 2503 1653 pace
2523 1583 2702 1635 directi
2734 1600 2931 1641 suum.
2966 1616 3026 1623 —
3062 1585 3337 1655 Excrtqtlar
3360 1583 3499 1641 Pae-

295 1667 446 1717 tionis
467 1665 609 1731 apud
630 1663 935 1717 Andelaum.

216 1732 393 1814 ξ
421 1734 497 1814 οξ
520 1735 914 1814 eleetnosyniset
937 1732 1157 1814 bonitate
1184 1731 1344 1801 ipsius
1372 1729 1525 1800 regis.

217 1804 420 1859 XXII.
454 1805 530 1857 De
554 1809 637 1857 lue
659 1802 997 1858 Massiliensis
1026 1802 1184 1855 urbis.

216 1875 457 1954 ζ
488 1874 564 1954 _l_)e
590 1876 728 1954 obitu
756 1873 955 1954 Αθαὶίὶ
980 1875 1227 1954 episcopi,
1256 1872 1391 1926 etde
1413 1885 1700 1925 successore
1728 1871 1861 1943 ejus.

219 1944 362 1999 XXI
382 1944 445 2000 γ.
476 1946 553 1998 De
572 1940 869 2014 episcopatu
891 1940 1153 2014 Eronimi.

220 2015 328 2069 XX
344 2015 410 2069 V.
448 2008 871 2081 Quod-exercitus
902 2012 1211 2067 Childeberti
1234 2011 1287 2065 in
1312 2008 1521 2066 Italiam
1541 2010 1691 2065 abiit.

222 2085 331 2156 XX
347 2084 455 2156 VI.
484 2085 558 2156 De
576 2086 718 2139 obitu
754 2084 1052 2156 lugeberga
1076 2084 1283 2156 regina.

216 2155 324 2210 XX
347 2154 479 2210 γιι.
504 2155 581 2209 De
611 2158 748 2210 obitu
774 2154 1061 2210 Aiunlouis.

222 2224 330 2280 XX
347 2226 518 2282 VIII.
540 2225 618 2279 De
645 2226 905 2286 speciebus
929 2240 1055 2293 quas
1086 2222 1434 2294 Brunichildis
1463 2223 1642 2294 regina
1673 2220 1979 2275 transmisit.

229 2295 454 2351 XXIX.

223 2364 415 2420 XXX.
447 2365 525 2420 De
544 2363 941 2435 descriptoribus
971 2366 1109 2419 urbis
1141 2363 1366 2417 Pictam
1394 2374 1544 2429 atque
1564 2363 1856 2435 Τιιινοηίειε.

492 2296 644 2362 Quod
675 2291 1000 2367 Langobardi
1031 2311 1205 2367 paceni
1226 2295 1293 2346 ad
1321 2291 1697 2367 Cltildeoartunt
1724 2308 1891 2367 regem
1919 2291 2189 2360 petierunt.

218 2436 329 2491 XX
339 2436 447 2490 XI.
482 2438 635 2502 Quod
661 2431 1080 2490 Guntchramnus
1105 2452 1196 2488 rea:
1215 2435 1490 2488 exercitum
1518 2436 1572 2488 in
1595 2433 1970 2497 Septimaniattt
1993 2431 2202 2484 direxit.

224 2504 486 2561 XXXII.
521 2510 592 2561 Ue
616 2508 899 2561 inimicitiis
926 2506 1059 2559 inter
1088 2504 1468 2559 Childebertum
1492 2516 1539 2558 et
1567 2502 2033 2558 Gttutcltramuum.

224 2575 390 2631 XXX
402 2577 519 2633 III.
554 2578 705 2643 Quod
728 2576 1046 2647 Ingellrudis
1076 2576 1316 2645 religiosa
1341 2579 1409 2628 ad
1436 2576 1724 2629 Cltildebert

227 2645 506 2702 XXXIV.
540 2647 617 2701 De
646 2649 924 2701 inimicitiis
954 2643 1309 2715 Fredegundis
1333 2661 1449 2699 cum
1477 2647 1587 2714 [ilia
1617 2661 1730 2699 sua.

224 2716 392 2772 XXX
410 2718 472 2772 V.
498 2718 575 2771 De
593 2719 803 2772 interitu
836 2716 1148 2773 Waddonis.

554 2578 705 2643 Quod
728 2576 1046 2647 Ingeltrudis
1076 2576 1316 2645 religiosa
1341 2579 1409 2628 ad
1436 2576 1816 2629 Cltildebertum
1841 2574 1989 2638 abiit,
2015 2582 2191 2625 contra
2209 2571 2369 2641 [ilium
2396 2582 2717 2644 suggestum.

226 2786 393 2842 XXX
411 2788 505 2841 VI.
534 2789 683 2854 Quod
703 2787 1058 2842 Childebertus
1076 2803 1167 2841 rex
1196 2785 1598 2841 Theodobertum
1626 2785 1796 2855 ﬁlium
1815 2799 1963 2837 suum
1990 2782 2296 2838 Suessiouus
2320 2782 2530 2839 direxit.

227 2856 392 2928 XXX
406 2857 539 2913 VII.
582 2859 656 2928 De
683 2858 1011 2928 Droctigisilo
1040 2858 1298 2928 episcopo.

227 2926 393 2998 XX
412 2928 574 2983 VIII.
604 2926 679 2982 De
697 2945 754 2982 eo
783 2923 919 2998 quod
939 2929 1100 2997 aliqui
1130 2923 1307 2981 contra
1329 2924 1717 2998 Ilrunichildem
1747 2925 1976 2998 reginam
2003 2939 2162 2998 agere
2182 2923 2300 2976 volu
2322 2936 2447 2998 runt

230 2996 506 3053 XXXIX.
535 2999 614 3053 De
637 2991 881 3052 seandalo
906 3000 959 3051 in
981 2991 1286 3052 monasterio
1326 2996 1612 3051 Pictavensi
1641 3005 1754 3050 arto
1793 2991 1883 3065 per
1919 2994 2278 3050 Gltrudteldem
2308 3008 2353 3046 et
2396 2991 2659 3047 Basinam.
2683 3024 2752 3035 —
2786 2991 3017 3066 dpistola
3054 2995 3406 3067 cpisc0p0rum
3437 2996 3507 3054 ad

411 3071 795 3139 Iladeguudem.

232 3137 283 3209 X
390 3141 463 3193 De
483 3137 657 3209 fomite
682 3140 845 3207 primo
874 3139 1125 3193 scandali.

233 3208 393 3263 XLI.
422 3205 497 3264 De
525 3208 661 3264 ccede
683 3205 737 3262 in
769 3209 977 3263 basilica
1001 3210 1165 3263 sancti
1192 3207 1413 3262 Hilarii.
1440 3238 1507 3249 —
1527 3206 1849 3273 Rescriptum
1869 3205 2247 3277 episwporum.

234 3277 428 3350 XLII.
474 3280 805 3350 Exemplaria
832 3281 1061 3345 epistola
1080 3296 1232 3346 quam
1261 3290 1436 3333 sancta
1467 3279 1800 3350 Radegundis
1827 3279 2078 3350 episcopis
2100 3278 2310 3332 direxit.

234 3347 463 3404 XLIII.

232 3416 455 3477 XLIV.
479 3416 557 3476 De
584 3421 882 3490 intemperie
907 3416 1054 3475 anni.

492 3352 639 3417 Quod
668 3349 976 3403 Theutarius
1001 3356 1261 3421 presbyter
1290 3354 1358 3404 ad
1379 3352 1474 3403 hoc
1502 3349 1804 3405 scandalum
1830 3349 2170 3420 mitigandum
2197 3349 2423 3402 advenit.

1274 3718 1751 3826 LIBER
1822 3720 2450 3845 NONUS.

314 3949 554 4022 5191.
583 3946 748 4017 Igitur
776 3955 802 3983 ι
835 3952 953 4015 post
974 3954 1197 3999 mortem
1223 3944 1545 3999 Leuvichildi
1572 3943 1833 4015 Hispanu-
1860 3950 1909 4008 Α
1937 3962 2065 4017 pere
2101 3950 2273 4005 noluit
2317 3931 2479 4006 verba
2526 3965 2734 4007 eorum.
2810 3951 2962 4009 Unde
3010 3954 3131 4008 talis
3177 3956 3510 4020 postmodum

241 4058 365 4095 rum
391 4040 530 4108 regis
556 4081 572 4106 ,
623 4036 954 4092 Bicharedus
1004 4033 1142 4087 lilius
1185 4033 1302 4103 ejus
1348 4033 1521 4089 foedus
1562 4033 1679 4090 iniit
1706 4051 1826 4090 cum

242 4132 563 4187 Goisvintba
596 4130 778 4185 relicta
804 4127 966 4198 patris
995 4127 1101 4191 sui,
1128 4142 1354 4198 eamque
1383 4138 1438 4182 ιιι
1461 4137 1683 4183 matrem
1710 4144 1831 4183 sus-

240 4222 386 4290 cepit
431 4220 480 4277 δ.
522 4221 645 4274 "asc
672 4221 812 4273 enim
858 4226 977 4271 erat
1017 4225 1187 4271 mater
1229 4216 1578 4274 Brunicbildis
1607 4220 1827 4286 reginae,

241 4314 436 4370 matris
459 4313 786 4368 Gbildeberti
825 4314 1073 4382 junioris.
1112 4310 1446 4369 Ricliaredus
1472 4327 1601 4366 vero
1629 4312 1697 4366 de
1721 4327 1751 4366 a
1778 4312 1827 4367 ia

246 4421 418 4460 uxore
433 4418 545 4459 erat
570 4403 711 4458 titius
730 4404 1075 4459 Leuvichildi.
1106 4404 1341 4475 Denique
1354 4418 1476 4458 cum
1495 4417 1720 4458 noverca
1740 4404 1831 4455 ha-

242 4497 362 4551 bito
396 4496 639 4563 consilio,
670 4497 869 4565 legatos
885 4496 949 4550 ad
968 4497 1008 4551 G
1022 4496 1430 4551 untchramnum
1450 4509 1649 4563 regem,
1667 4502 1826 4563 atque

250 4588 657 4642 Cbildebertum
676 4588 872 4656 dirigit,
906 4588 1127 4643 dicens:
1186 4586 1380 4641 Pacem
1411 4584 1605 4641 habete
1656 4585 1829 4639 uobis-

244 4692 370 4731 cum
392 4718 407 4741 ,
434 4685 485 4729 et
513 4675 755 4731 ineamus
783 4675 954 4729 ItBtIUS
978 4717 991 4740 ,
1038 4686 1097 4729 ιιι
1141 4674 1305 4743 adjuti
1350 4672 1601 4743 praeside
1630 4681 1826 4739 ve~tro,

244 4784 373 4821 cum
407 4768 700 4822 necessitas
753 4768 1095 4837 peposcerit,
1149 4766 1307 4821 simili
1355 4780 1452 4820 nos
1499 4766 1827 4834 conditione,

247 4860 617 4916 intercedente
646 4861 935 4925 cliarilate,
961 4858 1260 4911 muniamus
1294 4866 1342 4909 ο.
1393 4856 1676 4911 Venientes
1704 4871 1832 4911 vero

247 4951 437 5018 legati,
466 4950 553 5019 qui
602 4949 668 5003 ad
726 4948 1186 5003 Giintcbranmum
1218 4961 1395 5016 regem
1426 4946 1616 5001 directi
1656 4954 1833 5011 erant,

246 5041 393 5111 apud
424 5040 749 5093 Maiascense
773 5036 800 5074 ά
827 5039 1079 5106 oppidum
1107 5038 1239 5107 jussi
1277 5045 1403 5092 sunt
1431 5036 1705 5091 residere:
1735 5035 1834 5090 ibi-

247 5153 359 5205 que
387 5136 712 5189 transmissis
754 5135 881 5188 viris
920 5148 1011 5188 rex
1041 5148 1229 5189 causas
1255 5132 1539 5203 cognovit,
1572 5130 1665 5187 sed
1697 5132 1833 5186 reci-

1933 4038 2075 4092 inter
2122 4054 2217 4094 eos
2252 4041 2529 4097 inimicitia
2563 4043 2834 4112 putlulavit
2856 4082 2874 4109 ,
2902 4043 3065 4115 420
3093 4056 3148 4099 ut
3176 4047 3241 4099 ad
3270 4048 3512 4103 civitates

1931 4129 2273 4198 Septimania:
2313 4131 2519 4185 nullum
2548 4131 2617 4185 de
2645 4146 2810 4200 regno
2839 4133 2956 4200 ejus
2983 4137 3205 4187 transire
3232 4137 3507 4202 permitte-

1931 4229 2071 4275 rent.
2114 4220 2174 4274 Hi
2201 4236 2331 4276 vero
2356 4224 2447 4292 qui
2484 4222 2550 4275 ad
2580 4222 2982 4277 Cbildebertum
3017 4238 3195 4292 regem
3223 4240 3488 4280 veno-unt

1930 4326 2051 4366 cum
2097 4312 2358 4367 charitate
2400 4312 2601 4382 recepti
2663 4324 2825 4366 sunt:
2874 4312 3123 4382 datisque
3173 4316 3509 4384 muneribus,

1929 4413 2146 4471 accepta
2180 4416 2332 4469 pace,
2361 4417 2480 4457 cum
2510 4404 2819 4459 muneribus
2842 4413 2963 4458 sunt
2985 4405 3234 4474 regressi.

2007 4494 2067 4547 ll.
2113 4493 2192 4546 Eo
2223 4509 2366 4547 anno
2393 4494 2697 4548 beatissima
2729 4494 3067 4564 Radeguudis
3086 4495 3154 4549 ab
3185 4495 3284 4550 hoc
3312 4500 3512 4553 mundo

1938 4584 2208 4655 migravit.
2233 4586 2365 4655 Quae.
2392 4602 2642 4657 maguum
2662 4588 2930 4657 planctum
2955 4589 3007 4643 in
3037 4590 3512 4660 monasteriqu

1936 4679 2290 4734 c0nstiluerat
2332 4680 2642 4750 dereliquit.
2691 4681 2893 4753 Fuique
2937 4690 2995 4737 et
3056 4695 3158 4751 ego
3184 4698 3420 4753 praesens
3447 4684 3515 4737 ad

1936 4783 2055 4823 eam
2086 4772 2475 4837 seleliendam.
2528 4770 2672 4829 Obiit
2714 4787 2896 4828 autem
2943 4787 3127 4827 mense
3154 4785 3330 4839 sexto,
3360 4774 3514 4828 tertia

1939 4861 2146 4915 decima
2177 4862 2265 4917 die
2293 4864 2492 4918 mensis
2512 4903 2529 4929 ,
2562 4863 2769 4932 sepulta
2795 4871 2919 4931 post
2952 4863 3211 4916 triduum.
3267 4864 3395 4930 Quae
3421 4880 3515 4916 au-

1940 4960 2044 5006 tem
2086 4954 2155 5009 ibi
2199 4954 2316 5023 ipsa
2366 4956 2453 5010 die
2496 4956 2722 5011 virtutes
2774 4965 3163 5023 apparuerunt,
3194 4964 3247 5009 et
3285 4954 3514 5025 qualiter

1938 5041 2098 5096 fuerit
2127 5043 2399 5113 funeram,
2438 5044 2491 5100 in
2519 5045 2655 5100 libro
2691 5043 3069 5100 Miraculorum
3102 5054 3127 5083 ⁸
3151 5046 3358 5115 plenius
3376 5047 3515 5102 scri-

1938 5131 2068 5187 bere
2094 5134 2292 5190 studui.

328 5261 353 5288 ι
396 5252 545 5308 Deest
577 5257 679 5307 hoc
714 5261 870 5320 caput
902 5256 953 5306 in
980 5250 1136 5304 Colb.
1165 5263 1215 5302 a,
1237 5260 1302 5320 et
1327 5262 1448 5320 cuin
1479 5262 1593 5317 seq.
1627 5248 1679 5299 in
1712 5245 1832 5320 γει.
1869 5252 1913 5310 Β
1943 5263 2037 5317 pro
2069 5246 2424 5320 Matisconem.

327 5322 353 5359 δ
397 5324 520 5377 Haec
566 5338 741 5377 tamen
785 5317 971 5390 postea
1004 5335 1125 5373 cum
1153 5318 1326 5390 Uldila
1356 5318 1610 5386 episcopo
1634 5317 1833 5390 Ariano

245 5394 431 5461 iuncta
455 5434 471 5459 ,
506 5385 807 5449 lteccaredo
855 5392 1071 5445 insidias
1103 5388 1302 5457 paravit
1326 5426 1342 5454 ,
1370 5398 1426 5441 ιιι
1468 5385 1649 5442 narrat
1677 5385 1832 5440 Joun.

249 5464 449 5518 Biclar.
476 5464 542 5517 ad
567 5480 763 5516 annum
794 5464 828 5516 ’ὅ
860 5460 1169 5515 liercaredi.

334 5542 356 5570 ε
400 5534 487 5587 Sic
514 5549 703 5587 omnes
739 5534 956 5585 omnino
997 5530 1125 5584 editi
1172 5535 1226 5583 et
1270 5527 1476 5595 scripti.
1518 5526 1717 5582 Tamen
1760 5525 1835 5579 le-

245 5604 482 5676 gendum
510 5614 612 5667 est,
647 5604 746 5657 nisi
774 5604 950 5676 lal‘lnr,
977 5600 1152 5655 Simili
1174 5614 1262 5651 vos
1292 5598 1611 5676 conditione,
1640 5604 1733 5649 aut
1755 5610 1835 5651 sa-

244 5670 348 5736 ὗε,
371 5675 527 5727 simili
554 5691 646 5727 nos
677 5673 1043 5726 conditione...
1068 5688 1152 5724 vos
1176 5670 1487 5722 muniamus.

328 5744 358 5781 ⁴
395 5745 486 5799 Sic
520 5760 708 5797 omnes
737 5758 864 5795 mss.
911 5751 964 5796 et
1009 5742 1093 5796 ed.
1137 5741 1392 5809 plerique.
1422 5738 1541 5791 Col.
1572 5746 1625 5790 et
1653 5735 1830 5809 Bign..

249 5816 596 5872 Natescense.
632 5814 920 5882 Utrobique
952 5807 1168 5866 Matisco
1200 5810 1419 5882 intelligi
1450 5809 1629 5862 debet.
1672 5807 1835 5882 Certe

248 5887 537 5943 Fortuuat.
564 5924 582 5955 ρ
632 5885 685 5941 in
737 5877 849 5941 Vita
890 5884 947 5939 S.
982 5880 1233 5939 Germani
1254 5920 1271 5949 ,
1304 5877 1649 5951 Matasconcm
1677 5879 1838 5934 habet

2013 5327 2037 5354 ε
2082 5318 2195 5371 Lih.
2245 5320 2312 5369 de
2344 5314 2525 5368 Gloria
2550 5313 2798 5370 Cnnl‘ess.
2840 5330 2962 5385 cap.
3000 5315 3125 5370 106.
3162 5316 3280 5385 Agit
3303 5318 3424 5371 item
3447 5316 3515 5371 de

2793 5402 2844 5454 ρ.
2879 5388 2931 5439 ἱ).
2973 5388 3116 5442 Obiit
3149 5404 3307 5453 porro
3334 5390 3420 5441 die
3448 5387 3515 5441 15

1939 5459 2194 5526 Augusti,
2226 5469 2277 5509 et
2305 5457 2519 5526 qudem
2554 5473 2692 5510 aiino
2722 5455 2845 5520 587,
2879 5473 2944 5512 ex
2983 5459 3083 5513 hoc
3108 5458 3349 5525 Gregorii
3374 5458 3511 5511 loco.

1936 5531 2156 5596 Seputta
2189 5538 2269 5582 est
2298 5530 2348 5581 in
2392 5526 2606 5581 basilica
2646 5528 2703 5581 S.
2737 5528 2945 5591 Mariae,
2975 5530 3061 5581 ubi
3102 5536 3224 5579 tunc
3253 5534 3369 5596 erat
3392 5541 3518 5579 san-

1939 5594 2324 5653 etiinonialium
2365 5600 2732 5653 cmmeterium
2752 5638 2767 5663 ,
2801 5599 2956 5651 hudie
2985 5613 3014 5649 a
3038 5594 3305 5650 canonicis
3335 5610 3514 5649 saecu-

1940 5672 2141 5724 laribus
2161 5678 2439 5735 occupata.
2465 5669 2593 5738 Ejus
2615 5682 2784 5723 sacrae
2812 5667 3045 5736 reliquiae
3062 5680 3247 5738 magna
3271 5678 3517 5738 exparte

1939 5755 2060 5794 cum
2117 5739 2255 5793 beati
2300 5734 2520 5792 illilarii'
2547 5737 2750 5792 exuviis
2797 5753 2826 5790 ιι
2870 5734 3174 5790 Galvinistis
3221 5736 3517 5794 combusta

1941 5818 2067 5866 sunt
2094 5825 2236 5865 anno
2268 5807 2427 5863 I562.
2461 5807 2590 5864 Vide
2619 5818 2735 5864 uot.
2764 5808 2816 5862 in
2842 5807 2933 5862 lib.
2961 5821 3038 5875 ιιι,
3065 5819 3182 5875 cap.
3213 5806 3269 5862 7.

1938 5403 1999 5441 ea
2028 5388 2121 5442 lib.
2154 5402 2169 5439 ι
2200 5388 2266 5443 de
2292 5385 2473 5440 Glnria
2504 5387 2658 5441 Mart.
2680 5427 2697 5452 ,
2724 5401 2782 5438 ca
