3966 6348
476 334 578 390 ιλ]

1484 327 1541 383 S.
1585 324 1910 383 GREGORII
1956 324 2258 380 EPISCOPI
2298 323 2729 380 TUIlONENSlS

3635 323 3785 379 684

548 449 635 506 lll.
669 449 871 503 Interea
915 455 939 483 ⁸
990 444 1205 500 advenit
1262 443 1521 499 festivitas
1580 446 1773 505 sancti_
1796 441 2051 509 Marcelli,
2083 449 2124 501 Α
2153 442 2435 510 jactitabat
2466 457 2480 495 :
2507 439 2572 495 ad
2603 454 2784 507 quem,
2825 454 2946 509 quia
2981 451 3218 507 praesens
3242 449 3349 492 non
3378 450 3554 504 eram,
3578 439 3779 493 rusti-

471 558 592 613 quae
619 541 759 611 apud
805 541 990 595 urbem
1022 538 1448 594 Cabilloneusem
1487 551 1671 592 mense
1707 536 1934 604 septimo
1963 549 2056 588 ce-

478 633 738 695 lebratur,
795 639 849 685 et
888 630 1323 685 Guntcbramntts
1371 642 1464 680 rex
1514 625 1701 680 adfuit.
1740 625 1936 680 Verum
1969 623 2058 678 ubi

478 722 708 790 peractis
758 720 1087 775 solemnibus
1123 717 1183 781 δ,
1232 717 1295 769 ad
1349 723 1748 769 sacrosanctum
1809 714 2057 768 altarium

477 812 907 868 communicandi
930 813 1097 879 gratia
1127 809 1463 871 accessisset,
1489 807 1633 860 vitnit
1663 806 1878 876 qttidam
1906 805 2055 875 quasi

477 907 672 975 aliquid
708 913 1075 973 suggesturus.
1114 901 1214 968 Qui
1244 901 1370 954 dum
1416 908 1663 968 properat
1690 896 1848 968 421
1875 908 2059 952 contra

476 1010 657 1062 regent
687 1036 701 1054 ,
748 994 922 1047 culter
949 994 996 1047 ei
1038 991 1103 1046 de
1137 1006 1293 1044 manu
1315 988 1593 1049 dilabitur,
1619 988 2064 1056 apprehensoque

477 1094 739 1153 repente,
776 1084 937 1137 alium
985 1084 1217 1137 cultrum
1273 1082 1608 1150 evagiuatum
1656 1081 1706 1134 iu
1756 1095 1915 1133 manu
1945 1078 2063 1149 ejus

482 1175 774 1242 reperiunt.
807 1175 914 1228 Nec
944 1190 1089 1227 mora
1111 1215 1125 1239 ,
1168 1173 1391 1227 eductus
1420 1187 1450 1225 a
1478 1172 1691 1225 basilica
1719 1180 1921 1235 sancta,
1951 1169 2067 1222 vin-

483 1274 603 1319 ctus
627 1306 640 1327 ,
674 1277 726 1318 et
774 1265 1052 1319 tormentis
1080 1263 1323 1316 addictus
1346 1303 1361 1328 ,
1404 1262 1689 1315 conﬁtetur
1723 1277 1781 1315 se
1811 1262 2065 1315 emissum

486 1355 552 1407 ad
580 1355 1005 1408 interﬁciendum
1036 1370 1239 1425 regem,
1272 1356 1454 1407 dicens
1481 1372 1492 1405 :
1526 1352 1616 1408 Sic
1651 1353 1792 1407 enim
1821 1352 2069 1406 tractavit

486 1446 577 1515 qui
618 1460 706 1500 me
754 1446 917 1500 misit.
984 1446 1117 1513 Quia
1168 1446 1417 1513 cognovit
1468 1461 1564 1499 rex
1609 1445 1894 1498 mult0rutn
1929 1446 1979 1498 in
2010 1459 2069 1498 se

481 1539 605 1591 oilia
633 1548 938 1607 aggregata,
972 1549 1027 1592 et
1051 1549 1332 1606 suspectus
1363 1552 1431 1591 ne
1460 1538 1811 1605 percutiatur,
1851 1538 2069 1592 omnino

487 1644 548 1684 se
575 1646 603 1682 a
632 1631 748 1684 suis
779 1630 963 1683 vallari
998 1631 1274 1699 praecipit:
1306 1644 1405 1684 nec
1438 1630 1703 1699 reperitur
1724 1628 1908 1685 aditus
1937 1643 2072 1698 qua-

490 1718 614 1773 liter
635 1721 699 1773 ad
749 1736 870 1775 eum
918 1735 1037 1775 cum
1079 1720 1275 1791 gladiis
1325 1719 1495 1789 p0ssit
1538 1719 1833 1782 accedere,
1884 1719 1985 1773 nisi
2016 1719 2068 1773 in

480 1902 667 1964 scitur,
700 1900 1187 1955 transverberetur.
1223 1901 1329 1955 Sed
1360 1907 1416 1954 et
1438 1894 1518 1954 bis
1547 1900 1612 1953 de
1640 1898 1832 1969 quibus
1858 1900 2065 1953 locutus

482 1990 583 2045 fuit
607 1992 994 2061 apprehensis,
1036 1992 1220 2046 multis
1252 1992 1608 2062 interemptis,
1642 1994 1783 2047 hunc
1814 1992 2069 2048 verbera-

484 2087 596 2135 tum
647 2083 814 2151 plagis
853 2082 1057 2135 dimisit
1087 2083 1265 2135 vivunt
1294 2123 1309 2148 ,
1341 2083 1462 2151 quia
1510 2084 1660 2137 nefas
1708 2082 1914 2150 putavit
1945 2092 1993 2147 ο,
2020 2080 2067 2136 si

482 2171 529 2226 is
555 2172 644 2239 qui
667 2173 736 2226 ab
763 2171 989 2225 ecclesia
1024 2170 1248 2225 eductus
1274 2174 1465 2237 fuerat,
1499 2182 1861 2228 truncaretur.

556 2261 643 2317 IV.
674 2260 701 2297 ά
743 2262 820 2316 Eo
866 2277 1008 2315 anno
1058 2260 1401 2316 Cbildeberto
1445 2263 1556 2331 regi
1586 2263 1724 2318 alius
1752 2264 1888 2318 tilius
1915 2275 2070 2319 natus

484 2359 587 2431 est,
614 2367 771 2419 quem
828 2350 1065 2405 Veratius
1101 2350 1488 2407 Cavillonensis
1514 2362 1537 2390 ο
1569 2355 1851 2424 episc0pus
1900 2358 2072 2411 susci-

482 2440 636 2505 piens
661 2454 690 2492 a
719 2440 951 2505 lavacro,
986 2439 1308 2495 Theoderici
1332 2456 1525 2496 nomen
1550 2444 1744 2513 posuit.
1774 2444 1904 2499 Erat
1927 2445 2068 2500 enim

496 2547 563 2589 eo
584 2542 822 2601 tempore
852 2533 965 2601 ipse
994 2532 1227 2600 pontifex
1253 2533 1460 2603 magnis
1490 2534 1775 2590 virtutibus
1798 2537 2069 2604 przeditus,

483 2623 557 2678 ita
588 2633 641 2677 ut
666 2624 978 2693 plerumque
1024 2622 1249 2677 infirmis
1296 2626 1505 2694 signum
1555 2626 1729 2680 crucis
1770 2627 2070 2696 imponens,

483 2716 665 2769 statim
692 2715 926 2777 sanitati,
955 2713 1223 2769 tribuente
1250 2714 1507 2780 Domino,
1539 2727 1884 2772 restauraret.

562 2806 624 2859 V.
656 2807 901 2875 Prodigia
932 2805 952 2843 ι
980 2821 1191 2876 quoque
1233 2808 1397 2861 multa
1449 2808 1644 2863 dehinc
1689 2819 2069 2879 apparuerunt.

484 2898 617 2953 Nam
641 2914 764 2953 vasa
797 2914 892 2969 per
922 2899 1111 2952 domos
1138 2900 1493 2965 diversorum,
1543 2899 1711 2970 signis
1757 2902 1938 2957 nescio
1958 2905 2076 2974 qui-

485 2992 587 3046 bus
617 2993 907 3045 charaxata
936 3001 1081 3057 sunt,
1113 3009 1230 3063 qua:
1281 3007 1367 3046 res
1409 2993 1551 3047 nullo
1604 3009 1837 3062 unquam
1887 2998 2070 3067 modo,

482 3084 741 3138 auteradi
773 3087 962 3152 putuit,
993 3097 1085 3139 aut
1112 3085 1302 3140 deleri.
1338 3086 1629 3154 lucteptum
1655 3098 1735 3140 est
1765 3096 1942 3143 autem
1974 3090 2074 3145 hoc

2159 539 2294 593 citas
2339 538 2518 606 populi
2569 536 2739 590 multa
2796 534 3151 599 conﬂuxerat,
3208 532 3511 588 deferentes
3560 547 3776 587 secum

2159 644 2332 684 ca'cos
2362 639 2416 683 et
2441 629 2665 692 debiles,
2710 642 2845 694 quos
2893 642 2997 681 non
3055 627 3340 681 sanctitate
3385 638 3600 689 sanare,
3652 625 3774 681 sed

2160 734 2344 775 errore
2373 719 2753 773 necromantlci
2792 719 2991 787 ingenii
3020 720 3301 784 quaerebat
3328 715 3576 771 illudere.
3612 716 3770 771 Nam

2162 811 2260 865 hos
2286 810 2553 872 quierant
2584 809 2885 879 paralytim,
2915 820 3007 862 aut
3030 808 3132 862 alia
3174 807 3416 874 impediti
3442 808 3765 870 debilitate,

2158 903 2382 971 jubebat
2408 903 2583 956 valide
2615 902 2858 966 extendi,
2883 910 2939 956 ut
2961 915 3094 971 quos
3122 901 3335 955 virtutis
3361 899 3555 955 divinae
3586 901 3765 969 largi-

2164 994 2308 1047 tione
2332 991 2560 1062 dirigere
2583 1008 2688 1045 non
2721 1000 2952 1061 poterat,
2983 989 3135 1060 quasi
3172 1005 3265 1059 per
3291 990 3605 1044 industriam
3638 1004 3771 1043 res-

2166 1088 2420 1136 tauraret.
2455 1081 2690 1149 Denique
2718 1080 3191 1149 apprehendebant
3215 1080 3371 1148 pueri
3393 1079 3515 1149 ejus
3558 1092 3771 1135 titanas

2168 1170 2462 1231 hominum,
2491 1169 2577 1224 alii
2601 1185 2725 1224 vero
2752 1171 2933 1239 pedes,
2960 1179 3262 1236 tractosque
3286 1168 3527 1223 diversas
3550 1169 3601 1222 itt
3630 1184 3771 1239 par-

2168 1272 2270 1327 tes,
2306 1262 2374 1315 ita
2404 1269 2462 1315 ut
2481 1264 2635 1315 nervi
2666 1271 2982 1329 putarentur
3010 1258 3255 1324 abrumpi
3288 1276 3300 1312 :
3352 1272 3474 1313 cum
3504 1273 3612 1312 non
3664 1274 3767 1312 sa-

2169 1362 2445 1418 narentur,
2474 1351 2879 1407 dimittebantnr
2908 1351 3202 1406 exanimes.
3235 1350 3384 1405 Unde
3416 1350 3616 1404 factum
3643 1361 3765 1411 est,

2175 1451 2231 1495 ut
2261 1444 2312 1496 iu
2345 1445 2445 1496 boc
2472 1441 2735 1510 supplicio
2782 1441 2933 1495 multi
2972 1440 3217 1510 spiritum
3261 1440 3605 1505 exbalarent,
3638 1450 3769 1491 tan-

2174 1540 2396 1601 tumque
2433 1532 2599 1586 miser
2618 1531 2788 1585 elatus
2816 1539 2956 1588 erat.
2984 1539 3039 1583 ut
3065 1531 3328 1584 minorem
3360 1539 3385 1577 8
3424 1543 3485 1584 se
3534 1530 3763 1585 beatum

2171 1625 2452 1679 Martinum
2484 1638 2605 1679 esse
2634 1624 2856 1688 diceret,
2888 1638 2948 1677 se
2968 1638 3094 1678 vero
3124 1622 3379 1692 apostolis
3419 1633 3761 1690 corequaret.

2173 1716 2281 1772 Nec
2325 1716 2540 1783 mirum,
2584 1731 2627 1770 st
2680 1715 2766 1770 hic
2792 1715 3025 1771 similem
3062 1728 3123 1770 se
3150 1714 3293 1769 dicat
3317 1716 3597 1784 apostolis,
3629 1729 3765 1768 cum

390 1870 395 1875 ί
479 1808 727 1875 ecclesia,
757 1810 808 1863 in
839 1824 941 1878 qua
962 1824 1186 1863 securus
1212 1819 1265 1863 et
1287 1808 1417 1862 nihil
1450 1818 1690 1863 metuens
1729 1816 1873 1862 stare
1896 1806 2073 1877 digno-
2101 1815 2148 1875 Β
2177 1807 2265 1863 ille
2292 1820 2481 1861 auctor
2507 1806 2780 1875 nequitias,
2805 1820 2833 1858 a
2858 1820 2969 1875 quo
2991 1807 3091 1861 ista
3124 1805 3447 1876 procedunt,
3477 1806 3761 1860 Christum

2168 1914 2226 1953 se
2251 1899 2302 1954 in
2331 1899 2437 1955 line
2456 1898 2639 1955 saeculi
2672 1898 2913 1955 fassurus
2940 1898 3033 1955 sit.
3057 1899 3186 1955 Nam
3210 1898 3276 1955 de
3291 1899 3393 1955 hoc
3410 1898 3761 1954 animadver-

2169 2005 2286 2047 sum
2316 2000 2421 2055 est,
2466 2001 2524 2046 ut
2564 1991 2814 2061 superius
2840 1992 3095 2060 diximus,
3128 2005 3314 2046 errore
3340 1990 3767 2047 necromanticas

2170 2084 2300 2139 artis
2331 2084 2496 2140 fuisse
2534 2084 2817 2139 imbutum.
2849 2085 3005 2151 Quia,
3036 2092 3093 2138 ut
3116 2093 3360 2138 asserunt
3391 2083 3478 2151 qui
3522 2097 3648 2136 eum
3673 2081 3765 2135 vi-

2170 2176 2383 2241 derunt,
2427 2191 2549 2231 cum
2598 2175 2821 2246 quisque
2872 2175 2939 2230 de
2968 2189 3033 2230 eo
3064 2175 3259 2246 procul‘
3278 2182 3332 2229 et
3374 2172 3554 2228 abdite
3601 2173 3765 2241 quid-

2170 2284 2331 2338 quam
2374 2268 2583 2323 locutns
2635 2266 2821 2323 fuisset
2851 2267 2998 2331 mali,
3056 2281 3237 2321 coram
3296 2265 3491 2335 populo
3547 2274 3762 2320 astante

2171 2357 2591 2428 improperabat,
2615 2357 2828 2412 dicens:
2854 2356 2987 2423 Quia
3012 2356 3114 2411 hoc
3138 2364 3195 2411 et
3219 2354 3345 2409 illud
3366 2355 3436 2409 de
3459 2369 3546 2409 me
3566 2354 3763 2409 effatus

2171 2455 2275 2511 est,
2306 2461 2426 2517 quas
2455 2448 2738 2501 sanctitate
2766 2460 2881 2501 mea
2930 2454 3085 2500 erant
3123 2445 3355 2514 indigna.
3406 2444 3472 2499 Et
3500 2446 3617 2513 ‘quo
3648 2443 3763 2497 alio

2173 2537 2277 2592 nisi
2307 2536 2676 2593 nuntiantibus
2702 2537 2981 2593 daemoniis
3006 2536 3056 2591 id
3085 2534 3489 2609 cognoscebat?
3517 2534 3762 2589 llabebat

2174 2638 2350 2685 autem
2381 2630 2647 2685 cucullum
2694 2645 2755 2684 ac
2788 2630 3021 2685 tunicam
3052 2628 3120 2683 de
3143 2628 3260 2698 pilis
3280 2640 3586 2697 caprarum,
3614 2633 3670 2681 et
3703 2625 3762 2680 in

2174 2722 2425 2794 prasenti
2447 2722 2662 2791 quidem
2689 2721 2964 2776 abstinens
2986 2728 3101 2776 erat
3135 2734 3164 2773 a
3194 2719 3329 2774 cibis
3355 2727 3410 2774 et
3432 2726 3558 2788 potu
3578 2736 3594 2783 ;
3617 2718 3762 2771 clam

2174 2823 2352 2869 autem
2384 2828 2503 2868 cum
2536 2811 2969 2869 intdiversorinm
3000 2810 3256 2876 venisset,
3289 2810 3358 2864 ita
3391 2807 3676 2863 infarcibat
3703 2807 3759 2862 in

2175 2920 2289 2969 ore,
2323 2913 2379 2960 ut
2408 2903 2654 2958 minister
2684 2919 2787 2961 non
2810 2915 3115 2958 occurreret
3141 2911 3343 2957 tantum
3368 2900 3607 2969 poscenti
3636 2914 3760 2968 por-

2175 2994 2368 3063 rigere.
2403 2994 2507 3049 Sed
2542 2995 2754 3050 detecta
2783 2993 3064 3048 dolositate
3105 2993 3242 3062 ejus,
3287 3003 3340 3047 et
3368 3008 3398 3045 a
3440 2992 3636 3046 nostris
3660 2991 3761 3045 de-

2176 3087 2457 3158 prehensa,
2505 3085 2712 3154 eiectus
2733 3094 2815 3140 est
2841 3093 2988 3139 extra
3021 3083 3170 3138 urbis
3193 3083 3501 3138 terminum.
3529 3082 3639 3137 Nec
3663 3096 3763 3136 co-

484 3178 780 3247 prodigium
814 3179 880 3232 ab
906 3179 1056 3233 urbis
1079 3180 1395 3234 Carnotenae
1424 3178 1718 3245 territorio,
1760 3191 1815 3235 et
1853 3182 2075 3238 veniens
2103 3176 2147 3240 C
2176 3181 2463 3253 gnovimus
2484 3178 2740 3246 deinceps
2768 3192 2874 3249 quo
2900 3177 3130 3243 abisset;
3152 3176 3367 3231 dicebat
3388 3174 3549 3247 423
3579 3184 3765 3229 "me"

484 3287 582 3339 per
610 3272 1072 3335 Aurelianensem,
1106 3286 1275 3342 usque
1307 3271 1756 3344 Burdegalensem
1785 3276 2071 3330 terminum

483 3363 830 3433 peraccessit,
856 3379 961 3417 non
990 3364 1403 3432 praetermittens
1433 3364 1591 3418 ullam
1618 3364 1803 3419 urbem
1834 3379 1952 3434 quae
1976 3364 2075 3420 fuit

491 3455 543 3509 in
569 3456 766 3511 medio.
801 3454 858 3508 ln
888 3455 1060 3509 vineis
1087 3470 1213 3509 vero
1241 3470 1426 3510 mense
1446 3464 1637 3509 octavo
1662 3465 1928 3509 transacta
1955 3455 2073 3509 rin-

480 3546 682 3604 demia.
713 3545 958 3615 palmites
997 3559 1164 3599 novos
1206 3560 1326 3600 cum
1375 3548 1491 3599 uvis
1521 3545 1836 3600 deformatis
1865 3544 2073 3615 aspexi-

485 3653 628 3692 mus.
659 3638 716 3691 in
763 3636 882 3690 aliis
930 3636 1210 3690 arboribus
1240 3635 1461 3690 frondes
1486 3650 1661 3700 noue,
1693 3644 1748 3691 et
1776 3651 1911 3690 nova
1962 3639 2074 3693 visa
2114 3654 2117 3655 ν

479 3738 610 3782 sunt
638 3740 813 3795 poma.
840 3724 991 3779 Radii
1018 3740 1047 3778 a
1076 3734 1224 3793 parte
1262 3724 1542 3794 Aquilonis
1565 3737 1945 3795 apparuerunt.
1978 3730 2077 3782 As-

486 3815 740 3870 serebant
767 3812 1010 3867 nonnulli
1041 3812 1236 3867 vidisse
1260 3827 1320 3867 se
1346 3823 1624 3882 serpentes
1646 3830 1712 3870 ex
1728 3814 1870 3871 nube
1895 3816 2078 3886 delap-

476 3920 595 3960 sus.
630 3903 734 3959 Alii
756 3902 1107 3957 afﬁrmabant
1137 3904 1314 3957 villam
1346 3918 1468 3958 cum
1495 3905 1635 3959 casis
1690 3916 1743 3959 et
1772 3904 2075 3962 hominibus

474 4000 763 4054 subitanea
794 3996 1161 4051 internecione
1190 3996 1473 4052 evanuisse
1492 4017 1506 4063 ;
1525 4006 1580 4052 et
1603 3997 1765 4053 multa
1800 4000 1901 4053 alia
1925 3999 2076 4070 signa

476 4098 868 4160 apparuerunt,
894 4102 1014 4156 qua:
1031 4097 1122 4140 aut
1150 4086 1290 4155 regis
1316 4086 1522 4141 obitum
1547 4089 1863 4143 annutttiare
1879 4089 2073 4153 solent,

485 4193 576 4236 aut
606 4180 836 4252 regionis
854 4177 1150 4234 excidium.
1184 4177 1355 4249 422
1385 4177 1663 4233 Vindemia
1712 4193 1776 4234 eo
1806 4194 1945 4234 anno
1994 4189 2075 4235 te-

474 4276 630 4340 nuis,
654 4289 806 4344 aqum
830 4272 1042 4340 validm,
1076 4271 1597 4342 pluviae-immensa,
1628 4272 1843 4327 ﬂumina
1866 4288 2077 4344 quoque

482 4368 759 4436 granditer
794 4365 1019 4421 adaucta
1051 4363 1286 4419 fuerunt.
2046 4372 2049 4375 '

474 4470 475 4473 ‘
565 4457 650 4510 Vl.
696 4456 817 4509 Fuit
843 4470 909 4508 eo
929 4469 1071 4508 anno
1094 4455 1144 4509 in
1172 4455 1303 4509 urbe
1331 4454 1595 4510 Turonica
1643 4455 1947 4511 Desiderius
1974 4473 2073 4513 no-

2175 3274 2348 3329 civem
2401 3285 2464 3326 se
2515 3284 2637 3326 esse
2689 3269 3158 3340 Burdegalensem.
3202 3267 3330 3322 Nam
3381 3277 3436 3321 et
3485 3274 3610 3319 ante
3658 3265 3765 3321 bos

2175 3374 2380 3434 septem
2430 3376 2599 3417 annos
2652 3362 2747 3416 fuit
2775 3370 2829 3416 et
2873 3362 3009 3415 alius
3038 3373 3262 3431 magnus
3289 3358 3446 3413 valde
3474 3357 3756 3423 seductor,

2175 3455 2264 3524 qui
2289 3455 2487 3509 multos
2507 3453 2725 3522 decepit
2752 3452 3035 3507 dolositate
3059 3466 3176 3508 sua.
3207 3451 3303 3506 Hic
3323 3452 3464 3508 enim
3491 3450 3707 3505 colobio
3738 3451 3763 3486 ιι

2176 3545 2394 3600 indutus
2422 3552 2559 3611 erat,
2600 3543 2826 3601 amiCtus
2849 3544 3080 3613 desuper
3105 3544 3331 3599 sindone
3357 3583 3372 3611 ,
3423 3558 3637 3599 crucem
3678 3543 3764 3603 fec

2182 3650 2327 3701 rens,
2360 3636 2429 3691 de
2475 3646 2576 3707 qua
2607 3622 2979 3705 dependebant
3007 3635 3331 3703 ampullnlae,
3384 3649 3519 3704 quas
3547 3636 3767 3692 dicebat

2176 3728 2353 3781 oleum
2375 3734 2618 3781 sanctum
2651 3725 2869 3782 habere.
2908 3726 3098 3781 Aiebat
3126 3727 3270 3781 enim
3300 3740 3359 3779 se
3394 3726 3463 3780 dc
3496 3726 3766 3794 Histtaniis

2181 3816 2500 3881 adventare,
2553 3831 2617 3871 ac
2670 3816 2923 3887 reliquias
2972 3814 3405 3871 beatissimorum
3460 3825 3762 3887 martyrum

2178 3906 2444 3964 Vincentii
2467 3907 2660 3972 levittr,
2696 3905 2991 3976 Felicisque
3023 3907 3272 3976 martyris
3303 3903 3319 3943 ί
3352 3904 3628 3961 exhibere.
3654 3905 3767 3961 Sed

2178 4009 2299 4055 cum
2323 3999 2433 4070 jam
2462 4013 2684 4069 vespere
2709 3998 2774 4051 ad
2808 3998 3075 4052 basilicam
3104 3999 3269 4052 sancti
3299 3995 3765 4054 MartiuiTuronis

2178 4092 2504 4158 advenisset,
2559 4101 2613 4145 et
2641 4105 2737 4144 nos
2771 4090 2821 4143 in
2853 4088 3100 4143 convivio
3128 4088 3507 4153 resideremus,
3540 4087 3766 4142 manda-

2181 4194 2293 4243 tum
2325 4183 2494 4251 misit,
2528 4183 2712 4238 dicens
2741 4199 2753 4236 :
2793 4181 3091 4238 Occurrant
3127 4169 3369 4252 reliquiis
3403 4182 3621 4235 sanctis.
3666 4181 3767 4237 Cui

2179 4293 2299 4345 nos,
2349 4280 2471 4350 quia
2522 4278 2650 4333 hora
2672 4278 2780 4345 jam
2819 4276 3166 4346 praeterierat,
3198 4275 3423 4331 "liximus
3456 4293 3468 4327 :
3505 4274 3768 4345 llequ‘es-

2184 4382 2309 4427 cant
2358 4371 2529 4426 beata:
2586 4370 2824 4439 reliquias
2863 4385 3024 4439 super
3062 4370 3331 4431 altarium,
3387 4368 3560 4423 donec
3604 4383 3767 4423 mane

2180 4463 2533 4531 procedamus
2564 4461 2629 4516 ad
2662 4477 2942 4516 occursum
2976 4476 3179 4515 earum.
3214 4459 3318 4516 Sed
3362 4459 3447 4514 hic
3476 4459 3650 4528 primo
3677 4458 3766 4513 di-

489 4547 656 4613 mine,
686 4547 774 4616 qui
800 4560 859 4599 se
887 4560 1137 4614 magnum
1167 4548 1452 4616 quemdam
1484 4560 1607 4602 esse
1643 4547 1875 4617 dicebat,
1928 4565 2078 4605 asse-
2104 4551 2157 4611 Ι)
2183 4554 2357 4610 luculo
2385 4569 2731 4625 consurgens,
2789 4568 2887 4608 nec
2943 4554 3266 4622 exspectatis
3321 4551 3496 4615 nobis,
3542 4548 3769 4604 advenit

487 4652 615 4692 rens
645 4653 704 4691 se
731 4637 896 4690 multa
924 4650 1084 4706 posse
1109 4635 1285 4691 facere
1309 4639 1478 4709 signa.
1515 4636 1644 4693 Nam
1672 4646 1724 4694 et
1756 4641 1969 4695 nuntios
1992 4640 2076 4695 itt-

489 4736 573 4783 ter
589 4743 669 4795 se,
703 4738 863 4798 atque
886 4728 1103 4784 Petrum
1126 4727 1455 4800 Paulumque
1475 4718 1746 4800 apostolos
1775 4730 2077 4790 discurrere

558 4872 587 4902 ι
629 4864 787 4919 Deest
814 4863 914 4920 hoc
943 4872 1105 4920 canut
1133 4861 1189 4918 in
1217 4861 1372 4917 Colb.
1403 4877 1456 4918 a.

554 4933 583 4972 ι’
623 4934 966 4989 Observantla
1013 4932 1098 4988 hic
1143 4944 1294 4988 vetus
1328 4932 1617 4989 Gallicanae
1669 4934 1910 4990 ecclesia:
1944 4951 2072 4993 con-

478 5007 736 5061 suetudo.
774 5020 980 5058 sacram
1019 5007 1449 5059 Communioneut
1493 5005 1703 5059 nonnisi
1748 5016 1864 5071 post
1910 5023 2061 5070 pera-
2104 5054 2107 5055 ν

483 5078 861 5194 ειτιιιιὲηἱεωιη
887 5074 1322 5129 administrandi.
1346 5074 1409 5129 V.
1437 5076 1637 5145 Liturg.
1671 5072 1861 5131 Gallic.
1899 5079 1990 5132 lib.
2023 5094 2063 5145 ι,

486 5159 605 5194 can.
674 5182 686 5194 .

486 5159 605 5197 can.
635 5159 686 5195 ἱ).

572 5161 605 5195 ι.
635 5161 686 5195 ἱ).

554 5161 581 5252 ει
623 5212 715 5287 Jus
738 5212 867 5287 asyli
894 5229 934 5287 ag
957 5213 1143 5287 primis
1168 5213 1425 5269 Ecclesia:
1450 5217 1679 5283 saeculis,
1702 5232 1768 5272 ex
1798 5233 1905 5287 quo
1923 5218 2069 5287 prin-

480 5284 630 5346 cipes
651 5283 937 5336 Christiani
973 5286 1137 5346 fuere,
1162 5298 1477 5338 concessum
1510 5289 1756 5342 ecizlesiis
1788 5283 2068 5344 asseruere

484 5353 671 5424 l‘atres
700 5355 865 5424 Cone.
894 5351 1168 5406 Aurelian.
1192 5367 1231 5417 l,
1262 5356 1362 5405 sub
1393 5355 1703 5411 Chlodoveo
1729 5358 1939 5424 Magno,
1972 5375 2062 5410 an.

476 5423 541 5479 5|
562 5427 606 5490 ι,
636 5423 776 5492 quod
807 5434 988 5491 postea
1035 5433 1145 5476 tum
1182 5424 1342 5493 variis
1372 5425 1718 5480 conciliorum
1744 5428 2063 5493 canonibus,

475 5503 588 5616 :um
632 5491 814 5565 regum
866 5505 1174 5548 nostrorum
1214 5491 1405 5547 edictis
1448 5495 1646 5562 smptus
1692 5491 2063 5551 confirmatum

503 5575 596 5616 utt.

549 5633 575 5670 ιί
616 5632 727 5689 Hoc
779 5643 936 5707 caput
981 5633 1131 5688 deest
1161 5631 1213 5687 iit
1244 5630 1399 5707 codd.
1430 5631 1585 5707 Colb.
1640 5650 1712 5690 m.
1744 5644 1801 5691 et
1848 5634 2060 5707 Regm.,

476 5708 723 5828 quaint/lis
772 5707 825 5759 itt
855 5706 920 5763 iis
956 5716 1303 5762 recensentur
1350 5704 1402 5759 in
1458 5705 1615 5775 hujus
1660 5708 1778 5764 libri
1829 5704 2061 5778 capitum

478 5787 548 5828 "lt
575 5791 656 5829 tcu
680 5795 734 5829 υ.

2177 4660 2299 4699 cum
2328 4660 2488 4701 cruce
2512 4660 2631 4713 sua,
2682 4646 2814 4700 etin
2844 4645 3035 4700 cellula
3084 4655 3265 4699 nostra
3322 4642 3511 4697 adfuit.
3567 4642 3767 4709 Stupco

2184 4735 2357 4791 factus
2395 4752 2514 4806 ego,
2562 4747 2616 4794 et
2642 4736 2913 4792 admirans
2944 4736 3235 4801 levitatem,
3289 4734 3580 4805 interrogo,
3636 4735 3767 4804 quid

2251 4881 2277 4910 υ
2316 4871 2408 4926 Sic
2460 4886 2559 4939 pro
2597 4870 2992 4926 Cavdlionenst's
3044 4884 3167 4925 cum
3215 4870 3415 4925 Chesn.
3456 4874 3526 4926 al.
3563 4870 3767 4925 habent

2179 4940 2306 4997 Bcc.
2332 4952 2390 4998 et
2412 4940 2567 4997 Colb.
2601 4958 2680 5006 a.,
2712 4955 2765 4997 et
2795 4943 3008 5009 quidem
3042 4953 3209 5005 recte,
3240 4952 3298 4995 ut
3322 4943 3430 5011 jam
3472 4956 3633 5008 supra
3660 4941 3765 4993 ub-

2176 5015 2510 5081 servavimus
2539 5012 2604 5066 ad
2636 5027 2755 5081 cap.
2788 5014 2849 5067 51
2886 5012 2977 5065 lib.
3013 5027 3125 5065 vm.
3161 5011 3327 5078 Editi,
3361 5011 3754 5066 Cabillonensis.

2173 5080 2497 5165 Theoderici
2527 5080 2862 5138 nativitatem
2919 5081 3271 5153 Fredrgarius
3317 5086 3459 5136 a'nno
3514 5082 3763 5152 sequenti

2173 5166 2477 5294 foisiggzéi
2521 5222 2659 5294 istud
2707 5233 2868 5292 caput
2916 5238 3036 5281 cum
3083 5223 3254 5280 tribus
3300 5224 3653 5294 sequentibus
3702 5221 3762 5276 in

2168 5291 2326 5357 Colb.
2359 5310 2412 5347 a.
2442 5304 2496 5348 et
2529 5292 2648 5347 Vat.

2246 5372 2272 5432 ξς
2316 5366 2435 5418 nec.
2466 5372 2516 5417 et
2542 5362 2747 5429 Casin.,
2770 5364 3054 5432 jnniorem.

2244 5429 2273 5468 δ
2312 5433 2592 5489 Colobium
2623 5429 2786 5489 vestis
2811 5444 2929 5489 erat
2956 5436 3158 5500 absque
3188 5434 3436 5498 manicis,
3462 5432 3656 5502 quibus
3676 5432 3759 5487 uti

2172 5503 2416 5576 solebant
2437 5502 2675 5576 {Egyptii
2697 5506 2944 5560 nt0nac|ti
2974 5504 3112 5575 apud
3133 5503 3375 5560 Cassian.
3397 5507 3491 5561 lib.
3515 5520 3530 5558 ι
3558 5502 3760 5562 lnstit..

2171 5588 2290 5681 eaq.
2443 5643 2708 5715 Gerunda:
2740 5659 2926 5715 passus
2951 5654 3054 5714 est,
3088 5645 3156 5702 de
3184 5660 3288 5715 quo
3311 5645 3447 5702 lib.t
3476 5645 3545 5700 de
3573 5641 3761 5699 Gloria

2173 5714 2354 5778 Marh,
2386 5730 2504 5783 cap.
2534 5713 2625 5770 92.
