3966 6348
266 374 380 429 686

1231 374 1557 433 HISTORIA
1595 375 2043 433 FRANCORUM.
2088 375 2290 433 LIBER
2328 378 2578 436 NONUS.

3433 382 3537 436 ικθ

257 495 385 549 hac
410 490 513 546 sibi
541 489 735 546 velint.
764 487 1062 557 Respondit
1089 491 1243 558 quasi
1280 491 1545 561 superbus
1581 501 1635 549 et
1674 490 1855 546 inﬂata
1882 494 1929 553 Α
1958 492 2115 544 eerit.
2140 490 2246 546 Sed
2275 506 2373 546 nec
2406 505 2503 547 nos
2531 506 2638 560 pra:
2670 489 2772 546 hoc
2802 490 2995 548 foetore
3023 492 3076 548 in
3106 490 3379 548 basilicam
3404 508 3535 549 san-

259 596 400 638 vnee
431 598 447 636 :
480 581 777 646 Meliorem,
831 580 1025 647 inquit,
1070 594 1354 636 occursum
1397 583 1555 638 nobis
1597 581 1855 637 exhibere

259 676 548 733 debueras.
580 674 685 729 Sec
708 674 824 728 haec
851 688 950 742 ego
980 673 1032 727 in
1056 687 1213 728 aures
1236 674 1522 743 Chilperici
1555 684 1581 712 ει
1607 673 1749 745 regis
1773 674 1854 729 in-

258 784 449 839 geram
495 784 509 821 :
551 768 643 823 ille
673 776 851 822 autem
897 767 1186 822 ulciscetur
1228 766 1623 837 despcctionem
1653 782 1849 823 meam.

261 860 329 914 Et
353 859 627 928 ingressus
654 857 709 912 in
740 858 1058 923 oratorium,
1110 872 1197 911 me
1222 858 1543 925 postposito,
1564 858 1677 926 ipse
1704 858 1852 926 capi-

260 950 448 1004 tellum
477 964 642 1004 unum
664 989 680 1013 ,
718 957 883 1017 atque
904 948 1157 1014 alterum,
1188 963 1251 1003 ac
1281 948 1495 1003 tertium
1532 949 1693 1013 dicit;
1737 950 1850 1015 ipse

256 1041 560 1095 orationem
607 1038 848 1107 profert,
898 1045 954 1092 et
1002 1038 1114 1107 ipse
1142 1046 1508 1106 consummat,
1538 1039 1847 1108 elevataqne

257 1132 456 1187 iterum
478 1144 641 1184 cruce
661 1129 812 1184 abiit.
844 1129 968 1183 Erat
996 1129 1138 1184 enim
1162 1128 1211 1182 ei
1241 1138 1294 1183 et
1310 1143 1489 1182 sermo
1519 1132 1767 1196 rusticus,
1793 1137 1848 1185 et

257 1223 433 1291 ipsius
466 1221 656 1290 linguae
683 1220 907 1274 latitudo
938 1221 1107 1289 turpis
1128 1228 1286 1289 atque
1311 1219 1595 1284 obscaena;
1619 1222 1712 1275 sed
1747 1238 1846 1276 nec

254 1313 326 1367 de
354 1327 422 1366 eo
449 1325 632 1366 sermo
661 1309 991 1365 rationabilis
1021 1310 1344 1376 procedebat
1378 1326 1392 1361 :
1422 1310 1509 1379 qui
1540 1325 1710 1380 usque
1742 1312 1845 1366 Pa-

253 1404 420 1460 risios
445 1402 694 1458 accessit.
749 1400 843 1454 His
870 1398 1015 1456 enim
1044 1400 1236 1453 diebus
1267 1398 1583 1468 [legationes
1618 1402 1843 1472 publica:

256 1492 691 1556 celebrabantur,
718 1506 839 1559 qua:
866 1499 990 1544 ante
1032 1498 1277 1544 sanctum
1317 1490 1608 1546 Dominicte
1642 1494 1845 1548 Ascen-

258 1586 433 1641 sionis
456 1585 599 1641 diem
629 1584 713 1655 agi
749 1585 946 1638 solent.
978 1583 1195 1637 Factum
1222 1595 1304 1638 est
1336 1593 1537 1650 autem,
1569 1594 1627 1640 ut
1657 1602 1843 1657 proce-

252 1679 420 1734 dente
450 1675 796 1745 Ragnetnodo
826 1674 1078 1744 pontiﬁce
1103 1689 1224 1729 eum
1258 1675 1455 1745 popqu
1474 1690 1594 1742 suo,
1637 1688 1689 1733 et
1724 1678 1840 1733 loca

251 1778 439 1824 saneta
462 1767 850 1830 circumeunte,
894 1774 950 1820 ut
995 1776 1048 1819 et
1090 1765 1177 1820 hic
1202 1780 1323 1821 cum
1368 1781 1529 1823 cruce
1556 1782 1651 1824 sua
1679 1768 1841 1825 adve-

1956 592 2097 636 ctam
2128 583 2332 653 ingredi
2363 595 2691 651 poteramus.
2746 584 3023 640 Accedens
3056 600 3184 641 vero
3211 601 3347 642 unus
3376 589 3538 645 cleri-

1954 690 2164 740 corum,
2212 676 2411 733 clausis
2462 676 2681 732 naribus
2710 692 2834 732 eum
2877 678 3117 733 excitare
3172 680 3383 748 nititur,
3431 696 3535 737 nec

1953 765 2146 834 potuit,
2197 767 2267 821 ita
2300 769 2442 823 enim
2470 777 2584 824 erat
2614 770 2777 825 miser
2806 766 3136 825 madefactus
3180 773 3327 827 vino.
3379 775 3535 831 Tunc

1950 867 2176 922 quatuor
2200 863 2516 914 accedentes
2542 860 2748 925 clerici,
2797 861 3035 917 levantes
3074 878 3196 917 eum
3254 865 3385 922 inter
3420 883 3533 921 ma-

1950 966 2072 1015 nus,
2115 953 2167 1008 in
2198 969 2360 1008 unum
2390 952 2644 1023 angulum
2685 954 2916 1010 basilicae
2948 957 3317 1025 projecerunt;
3356 971 3409 1015 et
3434 975 3531 1015 ex-

1949 1039 2198 1098 hibentes
2246 1060 2435 1114 aquas,
2481 1046 2664 1101 abluto
2694 1047 3021 1123 pavimento,
3078 1064 3327 1117 resperso
3366 1054 3529 1107 o-tiatn

1950 1133 2190 1191 herbulis
2208 1138 2467 1201 odoratis,
2481 1138 2560 1192 sic
2580 1138 2802 1207 ingressi
2819 1153 3002 1195 sumus
3015 1141 3232 1209 explere
3244 1154 3518 1197 cursutnc:

1948 1238 2218 1296 nunquam
2262 1237 2439 1283 tamen
2494 1227 2645 1284 nobis
2682 1230 3034 1299 psallentibus
3078 1233 3250 1300 potuit
3276 1234 3522 1298 excitari,

1945 1318 2115 1374 donec
2141 1320 2268 1375 dato
2302 1321 2460 1375 terris
2488 1322 2576 1375 die
2605 1322 2762 1377 altius
2785 1322 2912 1376 solis
2942 1322 3143 1391 lampas
3166 1324 3523 1379 ascenderet:

1944 1410 2140 1466 dehinc
2168 1425 2483 1466 excusatum
2515 1412 2722 1467 reddidi
2751 1412 3038 1467 sacerdoti.
3068 1414 3525 1470 Convenientibus

1942 1509 2120 1557 autetn
2171 1503 2441 1573 episcopis
2478 1505 2617 1573 apttd
2652 1504 2835 1559 urbem
2877 1504 3225 1572 Parisiacam,
3250 1506 3375 1561 dum
3409 1511 3525 1562 btec

1943 1596 1994 1649 in
2013 1595 2264 1650 convivio
2287 1595 2825 1667 narraremus,525
2845 1596 3015 1666 ipsum
3040 1612 3137 1666 pro
3158 1598 3527 1671 CﬁSiigaliOtlii

1940 1687 2109 1757 gratia
2163 1687 2355 1743 adesse
2403 1688 2763 1759 praecipimus.
2825 1688 2944 1756 Quo
2994 1699 3245 1757 astante,
3300 1692 3527 1746 elevatis

1941 1779 2180 1834 Amelius
2235 1780 2575 1835 Beorretanre
2620 1778 2820 1835 urbisd
2858 1780 3141 1851 episcopus
3186 1781 3377 1847 oculis,
3429 1798 3527 1838 co-

252 1862 437 1928 niens,
462 1860 771 1915 inusitatum
802 1858 1010 1928 populis
1030 1859 1293 1915 exhibens
1322 1859 1709 1927 indumentum,
1744 1863 1841 1917 ad-
1874 1862 1919 1923 Β
1944 1870 2152 1942 gnoscit
2180 1886 2301 1927 enm
2326 1885 2479 1927 suum
2510 1886 2631 1929 esse
2658 1872 2938 1941 famulum,
2980 1874 3186 1944 sibique
3212 1889 3306 1945 per
3344 1875 3523 1945 fugam

249 1952 561 2022 iunctisque
590 1950 887 2019 publicanis
915 1965 979 2005 ac
1004 1950 1218 2005 rusticis
1264 1950 1602 2019 mulieribus,
1654 1963 1704 2007 et
1740 1953 1839 2011 ista

251 2044 484 2101 chorum
528 2057 687 2097 suum
719 2041 942 2105 iaceret,
964 2049 1020 2096 et
1040 2041 1195 2110 quasi
1225 2055 1346 2098 cum
1375 2056 1469 2096 sua
1497 2043 1839 2105 multitudine

250 2136 370 2190 loca
392 2143 578 2189 sancta
600 2133 884 2188 circumire
906 2138 1095 2188 tentat.
1120 2132 1246 2188 Haec
1273 2146 1504 2190 cernens
1531 2135 1835 2204 episcopus,

204 2236 207 2245 '
250 2228 398 2283 misit
439 2225 876 2280 archidiaconum
914 2240 1068 2281 suum
1101 2265 1119 2291 ,
1167 2227 1354 2283 dicens
1400 2245 1415 2280 :
1470 2228 1525 2284 Si
1582 2228 1837 2298 reliquias

248 2329 563 2375 sanctorum
588 2318 833 2384 exhibes,
868 2332 1006 2386 pone
1035 2332 1129 2374 eas
1153 2319 1425 2387 paululum
1460 2318 1627 2391 424
1654 2320 1706 2374 in
1737 2322 1835 2376 ba-

249 2410 426 2474 silica,
484 2417 541 2463 et
595 2409 874 2463 nobiscum
903 2408 1118 2464 celebra
1163 2410 1282 2463 dies
1316 2418 1564 2475 sanctos;
1607 2410 1833 2466 decursa

248 2513 432 2556 autem
483 2500 849 2563 solemnitate,
897 2499 1252 2569 proﬁcisceris
1300 2501 1353 2556 in
1399 2499 1538 2555 viam
1569 2510 1736 2555 tuam.
1765 2501 1837 2557 At

247 2595 343 2650 ille
387 2592 782 2663 parvipendens
818 2607 937 2663 quze
984 2594 1051 2648 ab
1078 2593 1457 2649 archidiacono
1496 2592 1832 2663 dicebantur,

246 2686 416 2751 capit
441 2685 753 2753 episcopum
782 2685 1038 2739 conviciis
1063 2700 1127 2740 ac
1157 2684 1623 2742 maledictionibus
1648 2701 1832 2755 prose-

245 2777 362 2849 qui.
394 2776 658 2835 Sacerdos
680 2789 810 2829 vero
846 2776 1151 2847 intelligens
1173 2791 1294 2831 eum
1318 2791 1439 2833 esse
1464 2776 1831 2849 seductorem,

241 2870 406 2940 jussit
432 2883 557 2923 eum
586 2867 788 2924 recludi
823 2866 877 2923 in
904 2867 1177 2924 cellulam.
1213 2866 1675 2939 Perscrutatisque
1701 2884 1831 2925 cun-

243 2961 347 3017 etis
374 2974 496 3029 qua:
524 2958 777 3025 habebat,
810 2959 1014 3014 invenit
1038 2974 1157 3014 cum
1180 2974 1248 3015 eo
1275 2959 1546 3016 sacculum
1578 2977 1829 3031 magnum

242 3052 461 3120 plenum
491 3050 560 3107 de
585 3051 853 3107 radicibus
869 3052 1204 3107 diversarum
1230 3052 1545 3120 herbarum;
1570 3055 1750 3126 ibique
1773 3067 1829 3113 et

241 3145 433 3200 dentes
462 3146 638 3213 talpae,
660 3152 716 3198 et
738 3158 858 3199 ossa
887 3145 1138 3209 murium,
1162 3152 1216 3199 et
1231 3160 1433 3215 ungues
1459 3154 1617 3218 atque
1639 3148 1827 3217 adipes

1941 1962 2231 2033 dilapsum,
2258 1974 2314 2020 et
2341 1966 2419 2020 sic
2448 1975 2762 2020 excusatum
2794 1979 3065 2038 receptum
3100 1968 3314 2024 reduxit
3348 1972 3400 2025 in
3431 1986 3527 2039 pa-

1942 2056 2122 2112 triam.
2149 2057 2296 2111 Multi
2325 2058 2467 2112 enim
2496 2066 2623 2111 sunt
2640 2058 2730 2127 qui
2765 2058 2863 2114 has
2890 2060 3235 2115 seductiones
3263 2075 3524 2116 exercen-

1938 2158 2020 2204 tos
2044 2151 2300 2219 populum
2343 2151 2603 2205 rusticum
2649 2150 2703 2204 in
2752 2166 2994 2206 errorem
3043 2166 3245 2221 ponere
3293 2168 3401 2208 non
3425 2153 3524 2207 dc-

1936 2240 2136 2296 sistunt
2164 2259 2178 2293 :
2205 2241 2274 2296 de
2298 2241 2513 2311 quibus,
2545 2250 2602 2295 ut
2623 2241 2838 2311 opinor,
2874 2251 2930 2295 et
2974 2240 3230 2296 Dominus
3259 2242 3314 2297 in
3345 2241 3525 2297 Evan-

1936 2333 2076 2402 gelio
2129 2334 2203 2385 ait
2232 2372 2248 2398 ,
2293 2330 2610 2403 Consurgere
2667 2340 2692 2370 ⁸
2749 2332 2801 2385 in
2861 2332 3149 2387 novissimis
3203 2334 3523 2403 temporibus

1937 2425 2372 2493 pseudocltristos,
2412 2434 2459 2479 et
2490 2425 2981 2496 pseudoprophetas,
3026 2427 3114 2495 qui
3151 2427 3333 2481 dantes
3374 2430 3528 2501 signa

1933 2528 1983 2571 et
2012 2518 2275 2588 prodigia.
2294 2519 2447 2572 etiam
2475 2517 2661 2572 electos
2687 2520 2742 2571 in
2771 2534 2998 2572 errorem
3030 2520 3271 2595 inducant
3302 2519 3527 2592 (Matth.

1934 2624 2077 2675 xxiv,
2101 2612 2221 2681 24).
2266 2610 2341 2666 De
2379 2610 2464 2665 bis
2496 2611 2594 2666 ista
2620 2610 2893 2667 sufﬁciant
2922 2629 2939 2667 :
2971 2626 3069 2667 nos
3098 2613 3277 2683 potius
3304 2616 3370 2668 ad
3397 2630 3527 2683 pro-

1933 2703 2164 2772 positum
2186 2701 2493 2760 redeamus.

2004 2854 2116 2911 Vll.
2148 2855 2418 2911 Ennodius
2446 2870 2567 2911 cum
2594 2855 2843 2912 ducatum
2880 2858 3088 2914 urbium
3114 2859 3396 2917 Turon‘ea:
3420 2870 3521 2915 at-

1928 2962 2031 3018 que
2058 2946 2291 3003 Pictavaa
2310 2949 2724 3016 administraret,
2751 2949 2926 3006 adhuc
2948 2959 3003 3005 et
3030 2949 3141 3006 Vici
3163 2951 3417 3008 Ιιιιιειιείς
3439 2964 3521 3008 at-

1927 3057 2033 3113 que
2064 3042 2320 3098 Benarnte
2346 3042 2363 3079 ί
2398 3044 2609 3109 urbium
2630 3044 2981 3115 principatum
2998 3047 3211 3114 accipit.
3246 3045 3350 3102 Sed
3375 3062 3514 3102 enn-

1928 3137 2071 3194 tibus
2099 3137 2386 3195 comitibus
2422 3137 2711 3193 Turonicte
2766 3147 2926 3208 atque
2977 3139 3205 3195 Pietava:
3254 3143 3401 3196 urbis
3447 3144 3514 3197 ad

241 3236 479 3291 ursinus.
514 3234 817 3303 Videasque
847 3236 958 3289 haec
988 3234 1245 3289 maleﬁcia
1275 3249 1420 3303 esse,
1451 3248 1639 3292 cuncta
1665 3238 1824 3307 jussit

1936 3243 2106 3298 regem
2162 3226 2583 3293 Cbildebertum,
2615 3226 2960 3283 obtinuerunt
3013 3243 3135 3284 eum
3166 3244 3195 3284 a
3224 3245 3284 3287 se
3331 3247 3516 3286 remo-

239 3328 295 3382 in
327 3327 523 3381 ﬂumen
548 3326 760 3395 projici,
794 3326 1078 3396 ablataque
1105 3327 1155 3380 ei
1180 3341 1372 3395 cruce,
1419 3330 1584 3396 jussit
1627 3344 1749 3385 eum
1789 3346 1821 3386 a

238 3404 474 3474 termino
504 3417 785 3473 Parisiacae
818 3418 967 3472 urbis
1001 3417 1233 3473 excludi.
1276 3418 1382 3474 Sed
1414 3421 1500 3475 hic
1521 3419 1716 3476 iterum
1743 3422 1826 3477 fa-

236 3522 323 3567 cta
347 3511 517 3566 altera
550 3525 731 3577 cruce,
762 3509 926 3581 cepit
953 3525 1075 3580 qua:
1102 3520 1343 3581 gesserat
1379 3526 1664 3579 exercere;
1697 3529 1823 3584 cap-

235 3615 429 3675 Iusque
446 3603 516 3658 ab
536 3601 941 3667 archidiacono,
973 3611 1028 3658 et
1054 3603 1261 3658 catenis
1285 3604 1517 3671 vinctus,
1539 3604 1721 3673 jussus
1740 3614 1827 3662 est

232 3695 518 3751 custodiri.
550 3694 643 3749 llis
668 3694 864 3751 diebus
893 3693 1130 3750 Parisios
1157 3696 1500 3763 adveneram,
1541 3706 1598 3753 et
1633 3698 1700 3753 ad
1729 3699 1823 3754 ba-

231 3789 447 3843 silicam
491 3786 632 3844 beati
660 3787 858 3844 Juliani
887 3789 1138 3859 martyris
1170 3786 1195 3827 δ
1247 3798 1501 3845 metatum
1534 3789 1819 3847 habebam.

231 3878 398 3935 Nocte
428 3880 591 3949 igitur
620 3880 923 3951 insequenti
954 3895 1245 3951 erumpens
1271 3884 1436 3937 miser
1483 3883 1584 3938 iste
1635 3885 1703 3939 de
1728 3899 1820 3939 cu-

231 3971 433 4036 stadia,
464 3986 585 4025 cum
616 3971 747 4041 ipsis
771 3972 966 4041 quibus
992 3982 1110 4029 erat
1141 3988 1309 4029 nexus
1334 3973 1543 4029 catenis
1570 3974 1638 4030 ad
1668 3985 1821 4032 ante—

230 4062 436 4117 dictam
486 4062 763 4118 basilicam
790 4064 961 4118 sancti
1007 4063 1201 4119 .luliani
1230 4074 1527 4133 properat:
1578 4075 1737 4137 atque
1764 4068 1818 4124 in

230 4151 542 4217 pavimento
575 4151 627 4205 in
673 4151 791 4207 loco
837 4167 947 4222 quo
966 4167 1068 4223 ego
1099 4161 1240 4208 stare
1268 4167 1416 4209 eram
1445 4154 1656 4221 solitus,
1687 4157 1816 4224 ruit,

227 4258 291 4296 ac
321 4258 518 4311 suiiore
570 4245 799 4313 vinoque
829 4258 1120 4314 oppressus
1168 4245 1511 4301 obdormivit.
1545 4246 1654 4301 Nos
1688 4262 1817 4303 vero

228 4336 400 4407 ignari
424 4337 574 4404 facti,
601 4338 774 4393 media
804 4348 1083 4406 surgentes
1111 4347 1269 4394 nocte
1290 4340 1354 4393 ad
1386 4341 1686 4396 reddendas
1710 4341 1818 4395 Do-

226 4432 379 4481 mitto
418 4428 642 4496 gratias,
698 4428 1001 4485 invenimus
1031 4444 1154 4483 eum
1183 4430 1538 4487 dormientem
1565 4449 1578 4484 :
1611 4434 1681 4487 de
1708 4449 1816 4503 quo

226 4531 407 4575 tantus
452 4520 610 4576 fetor
640 4522 746 4593 [Αι.
773 4522 975 4594 pauor]
1001 4523 1413 4592 egrediebatur,
1465 4534 1524 4578 ut
1572 4527 1808 4580 omnium

1926 3317 2039 3371 veri
2075 3326 2121 3369 ε.
2152 3316 2244 3370 Ille
2285 3330 2414 3371 vero
2447 3316 2535 3369 ubi
2585 3331 2642 3371 se
2673 3328 2937 3372 remotum
2995 3319 3062 3374 de
3094 3323 3177 3375 his
3219 3323 3409 3387 son-it,
3443 3325 3514 3379 ad

1923 3407 2164 3462 civitates
2185 3406 2428 3477 superius
2450 3417 2776 3462 memoratas
2822 3420 3104 3478 properat;
3150 3412 3245 3467 sed
3300 3412 3427 3468 dum
3459 3416 3511 3470 in

1925 3501 2031 3556 illis
2062 3509 2517 3567 commoraretur,
2543 3501 2848 3573 mandatum
2878 3505 3106 3572 accepit,
3139 3514 3195 3558 ut
3219 3519 3279 3559 se
3303 3506 3372 3559 ab
3399 3508 3514 3561 eis-

1924 3593 2045 3649 dem
2072 3603 2390 3659 removeret,
2421 3602 2473 3649 et
2509 3591 2589 3647 sic
2609 3604 2829 3662 accepto
2856 3596 2988 3660 otio,
3019 3596 3085 3651 ad
3116 3597 3332 3654 domum
3359 3613 3512 3656 suam

1925 3700 2192 3753 reversus,
2218 3685 2405 3754 privati
2434 3684 2616 3751 oneris
2665 3700 2846 3741 curam
2894 3688 3051 3757 gerit.
3087 3688 3355 3746 Vascones
3386 3707 3515 3748 vero

1923 3779 1992 3835 de
2029 3778 2297 3834 montibus
2342 3786 2751 3848 prorumpentes
2784 3775 2807 3814 ιι
2847 3776 2900 3833 in
2948 3780 3105 3848 plana
3155 3780 3513 3848 descendunt,

1923 3870 2130 3936 vineas,
2162 3884 2427 3939 agrosque
2465 3868 2886 3938 depopulantes,
2916 3870 3105 3926 domos
3127 3871 3399 3931 tradentes
3428 3877 3513 3930 in-

1922 3961 2133 4026 cendio,
2154 3962 2437 4016 nonnullos
2456 3960 2783 4017 abducentes
2798 3964 3036 4031 captivos
3057 3978 3179 4019 cum
3206 3968 3512 4035 pecoribus,

1922 4062 2108 4109 contra
2136 4067 2269 4123 quos
2290 4067 2384 4120 ste,
2406 4056 2487 4108 ius
2513 4054 2900 4110 Austroualdus
2921 4055 3023 4109 dus
3049 4058 3310 4123 processit
3343 4066 3383 4123 ι,
3413 4062 3515 4114 sed

1922 4159 2136 4213 parvam
2163 4143 2423 4199 ultionem
2446 4145 2625 4211 exegit
2654 4142 2763 4214 [Αι.
2792 4145 3056 4215 exercuit]
3098 4147 3167 4199 ab
3190 4149 3291 4202 eis.
3322 4149 3512 4203 Gotthi

1920 4250 2049 4290 vero
2078 4244 2294 4304 prOptcr
2323 4232 2614 4302 superioris
2642 4234 2769 4288 anni
2789 4235 3235 4299 devastationem,
3265 4252 3420 4306 quam
3454 4239 3513 4294 in

1918 4327 2246 4399 Sep'imania
2294 4325 2435 4395 regis
2489 4324 2880 4381 Guntchramni
2917 4326 3189 4382 exercitus
3236 4328 3389 4393 fecit,
3451 4332 3516 4384 ita

1918 4423 2286 4477 Arelatensem
2349 4416 2685 4479 Provinciam
2743 4426 3125 4486 proruperunt,
3178 4430 3517 4490 egeruntque

1920 4514 2150 4586 praedas,
2187 4523 2243 4568 et
2269 4511 2511 4580 captivos
2550 4509 2889 4565 abduxerunt
2932 4526 3101 4580 usque
3124 4512 3192 4566 ad
3241 4512 3515 4572 decimum

223 4618 530 4670 cloacarum
552 4626 711 4684 atque
739 4630 1046 4671 secessuum
1079 4614 1303 4672 lmtores
1347 4614 1510 4672 fauor
1535 4618 1627 4687 ille
1654 4618 1807 4674 devi-
1838 4617 1893 4678 Ι)
1915 4619 1982 4674 ab
1999 4617 2131 4673 urbe
2158 4609 2685 4670 milliaiium.Unum
2707 4610 2870 4667 etiam
2892 4620 3149 4681 castrum,
3179 4613 3450 4685 Ugernn.n
3478 4626 3507 4667 ιε

296 4782 406 4835 ’Β

296 4798 323 4820 ι·
365 4798 580 4853 negm.,
612 4798 942 4834 ωιηαευενη.
978 4798 1211 4847 Uterque
1238 4798 1333 4832 rex
1366 4798 1492 4831 tunc
1512 4798 1648 4831 erat.

296 4854 323 4894 ι)
368 4856 443 4921 De
475 4856 573 4907 hac
596 4851 811 4906 basilica
835 4852 957 4907 vide
983 4865 1147 4920 supra
1177 4849 1269 4903 lib.
1296 4864 1383 4911 v1.
1416 4863 1535 4921 cap.
1572 4847 1656 4921 l7.

252 4952 255 4955 ι
297 4937 321 4965 ε
364 4917 723 4999 observanda
741 4917 1331 4999 majorntnnostrorum
1372 4918 1644 4999 re'igioiin
1679 4917 1801 4999 red-

221 4995 415 5051 dendis
451 4996 559 5050 Deo
589 4991 831 5047 laudibus
858 4993 1073 5059 debitis,
1123 4991 1277 5045 statis
1309 4991 1487 5057 boris,
1534 4998 1589 5044 ut
1639 4991 1801 5043 etiam

220 5068 462 5136 episcopi
519 5072 676 5119 noctu
730 5064 795 5116 ad
825 5062 1271 5136 _persolvend_utnA
1310 5062 1524 5136 solitum
1557 5074 1800 5136 pensum

220 5130 527 5207 surgerent.
559 5136 785 5207 Sanctus
816 5130 1113 5207 Germanus
1154 5132 1327 5207 Paris.
1354 5132 1468 5207 epis
1492 5154 1521 5185 -.
1556 5132 1607 5185 in
1645 5130 1805 5185 itine-

221 5204 373 5266 ribus
418 5207 593 5274 capite
648 5206 789 5257 nudo
825 5246 839 5267 ,
887 5204 984 5257 etsi
1042 5205 1127 5256 nix
1179 5214 1267 5256 aut
1320 5204 1489 5255 imber
1540 5211 1800 5269 urgeret,

220 5296 431 5333 cursant
482 5273 724 5337 dicebat,
780 5290 844 5328 ex
896 5275 1205 5328 Fortunato.
1266 5274 1421 5327 Plura
1468 5273 1535 5325 de
1594 5278 1691 5324 bac
1746 5288 1804 5325 re

218 5348 565 5407 Hal-illonius
586 5346 753 5401 habet
790 5346 844 5401 in
876 5346 1153 5416 Dtsquisit.
1198 5343 1265 5398 de
1286 5344 1456 5397 Cursu
1506 5341 1803 5407 Gallicam»,

222 5420 255 5492 ς
353 5491 514 5545 Varie
542 5488 680 5554 apud
724 5475 899 5551 varios
934 5485 1189 5539 scribitur
1220 5482 1376 5553 bnjus
1396 5483 1564 5554 castri
1589 5484 1807 5554 nomen.

219 5561 547 5624 Bigerrones
575 5560 811 5627 appellat
836 5560 1018 5627 Ctesar
1042 5557 1178 5610 libro
1196 5570 1251 5609 tn
1280 5553 1641 5627 llelliAGallici.
1675 5553 1812 5627 Utbs

217 5633 399 5704 gentis
428 5624 806 5704 caput'l'urba,
837 5644 931 5704 seu
978 5626 1198 5704 Travia,
1225 5628 1349 5704 olim
1370 5625 1676 5704 dictiiatnr,
1710 5624 1811 5704 Ιιιξτ

216 5692 313 5759 die
340 5692 551 5757 Tarbés.
596 5703 651 5754 In
697 5692 967 5754 veteribus
1020 5696 1253 5764 Notitiis,
1284 5697 1460 5749 civitas
1502 5694 1691 5757 Turba,
1725 5692 1811 5745 ubi

214 5790 444 5833 castrum
481 5771 731 5842 Bigerra,
762 5772 1027 5823 decimum
1044 5768 1251 5842 obtinet
1285 5770 1463 5842 locum
1502 5769 1553 5842 in
1584 5765 1813 5842 Diovem-

218 5836 565 5916 pupulania.’
596 5842 839 5898 Amclius
895 5841 1212 5909 subscripsit
1274 5838 1440 5893 Cone.
1503 5836 1700 5890 llatisc.
1742 5852 1813 5888 ιι.

481 4797 580 4846 m.,
612 4778 942 4834 Cltildeberti.
978 4779 1211 4847 Uterque
1238 4791 1333 4832 rex
1366 4784 1492 4831 tunc
1512 4786 1648 4831 erat.

2111 4775 2139 4805 ιιε

2111 4775 2139 4805 ,,

1986 4915 2005 4954 t
2041 4906 2253 4984 Begu“,
2276 4906 2548 4984 Hennam-2,
2575 4906 2728 4963 Celb.
2756 4923 2825 4984 tu.
2858 4915 2913 4960 et
2935 4906 3085 4973 Bec.,
3119 4906 3417 4984 Remorum.
3449 4912 3513 4984 Ita

1912 4975 2187 5042 veteribus
2214 4975 2421 5036 notitiis
2450 4983 2625 5035 locum
2664 4977 2953 5044 septimum
2981 4987 3205 5044 occupat
3256 4975 3398 5032 inter
3426 4981 3508 5034 ci—

1913 5060 2103 5112 vitates
2122 5052 2647 5121 Νονεηιροριιῐιιιιίσει.
2678 5048 2849 5101 Hodie
2881 5046 3142 5121 [tenearni
3170 5047 3388 5103 nomine
3418 5066 3505 5108 re-

1910 5125 2287 5199 gionirelicto,
2311 5115 2830 5199 _i'ocatur__Lascuro,
2852 5116 3026 5199 vulgo.
3037 5115 3248 5199 pescar.

1983 5207 2009 5244 ε
2041 5185 2281 5250 Comites
2310 5192 2362 5244 in
2390 5189 2612 5257 singulis
2642 5196 2795 5240 erant
2817 5185 3153 5254 civitatibus,
3182 5188 3349 5245 duces
3378 5206 3512 5248 veto

1914 5268 2152 5338 pluribus
2216 5268 2505 5334 prmerant.
2550 5259 2685 5314 Vide
2727 5271 2889 5328 supra
2932 5267 3087 5314 notas
3126 5261 3192 5315 ad
3238 5261 3333 5318 lib.
3386 5278 3507 5329 vm,

1913 5336 2317 5462 cag'igscones
2347 5402 2398 5454 in
2446 5398 2717 5472 Pyrenaeis
2758 5397 2980 5468 Alpibus
3022 5399 3326 5455 habitantes
3381 5408 3504 5523 Wst

1916 5481 2092 5523 νεηνίης
2115 5476 2470 5523 incursiones.
2506 5472 2757 5523 inclinato
2808 5470 3132 5523 Francorum
3166 5486 3351 5523 reano.
3435 5491 3498 5518 ι»-

1916 5481 2092 5533 varias
2115 5476 2471 5538 incursiones,
2494 5470 2757 5526 inclinato
2808 5470 3132 5525 Francorum
3166 5486 3351 5540 regno,
3370 5470 3498 5540 AN.»-

1918 5545 2623 5617 vempnpnlattiamtandem,
2656 5542 3015 5617 obtinuere”
3054 5538 3250 5609 quibus
3277 5538 3501 5617 et_Vas-

1914 5610 2066 5676 conia
2093 5610 2238 5672 dicta
2257 5623 2357 5671 est.
2395 5614 2527 5669 Vide
2567 5615 2892 5668 Altesert-am
2940 5610 3075 5665 lib.t
3119 5623 3299 5665 rerum
3331 5611 3501 5681 Aqui-

1916 5702 2191 5764 Ian-.681»
2227 5688 2316 5764 ξῆν
2683 5752 2739 5764 η
2803 5752 2839 5764 .-

1993 5752 2205 5829 iSttp't-a
2237 5759 2333 5813 lib.
2374 5772 2489 5820 vui,
2516 5768 2635 5822 cap.
2672 5752 2762 5829 {[5,
2787 5752 3215 5829 diciturcomes.

1995 5836 2006 5881 i
2043 5818 2251 5902 n.-'gm.,
2284 5818 2757 5899 Ιέἰειενηὶιηιίνίἀὸ
2780 5824 2938 5891 s'upra
2969 5818 3062 5873 lib.
3105 5834 3231 5891 vtu,
3257 5835 3374 5892 cap.
3409 5821 3500 5879 30.
