3966 6348
441 371 542 425 ι87

1443 369 1501 426 S.
1543 365 1870 426 GREGORII
1912 363 2218 422 EPISCOPI
2254 358 2685 418 IURONENSIS

3611 351 3718 406 488

439 490 676 554 nomine,
707 503 826 542 cum
858 477 1016 542 rebus
1049 494 1208 556 atque
1243 484 1636 540 habitatoribus
1690 482 2017 545 desolantes,
2053 483 2100 543 Α
2129 475 2497 544 Rauchingum
2555 474 2733 543 iussit.
2776 473 2876 541 Qui
2916 486 3040 527 eum
3086 469 3362 536 adfuisseh
3405 473 3717 542 priusquam

438 580 584 632 nullo
605 578 886 632 resistente
908 578 1136 646 regressi
1165 586 1305 631 sunt.

508 669 644 723 VIII.
681 668 1111 723 Guntcltramnus
1138 683 1263 723 vero
1292 669 1429 722 Boso
1455 683 1578 722 cum
1608 681 1804 723 exosus
1825 667 2022 738 regina:

437 763 726 817 haberetur
745 802 759 826 ,
793 761 956 831 carpit
1000 777 1095 829 per
1123 762 1406 831 episcopos
1435 775 1499 814 ac
1528 775 1779 830 proceres
1817 759 2026 814 discur-

439 866 583 917 rere,
614 851 780 923 5.26
808 864 863 906 et
909 854 1117 905 veniam
1159 851 1357 906 misero
1407 851 1609 916 precari
1639 859 1662 885 ⁸
1688 864 1846 917 quam
1900 855 2024 902 ante

437 950 786 1014 despexerat.
817 945 948 998 Natn
977 960 1097 998 cum
1130 960 1220 998 rex
1245 943 1621 999 Cltildebcrtus
1650 950 1796 997 esset
1820 941 2021 1009 jttnior,

439 1039 833 1092 Brunicbildem
866 1039 1101 1108 reginam
1125 1052 1267 1104 saipe
1291 1037 1549 1091 conviciis
1577 1046 1735 1104 atque
1758 1036 2024 1100 imprOpe—

436 1130 531 1185 riis
562 1131 863 1193 lacessibat,
892 1134 985 1183 sed
1034 1138 1088 1183 et
1111 1127 1321 1198 injuriis
1346 1144 1464 1195 qua:
1492 1128 1539 1181 ei
1568 1127 1636 1180 ab
1659 1125 1898 1180 adversis
1943 1124 2024 1180 itt-

437 1222 764 1282 ferebantur,
794 1219 970 1274 fantur
1008 1223 1306 1274 exstiterat.
1341 1219 1445 1275 Sed
1469 1229 1521 1273 et
1545 1233 1635 1272 rex
1663 1218 1729 1271 ad
1761 1217 2023 1270 ulciscen-

437 1314 558 1366 dam
591 1312 839 1382 injuriam
867 1314 1143 1381 genitricis
1176 1355 1189 1372 ,
1217 1311 1374 1381 jussit
1419 1327 1538 1365 eum
1571 1310 1832 1380 persequi,
1867 1318 2026 1378 atque

437 1397 664 1456 interfici
698 1419 713 1457 :
747 1404 834 1458 ille
863 1418 990 1457 vero
1028 1418 1148 1456 cum
1175 1419 1232 1456 se
1273 1411 1522 1456 cerneret
1573 1401 1801 1468 positum
1833 1399 1885 1453 in
1917 1399 2027 1451 dis-

435 1496 693 1561 crimine,
738 1494 1151 1549 Viriduuensem
1188 1494 1466 1547 ecclesiam
1524 1492 1706 1561 petiit,
1741 1507 1834 1560 per
1884 1492 2026 1559 Age-

437 1587 609 1640 ricum
655 1601 873 1655 prorsus
912 1587 1252 1655 episcopum,
1285 1585 1374 1651 qui
1415 1592 1531 1636 erat
1574 1582 1715 1650 regis
1759 1589 1914 1648 pater
1958 1596 2024 1634 ex

442 1677 676 1742 lavacro,
711 1676 920 1730 veniam
949 1679 1235 1745 impetrare
1264 1675 1561 1729 confidens.
1586 1675 1737 1728 Tunc
1783 1671 2022 1741 pontifex

442 1768 508 1822 ad
534 1784 712 1836 regem
739 1775 1013 1835 properat,
1046 1767 1472 1836 deprecaturque
1514 1780 1611 1834 pro
1655 1780 1721 1820 eo
1747 1783 1759 1818 :
1783 1765 1867 1819 cui
1910 1763 2020 1818 Rex

2126 585 2248 624 eum
2286 585 2382 624 rex
2413 583 2510 623 suo
2533 567 2786 638 jnssisset
2823 576 2998 620 astare
3027 566 3336 632 conspecrui
3358 602 3373 627 ,
3403 564 3542 618 datis
3572 565 3720 619 litte-

2125 661 2221 726 ris,
2254 669 2308 715 et
2335 660 2518 732 pueris
2544 657 2826 714 destinatis
2855 673 2976 712 cum
3007 659 3284 713 evectione
3308 659 3514 724 publica
3540 657 3593 727 ἀ,
3620 659 3717 726 qui

2125 766 2212 806 res
2236 752 2352 818 ejus
2383 767 2477 820 per
2501 752 2613 805 loca
2639 752 2847 819 singula
2888 750 3147 804 deberent
3167 763 3380 817 capere,
3405 748 3564 818 jussit
3589 766 3718 803 eum

2127 845 2179 899 in
2210 844 2512 899 cubiculum
2563 844 2880 907 intromitti;
2926 843 3242 910 locutusque
3269 857 3390 896 cum
3417 858 3482 896 eo
3521 842 3620 895 alia
3651 859 3722 896 ex

2125 937 2266 1001 aliis,
2295 939 2476 1005 egredi
2501 949 2694 990 Iterum
2722 937 2786 990 de
2815 937 3064 990 cubiculo
3086 938 3258 1002 jubet.
3283 934 3524 1004 Cumque
3553 952 3718 1004 egre-

2127 1029 2362 1091 deretur,
2404 1044 2432 1079 a
2464 1028 2673 1081 duobus
2697 1027 2932 1081 ostiariis
2966 1027 3190 1095 ped.bus
3218 1027 3588 1095 a"preiICIIStI8
3610 1029 3718 1082 ruit

2127 1119 2178 1172 in
2209 1119 2460 1187 gradibus
2482 1119 2603 1173 ostii
2630 1160 2644 1183 ,
2687 1118 2759 1171 ita
2801 1126 2860 1171 ut
2892 1133 3011 1186 pars
3040 1119 3285 1185 corporis
3316 1119 3432 1186 ejus
3458 1131 3601 1174 esset
3633 1122 3719 1173 in-

2129 1211 2412 1274 triusecus,
2453 1224 2573 1275 pars
2604 1226 2730 1263 vero
2761 1211 3098 1263 extrinsecus
3124 1209 3527 1264 cxtenderetur.
3566 1211 3719 1265 Tunc

2128 1304 2162 1358 ii
2191 1307 2281 1372 qui
2306 1305 2442 1374 jus~i
2474 1306 2540 1358 ad
2575 1306 2688 1358 haec
2724 1304 2987 1373 explenda
3032 1305 3198 1372 parati
3238 1314 3410 1367 erant,
3445 1318 3565 1357 cum
3604 1305 3718 1374 gla-

2126 1398 2231 1453 diis
2273 1414 2434 1468 super
2480 1415 2601 1453 eum
2645 1407 2827 1464 ruunt,
2881 1408 3040 1466 atque
3090 1406 3158 1450 tta
3205 1396 3498 1449 minutatim
3553 1405 3719 1459 caput

2127 1491 2246 1562 ejus
2276 1492 2618 1555 colliserunt,
2651 1499 2709 1543 ut
2733 1490 2910 1543 simile
2941 1499 3106 1542 totum
3139 1488 3362 1542 cerebro
3395 1497 3671 1556 putaretur
3698 1504 3715 1545 :

2127 1583 2415 1653 statimque
2451 1591 2693 1637 mortuus
2719 1590 2820 1636 8“.
2869 1581 3019 1635 Tunc
3055 1579 3390 1645 denudatus,
3421 1588 3478 1634 et
3516 1576 3611 1648 per
3638 1580 3718 1633 fe-

2129 1684 2368 1732 nestram
2411 1674 2640 1745 ejectus,
2689 1674 2979 1744 sepulturae
3019 1673 3299 1727 mandatus
3325 1681 3427 1726 est.
3464 1671 3589 1725 Erat
3619 1686 3720 1725 au-

2131 1777 2242 1824 tem
2275 1770 2408 1824 levis
2438 1771 2489 1822 in
2518 1768 2780 1832 moribus,
2813 1768 2950 1821 ultra
2984 1766 3271 1820 humanum
3315 1779 3481 1834 genus
3511 1765 3721 1832 cupidi-

379 1874 384 1876 ·
434 1872 556 1914 cum
583 1873 775 1926 negare
800 1859 1044 1925 nequiret
1067 1871 1188 1927 quae
1219 1857 1454 1925 petebat,
1485 1855 1558 1910 ait
1583 1872 1596 1909 :
1626 1855 1817 1909 Veniat
1845 1869 2024 1908 coram
2062 1847 2109 1908 Β
2139 1861 2234 1914 tati
2256 1875 2320 1914 ac
2353 1859 2694 1914 facultatibus
2724 1857 2937 1912 inhians
2966 1857 3175 1920 alienis,
3197 1864 3252 1911 et
3272 1870 3335 1909 ex
3360 1855 3489 1925 ipsis
3513 1855 3720 1909 divitiis

436 1951 613 2016 nobis,
641 1960 692 2005 et
720 1949 862 2003 datis
908 1946 1312 2017 Iidejussoribus
1361 1947 1413 2002 in
1466 1946 1751 2017 praesentia
1794 1946 1965 2016 patrui
1995 1944 2023 1983 δ

439 2043 566 2106 mei,
609 2040 864 2110 auidquid
911 2036 1052 2094 illius
1097 2040 1354 2109 judicium
1397 2039 1722 2102 decreverit,
1754 2053 2027 2107 exsequa-

442 2153 584 2191 mur.
608 2135 757 2189 Tunc
777 2135 1038 2188 adductus
1061 2134 1125 2188 ad
1175 2133 1350 2188 locum
1394 2132 1483 2186 ubi
1537 2147 1631 2187 rex
1689 2132 2026 2193 morabatur.

441 2229 672 2284 nudatus
696 2227 893 2288 armis,
919 2239 983 2280 ac
1017 2241 1113 2294 per
1153 2226 1394 2279 manicas
1438 2236 1634 2291 tentus,
1673 2225 1740 2277 ab
1773 2224 2029 2292 episcopo

440 2328 858 2388 repraesentatur
889 2319 1019 2386 regi.
1056 2316 1136 2371 Ad
1177 2316 1328 2385 cujus
1357 2316 1668 2386 provolutus
1696 2314 1880 2384 pedes,
1904 2315 1978 2368 ait
2009 2331 2023 2369 :

443 2411 667 2465 Peccavi
698 2409 790 2462 ιιιιί
818 2423 883 2462 ac
909 2407 1152 2478 genitrici
1187 2415 1311 2472 tuae,
1339 2421 1444 2461 non
1473 2405 1774 2461 obediendo
1797 2419 2026 2473 praecep-

439 2500 673 2556 tioniltus
701 2500 920 2558 vestris.
957 2501 1050 2553 sed
1078 2508 1286 2568 agendo
1314 2509 1499 2553 contra
1543 2499 1869 2552 voluntatem
1903 2512 2030 2550 ves-

443 2605 579 2648 tram
610 2601 771 2658 atque
801 2591 1083 2645 utilitatem
1135 2590 1601 2659 publicam;nunc
1647 2600 1826 2644 autem
1872 2602 2025 2656 rogo,

445 2691 503 2735 ut
547 2681 866 2749 indulgeatis
906 2680 1061 2768 malis
1109 2680 1278 2746 meis,
1320 2696 1438 2748 quae
1484 2687 1670 2734 contra
1728 2693 1822 2734 vos
1857 2679 2024 2748 gessi.

440 2771 556 2828 Rex
581 2780 758 2827 autem
785 2772 941 2840 jussit
983 2786 1105 2824 eum
1144 2771 1340 2824 elevari
1381 2785 1408 2823 a
1448 2780 1620 2836 terra,
1665 2779 1719 2825 et
1761 2770 1934 2840 posuit
1976 2771 2028 2826 in

443 2877 600 2917 manu
618 2862 875 2932 episc0pi,
898 2861 1081 2915 dicens
1113 2878 1124 2912 :
1150 2860 1228 2915 Sit
1254 2874 1416 2929 penes
1439 2870 1510 2928 te,
1541 2869 1726 2914 sancte
1752 2860 2028 2926 sacerdos,

448 2955 622 3008 donec
653 2954 705 3006 in
752 2953 1096 3021 praesentiam
1140 2950 1529 3006 Gnntchramni
1579 2951 1719 3020 regis
1761 2949 2024 3005 adveniat.

446 3046 510 3099 Et.
531 3044 692 3112 jussit
719 3059 839 3098 entn
879 3042 1174 3097 discedere.

506 3135 597 3190 IX.
652 3136 895 3189 POstlnec
926 3134 1268 3203 Raucbingus
1299 3133 1615 3200 conjunctus
1654 3147 1776 3187 cuin
1837 3133 2032 3202 priori-

2129 1953 2289 2008 valde
2336 1953 2631 2021 superbu~;
2687 1951 2950 2005 intantum
2982 1958 3037 2003 ut
3078 1947 3187 2017 jam
3220 1947 3272 2001 in
3323 1948 3439 2016 ipso
3470 1945 3721 2000 interitus

2129 2044 2211 2098 sui
2242 2052 2482 2111 tempore
2525 2040 2922 2095 Cltlotbacbarii
2956 2039 3098 2108 regis
3134 2037 3298 2092 filium
3341 2051 3402 2091 se
3431 2037 3714 2091 fateretur.

2133 2134 2358 2188 Multum
2390 2144 2568 2188 tamen
2591 2147 2712 2186 cum
2740 2147 2805 2186 eo
2833 2131 2952 2186 auri
2989 2139 3258 2199 repertum
3288 2136 3391 2183 est.
3422 2129 3538 2194 Quo
3561 2127 3723 2181 inter-

2133 2225 2296 2292 fecto,
2323 2227 2564 2294 protinus
2594 2239 2730 2278 unus
2759 2238 3041 2292 puerorum
3065 2222 3180 2291 ejus
3211 2235 3368 2275 cursu
3395 2220 3563 2275 veloci
3584 2235 3717 2274 evo-

2134 2315 2273 2378 Ians,
2329 2316 2589 2368 nuntiavit
2642 2313 2852 2382 conjngi
2894 2314 3012 2378 ejus
3055 2328 3173 2380 qua:
3212 2321 3328 2364 acta
3373 2320 3545 2364 erant.
3595 2310 3720 2364 Ilaec

2136 2420 2266 2460 vero
2324 2421 2419 2475 per
2475 2406 2703 2474 plateam
2765 2402 3122 2460 Suessionica:
3171 2401 3401 2455 civitatis
3462 2409 3718 2467 compta,

2133 2495 2421 2566 grandibus
2459 2495 2790 2549 ornamentis
2833 2508 2894 2546 ac
2919 2507 3251 2563 gemmarum
3290 2490 3719 2549 pretiositatibus

2133 2597 2188 2643 et
2227 2588 2341 2641 auri
2373 2587 2576 2656 fulgore
2615 2588 2850 2651 obtecta,
2879 2597 3100 2638 ascenso
3126 2585 3288 2654 523
3309 2598 3470 2651 equo,
3515 2596 3711 2652 pra-ce-

2134 2678 2384 2736 denttbns
2424 2681 2601 2747 pueris
2645 2681 2870 2747 aliisque
2911 2687 3258 2741 sequentibus
3291 2675 3596 2740 ferebatur;
3638 2684 3718 2728 at-

2134 2788 2240 2842 que
2270 2772 2333 2824 ad
2367 2771 2642 2824 basilicam
2673 2769 2842 2824 sancti
2867 2767 3097 2835 Crispini
3126 2767 3555 2836 Crispinianique
3589 2781 3718 2834 pro-

2137 2863 2380 2935 perabat,
2427 2861 2578 2929 quasi
2627 2869 2927 2930 spectatura
2963 2860 3147 2913 Missas
3179 2875 3194 2911 :
3225 2871 3338 2913 erat
3366 2859 3506 2913 enim
3535 2873 3602 2912 eo
3631 2860 3720 2914 die

2137 2956 2314 3026 passio
2353 2962 2646 3023 martyrum
2690 2953 2964 3006 beatorum
2983 2959 3028 3003 ο.
3078 2951 3180 3005 Sed
3224 2950 3406 3005 videns
3448 2950 3713 3017 nuntium,

2139 3061 2230 3117 per
2251 3048 2409 3100 aliam
2458 3048 2684 3113 plateam
2724 3059 2966 3113 gressum
3008 3059 3347 3114 retorquens,
3381 3044 3630 3112 proiectis
3662 3045 3718 3099 iu

2139 3150 2337 3191 terram
2370 3136 2718 3199 ornamentis,
2756 3134 2806 3189 in
2832 3135 3106 3190 basilicam
3147 3152 3218 3188 sa-
3246 3145 3316 3189 ctt
3350 3136 3582 3190 Metlardi
3617 3152 3719 3190 an-

447 3229 543 3282 bus
593 3225 738 3296 regni
779 3225 1074 3280 Cblutltartt
1114 3225 1209 3279 Iilti
1253 3224 1569 3295 Cltilperit-i,
1613 3225 1926 3294 conﬁngens
1967 3239 2027 3278 se
2057 3209 2104 3272 (ἶ
2140 3230 2317 3282 tistitis
2363 3228 2616 3297 confugit,
2662 3228 2733 3281 ibi
2781 3244 2840 3281 se
2891 3228 3049 3281 tutari
3100 3227 3423 3281 confessoris
3471 3227 3722 3294 prmsidin

447 3319 598 3387 quasi
632 3326 978 3370 tractaturum
1010 3317 1078 3371 de
1101 3332 1247 3384 pace,
1268 3327 1321 3368 ut
1353 3316 1490 3371 inter
1517 3319 1804 3370 terminum
1842 3315 2032 3370 utrius-

452 3424 556 3478 que
583 3409 728 3476 regni
755 3408 900 3462 trulla
931 3410 1155 3462 intentio
1186 3417 1272 3461 aut
1297 3409 1526 3475 direptio
1562 3421 1870 3478 gereretur,
1902 3423 2034 3462 cou-

449 3502 624 3554 silium
661 3500 985 3564 ltabuerunt,
1033 3511 1087 3553 ut
1131 3501 1334 3554 scilicet
1375 3503 1652 3554 interfecto
1688 3502 2033 3555 Childeberto

448 3605 598 3659 rege,
636 3590 977 3658 Raucltingus
1005 3603 1125 3643 cum
1152 3589 1531 3642 'l'lteodoberto
1573 3590 1788 3643 seniore
1818 3594 1935 3655 ejus
1969 3590 2031 3641 li-

450 3677 520 3733 lio
560 3693 782 3747 regnum
812 3677 1119 3746 Campania:
1159 3687 1406 3742 teneret;
1452 3679 1606 3732 Ursio
1638 3692 1766 3732 vero
1804 3693 1866 3731 ac
1907 3679 2034 3732 Ber-

453 3772 731 3824 tltefredus
766 3780 815 3834 ε,
838 3769 1051 3839 juniore
1082 3769 1193 3823 tilio
1221 3783 1391 3837 nuper
1419 3769 1630 3840 genito,
1659 3772 1748 3839 qui
1782 3769 1824 3823 Τ
1830 3769 2032 3823 lteodo-

451 3866 598 3917 ricns
651 3861 1152 3933 cognominabatur,
1200 3862 1267 3916 ad
1313 3875 1373 3915 se
1402 3871 1685 3930 suscepto,
1719 3871 1775 3916 et
1812 3861 2035 3917 excluso

448 3954 860 4010 Guntcltramno
905 3969 1054 4025 rege.
1080 3953 1347 4023 reliquum
1378 3956 1528 4024 regni
1559 3964 1825 4010 tenerent.
1871 3956 2032 4010 Multa

449 4048 612 4102 etiam
633 4056 813 4101 contra
840 4046 1234 4101 Brunicbildem
1266 4046 1502 4118 reginam
1526 4047 1685 4120 5.27
1717 4050 2031 4114 frementes,

451 4150 508 4192 ιιι
533 4152 652 4192 eam
689 4139 740 4192 in
762 4137 1142 4192 contumeliam
1171 4137 1496 4208 redigerent,
1529 4141 1667 4194 sicut
1708 4142 1856 4211 prius
1887 4141 2033 4195 fece-

450 4241 573 4284 rant
598 4229 650 4284 iu
682 4229 941 4285 viduitate
967 4245 1083 4284 sua.
1122 4229 1464 4300 Raucbingus
1495 4247 1624 4302 ergo
1667 4248 1873 4288 summa
1917 4233 2033 4287 ela—

451 4333 538 4376 tus
567 4324 824 4392 potentia.
853 4331 908 4377 et
939 4329 995 4376 ut
1025 4322 1094 4377 ita
1125 4323 1297 4376 dicam
1323 4363 1337 4386 ,
1367 4323 1432 4376 ad
1465 4322 1630 4392 ipsius
1661 4325 1852 4394 regalis
1881 4341 2033 4393 scep-

451 4425 520 4471 trt
559 4432 618 4470 se
652 4417 860 4483 jactans
885 4415 1110 4485 gloriam
1146 4415 1427 4484 pervenire
1449 4455 1466 4479 ,
1520 4417 1620 4470 iter
1661 4425 1922 4485 pra-parat
1967 4417 2034 4472 ad

447 4513 850 4568 ChilJcbertum
897 4527 1076 4579 regem
1115 4510 1424 4574 accedendi,
1471 4521 1525 4563 ut
1565 4512 1844 4564 consilium
1887 4512 2028 4582 quod

2138 3331 2348 3390 putans.
2383 3323 2535 3374 Pueri
2566 3335 2693 3374 vero
2719 3320 2806 3389 qui
2836 3319 2983 3374 missi
3012 3335 3038 3371 a
3065 3334 3187 3387 rege
3219 3319 3425 3372 fuerant
3454 3321 3519 3372 ad
3543 3321 3722 3388 requi-

2138 3413 2332 3467 rendas
2364 3426 2449 3466 res
2477 3410 2624 3480 ejus,
2661 3422 2799 3463 tanta
2848 3411 2898 3463 in
2933 3409 3199 3464 thesauris
3242 3410 3387 3464 illius
3418 3412 3719 3480 reperiunt,

2136 3514 2331 3574 quanta
2365 3518 2463 3558 nec
2487 3504 2536 3556 iu
2579 3504 2695 3571 ipso
2728 3503 2900 3555 rorarii
2953 3501 3150 3569 publici
3185 3513 3392 3570 regesto
3425 3509 3668 3570 poterant
3697 3497 3719 3538 ι

2138 3595 2386 3658 inveniri,
2427 3593 2567 3661 quod
2614 3603 2780 3648 totum
2831 3593 2970 3660 regis
3006 3593 3380 3661 conspectibus
3426 3603 3724 3660 prmsenta.

2138 3697 2282 3742 runt.
2315 3686 2447 3739 Nam
2476 3700 2542 3740 eo
2568 3685 2675 3746 die,
2708 3701 2814 3754 quo
2839 3685 2922 3738 hic
2947 3686 3252 3738 interfectus
3279 3696 3381 3749 εει,
3410 3692 3566 3739 erant
3593 3699 3720 3737 cum

2137 3793 2262 3846 rege
2287 3777 2435 3832 multi
2468 3777 2800 3830 Turonorum
2830 3784 2989 3845 atque
3023 3775 3381 3838 Pictavorum,
3429 3774 3497 3828 de
3524 3775 3722 3844 quibus

2139 3870 2246 3923 tale
2277 3868 2376 3922 fuit
2407 3869 2691 3923 consiltum
2718 3907 2733 3932 ,
2781 3875 2837 3919 ut
2866 3867 2910 3920 si
2952 3865 3148 3918 malum
3192 3865 3292 3919 hoc
3322 3865 3581 3934 perficere
3626 3880 3722 3932 po-

2140 3960 2390 4022 tuissent,
2425 3958 2508 4012 his
2538 3958 2765 4012 subditis
2791 3957 3074 4025 supplicio,
3114 3956 3354 4011 dicerent
3379 3957 3499 4024 quia
3527 3971 3590 4010 ex
3622 3972 3722 4009 vo-

2137 4050 2219 4105 bis
2261 4049 2359 4104 fuit
2387 4050 2475 4118 qui
2508 4064 2685 4119 regem
2733 4058 2974 4101 nostrum
3008 4048 3298 4113 interemit,
3333 4048 3516 4118 eisque
3543 4048 3722 4102 diver-

2137 4141 2214 4195 sis
2240 4140 2516 4208 suppliciis
2548 4137 2855 4202 trucidatis,
2889 4139 3089 4192 ultores
3115 4153 3172 4192 se
3199 4152 3304 4191 m0r
3319 4139 3386 4192 tis
3417 4137 3574 4208 regias
3602 4154 3722 4192 esse

2133 4233 2421 4302 jactareut.
2478 4230 2588 4286 Sed
2649 4230 2793 4283 Deus
2837 4231 3175 4298 omnipotens
3219 4229 3442 4284 consilia
3491 4244 3678 4282 eorum
3705 4270 3720 4293 ,

2138 4327 2263 4395 quia
2293 4325 2472 4394 iniqua
2495 4334 2670 4391 erant,
2710 4324 3014 4391 dissipavit,
3046 4321 3392 4392 implevitque
3421 4321 3549 4376 illud
3579 4322 3723 4389 quod

2137 4421 2392 4486 scriptum
2424 4428 2545 4470 est:
2573 4416 2705 4479 Quia
2735 4416 2932 4484 foveam
2960 4430 3114 4482 quam
3157 4413 3308 4480 fratri
3357 4413 3560 4479 parabis
3581 4453 3594 4469 .
3642 4413 3730 4464 iu-

2137 4507 2274 4560 cides
2297 4508 2349 4558 in
2380 4522 2490 4558 eam
2529 4503 2718 4576 (Eccli.
2751 4519 2912 4584 xxvtt,
2946 4504 3058 4571 ‘29).
3091 4503 3144 4555 In
3177 4503 3348 4557 locum
3373 4512 3547 4555 tamen
3577 4502 3724 4554 Rau-

457 4605 649 4658 inierat
679 4611 860 4668 posset
885 4602 1128 4670 explere.
1162 4601 1267 4656 Sed
1299 4603 1470 4668 pietas
1500 4601 1710 4655 Domini
1740 4602 1852 4655 lure
1875 4603 2035 4656 verba
2068 4585 2118 4647 Ι)
2144 4598 2322 4666 cbingi
2367 4596 2752 4664 Magnuualdus
2794 4595 3043 4663 dirigitur
3071 4594 3200 4647 (Iuv.
3244 4593 3360 4646 .lam
3392 4595 3531 4646 enim
3565 4591 3724 4647 Ursin

454 4700 506 4751 in
530 4711 688 4750 aures
720 4694 1105 4748 Gnntchramni
1139 4695 1281 4764 regis
1306 4695 1450 4763 prius
1483 4694 1753 4762 imposuit.
1782 4695 1880 4762 Qui
1913 4699 2041 4749 mis-

451 4793 526 4844 sis
550 4790 750 4844 nuntiis
777 4789 912 4842 clam
957 4787 1021 4842 ad
1064 4785 1468 4842 Cltildebortum
1513 4803 1723 4858 regem,
1771 4805 1960 4841 omnes
1991 4789 2038 4842 ei

453 4883 759 4938 ntolitiones
792 4881 886 4934 ltas
918 4879 968 4934 in
1013 4880 1252 4934 notitiam
1283 4879 1479 4948 posuit,
1525 4879 1709 4931 dicens
1738 4895 1752 4932 :
1786 4878 2038 4932 Accelera

451 4975 736 5038 velociter,
789 4983 844 5026 ιιι
883 4973 1157 5026 videamur
1193 4986 1222 5024 a
1267 4971 1450 5036 nobis;
1509 4980 1635 5023 sunt
1674 4971 1816 5023 enim
1857 4985 2032 5024 causae

451 5083 570 5135 qua:
600 5067 681 5135 agi
716 5065 968 5118 debeant.
1012 5065 1080 5118 At
1109 5062 1198 5116 ille
1221 5061 1506 5131 diligenter
1534 5061 1805 5127 inquirens
1832 5075 1950 5129 qua:
1982 5063 2031 5114 ei

453 5159 692 5212 nuntiata
729 5159 960 5221 fuerant,
994 5170 1228 5223 veraque
1260 5168 1380 5208 esse
1406 5166 1756 5222 cognoscens,
1784 5153 2033 5206 arcessiri

525 5300 548 5328 °
574 5289 664 5344 Sic
690 5290 883 5342 habent
914 5288 1096 5354 scripti
1125 5297 1176 5341 ct
1199 5287 1346 5340 editi.
1381 5285 1683 5349 chcmlum
1710 5295 1888 5340 tamen
1914 5301 2035 5341 esse

453 5363 690 5423 videtur,
717 5361 913 5414 veniant
941 5362 1094 5412 miser
1119 5360 1179 5409 ab
1203 5374 1262 5410 ea
1295 5360 1514 5421 precari,
1558 5373 1674 5418 seu,
1707 5358 1903 5408 veniam
1939 5374 2032 5424 pro

453 5435 636 5486 misero
665 5431 863 5500 precari
888 5431 950 5483 ab
987 5447 1046 5482 ea
1074 5445 1248 5497 quant,
1272 5437 1364 5479 aut
1402 5428 1614 5492 saltem,
1643 5429 1841 5480 veniam
1884 5429 2036 5479 miser

450 5505 646 5573 prerari
675 5518 847 5566 quam.

524 5565 742 5628 h~Frelt.
777 5572 872 5633 al.,
901 5568 1123 5634 patrini;
1155 5567 1246 5620 sed
1281 5581 1540 5634 nusquam
1571 5567 1668 5620 hac
1709 5580 1839 5617 voce
1870 5565 2038 5618 utitur

452 5643 740 5708 Gregorius
771 5643 834 5696 ad
867 5637 1250 5708 designandum
1276 5645 1638 5704 susceptorcm
1655 5651 1718 5690 ex
1743 5636 2030 5704 baptismo.

527 5725 548 5781 ς
582 5707 736 5766 tzolb.
766 5729 842 5772 a.,
879 5707 1210 5781 Bertfredus_;
1241 5718 1294 5760 ct
1323 5709 1405 5781 sic
1427 5707 1585 5781 inlra.

519 5779 548 5819 ἀ
577 5783 649 5836 De
679 5787 757 5836 bis
789 5777 1012 5847 Dignum
1042 5781 1106 5832 ad
1167 5778 1325 5836 form.
1356 5779 1410 5831 il
1472 5779 1561 5830 lib.
1615 5794 1629 5832 I
1674 5777 1928 5839 Marcuili,
1979 5785 2034 5830 et

455 5849 794 5909 Altesctrain
822 5855 958 5906 hunc
978 5854 1181 5917 locum;
1206 5850 1297 5905 sed
1329 5848 1496 5906 fusius
1511 5853 1836 5921 Cuj’iciusail
1870 5853 1972 5917 leg.
2000 5851 2032 5904 5

2144 4700 2306 4757 atque
2339 4687 2717 4741 Bertltefredus
2745 4689 2876 4739 certi
2921 4687 3061 4754 quod
3103 4684 3443 4754 Rauchingus
3471 4700 3588 4751 quae
3610 4686 3723 4736 col-

2145 4780 2305 4834 locuti
2326 4777 2547 4832 fuerant
2567 4817 2581 4838 ,
2611 4785 2791 4846 posset
2818 4778 3034 4841 explere
3056 4816 3070 4840 ,
3102 4774 3330 4828 collecto
3361 4777 3597 4826 exercitu
3632 4789 3722 4826 ve-

2148 4872 2386 4925 niebant.
2422 4869 2526 4921 Sed
2558 4868 2839 4920 audientes
2870 4864 3010 4934 quod
3053 4866 3254 4918 sciicet
3286 4867 3375 4917 tali
3415 4865 3604 4917 fuisset
3642 4869 3724 4916 ar-

2143 4964 2309 5018 fectus
2359 4962 2607 5024 interitu,
2667 4953 2887 5011 adducta
2937 4956 3110 5009 adhuc
3147 4971 3325 5009 secum
3378 4957 3726 5009 multitudine

2143 5054 2439 5117 hominum,
2497 5066 2615 5120 quin
2667 5050 2732 5102 ad
2768 5061 2864 5102 eos
2922 5049 3192 5116 pertinere
3235 5047 3546 5109 videbatur,
3584 5045 3725 5102 infra

2141 5157 2373 5199 castrqu
2420 5142 2730 5196 Vabrenseg
2759 5183 2772 5206 ,
2813 5137 2953 5206 quod
3013 5137 3154 5191 villae
3215 5136 3453 5191 Ursionis
3507 5140 3724 5206 propin-

2142 5279 2210 5333 de
2239 5293 2395 5332 cursu
2427 5273 2661 5343 publico,
2693 5271 2783 5343 lib.
2814 5269 3042 5343 xtt_(_}od.

2216 5359 2239 5387 ε
2270 5340 2582 5400 (ἰυιριίτιιιιιιυ
2611 5358 2696 5395 vttt
2747 5341 2866 5394 Kal.
2893 5340 3149 5393 Novemb.
3185 5340 3380 5394 [lorum
3425 5348 3722 5409 martyrum

2143 5421 2386 5474 memoria
2411 5415 2596 5484 insigni
2626 5423 2924 5465 ornamento
2951 5412 3333 5484 decoratqfuit
3361 5429 3390 5463 ιι
3422 5412 3577 5464 beato
3613 5411 3724 5461 eo-

2142 5496 2247 5554 κιο,
2277 5498 2334 5540 ιιι
2365 5480 2529 5539 tradit
2569 5485 2624 5537 S.
2671 5484 2958 5554 Audn_euus
2986 5481 3075 5534 lib.
3108 5496 3144 5534 ιι
3192 5480 3323 5554 Vitae
3357 5484 3475 5548 ejus
3521 5497 3636 5554 cap.
3664 5484 3721 5535 7.

2143 5550 2434 5626 Raucliingi
2467 5570 2597 5608 uxor
2628 5555 2770 5621 prius
2795 5550 3004 5605 Godino
3038 5561 3197 5620 nupta
3223 5550 3414 5617 fuerat,
3448 5567 3512 5604 cx
3540 5552 3632 5604 tib.
3665 5569 3723 5619 v,

2142 5648 2260 5686 can.
2302 5627 2355 5680 '5.

2212 5648 2386 5761 ἷλεῗιῖ,
2410 5703 2709 5762 potuerant;
2739 5692 2948 5760 Cas-itu,
2972 5693 3083 5762 ipso
3121 5694 3305 5746 (ενοι-ἕο
3346 5693 3547 5760 publico
3589 5693 3722 5762 regis

2139 5781 2278 5829 tanta
2294 5765 2550 5838 potuerint
2571 5766 2812 5838 inueniri.

2212 5852 2236 5892 ιι
2261 5831 2502 5897 Castrum
2534 5836 2670 5891 istud
2697 5851 2834 5902 pago
2855 5850 3047 5891 nomen
3084 5833 3302 5888 dederat
3337 5831 3535 5887 Mosam
3582 5833 3720 5886 inter
