3966 6348
215 438 323 493 489

1195 404 1509 493 ιιίετοιιυι
1550 429 2006 490 rnauconuu.
2048 431 2253 489 uasa
2289 394 2534 491 nouus.

3388 440 3491 493 680

210 568 385 623 quum
410 562 546 618 erat,
583 567 705 608 cum
752 552 912 610 rebus
943 554 1193 611 omnibus
1226 569 1284 610 se
1312 553 1561 609 muniunt
1597 547 1797 607 conscii
1826 546 1881 609 Δ
1906 556 2086 604 metus
2108 562 2203 606 rex
2229 548 2395 620 53o
2416 549 2658 608 diceret:
2686 548 2749 604 Si
2771 549 3059 621 episwpus
3086 553 3280 609 exinde
3298 557 3495 625 regredi

213 650 431 704 consilii
463 664 568 715 ειιι,
601 659 894 704 tractantes
920 658 979 704 ut
1009 649 1054 705 si
1086 666 1175 705 rex
1209 649 1584 705 Childebertus
1607 647 1809 718 aliquid

212 753 411 797 contra
444 755 540 794 eos
581 756 740 810 agere
770 749 1057 807 votut~set,
1088 741 1285 796 virtute
1320 755 1379 796 se
1420 741 1487 796 ab
1513 742 1628 810 ejus
1658 755 1810 797 exer-

218 836 332 888 citu
356 834 718 888 de'ensarent.
764 835 935 900 Caput
966 835 1109 887 enim
1153 835 1341 888 horum
1365 842 1418 888 et
1444 848 1602 892 causa
1638 832 1808 891 malo—

223 941 345 979 rum
384 924 540 979 Ursin
585 934 717 980 erat.
774 924 880 981 Sed
935 924 1294 980 Brunichildis
1340 924 1521 994 regina
1562 925 1809 978 mandata

216 1017 373 1071 misit
417 1015 802 1081 Bertbefrcdo,
847 1016 1072 1072 dicens:
1105 1017 1357 1089 Disjunge
1399 1026 1449 1071 te
1489 1016 1556 1071 ab
1596 1016 1810 1073 homine

216 1108 504 1172 inimico",
533 1116 585 1162 et
613 1108 836 1166 habebis
862 1109 1027 1165 vitam
1055 1124 1070 1163 :
1102 1107 1339 1178 alioquin
1360 1122 1481 1162 cum
1513 1106 1703 1193 eodem
1730 1107 1811 1161 in-

218 1199 436 1254 teribis.
473 1199 659 1253 Filiam
687 1200 831 1257 enim
863 1199 981 1270 ejus
1010 1215 1074 1259 ex
1102 1199 1319 1256 lavacro
1344 1201 1524 1270 regina
1552 1214 1808 1271 suscepeo

218 1301 333 1358 rat,
382 1298 437 1347 et
462 1291 533 1346 ob
570 1290 672 1347 hoc
718 1290 883 1363 429
935 1291 1357 1351 misericordiam
1405 1292 1473 1351 de
1508 1307 1574 1349 eo
1616 1292 1810 1349 habere

215 1382 418 1438 voluit.
450 1384 552 1452 Qui
583 1385 659 1437 ait
690 1401 706 1437 :
732 1385 841 1439 Nisi
871 1393 1044 1443 morte
1070 1385 1294 1441 divellar
1318 1385 1384 1442 ab
1402 1400 1491 1453 eo,
1536 1401 1807 1456 nunquam

214 1489 247 1528 a
273 1489 360 1529 me
392 1476 725 1544 relinquetur
741 1473 793 1529 ι’.

291 1585 362 1641 Χ.
396 1586 534 1647 Dum
563 1586 678 1647 haec
702 1595 1011 1661 agerentur,
1043 1589 1238 1645 iterum
1268 1588 1414 1645 misit
1443 1588 1801 1649 Guntcltramv

218 1694 319 1741 nus
347 1694 443 1735 rex
494 1680 562 1733 ad
600 1690 851 1748 nepotem
897 1694 1060 1736 suum
1098 1677 1541 1743 Childebertum.
1584 1680 1805 1741 dicatis:

218 1765 383 1821 Mora:
424 1783 616 1834 omnes
662 1770 1061 1836 abscedant,et
1093 1770 1211 1827 veni
1255 1779 1313 1829 ut
1357 1779 1410 1831 te
1451 1771 1680 1827 videam.
1715 1771 1810 1833 Est

216 1861 363 1915 enim
390 1868 554 1913 certae
579 1860 915 1919 necessitatis
950 1873 1109 1917 causa
1127 1900 1147 1926 ,
1171 1868 1276 1915 tam
1298 1930 1299 1933 η
1319 1874 1416 1929 pro
1445 1863 1569 1919 vitae
1607 1869 1807 1917 nostrae

216 1949 537 2021 commodo,
569 1963 728 2023 quam
761 1966 857 2019 pro
888 1949 1202 2011 utilitatibus
1228 1950 1491 2021 publicis,
1528 1958 1585 2012 ut
1624 1950 1804 2009 videa-

218 2053 341 2103 mur
367 2052 397 2095 a
431 2038 605 2093 nobis.
641 2039 766 2098 llaec
793 2040 881 2097 ille
906 2040 1157 2105 audiens,
1188 2050 1460 2110 assumpta
1490 2048 1660 2098 matre
1681 2056 1807 2099 cunt

218 2142 407 2188 sorore
435 2138 495 2185 et
532 2128 792 2203 conjuge,
836 2129 905 2186 ad
943 2144 1228 2191 occursum
1277 2130 1455 2200 patrui
1489 2130 1726 2189 destinat
1755 2141 1808 2191 ε.

221 2221 405 2279 Adfuit
454 2230 632 2275 autem
682 2230 738 2276 et
781 2221 1123 2289 Magnericus
1172 2220 1455 2291 episcenos
1499 2221 1808 2283 Trevericaa

223 2312 392 2371 urbis.
411 2310 567 2369 Venit
594 2312 755 2373 etiam
784 2310 1230 2369 Guntchramnns
1257 2312 1597 2382 Boso,quetn
1622 2311 1807 2384 Agesis

222 2420 317 2465 cus
356 2403 723 2461 Viridtmensis
750 2406 1040 2477 episcopus
1073 2419 1167 2463 sua
1209 2405 1263 2463 in
1305 2405 1410 2461 tida
1453 2415 1805 2475 susceperat:

222 2493 316 2555 sed
347 2493 581 2562 pontifex
611 2493 701 2555 ille
720 2534 739 2569 ,
767 2494 860 2564 qui
883 2509 979 2564 pro
1005 2510 1071 2551 eo
1107 2496 1269 2551 tidem.
1294 2494 1668 2564 fecem,.non
1706 2497 1807 2553 ad-

223 2586 363 2650 luit,
404 2585 530 2656 quia
570 2596 901 2645 convenerat
940 2595 1003 2645 ut
1046 2588 1248 2657 absque
1292 2586 1450 2649 ullius
1492 2586 1810 2647 defensione

223 2679 337 2749 regi
366 2689 801 2747 praesentaretur.
820 2679 1023 2739 scilicet
1051 2686 1110 2735 ut
1137 2679 1185 2737 si
1214 2680 1329 2753 ipse
1348 2679 1667 2743 decerneret
1684 2692 1809 2737 eum

222 2768 362 2823 mori
390 2768 618 2835 debere,
658 2786 767 2831 non
801 2780 1151 2833 excusaretur
1180 2786 1208 2830 a
1238 2771 1555 2838 sacerdote;
1585 2770 1667 2827 sin
1713 2785 1811 2825 au-

224 2868 347 2929 tem,
366 2859 461 2919 ille
490 2861 653 2917 vitam
680 2862 1025 2929 concederet,
1059 2862 1197 2918 liber
1226 2862 1422 2925 abiret.
1447 2862 1554 2919 Sed
1584 2860 1809 2933 conjun~

226 2951 327 3005 etis
374 2952 624 3019 regibus,
670 2966 765 3020 pro
815 2952 1044 3011 diversis
1091 2952 1439 3011 facilitatibus
1469 2952 1495 2989 ά
1527 2952 1812 3022 culpabilia

227 3040 530 3109 judicatus,
564 3041 771 3113 jussum
817 3052 902 3103 eat
946 3051 1003 3099 ut
1054 3042 1461 3101 interﬁceretur.
1494 3028 1648 3114 Quod
1686 3058 1812 3101 cum

226 3134 319 3189 ille
348 3135 736 3207 comperisset,
779 3134 846 3192 ad
878 3134 1210 3195 mansionem
1258 3133 1542 3207 Magnerici
1573 3134 1813 3207 episcopi

226 3226 553 3290 convolavit.
580 3234 636 3281 et
663 3227 859 3285 clausis
887 3226 1043 3285 ostiis
1059 3266 1074 3291 ,
1098 3227 1393 3301 segregans
1415 3226 1489 3281 ab
1512 3240 1577 3287 eo
1599 3226 1811 3285 clericis

229 3332 293 3373 ac
322 3318 557 3383 ramulis,
575 3318 677 3373 ait:
700 3317 820 3377 Scio
840 3326 913 3383 te,
933 3281 1535 3381 beatissiriiesacerdos,
1561 3330 1812 3389 magnum
1838 3281 1888 3351 ε

232 3428 355 3467 cum
382 3410 599 3481 regibus
623 3410 878 3468 honorem
910 3409 1129 3474 habere,
1153 3420 1207 3467 et
1228 3423 1369 3464 nunc
1390 3408 1535 3467 adte
1561 3409 1813 3477 confugio

233 3514 289 3557 ut
324 3502 571 3561 evadam.
608 3501 745 3556 Ecce
776 3514 1120 3573 percussores
1154 3499 1221 3555 ad
1264 3499 1502 3555 ostium:
1536 3498 1677 3553 unde
1702 3512 1815 3553 ma-

232 3594 430 3647 nifeste
467 3592 635 3657 scias,
664 3591 806 3662 quod
831 3590 875 3645 si
901 3607 928 3643 a
960 3600 1023 3646 .te
1051 3605 1155 3645 non
1196 3604 1379 3658 eruur,
1411 3588 1695 3645 interfecto
1728 3598 1812 3655 te,

231 3682 483 3754 egrediar
511 3680 535 3735 ι’
538 3696 681 3748 oras,
706 3689 761 3736 et
781 3681 999 3741 moriar.
1030 3677 1468 3739 Manilestissime
1488 3678 1629 3735 enim
1654 3694 1815 3733 nove-

236 3776 332 3838 ris,
364 3772 491 3842 quia
520 3780 607 3825 aut
638 3786 784 3826 mors
808 3784 911 3825 una
944 3784 1041 3824 nos
1067 3778 1325 3840 occupat,
1355 3780 1445 3824 aut
1470 3784 1565 3841 par
1594 3770 1695 3825 vita
1721 3769 1814 3824 dc-

236 3865 433 3919 icnsat.
462 3863 506 3920 Ο
524 3873 710 3919 sancte
737 3863 1010 3928 sacerdos,
1041 3863 1156 3916 scio
1184 3862 1325 3915 enim
1353 3870 1404 3915 te
1434 3871 1636 3930 patrem
1662 3875 1812 3915 com-

239 3970 454 4010 munem
503 3971 622 4009 cum
671 3970 795 4027 rege
838 3968 958 4010 esse
988 3953 1097 4009 lilio
1126 3952 1274 4025 ejus,
1306 3961 1362 4006 et
1407 3952 1527 4007 novi
1569 3952 1815 4023 quoniam

237 4062 568 4117 quotcunque
605 4048 825 4117 petieris
869 4046 936 4101 ab
979 4060 1078 4111 eo,
1122 4044 1429 4110 obtinebis;
1479 4059 1580 4101 nec
1620 4059 1814 4116 negare

226 4140 456 4194 omnino
486 4137 681 4208 poterit
710 4137 977 4198 sanctitati
1001 4145 1104 4195 tuas
1126 4150 1457 4209 quascunque
1486 4136 1812 4209 poposceris.

243 4230 476 4300 Ideoque
502 4238 595 4283 aut
626 4226 852 4299 impetra
883 4229 1123 4297 veniant,
1162 4237 1252 4282 ant
1298 4228 1593 4283 moriamur
1635 4229 1817 4283 simul.

239 4321 367 4375 ":26
394 4327 574 4375 autem
614 4319 899 4388 evaginato
948 4317 1123 4373 aiebat
1172 4318 1371 4389 gladio.
1412 4317 1681 4377 Turbatus
1719 4318 1820 4372 hoc

239 4411 525 4480 episcopus
552 4409 759 4475 audito,
794 4407 867 4462 ait
896 4426 907 4459 :
942 4406 1009 4462 Et
1031 4408 1392 4477 quidlaciam,
1422 4408 1469 4465 si
1496 4407 1583 4465 bic
1608 4424 1638 4465 a
1669 4420 1719 4465 te
1740 4418 1823 4465 ti:-

239 4500 407 4554 neor?
431 4499 640 4555 dimitte
664 4513 771 4564 me,
800 4508 858 4552 ut
884 4513 1002 4555 eam
1028 4506 1082 4553 et
1107 4498 1367 4569 deprecer
1397 4499 1821 4559 misericordiam

228 4595 414 4665 regis,
442 4603 499 4648 et
535 4592 777 4647 fortassis
824 4590 1168 4649 miserebitur
1210 4591 1306 4646 tui.
1341 4590 1406 4646 Et
1448 4593 1538 4648 ille
1572 4591 1822 4665 :Nequa-

1914 637 2177 706 noluerit,
2223 640 2423 707 pariter
2465 654 2586 694 cum
2629 639 2723 694 ilio
2755 649 2979 698 auctore
3026 643 3259 712 peaildite
3287 657 3494 716 pereat.

1916 730 2040 784 ιιωο
2066 730 2290 785 audiens
2329 733 2644 801 episcopus,
2688 730 2885 788 direxit
2916 734 3134 791 nuntios
3179 738 3245 791 ad
3290 755 3492 808 regem.

1911 821 2161 891 Quicum
2196 824 2297 877 ista
2347 832 2699 899 narrassent,
2744 824 2821 880 ait
2870 840 2962 879 rex
3010 825 3490 888 Guntcltraumus:

1913 916 2115 985 lnjicite
2145 917 2320 985 ignem
2352 917 2402 970 in
2430 915 2667 976 domum.
2694 925 2750 971 et
2777 915 2825 972 si
2849 918 3001 973 exire
3040 919 3342 988 nequiverit
3372 923 3487 989 epi-

1911 1020 2127 1076 scopus,
2154 1007 2350 1077 pariter
2369 1016 2801 1064 concrementur.
2812 1008 2948 1067 time
2970 1010 3248 1066 audientes
3278 1014 3493 1083 clerici,

1910 1095 2131 1152 ell‘racto
2156 1098 2208 1153 vi
2229 1098 2372 1152 ostio
2401 1098 2734 1153 sacerdotem
2760 1100 2983 1168 ejiciunt
3014 1102 3181 1158 foras.
3212 1104 3363 1161 Tunc
3396 1105 3497 1161 tni-

1912 1188 2172 1241 serrimus
2201 1202 2322 1242 cum
2355 1188 2567 1243 videret
2589 1202 2649 1243 se
2686 1190 2917 1247 llatnmis
2950 1193 3141 1250 validis
3172 1195 3238 1250 ab
3267 1207 3492 1265 utraque

1911 1284 2063 1344 parte
2105 1276 2326 1343 vallari,
2379 1280 2650 1333 accinctus
2692 1281 2867 1350 gladio
2912 1283 3120 1339 accedit
3163 1284 3229 1340 ad
3272 1286 3490 1349 ostium.

1914 1365 2105 1421 Verum
2136 1367 2222 1422 ubi
2253 1371 2483 1438 primum
2516 1370 2675 1425 limen
2703 1371 2897 1427 domus
2925 1374 3211 1443 egrediens
3246 1392 3489 1445 gressum

1910 1455 2038 1508 (oris
2066 1456 2203 1521 ﬁxit,
2230 1460 2409 1514 statim
2435 1475 2573 1515 unus
2599 1473 2631 1517 e
2663 1463 2859 1533 populo
2900 1464 3069 1534 ejecta
3101 1467 3281 1523 lancea
3300 1511 3314 1535 ,
3348 1471 3496 1525 fruu-

1912 1554 2016 1601 tem
2039 1548 2156 1618 ejus
2179 1549 2346 1605 illisit.
2364 1553 2540 1609 Atille
2564 1554 2663 1609 hoc
2690 1555 2797 1615 ictu
2822 1558 3080 1627 turbatus,
3107 1564 3260 1632 quasi
3284 1580 3492 1635 amens,

1910 1637 2141 1707 gladium
2163 1637 2361 1709 ejicere
2390 1650 2623 1710 tentans,
2652 1646 2720 1703 ab
2746 1648 3046 1705 astantibus
3073 1652 3144 1706 ita
3178 1652 3487 1717 lancearum

1912 1729 2248 1786 multitudine
2294 1732 2583 1799 sauciatur,
2628 1744 2684 1789 nt
2731 1738 2922 1795 deﬁxis
2966 1740 3017 1795 in
3066 1741 3322 1797 lateribus
3370 1749 3489 1813 ejus

1910 1820 2150 1889 spiculis,
2176 1831 2231 1876 et
2253 1826 2681 1880 sustentantibus
2709 1827 3010 1896 hastilibus,
3034 1832 3097 1885 ad
3119 1840 3488 1897 terramyuee

1833 1922 1885 1984 Β
1912 1924 2015 1964 non
2045 1920 2243 1983 posset.
2275 1912 2543 1970 lnterl'eeti
2574 1927 2770 1973 suntet
2798 1922 2948 1988 pauci
2973 1922 3061 1992 qui
3082 1938 3202 1985 cum
3229 1940 3294 1980 eo
3309 1940 3485 1994 erant,

1910 2002 2247 2071 expositique
2278 2003 2329 2058 itt
2361 2017 2554 2075 campo
2599 2008 2781 2063 simul.
2814 2010 2930 2066 ,ΡΙ-ο
2960 2013 3152 2083 quibus
3172 2016 3265 2071 ,vix
3293 2018 3486 2074 obten-

1909 2102 2020 2147 tum
2065 2094 2164 2149 fuit
2210 2110 2335 2151 cum
2362 2098 2723 2168 principibus,
2763 2113 2822 2157 ιιι
2853 2111 3010 2160 terra:
3042 2109 3487 2169 reconderentnr.

1909 2183 2033 2239 Fuit
2054 2194 2234 2241 autem
2258 2187 2345 2243 hic
2374 2189 2431 2245 in
2455 2200 2576 2246 actu
2606 2189 2759 2259 levis,
2783 2196 3019 2256 avaritias
3042 2199 3281 2267 inhians,
3306 2218 3485 2259 rerum

1906 2277 2199 2331 alienarum
2228 2278 2365 2334 ultra
2397 2281 2614 2337 modum
2640 2285 2885 2351 cupidus,
2918 2289 3171 2347 omnibus
3192 2290 3401 2361 jnrans,
3433 2305 3488 2351 ut

1909 2369 2039 2427 nulli
2069 2371 2327 2437 promissa
2350 2372 2667 2443 adimplens.
2692 2375 2842 2435 Uxor
2864 2388 3042 2433 autem
3071 2381 3188 2453 ejus
3218 2386 3415 2445 cumhl
3445 2404 3489 2440 IS

1909 2462 2107 2516 exsilio
2138 2462 2259 2519 data
2289 2475 2394 2532 eat,
2428 2481 2619 2536 resque
2640 2465 2779 2521 illius
2809 2470 2935 2525 lisco
2956 2470 3164 2527 collatae
3194 2486 3339 2530 sunt.
3361 2477 3491 2536 Mul-

1911 2552 2082 2608 titudo
2109 2565 2288 2609 autem
2317 2557 2433 2610 auri
2476 2558 2787 2628 argentique
2815 2576 2878 2615 ac
2906 2560 3238 2619 diversarum
3268 2570 3485 2636 specie-

1906 2658 2027 2699 rum
2061 2645 2117 2702 in
2152 2646 2271 2718 ejus
2312 2648 2539 2718 regestis
2588 2660 2798 2721 reperta
2838 2662 2942 2711 est.
2986 2653 3094 2709 Sed
3147 2664 3201 2710 et
3245 2672 3364 2728 quae
3387 2661 3488 2719 sub

1908 2739 2055 2793 tem
2081 2736 2455 2807 absconderat,
2486 2740 2800 2799 stimulante
2831 2745 3159 2801 conscientia
3193 2746 3489 2815 iniquitatis

1909 2840 2039 2899 sue,
2076 2847 2181 2890 non
2206 2834 2492 2890 latuerunt.
2516 2833 2712 2890 Ariolis
2738 2851 2800 2892 ac
2826 2838 3062 2899 sortibus
3085 2840 3280 2910 saepius
3311 2843 3489 2902 uteba-

1910 2934 2019 2995 tur,
2054 2940 2119 2981 ex
2149 2925 2342 2995 quibus
2367 2925 2543 2981 futura
2575 2941 2904 2998 cognoscere
2924 2930 3149 3005 cupiens
3169 2972 3185 2998 ,
3228 2934 3492 2993 remansit

1911 3015 2119 3070 illusus.

1983 3104 2077 3160 XI.
2110 3105 2219 3160 Rex
2248 3119 2377 3161 vere
2409 3104 2852 3161 'Guntchramnus
2900 3121 3020 3162 cum
3071 3118 3264 3178 nepote
3304 3125 3401 3164 suo
3427 3126 3492 3165 ac

1911 3197 2113 3265 reginis
2131 3210 2316 3266 pacem
2340 3196 2589 3261 ﬁrmavit,
2624 3198 2762 3251 datis
2783 3198 2881 3253 sibi
2903 3199 3012 3253 invi
3036 3214 3131 3255 rem
3158 3200 3489 3270 "itineribus,

1916 3302 1980 3340 ac
2030 3286 2283 3342 stabilitis
2322 3286 2500 3342 causis
2546 3288 2803 3355 publicis,
2844 3289 3045 3357 epulati
3095 3298 3220 3343 sunt
3271 3292 3490 3359 pariter.

1915 3377 2189 3433 Laudabat
2220 3377 2362 3433 enim
2385 3376 2669 3433 Dominum
2699 3377 2808 3451 [AL
2842 3379 3029 3450 Deum]
3061 3380 3495 3441 Guntclnamttus

1918 3485 2009 3526 rex
2034 3511 2048 3535 ,
2075 3470 2264 3525 dicens
2291 3484 2308 3524 :
2341 3467 2534 3524 Refero
2567 3470 2663 3524 tibi
2695 3472 2961 3525 maximas
2987 3471 3184 3541 gratias
3206 3510 3220 3536 ,
3251 3474 3491 3539 omnipo.

1917 3567 2036 3616 tens
2061 3560 2221 3626 Deus,
2252 3559 2341 3630 qui
2370 3560 2499 3615 mihi
2523 3559 2815 3629 praestitisti
2846 3569 2903 3622 ut
2926 3562 3104 3617 videre
3130 3578 3335 3618 merear
3357 3562 3497 3627 ﬁlios

1918 3653 1986 3708 de
2017 3653 2125 3707 lilio
2156 3667 2277 3708 meo
2299 3652 2663 3708 Childeberto.
2692 3651 2853 3713 ,Unde
2879 3668 2983 3708 non
3018 3668 3103 3709 me
3131 3664 3257 3722 puto
3299 3670 3475 3731 usque-

1920 3760 2128 3815 quaque
2155 3759 2186 3799 a
2214 3755 2300 3798 tua
2325 3743 2598 3813 Majestate
2620 3742 2861 3798 relictum
2880 3784 2896 3810 ,
2924 3743 3015 3812 qni
3047 3744 3179 3805 mihi
3202 3745 3315 3799 haec
3359 3761 3498 3815 prae-

1922 3834 2127 3903 stitisti,
2161 3842 2219 3888 ut
2242 3832 2451 3888 videam
2485 3833 2620 3888 filios
2651 3832 2746 3889 lilii
2771 3834 2901 3888 mei.
2924 3834 3077 3891 Tunc
3102 3834 3419 3903 Dynamium
3443 3845 3497 3890 et

1922 3925 2126 3995 Lupum
2177 3926 2366 3980 ducem
2424 3924 2662 3986 redditos
2712 3940 2807 3983 rex
2849 3924 3222 3981 Childebertus
3267 3926 3497 3995 recepit.

1920 4017 2217 4072 Cadurcum
2266 4015 2597 4073 Brnnichildi
2641 4015 2839 4085 reginae
2888 4013 3106 4071 refudit.
3158 4015 3222 4078 Et
3261 4020 3341 4069 s;c
3378 4029 3497 4068 cum

1922 4122 2067 4178 pace:
2080 4117 2134 4161 et
2160 4106 2352 4176 gaudio
2381 4108 2573 4161 iterum
2602 4114 2759 4174 atque
2782 4106 2974 4160 iterum
3001 4105 3111 4161 Deo
3134 4106 3329 4175 gratias
3347 4121 3498 4175 agen-

1924 4209 2025 4267 tes,
2053 4198 2369 4268 conscriptis
2391 4198 2724 4267 pactionibus
2750 4196 2795 4266 τ,
2824 4197 2982 4275 431
3009 4210 3069 4252 se
3095 4209 3498 4251 remunerante.

1922 4300 1977 4348 et
2003 4291 2328 4357 osculantes,
2352 4302 2628 4358 regressus
2643 4296 2727 4347 cst
2746 4288 3109 4358 unusquisque
3133 4287 3497 4347 adcivitatem

1923 4398 2103 4441 suam.

1994 4499 2107 4561 XII.
2138 4495 2562 4552 CltildehertuSI
2596 4489 3127 4559 vere.rex,.collecto
3143 4490 3406 4558 exercitu,
3435 4492 3498 4547 ad

1926 4589 2102 4645 locum
2123 4584 2280 4656 dirigi
2300 4584 2460 4657 jubet
2509 4585 2561 4636 in
2597 4597 2703 4655 quo
2721 4580 2889 4643 .Ursio
2912 4596 2977 4639 ac
3008 4579 3390 4641 Berthefwdus
3419 4583 3500 4643 in-

224 4656 431 4755 uquamv,
463 4681 556 4738 sed
587 4682 890 4738 transmitte
919 4681 1140 4738 abbates
1173 4690 1228 4738 et
1265 4684 1496 4738 creditos
1521 4692 1545 4721 ο
1576 4656 1730 4752 tuos,
1763 4698 1819 4740 ut
1849 4656 1901 4716 θ
1925 4682 2061 4739 clusi
2091 4656 2460 4737 morabantur.
2489 4673 2793 4730 Erat'enim
2820 4673 2944 4729 villa
2973 4674 3024 4729 in
3050 4689 3185 4749 pago
3214 4667 3468 4735 Vabrensi
3487 4715 3501 4738 .

227 4774 355 4827 inec
401 4789 523 4842 qua:
560 4773 747 4842 loquor
795 4781 1084 4843 exponant.
1132 4773 1507 4828 Verumtamen
1555 4790 1659 4829 non
1703 4777 1817 4833 haec

239 4865 373 4933 regi,
403 4873 463 4922 ut
490 4872 662 4928 erant,
699 4863 939 4917 nuntiata
968 4869 1094 4917 sunt
1113 4904 1127 4930 ,
1161 4861 1257 4918 sed
1286 4862 1536 4925 dixerunt
1560 4867 1699 4935 quod
1732 4869 1819 4923 hic

239 4956 307 5011 ab
345 4960 602 5027 episcopo
628 4954 1020 5016 deierrsaretur.
1047 4952 1202 5013 Unde
1245 4954 1440 5011 factum
1471 4964 1556 5013 est
1588 4967 1645 5017 ut
1679 4973 1818 5019 cum.

242 5178 299 5225 et
335 5167 613 5225 Mosellam
643 5165 777 5231 sito,
804 5164 871 5219 ad
910 5163 1054 5232 ripas
1100 5161 1403 5228 Alisontiat.
1437 5162 1598 5223 Oros:
1624 5177 1677 5223 et
1705 5164 1825 5225 Cari

243 5239 549 5301 ﬂutuinum,
599 5237 683 5305 qni
712 5249 871 5305 pagus
918 5234 1057 5291 duos
1101 5243 1325 5305 autrtres
1358 5234 1647 5305 comitatus
1675 5252 1825 5293 com-

238 5310 604 5379 ptectebatur,
622 5308 625 5311 “
644 5303 1070 5379 Scarponensem
1096 5303 1336 5379 scilicet,
1358 5303 1750 5379 Virdunettsetn
1775 5316 1828 5363 et

227 5373 700 5432 vilztstereiensem.
720 5376 949 5429 Vocatur
976 5373 1296 5445 etiamnunc
1318 5376 1512 5445 lergays
1534 5375 1826 5445 deVaivre.

240 5448 382 5502 Nide
406 5448 501 5501 lib.
522 5462 584 5505 ,ιν
614 5445 684 5499 de
706 5462 762 5499 re
787 5444 1153 5514 DiplontatiCa,
1179 5459 1327 5501 num.
1361 5442 1483 5514 ηιξ,
1507 5444 1648 5499 Cave
1668 5448 1827 5501 etiam

252 5536 320 5573 ne
359 5516 656 5571 confundas
689 5514 828 5569 hunc
855 5513 1042 5568 locum
1082 5514 1240 5567 simul
1272 5528 1392 5566 eum
1448 5513 1699 5568 Vabrensi
1736 5532 1829 5570 ca-

250 5600 385 5645 stro.
408 5591 565 5654 vulgo
592 5584 852 5654 Vabresen
876 5583 1167 5654 Ιίυιιεζςιιιεεἱ
1193 5584 1279 5637 ubi
1308 5584 1686 5638 monasterium
1704 5588 1832 5641 sede

1078 5653 1189 5715 XII,
1212 5654 1479 5711 distractis
1526 5670 1588 5709 ex
1633 5655 1834 5713 ιιυιιιθ-

1486 5740 1501 5763 ἵ

248 5653 545 5726 episcopali
581 5658 732 5713 auxit
760 5653 998 5709 Joannes

237 5723 407 5783 .neitsi
430 5726 650 5783 diceeesi
681 5726 885 5792 aliquot
913 5723 1197 5791 parochiis.

325 5807 350 5866 ξι
375 5796 593 5866 Βεειιι..
615 5801 675 5851 ab
702 5795 904 5847 homine
931 5794 1123 5861 iniquo.

304 5865 350 5910 )
382 5863 545 5925 ,Coi‘i).
566 5882 643 5930 a.,
668 5880 924 5929 nunquam
949 5871 1010 5913 ab
1038 5878 1095 5914 eo
1120 5863 1375 5921 recedam.

699 5987 975 6050 Paxaea.
1013 5982 1239 6049 LXXI,

1921 4775 2004 4828 cui
2035 4770 2345 4827 imminebat
2371 4785 2525 4825 mons
2552 4767 2770 4823 arduus.
2804 4765 2859 4821 In
2884 4768 3041 4836 hujus
3058 4768 3331 4829 cacumine
3363 4768 3505 4823 basi-

1922 4865 2078 4919 licam
2111 4864 2164 4916 in
2191 4862 2397 4917 honore
2417 4858 2589 4916 Sancti
2613 4875 2677 4917 ac
2702 4858 2995 4917 beatissimi
3021 4858 3507 4918 M‘artiniqconstru-

1919 4958 2001 5019 ιὶι
2022 4952 2071 5011 ¹¹ο
2105 4952 2371 5017 Ferebant
2397 4950 2541 5011 enim
2583 4950 2657 5007 ibi
2696 4955 2931 5011 castrum
2961 4947 3261 5017 ιιιιιίιμιίιιιε
3294 4949 3504 5013 (masc;

2013 5176 2035 5204 ε
2078 5162 2230 5231 Apud
2254 5160 2574 5225 Andelaum.
2605 5156 2743 5231 Vide
2759 5157 3060 5231 inﬁmam.
3082 5158 3159 5231 fit)

2009 5232 2035 5272 ἀ
2078 5226 2168 5288 8ιό
2191 5232 2312 5286 Dec.
2345 5241 2400 5285 et
2425 5230 2556 5285 Mor.
2584 5228 2834 5295 s.;editi,
2863 5226 3207 5297 [altitudinum

1938 5313 2035 5431 Μ’
2078 5304 2133 5426 Id
2164 5310 2244 5358 est
2270 5301 2405 5357 lidos
2431 5300 2680 5366 clericos,
2707 5314 2800 5359 seu
2827 5300 2965 5358 alios
2995 5301 3283 5363 familiares
3314 5302 3514 5370 quibus

2014 5388 2104 5428 ere
2132 5414 2145 5426 .

1974 5376 2145 5435 deret.

2016 5444 2035 5483 τ
2080 5440 2554 5501 ltel’eruntttrjtdra
2587 5453 2705 5509 cap.
2734 5438 2824 5495 ΞΟ.

1935 5556 1941 5568 ,
2015 5525 2039 5563 ες
2084 5515 2197 5568 Hoc
2222 5521 2383 5580 caput
2406 5520 2460 5566 et
2483 5510 2590 5567 duo
2606 5504 2963 5579 séqq.desuut
2989 5511 3044 5565 in
3063 5510 3179 5562 Vat.
3201 5514 3257 5580 et
3276 5504 3429 5580 Colh.
3455 5518 3505 5580 af.

2010 5583 2040 5625 ιι
2086 5576 2301 5653 licgmq'
2311 5581 2544 5638 basilica.
2556 5621 2565 5635 .
2576 5621 2599 5653 .A
2612 5576 2912 5653 constructa
2927 5580 3187 5653 habetur.
3199 5577 3342 5653 lianc
3374 5576 3517 5631 basi"-

1924 5658 2097 5713 .lieam
2123 5646 2412 5721 putateam
2443 5665 2562 5721 esse
2582 5651 2856 5712 Valesius,
2889 5665 3046 5718 quam
3090 5646 3368 5721 Uliilaicus
3410 5661 3511 5721 ‘su-

1942 5742 2032 5794 pra
2065 5716 2155 5778 lib.
2184 5738 2296 5789 vm,
2321 5738 2438 5789 cap.
2471 5716 3517 5794 15,memoratus,consuluissedicitur

1928 5786 2110 5865 prope
2143 5786 2414 5863 Eposium',
2448 5790 2589 5865 quod
2618 5788 3099 5859 oppidumeratin
3124 5788 3385 5841 comitatu
3415 5786 3518 5844 Va-

1927 5880 2144 5923 .Dl‘CllSl.

2973 5974 3052 6039 15
