3966 6348
499 384 597 439 891
1490 388 1549 445 S.
1587 386 1916 445 GREGORII
1958 384 2259 442 EPISCOPI
2312 383 2734 445 flLRONENSIS
3648 399 3777 453 4εῆ

487 495 589 548 ωδ
623 506 758 546 nunc
785 490 965 565 [Forte
991 491 1137 566 tunc]
1161 508 1265 549 non
1295 509 1422 551 cura
1455 507 1502 569 ιι,
1530 500 1624 555 sed
1654 510 1841 556 natura
1870 510 2069 556 tantum
2100 503 2147 564 Α
2176 507 2351 553 autem
2379 501 2458 554 his
2480 501 2669 555 diebus
2702 503 3145 571 pertimescente;
3177 522 3354 575 regem
3385 548 3398 571 ,
3429 506 3480 561 in
3511 508 3647 563 alias
3677 528 3774 565 re-

491 585 752 638 munitum
784 594 917 639 erat.
944 585 999 639 1η
1031 585 1129 642 huc
1154 602 1282 655 ergo
1314 589 1526 644 basilica
1555 606 1677 646 cum
1716 593 1877 647 rebus
1908 603 2071 663 atque
2175 587 2361 655 gioncs
2390 589 2789 645 abscesserunt.
2813 591 3063 646 Nonnulli
3089 597 3250 647 etiam
3285 611 3312 647 a
3343 598 3577 665 primatu
3607 599 3776 655 duca.

492 674 755 729 uxoribus
776 686 827 729 et
856 674 1054 730 familia
1104 692 1163 732 se
1191 678 1441 733 antedicti
1483 682 1876 736 concluserant.
1908 683 2070 737 Com-
2174 684 2256 729 “IS
2285 680 2477 733 remuli
2525 692 2683 749 sunt,
2707 681 2759 736 in
2790 697 3020 753 Quorum
3068 687 3315 741 ordinem
3354 689 3443 741 alii
3480 704 3787 746 successe—

484 762 640 819 'tnoto
667 781 795 835 ergo
820 770 1081 833 exercitu,
1110 770 1247 824 sicut
1283 770 1549 837 diximus,
1570 770 1945 829 Cltildebertus
1975 789 2069 830 rex
2178 777 2324 822 Nm-

492 856 621 910 illuc
666 856 819 925 dirigi
856 858 1028 926 jubet.
1071 859 1446 916 Verumtamen
1492 866 1746 919 commoti
1791 866 2065 930 homines,

492 961 774 1021 antequam
807 953 870 1005 ad
899 968 991 1007 eos
1034 953 1383 1021 accederent,
1417 957 1720 1028 ubicunque
1761 967 1853 1012 aut
1884 959 2067 1027 villas,

490 1050 584 1094 aut
609 1057 695 1095 res
716 1040 907 1094 eorum
927 1034 1492 1123 reperire‘potuerunt,
1527 1049 1705 1101 omnia
1729 1048 1981 1102 incendio
2002 1064 2066 1105 ac

492 1130 685 1199 pra-dte
714 1132 1067 1186 tradiderunt.
1115 1136 1446 1190 Accedentes
1476 1146 1655 1193 autem
1695 1139 1761 1192 ad
1805 1138 1946 1193 hunc
1979 1140 2065 1193 io-

489 1236 649 1286 cum,
692 1222 756 1276 ad
809 1233 1042 1278 montem
1084 1239 1145 1279 se
1188 1228 1516 1295 proripiunt,
1547 1240 1600 1283 et
1642 1230 1913 1285 basilicam
1943 1246 2064 1286 cum

487 1316 653 1368 armis
681 1315 900 1370 vallant.
944 1317 1216 1372 llabebant
1256 1329 1434 1375 autem
1472 1321 1622 1391 quasi
1650 1320 1677 1360 δ
1718 1324 1907 1378 ducem
1940 1334 2066 1381 tunc

490 1406 851 1475 Godegisilum
878 1451 891 1473 ,
926 1409 1054 1475 Lupi
1088 1409 1238 1464 ducis
1268 1427 1540 1482 generum.
1572 1412 1811 1484 Cumque
1851 1431 1944 1470 eos
1972 1432 2065 1471 ex-

500 1496 715 1550 trahere
760 1497 826 1553 (le
872 1498 1085 1552 basilica
1120 1515 1222 1553 tton
1255 1502 1524 1567 valerent,
1568 1504 1744 1573 ignem
1791 1508 2065 1575 applicare

486 1590 747 1643 nituntur.
771 1591 919 1656 Quod
941 1604 1167 1664 cernens
1188 1591 1363 1656 Ursio,
1391 1595 1665 1650 accinctus
1695 1596 1891 1665 gladio.
1908 1598 2061 1654 foras

484 1692 736 1746 egressus
761 1687 860 1731 est.
891 1678 1163 1748 Tantaque
1193 1679 1339 1735 cmde
1369 1681 1466 1735 hos
1494 1685 1583 1753 qui
1614 1672 1927 1742 obsidebant
1949 1703 2060 1742 ma-

482 1768 668 1831 ctavit,
711 1775 768 1820 ut
809 1779 1147 1838 quotcunque
1180 1770 1231 1823 in
1263 1770 1379 1840 ejus
1410 1776 1920 1844 contemplationem
1956 1779 2057 1835 ad-

2244 858 2377 913 Xlll.
2426 860 2862 918 Guntchramnus
2902 878 3032 919 vero
3078 865 3416 932 Baddonem,
3457 882 3614 936 quem
3659 883 3767 938 pro

2168 951 2392 1006 crimine
2412 952 2708 1020 maiestatis
2734 955 2980 1024 superius
2995 957 3226 1011 vinctum
3241 957 3470 1011 diximus
3487 957 3623 1028 (Lib.
3640 974 3761 1022 vnt.

2167 1056 2280 1113 cap.
2309 1042 2423 1114 4i),
2455 1045 2504 1096 in
2531 1045 2865 1111 praesentiam
2896 1062 3047 1102 suam
3073 1047 3253 1103 venire
3277 1047 3475 1118 jussit;
3502 1066 3552 1104 et
3579 1060 3762 1105 trans-

2169 1133 2386 1190 mittens
2411 1152 2580 1204 usque
2627 1137 2899 1203 Parisios,
2946 1139 3065 1193 ait:
3101 1141 3160 1196 Si
3208 1156 3330 1195 eum
3377 1158 3500 1196 cum
3548 1142 3761 1199 idoneis

2169 1224 2470 1281 hominibus
2493 1227 2856 1299 Fredegundis
2873 1230 2941 1286 ab
2965 1232 3062 1286 bac
3081 1233 3295 1288 actione
3325 1250 3430 1304 qua
3454 1235 3755 1302 impetitur,

2168 1314 2456 1371 immunem
2502 1315 2710 1384 fecerit,
2760 1320 3016 1376 abscedat
3067 1321 3222 1390 liber,
3258 1333 3312 1378 et
3362 1341 3469 1394 quo
3518 1326 3754 1380 voluerit

2165 1416 2273 1460 eat.
2305 1407 2409 1461 Sed
2432 1408 2650 1463 veniens
2678 1408 2934 1476 Parisios,
2960 1412 3142 1466 nullus
3167 1414 3232 1467 de
3264 1422 3412 1482 parte
3442 1425 3753 1470 memorata

2165 1495 2403 1551 mulieris
2441 1498 2641 1565 adfuit,
2687 1500 2777 1570 qui
2822 1517 2945 1556 eum
3001 1504 3251 1558 idooeum
3284 1505 3511 1560 reddere
3544 1517 3752 1575 posset.

2163 1587 2313 1643 Tunc
2340 1590 2544 1644 vinctus
2566 1601 2620 1646 et
2640 1598 2844 1648 catenis
2865 1604 3136 1657 oneratus,
3161 1597 3261 1650 snb
3292 1600 3458 1650 ardua
3498 1597 3747 1652 custodia

2161 1681 2226 1732 ad
2256 1681 2438 1736 urbem
2457 1682 2883 1740 Cabillonensem
2908 1686 3158 1741 reductus
3178 1697 3283 1742 est.
3302 1686 3407 1741 Sed
3465 1699 3643 1756 postea
3668 1688 3752 1742 in-

2163 1773 2583 1826 tercurrentibns
2606 1774 2824 1841 nuntiis,
2844 1784 2900 1829 et
2920 1778 3213 1844 praesertim
3238 1777 3573 1831 Lrudovaldo
3600 1777 3751 1845 Bajo.

483 1857 785 1923 venissent,
836 1858 1011 1911 nullus
1059 1860 1242 1914 vivens
1288 1875 1567 1919 remanere
1616 1868 1806 1932 possit.
1868 1869 1945 1925 lbi
2004 1863 2372 1931 ethassino
2398 1866 2956 1933 pontiﬁce,dimissus
2979 1868 3042 1920 ad
3067 1866 3476 1937 propriatediit.
3499 1867 3749 1922 Graviter

479 1948 767 2002 Trudulfus
797 1958 819 1987 ο
858 1949 1036 2017 palatii
1062 1951 1251 2020 regalis
1278 1965 1461 2008 comes
1483 1956 1700 2022 cecidit,
1733 1968 1787 2014 et
1815 1960 1967 2015 multi
1988 1961 2058 2017 de

480 2036 583 2093 hoc
603 2038 841 2093 exercitu
878 2043 1130 2108 prostrati
1178 2053 1325 2097 sunt.
1360 2045 1601 2116 Cumque
1631 2048 1741 2117 jam
1782 2051 1958 2105 nullus
1989 2054 2058 2109 de

475 2128 627 2184 caede
650 2129 894 2186 Ursionis
920 2141 1199 2187 erueretur
1228 2130 1280 2203 ἀ,
1305 2136 1482 2190 subito
1522 2152 1813 2206 percussus
1851 2159 1880 2195 a
1918 2159 2058 2215 quo-

474 2223 599 2278 dam
626 2225 679 2277 in
711 2225 930 2290 femore,
958 2224 1372 2298 debilitatusque
1401 2229 1467 2284 ad
1509 2240 1711 2286 terram
1739 2236 1865 2300 ruit,
1891 2246 1947 2290 et
1978 2239 2059 2293 sic

478 2329 643 2383 super
665 2329 786 2368 eum
814 2315 1092 2371 ruentibus
1118 2317 1238 2373 aliis
1260 2322 1418 2374 vitam
1440 2322 1629 2377 finivit.
1654 2324 1804 2392 Quod
1831 2342 2057 2399 cernens

476 2403 829 2472 Godcgisilus,
853 2405 1083 2460 clamare
1100 2408 1265 2477 cmpit
1288 2424 1352 2463 ac
1382 2411 1563 2467 dicere
1589 2430 1601 2465 :
1630 2413 1749 2469 Fiat
1773 2432 1909 2471 nunc
1932 2434 2057 2489 pax,

456 2494 603 2551 «ecce
632 2499 893 2552 maximus
921 2501 1170 2556 inimicus
1197 2504 1534 2560 dominorum
1572 2518 1879 2564 nostrorum
1912 2516 2054 2571 ruit:

475 2590 564 2645 hic
593 2606 721 2644 vero
751 2592 1130 2649 Bertbefredus
1161 2586 1324 2649 vitam
1359 2596 1575 2652 habeat.
1608 2599 1735 2655 Haec
1776 2617 1843 2655 eo
1871 2603 2054 2658 dicen-

480 2691 567 2746 te,
594 2697 715 2737 cttm
745 2684 915 2738 omnis
944 2684 1169 2755 populus
1210 2687 1277 2740 ad
1307 2686 1662 2757 direptionem
1708 2692 1911 2757 rerum,
1937 2711 2057 2765 quae

482 2775 535 2829 in
560 2774 775 2830 basilica
811 2776 1060 2832 adunatte
1101 2779 1347 2844 fuerant,
1391 2770 1639 2850 initiaret,
1678 2784 2057 2847 Berthefredus

474 2879 701 2919 ascenso
723 2867 902 2935 equite
934 2867 998 2921 ad
1028 2862 1451 2925 Viridunensem'
1476 2875 1664 2927 urbem
1694 2860 1916 2949 dirigit,
1956 2885 2029 2934 lin

471 2975 577 3028 que
606 2960 657 3013 in
686 2963 919 3014 oratorio
956 2962 1093 3031 quod
1126 2964 1177 3017 in
1206 2966 1365 3018 domo
1388 2966 1757 3023 ecclesiastica
1794 2968 1913 3024 erat
1937 2959 1961 3034 ,l
1984 2985 2049 3027 se

476 3051 635 3105 tutari
666 3061 878 3120 putans,
906 3053 1201 3118 praesertim
1229 3069 1348 3110 cum
1378 3064 1431 3110 et
1457 3056 1569 3124 ipse
1599 3060 1838 3127 pontifex
1867 3064 2054 3131 Ageri-

469 3142 648 3198 cns'in
682 3142 779 3197 hac
818 3143 977 3196 domu
1008 3144 1287 3199 resideret.
1322 3144 1484 3218 432
1522 3148 1625 3204 Sed
1672 3164 1792 3203 cum
1835 3134 2052 3209 Childe-

2163 1965 2287 2008 tunc
2320 1956 2538 2010 morbus
2559 1957 2928 2028 dysentericus
2966 1959 3103 2027 apud
3130 1958 3443 2013 Hettensem
3486 1959 3749 2013 saeviebat

2160 2046 2368 2099 urbem.
2393 2046 2487 2100 iis
2505 2046 2689 2101 diebus
2711 2061 2808 2101 nos
2830 2047 2953 2105 dum
2982 2050 3046 2102 ad
3063 2063 3347 2103 occursum
3368 2050 3511 2118 regis
3549 2064 3748 2119 prope-

2159 2147 2435 2201 raremus,
2469 2134 2760 2190 Wiliulfum
2786 2138 2956 2191 civem
2994 2136 3263 2192 Pictavuttt
3284 2178 3299 2203 ,
3328 2139 3540 2209 plenum
3571 2137 3744 2205 febre,

2160 2225 2261 2282 b-c
2300 2228 2487 2281 morbo
2532 2229 2859 2284 laborantem
2902 2229 2955 2284 itt
2978 2229 3061 2284 via
3106 2230 3447 2297 olfendimus,
3473 2230 3523 2283 id
3545 2239 3629 2282 est
3675 2232 3743 2282 ad

2162 2316 2519 2372 lthemcusem
2542 2318 2728 2372 urbem
2761 2335 2775 2371 :
2803 2319 2870 2373 de
2892 2334 2993 2390 qua
3023 2319 3292 2387 profectus
3320 2319 3473 2374 valde
3500 2319 3745 2375 exinani-

2160 2417 2268 2473 tus,
2286 2425 2405 2462 cum
2432 2410 2497 2463 ad
2526 2409 2685 2482 433
2703 2412 2886 2464 urbem
2922 2410 3241 2465 Parisiacam
3273 2425 3392 2464 cum
3422 2412 3531 2464 fil.o
3557 2424 3743 2463 uxoris

2157 2510 2267 2552 sua:
2296 2499 2546 2564 venisset,
2572 2501 2711 2569 apud
2739 2503 2914 2555 villam
2972 2502 3359 2571 liigoialensem
3392 2498 3412 2539 ί
3464 2502 3605 2555 facto
3656 2508 3742 2555 te-

2158 2598 2422 2644 stamento
2447 2592 2726 2646 delunctns
2746 2600 2861 2657 est;
2894 2608 3022 2661 puer
3036 2607 3179 2652 vero.
3206 2594 3293 2662 qui
3320 2600 3374 2646 et
3402 2591 3518 2658 ipse
3543 2591 3611 2644 ab
3638 2592 3741 2643 hoc

2158 2682 2411 2752 languore
2426 2685 2725 2751 tenebatur,
2739 2685 2865 2739 obiit
2878 2702 2892 2747 ;
2905 2697 2958 2740 et
2970 2685 3047 2739 sic
3060 2686 3257 2755 pariter
3280 2685 3329 2738 in
3347 2683 3490 2738 urbis
3507 2683 3742 2737 Pictava:

2156 2779 2649 2847 delatiterminum,
2690 2780 2929 2835 tumulati
2968 2788 3113 2835 sunt.
3151 2780 3292 2836 Uxor
3314 2794 3524 2849 quoque
3571 2777 3741 2848 ipsius

2155 2867 2378 2926 Wiliulfi
2424 2872 2578 2926 tertio
2606 2874 2882 2941 copulatur
2909 2872 3046 2936 viro,
3075 2871 3184 2926 [ilio
3215 2871 3415 2925 scilicet
3455 2870 3576 2941 Bep,
3596 2870 3742 2925 oleni

2155 2962 2307 3017 ducis
2338 2963 2448 3033 ,qni
2476 2972 2530 3018 et
2558 2964 2673 3034 ipse
2700 2964 2831 3018 duas
2849 2950 2981 3033 jaitt,
3010 2973 3066 3018 ut
3091 2946 3300 3019 celebre
3328 2963 3514 3029 fertur,
3544 2980 3742 3019 uxores

2157 3054 2307 3107 vivas
2336 3054 2642 3123 reliquerat.
2663 3054 2791 3109 Erat
2816 3056 2958 3110 enim
2990 3054 3120 3110 levis
3147 3065 3304 3125 atque
3332 3054 3652 3121 luxuriosus,
3682 3069 3741 3109 et

2156 3143 2282 3200 dum
2315 3145 2479 3198 nimio
2503 3144 2697 3200 ardore
2724 3144 3095 3201 fornicationis
3122 3153 3434 3208 arctaretur,
3460 3158 3522 3197 ac
3553 3144 3738 3198 relicta

486 3233 639 3288 beru»
666 3232 777 3302 regi
807 3233 1107 3291 nuntiatum
1136 3233 1357 3301 fuisset,
1385 3238 1633 3310 effugisse
1671 3241 1882 3298 scilicet
1927 3243 2052 3300 Ber-

2160 3234 2390 3305 conjuge
2424 3249 2545 3290 cum
2578 3235 2880 3290 l‘amulabus
2909 3236 3224 3300 accubaret,
3252 3234 3543 3290 ethrcns
3571 3234 3741 3303 legiti-

469 3317 801 3392 tbefrcdurn,
833 3328 1110 3397 perculsus
1137 3328 1313 3383 cordis
1340 3328 1547 3397 dolore,
1579 3333 1655 3387 ait
1679 3351 1691 3385 :
1715 3332 1774 3389 Si
1797 3334 1881 3390 hic
1909 3351 2052 3391 mor-

480 3424 587 3471 tem
611 3419 873 3483 evaserit,
901 3433 1004 3473 non
1028 3419 1217 3481 evadet
1240 3420 1580 3494 Godegisilus
1599 3432 1624 3462 ο
1653 3440 1841 3482 manus
1880 3442 2049 3499 meas,

475 3506 756 3563 Nesciebat
784 3521 960 3564 tamen
986 3525 1079 3564 rex
1108 3525 1235 3566 eum
1262 3512 1315 3565 in
1339 3514 1557 3568 domum
1588 3517 1830 3571 ecclesia:
1859 3518 2052 3588 ingres-

471 3613 590 3652 sum
623 3599 805 3667 fuisse,
832 3599 926 3652 sed
957 3590 1111 3667 quasi
1146 3600 1196 3653 in
1222 3602 1496 3671 regionem
1521 3590 1682 3665 aliam
1720 3590 2048 3676 confugisse.

470 3691 621 3744 Tunc
647 3691 842 3745 timens
864 3690 1224 3759 Godegisiltts,
1252 3704 1524 3748 commoto
1553 3695 1745 3751 iterutn
1781 3699 2013 3753 exercitu
2032 3740 2051 3767 ,

473 3781 692 3834 domum
719 3780 964 3836 ecclesia:
988 3784 1213 3838 armatis
1241 3782 1420 3837 vallat.
1452 3785 1558 3842 Sed
1587 3801 1707 3840 cum
1731 3802 1852 3842 eum
1877 3789 2054 3858 ponti-

466 3872 560 3926 ‘fcx
586 3872 811 3927 reddere
834 3874 1094 3943 nequiret.
1111 3874 1203 3928 sed
1234 3873 1511 3931 defensare
1539 3888 1842 3942 conaretur,
1867 3892 2052 3937 ascen-

462 3966 660 4018 dentes
690 3977 845 4032 snpra
870 3972 1091 4031 tectum,
1112 3980 1233 4019 eum
1259 3964 1326 4020 ab
1350 3967 1478 4035 ipsis
1508 3969 1696 4040 tegulis
1716 3985 1777 4024 ac
1806 3970 2052 4027 maceriis

470 4052 579 4126 (At.
606 4053 897 4125 materiis],
921 4057 1111 4126 quibus
1147 4058 1438 4113 oratorium
1478 4070 1723 4129 opertum
1769 4072 1917 4129 erat,
1948 4064 2053 4118 illi-

468 4145 690 4210 dentes,
711 4145 1094 4203 interfecerunt
1118 4166 1130 4201 :
1156 4148 1334 4218 ibique
1354 4166 1472 4205 cum
1497 4152 1664 4208 tribus
1686 4156 1896 4212 famulis
1920 4151 2054 4211 mon}

470 4246 590 4291 tuus
620 4247 723 4294 est.
754 4239 973 4296 Multum
991 4257 1056 4295 ex
1090 4242 1190 4297 hoc
1214 4244 1497 4314 episcopus
1518 4245 1730 4314 dolens,
1758 4251 1901 4319 quod
1926 4265 2048 4306 eum

464 4345 575 4384 non
601 4332 771 4385 solum
800 4332 1083 4389 defensare
1114 4352 1219 4388 non
1252 4336 1444 4405 potuit,
1470 4353 1654 4393 verum
1680 4340 1848 4394 etiam
1874 4342 2048 4397 locum

464 4423 522 4477 in
549 4437 655 4491 quo
683 4438 841 4479 orare
878 4435 1266 4493 consueverat,
1310 4438 1366 4481 et
1399 4430 1449 4482 in
1481 4445 1589 4499 quo
1629 4444 1933 4487 sanctorum
1962 4434 2047 4507 pi-

469 4528 636 4581 gnora
681 4526 963 4583 aggregata
1007 4516 1254 4585 fuerant,
1299 4519 1561 4587 sanguine
1613 4523 1847 4578 humano
1888 4526 2047 4592 pollui

2156 3344 2301 3383 mum
2348 3329 2695 3395 connubium,
2735 3328 2874 3382 aliud
2914 3329 3195 3398 expetebat
3226 3340 3247 3381 :‘
3273 3328 3351 3382 sic
3391 3338 3446 3384 et
3488 3327 3738 3383 secundae

2157 3420 2286 3477 fecit
2315 3430 2368 3477 et
2393 3421 2537 3486 huic,
2566 3422 2648 3476 cui
2680 3421 2839 3477 tertio
2866 3421 3141 3492 copulatus
3167 3431 3270 3483 est,
3316 3421 3565 3491 ignorans
3592 3421 3738 3488 quod

2154 3512 2414 3580 Corruptio
2485 3511 2915 3582 incorruptionem
2980 3527 3082 3565 non
3143 3511 3412 3581 possidebit
3485 3510 3557 3579 (Ι
3614 3508 3737 3566 Cor.

2156 3616 2244 3665 xv,
2276 3599 2389 3671 50).

2224 3699 2359 3755 XIV.
2402 3699 2641 3754 Posthac
2669 3714 2789 3755 cum
2835 3697 3053 3770 Egidius
3083 3697 3401 3754 themensis
3446 3697 3594 3751 urbis
3623 3698 3741 3767 epi-

2150 3806 2367 3862 scopus,
2392 3791 2459 3847 de
2489 3792 2583 3846 illo
2610 3792 2833 3846 crimine
2864 3789 3157 3861 majestatis
3184 3807 3289 3862 quo
3316 3790 3557 3860 superius
3579 3790 3739 3862 (Cap.

2155 3886 2244 3955 12)
2279 3887 2557 3943 memorati
2588 3886 2849 3956 perempti
2897 3895 3039 3953 sunt,
3090 3897 3370 3956 suspectus
3410 3884 3739 3952 haberetur,

2150 3994 2271 4041 cum
2304 3979 2514 4049 magnis
2561 3977 2872 4033 muneribus
2914 3979 2979 4033 ad
3024 3977 3423 4032 Childebertum
3451 3979 3737 4043 accedens,

2155 4069 2364 4125 veniam
2401 4073 2759 4138 deprecatur:
2802 4071 2949 4140 prius
2976 4080 3151 4123 tamen
3183 4078 3517 4126 sacramenta
3563 4070 3739 4123 susci-

2152 4162 2305 4231 piens
2334 4162 2384 4216 in
2416 4160 2632 4217 basilica
2664 4164 2833 4217 sancti
2864 4162 3088 4233 Remigii
3113 4171 3167 4231 ι,
3197 4178 3264 4218 nc
3298 4162 3495 4232 aliquid
3521 4165 3645 4216 mali
3685 4163 3740 4217 in

2151 4253 2341 4309 itinere
2373 4262 2669 4324 pateretur;
2704 4267 3087 4326 susceptusque
3117 4268 3145 4306 a
3176 4268 3301 4323 rege
3327 4268 3449 4308 cum
3479 4268 3607 4323 pace
3631 4254 3740 4305 dis-

2149 4347 2330 4401 cessit.
2402 4343 2594 4401 Pacem
2652 4345 2811 4401 etiam
2876 4361 2999 4399 cum
3067 4344 3215 4416 Lupo
3268 4346 3403 4400 duce
3465 4344 3738 4408 obtinuit,

2151 4451 2308 4507 quem
2336 4436 2595 4492 instinctu
2622 4439 2738 4505 ejus
2772 4438 2841 4493 de
2878 4438 3183 4506 Campania:
3216 4437 3409 4492 ducatu
3437 4450 3597 4505 supra
3630 4452 3741 4489 nte-

2157 4526 2479 4580 moravimus
2508 4524 2649 4595 (Lib.
2683 4543 2753 4593 vt,
2784 4543 2901 4595 cap.
2930 4526 2989 4595 4)
3033 4528 3198 4583 fuisse
3238 4528 3540 4593 depulsum.
3588 4526 3741 4581 Unde

470 4603 622 4658 \idit.
656 4606 802 4660 Misit
829 4614 1007 4661 autem
1036 4607 1411 4664 Cltildebertus
1436 4626 1528 4665 rex
1558 4627 1680 4666 cum
1714 4616 2045 4683 muneribus,
2082 4601 2132 4664 θ
2159 4632 2251 4672 rex
2296 4614 2732 4671 Guntchramnus
2776 4618 2931 4671 valde
2958 4619 3012 4673 in
3040 4618 3447 4674 amaritudinem
3478 4617 3741 4671 excitatus

473 4703 533 4748 ut
560 4708 590 4747 a
619 4707 850 4749 maerore
875 4705 1258 4751 revocaretur:
1284 4699 1377 4754 sed
1406 4699 1569 4755 noluit
1589 4703 1877 4758 consolari.
1903 4706 2051 4760 Multi

546 4814 573 4877 ρ
608 4803 756 4877 idem
788 4804 909 4861 cod.
944 4806 1156 4877 Regm.,
1180 4810 1267 4864 sed
1292 4826 1393 4864 non
1416 4818 1704 4877 strucrura,
1729 4816 1818 4869 sed
1834 4827 2046 4873 natura.

542 4875 805 4951 b-_(_Jltesn.
832 4875 1122 4951 nonltabet
1145 4882 1308 4948 quasi.
1335 4875 1700 4951 Godegisilum
1722 4887 1909 4941 ducem
1936 4892 2048 4943 lau-

467 4948 560 5025 dat
590 4947 1035 5025 lt‘ortuttatushlib.
1067 4965 1105 5025 t,
1129 4947 1295 5025 carm.
1316 4950 1380 5025 _6,
1403 4947 1582 5025 sedis
1624 4955 1951 5025 tiallitnagni
2003 4962 2051 5013 li-

469 5020 594 5072 liatn
618 5017 1044 5091 tluxerat._l)uas
1068 5023 1225 5084 forte,
1245 5022 1287 5075 si
1315 5022 1453 5078 idem
1491 5024 1585 5091 sit,
1617 5040 1810 5083 uxores
1841 5017 2045 5086 bvabuit.

546 5097 571 5165 «ξ
615 5090 833 5165 tigrin,
871 5088 1204 5165 Tridulphus.
1240 5092 1387 5160 Bec.,
1420 5088 1715 5165 Tridtilfus.

546 5153 885 5240 {Sicilia-du
925 5153 1579 5237 alii,'cerneretur.'ﬂegttt.
1611 5153 1811 5233 autem,
1833 5185 2049 5240 cumque

413 5232 424 5242 '
486 5226 637 5281 Ursio
663 5243 693 5277 a
726 5228 865 5280 nullo
894 5244 1053 5281 creatis
1074 5243 1381 5290 cerneretur.

547 5305 573 5375 ξ
614 5295 852 5375 I_n_Col'h.
882 5313 955 5375 tn_.
982 5308 1034 5375 et
1057 5298 1243 5369 Regni.
1266 5304 1424 5375 deest
1444 5302 1790 5375 Godegisilus.

549 5366 581 5446 ι.
610 5366 758 5420 Alias
788 5364 1235 5446 R010iul_ttttt,:al_ll
1265 5372 1532 5439 lluolium,
1561 5364 1720 5446 vitlgo
1746 5379 1900 5445 liuet,
1925 5380 2046 5434 villa

472 5438 824 5520 regia,vt|ttatll.
853 5436 1074 5520 (Par-olus
1102 5439 1299 5520 Calvus
1324 5436 1682 5520 _r._tonasteri5
1704 5451 1770 5520 AS.
1805 5436 2045 5520 Dionysii

471 5509 713 5588 contulit.
741 5505 841 5588 .lhin
865 5506 1126 5588 hodieque
1154 5510 1281 5588 villa
1324 5512 1631 5588 liiclteliana
1668 5518 1872 5583 visitur,
1905 5505 2045 5588 pite-

471 5577 785 5653 clarissintis
819 5576 1053 5653 fontibus
1090 5580 1331 5653 insignis,
1357 5585 1727 5653 distinguenda
1752 5604 1777 5637 a
1808 5576 1933 5641 villa
1962 5605 2049 5643 cu-

472 5650 723 5724 guottriue
754 5652 805 5700 in
832 5649 1176 5715 Normannia,
1207 5649 1379 5715 liueil,
1412 5655 1478 5708 de
1508 5649 1606 5723 qua
1629 5670 1790 5724 supra
1826 5659 1916 5713 lib.
1950 5674 2023 5712 vx!

472 5731 590 5781 cap.
618 5719 703 5771 itl.

543 5790 567 5828 δ
596 5787 780 5855 Regni.
803 5801 858 5840 et
881 5787 1036 5843 Cotb.
1064 5804 1161 5856 m.,
1184 5792 1349 5849 sancti
1374 5791 1622 5851 liemedii.
1657 5796 1778 5853 [hcc
1805 5798 2045 5866 basilica,

534 5893 556 5917 ¹¹
582 5892 707 5945 Vide
732 5908 875 5956 supra
899 5912 1058 5953 natam
1083 5916 1223 5966 quam
1251 5913 1438 5968 pagtmc
1460 5908 1550 5960 225
1582 5910 1889 5970 subiecimus.
1908 5910 2043 5961 Eot-r.

2156 4719 2260 4775 est,
2290 4723 2355 4762 eo
2375 4707 2516 4778 quod
2546 4708 2593 4763 ei
2621 4708 2941 4778 promiserat
2972 4708 3170 4780 Lupus,
3203 4723 3471 4779 nunquam
3511 4723 3570 4763 se
3615 4723 3738 4762 cum

2156 4838 2276 4902 qua:
2297 4833 2453 4902 antea
2476 4825 2642 4877 sancti
2668 4821 3040 4902 Qhristopltori
3055 4822 3356 4902 dicebatur,
3370 4837 3454 4902 ex.
3472 4820 3739 4902 rodqar:

2157 4891 2248 4971 do,
2283 4894 2489 4945 ttnnttlo
2513 4904 2567 4948 et
2597 4893 2810 4971 crebris
2848 4894 3118 4947 miraculis
3165 4892 3455 4971 beatissimi
3503 4891 3736 4971 Remigii

2156 4963 2483 5019 Francorum
2509 4964 2735 5031 apostoli
2759 4965 3016 5017 illustrata
3043 4975 3096 5018 et
3119 4963 3347 5018 celebris
3368 4962 3505 5017 facta
3526 4972 3629 5015 est.
3662 4962 3738 5015 lbi

2155 5048 2364 5087 sacrum
2386 5034 2626 5087 Chrisma
2650 5042 2953 5089 asservatur
2974 5035 3040 5087 ad
3064 5048 3244 5103 regum
3275 5045 3580 5103 nostrorum
3608 5046 3741 5085 cou«

2154 5104 2580 5169 secrationem‘;
2626 5113 2681 5157 et
2724 5104 2938 5172 quidem
2983 5119 3048 5157 ex
3080 5102 3146 5157 iis
3178 5102 3449 5166 nonnulli,
3502 5102 3647 5172 sicut
3684 5110 3740 5155 et

2154 5174 2354 5243 aliquot
2372 5173 2592 5243 reginae,
2610 5171 2814 5243 ibidem
2839 5174 3132 5243 inaugurati
3153 5172 3470 5243 solemnitrr
3493 5171 3735 5226 fuerunt.

2155 5242 2209 5298 In
2235 5241 2295 5298 ea
2330 5241 2460 5298 vero
2504 5242 2722 5297 basilica
2761 5258 2867 5298 non
2911 5241 3085 5298 solum
3116 5245 3355 5313 plerique
3401 5241 3733 5313 [tltemorutu

2152 5313 2573 5391 archiepiscopi,
2602 5322 2695 5367 aut
2720 5314 3192 5391 aliinvirihntrbiles
3219 5311 3281 5369 et
3320 5311 3732 5391 principcs,_sed

2154 5387 2316 5438 etiam
2348 5385 2769 5438 Carolomannns
2805 5384 2984 5438 Caroli
3023 5386 3090 5438 Ill.
3136 5384 3334 5447 frater,
3390 5383 3738 5449 nonnullitu

2156 5456 2242 5505 alii
2278 5454 2598 5507 Francorum
2631 5469 2784 5523 reges
2812 5466 2863 5508 et
2891 5456 3085 5523 reginae
3123 5455 3318 5520 sepulti
3343 5452 3603 5523 SUI‘N.0§J
3641 5465 3736 5523 cur

2152 5524 2240 5590 jus
2270 5525 2634 5577 celebritatem
2666 5520 2720 5576 et
2743 5520 3137 5591 praerogativas,
3199 5524 3267 5576 ab
3290 5524 3443 5575 annis
3463 5522 3593 5575 circ.
3628 5520 3739 5575 δυο

2155 5593 2618 5671 archimon’asterii
2652 5595 2811 5671 titulo
2850 5593 3091 5671 gaudet;
3135 5594 3394 5663 hodieque
3429 5601 3738 5671 perseverat

2156 5664 2257 5715 sub
2277 5665 2465 5717 ordine
2493 5665 2662 5716 sancti
2690 5662 2955 5734 Benedicti
2979 5676 3032 5717 et
3052 5662 3515 5734 (iongregssancti
3545 5662 3736 5734 Mauri.

2160 5733 2315 5787 Plura
2338 5734 2382 5787 si
2413 5734 2584 5798 cupis,
2615 5732 2703 5787 adi
2739 5734 3122 5798 Frodoardunt,
3154 5728 3502 5787 ant'Marlm.
3527 5740 3673 5786 tumo
3712 5728 3735 5783 Ι

2159 5804 2466 5873 Metropolis
2494 5802 2834 5877 thcmensis,
2858 5804 2947 5859 lib.
2974 5819 3052 5869 ιιι,
3084 5819 3201 5872 cap.
3228 5802 3264 5855 ‘2
3287 5813 3339 5859 et
3360 5817 3511 5872 seqq.
