3966 6348
268 471 373 528 193

1234 463 1557 525 HISTORIA
1596 454 2048 520 FRANCORUM.
2093 455 2295 512 LIBER
2332 453 2579 512 NONUS.

3436 450 3541 507 49b

268 585 460 641 etatem
507 597 690 656 pacem
724 583 1003 648 facturum,
1040 584 1162 653 quia
1210 581 1400 636 luisset
1436 579 1584 649 regis
1612 575 1859 647 cognitus
1893 578 1936 627 Δ
1963 583 2235 624 secessum
2264 576 2386 625 exta
2434 564 2895 636 bistoriograpbus
2922 566 3157 622 narravit
3208 567 3467 624 Euseb'us
3487 567 3541 624 ⁸.

274 689 549 731 1311111808.
1000 718 1006 725 ,

348 766 465 821 XV.
522 767 681 836 lgitur
733 780 800 819 eo
845 764 1163 832 temporein
1225 762 1475 831 llispania
1528 757 1861 814 Richarcdus

274 873 393 923 rex,
424 864 779 923 compunctus
808 855 1155 910 miseratione
1184 851 1389 914 divina,
1420 851 1728 905 convocatis
1747 848 1865 917 epi-

276 948 459 1018 scopis
487 946 761 1017 religionis
787 960 919 1013 suae,
949 945 1023 1001 ait
1048 958 1062 997 :
1095 943 1205 999 Cur
1234 944 1369 998 inter
1400 956 1493 996 vos
1522 950 1577 995 et
1619 940 1867 995 sacerdo-

279 1048 361 1091 tes
386 1038 530 1101 illos,
560 1036 649 1106 qui
677 1050 737 1091 se
772 1035 1063 1091 catholicos
1080 1035 1299 1099 dicunt,
1332 1033 1533 1103 jugiter
1558 1032 1865 1085 scandalum

278 1136 643 1196 propagatur:
677 1136 731 1181 et
759 1141 881 1180 cum
916 1126 988 1180 i'li
1020 1140 1116 1195 per
1156 1123 1311 1178 [idem
1343 1138 1492 1176 suam
1531 1122 1678 1185 signa
1705 1120 1868 1175 multa

279 1216 591 1281 ostendant,
618 1230 715 1270 vos
743 1214 875 1269 nihil
907 1215 1010 1269 tale
1041 1228 1202 1285 agere
1224 1215 1447 1281 potestis
1470 1213 1534 1265 ιτ
1562 1213 1674 1277 Qua
1718 1211 1784 1265 de
1811 1225 1872 1266 re

282 1306 587 1368 convenite,
609 1318 813 1373 quaeso,
843 1302 1005 1374 434
1025 1304 1206 1364 simul,
1236 1311 1295 1356 et
1319 1302 1569 1356 discussis
1598 1303 1872 1370 utriusque

285 1397 453 1464 partis
473 1395 899 1459 eredulitatibus,
926 1408 1049 1464 qua:
1075 1409 1196 1449 vera
1223 1402 1341 1447 Stml
1366 1407 1788 1461 cognoscamus;
1817 1399 1873 1446 et

287 1502 417 1546 tunc
445 1497 539 1541 aut
573 1496 790 1554 accepta
818 1485 894 1539 illi
924 1499 953 1539 a
980 1484 1127 1538 vobis
1161 1485 1366 1539 ratione
1392 1500 1455 1539 ea
1496 1483 1717 1538 credant
1754 1497 1875 1553 qua:

288 1580 492 1643 dicitis,
521 1586 615 1632 aut
639 1587 788 1633 certe
817 1591 911 1631 vos
936 1577 1005 1631 ab
1035 1576 1140 1631 illis
1168 1577 1445 1631 veritatem
1476 1586 1829 1646 agnoscentes
1852 1616 1868 1642 ,

287 1688 407 1741 qna
437 1670 846 1742 praedicaverint
885 1683 981 1723 vos
1009 1668 1261 1723 credatis.
1308 1668 1460 1736 Quod
1506 1683 1626 1723 cum
1678 1667 1875 1723 factum

288 1763 501 1827 fuisset,
531 1762 871 1830 congregatis
897 1762 1171 1827 utriusque
1228 1761 1394 1827 partis
1438 1760 1724 1828 episcopis,
1755 1775 1878 1828 pro-

289 1864 586 1925 posuerunt
614 1853 851 1908 haeretici
880 1854 968 1908 illa
993 1868 1114 1920 qute
1142 1852 1338 1922 saepius
1359 1852 1426 1906 ab
1454 1851 1583 1920 ipsis
1605 1851 1743 1905 dicta
1763 1849 1874 1920 jam

289 1945 629 2013 scripsimus.
676 1942 934 1998 Similiter
964 1940 1359 2011 responderunt
1394 1939 1629 2010 episcopi
1680 1949 1878 1994 nostra

292 2038 572 2108 religionis
596 2051 656 2092 ea
686 2038 755 2091 de
783 2038 977 2107 quibus
1019 2036 1391 2092 haereticorum
1424 2046 1624 2106 partem
1650 2036 1883 2106 plerum-

291 2145 398 2199 que
428 2129 623 2183 victam
656 2127 811 2182 libris
858 2127 1227 2197 superioribus
1270 2126 1800 2195 demonstravimus;
1828 2135 1885 2183 et

292 2223 592 2294 prazsertim
617 2238 738 2277 cum
769 2237 866 2277 rex
894 2222 1098 2277 diceret
1132 2221 1275 2292 quod
1306 2222 1510 2276 nullum
1545 2220 1755 2292 signum
1798 2235 1887 2274 sa-

296 2312 483 2366 nitatis
508 2327 671 2380 super
698 2312 947 2367 inﬁrmos
990 2312 1060 2367 ab
1106 2312 1482 2367 haereticorum
1514 2314 1886 2367 ostenderetur

296 2405 594 2473 episcopis,
626 2421 689 2460 ac
732 2406 783 2460 in
825 2407 1083 2461 memoria
1130 2405 1417 2476 replicaret
1445 2406 1711 2475 qualiter,
1750 2414 1888 2460 tem-

298 2510 429 2564 pore
454 2495 715 2565 genitoris
736 2495 837 2561 sui,
862 2498 1145 2567 episcopus
1165 2497 1255 2567 qui
1286 2512 1342 2551 se
1359 2496 1595 2566 jactabat
1611 2511 1707 2567 per
1729 2495 1886 2550 fidem

298 2603 406 2642 non
456 2597 655 2643 rectam
686 2590 847 2644 circis
890 2589 1176 2645 restituere
1216 2591 1429 2657 lumen,
1464 2596 1605 2643 tacto
1654 2602 1799 2645 casco
1837 2597 1892 2642 et

298 2681 529 2736 excitati
584 2691 853 2751 perpetua».
901 2680 1157 2735 damnato
1214 2679 1551 2735 discessisset
1602 2678 1891 2742 confusus,

298 2771 445 2837 quod
462 2785 562 2825 nos
579 2770 630 2826 in
658 2770 795 2826 libro
814 2770 1189 2826 Miraculorum
1214 2770 1420 2841 plenius
1436 2767 1825 2823 declaravimus
1840 2766 1891 2831 δ,

301 2858 515 2915 vocavit
540 2860 608 2914 ad
648 2874 709 2915 se
751 2872 991 2915 seorsum
1035 2860 1345 2914 sacerdotes
1375 2857 1490 2913 Dei.
1523 2857 1732 2924 Quibus
1773 2873 1895 2927 per-

300 2951 581 3015 scrutatis,
611 2949 861 3021 cognovit
884 2964 1046 3004 unnm
1077 2949 1247 3004 Deum
1287 2947 1389 3003 sub
1416 2948 1763 3003 distinctione
1788 2946 1893 3002 coli

304 3056 660 3111 personarum
692 3042 872 3109 trium,
919 3041 971 3095 id
1013 3050 1096 3097 est
1132 3040 1307 3096 Patris
1338 3049 1392 3095 et
1439 3039 1558 3094 Filii
1590 3049 1642 3095 et
1666 3039 1897 3109 Spiritus

303 3132 516 3198 sancti;
550 3147 654 3187 nec
697 3134 958 3187 minorem
1004 3130 1196 3187 Filium
1228 3130 1386 3186 Patre
1415 3129 1723 3200 Spirituque
1766 3144 1896 3184 san-

305 3234 419 3290 rto,
450 3239 622 3293 neque
652 3224 907 3293 Spiritum
937 3234 1179 3278 sanctum
1213 3224 1473 3278 minorem
1511 3223 1665 3277 Patre
1691 3222 1777 3277 vel
1811 3221 1899 3276 Fi-

1965 657 2071 713 Sed
2101 673 2220 713 eum
2243 659 2358 713 lucc
2386 659 2578 727 populo
2599 667 2758 713 sectae
2777 672 2887 712 suae
2906 658 3127 713 credere
3148 675 3253 713 non
3278 662 3479 716 sineret
3490 671 3546 733 0,

1967 757 2023 800 t-t
2066 747 2133 802 ad
2180 747 2618 803 consentiendum
2649 748 2699 803 ei
2730 762 3019 817 paucorum
3049 748 3249 806 faveret
3284 752 3547 826 adulatio,

1966 847 2263 893 commotus
2292 836 2432 903 felle,
2451 839 2723 907 ingressus
2744 838 2798 893 in
2820 838 3071 895 cellulam
3097 857 3270 907 suam,
3294 843 3548 900 inclinato

1967 944 2131 998 super
2157 931 2410 985 lectulum
2441 933 2637 998 capite,
2686 947 2912 1003 nequam
2958 935 3204 1003 spiritum
3254 936 3545 995 exhalavit.

1968 1012 2166 1088 Sicque
2199 1023 2573 1076 haereticorum
2598 1025 2847 1093 populus,
2883 1025 2933 1079 in
2962 1026 3075 1094 ipsa
3106 1026 3407 1083 consistens
3428 1044 3549 1097 pro.

1972 1109 2165 1174 vincia,
2208 1111 2615 1180 inseparabilem
2662 1112 2975 1172 Trinitatem
3022 1115 3322 1186 confessus,
3365 1119 3431 1174 ab
3461 1135 3552 1176 er-

1973 1216 2094 1257 rore
2122 1202 2388 1259 discessit.

2048 1292 2189 1347 XVI.
2242 1293 2485 1351 Posth
2526 1294 2861 1354 Rieharedus
2914 1300 3234 1371 legationem
3279 1305 3345 1359 ad
3383 1305 3555 1362 Cum-

1972 1386 2289 1440 cbramnum
2322 1395 2484 1457 atque
2509 1386 2574 1441 ad
2604 1385 3001 1445 Cbildebertum
3029 1393 3221 1449 direxit
3254 1397 3395 1463 pacis
3437 1406 3572 1469 διαί

1976 1475 2071 1538 tia,
2102 1482 2164 1529 ut
2190 1475 2415 1540 scilicet,
2450 1478 2589 1532 sicut
2614 1479 2666 1532 in
2712 1479 2817 1534 ﬁde
2858 1497 2917 1535 se.
2947 1485 3222 1537 asserebat
3254 1503 3436 1551 unum,
3487 1492 3559 1545 ita

1975 1574 2031 1620 et
2058 1564 2318 1620 cbaritate
2340 1582 2399 1621 se
2415 1578 2688 1637 praestaret
2719 1572 2946 1625 unitum.
2975 1573 3082 1629 Sed
3108 1592 3133 1627 a
3159 1577 3559 1634 Guntebramno

1977 1672 2103 1727 rege
2160 1659 2359 1727 repulsi
2411 1670 2558 1725 sunt,
2611 1661 2885 1718 dicente:
2936 1668 3161 1732 Qualem
3220 1671 3348 1726 mihi
3401 1674 3558 1728 (idem

1981 1750 2291 1817 promittere
2325 1762 2570 1819 possunt,
2612 1764 2704 1807 aut
2751 1759 3195 1825 quemadmodum
3224 1778 3253 1815 a
3287 1781 3371 1820 tne
3413 1770 3557 1821 credi

1980 1840 2199 1907 debent,
2228 1844 2318 1911 qui
2351 1854 2565 1911 neptem
2598 1860 2772 1900 meant
2803 1848 3089 1917 lngundetn
3122 1855 3171 1905 in
3201 1854 3560 1917 captivitatem

1914 1950 1957 2010 Β
1988 1931 2338 1998 tradiderunt,
2374 1945 2423 1989 et
2452 1950 2544 2003 per
2573 1951 2760 1991 eorum
2793 1940 3029 2008 insidias,
3062 1956 3115 1997 et
3143 1945 3223 1998 vir
3249 1947 3364 2015 ejus
3394 1948 3563 2003 inter-

1986 2024 2158 2080 fectus
2201 2036 2304 2092 est,
2353 2039 2405 2082 et
2436 2028 2548 2097 ipsa
2577 2029 2631 2082 in
2658 2032 3086 2103 peregrinatione
3134 2035 3418 2093 defuncta?
3447 2041 3563 2095 Non

1986 2117 2187 2186 recipio
2230 2133 2360 2188 ergo
2390 2120 2707 2188 legationem
2741 2121 3051 2192 Ricbaredi,
3086 2125 3258 2182 donec
3310 2145 3394 2184 me
3428 2132 3565 2186 Deus

1988 2208 2170 2263 ulcisci
2216 2209 2400 2278 jubeat
2423 2212 2489 2264 de
2522 2211 2603 2264 bis
2631 2211 2880 2267 inimicis.
2913 2214 3041 2270 Haec
3070 2218 3226 2286 legati
3255 2221 3563 2287 audientes,

1986 2301 2052 2354 ad
2103 2301 2507 2357 Cliildebertttin
2559 2304 2987 2373 proﬁciscuntur,
3033 2324 3193 2378 aquo
3234 2321 3289 2366 et
3343 2314 3395 2366 in
3439 2330 3568 2383 pace

1991 2392 2199 2459 etrepti
2231 2402 2375 2455 sunt,
2407 2391 2684 2449 dicentes:
2719 2395 2843 2449 Vult
2869 2412 2928 2451 se
2956 2398 3206 2455 dominus
3238 2415 3442 2468 noster,
3469 2404 3570 2458 fra-

1993 2490 2073 2535 ter
2101 2488 2220 2535 tuus
2249 2482 2600 2552 lticltaredtts,
2630 2486 2699 2541 de
2731 2486 2831 2542 ltoc
2860 2490 3085 2548 crimine
3125 2508 3322 2547 exuere
3349 2496 3490 2566 quod
3522 2498 3570 2551 ei

1994 2573 2303 2639 imponitur,
2339 2576 2489 2644 quasi
2534 2577 2585 2630 in
2636 2593 2858 2633 mortem
2908 2583 3110 2637 sororis
3149 2595 3342 2640 vestra:
3383 2587 3574 2643 fuisset

1993 2667 2275 2733 conscius;
2306 2669 2374 2724 de
2399 2684 2523 2739 quo,
2558 2683 2916 2740 sacramento,
2943 2675 2988 2729 si
3014 2676 3200 2743 vultis,
3231 2681 3574 2749 autqualibet

1995 2757 2095 2811 alia
2144 2760 2457 2815 conditione
2503 2761 2727 2817 idoneus
2767 2764 2917 2819 reddi
2954 2775 3146 2835 potest.
3200 2768 3399 2825 Deinde
3437 2772 3577 2824 datis

1994 2848 2179 2918 gratia
2210 2862 2402 2905 vestrae
2430 2851 2616 2906 decem
2648 2854 2884 2909 millibus
2909 2856 3226 2925 solidorum,
3254 2858 3575 2915 cbaritateiu

1996 2954 2227 2996 vestram
2260 2942 2455 2999 habere
2492 2945 2800 3011 desiderat;
2832 2959 2885 3003 et
2918 2958 2973 3002 ut
3026 2950 3117 3005 ille
3171 2963 3346 3007 vestro
3399 2962 3577 3008 utatur

1996 3032 2206 3098 solatio,
2236 3042 2289 3087 et
2315 3047 2410 3088 vos
2447 3035 2585 3101 ejus,
2615 3037 2703 3089 tibi
2727 3052 2950 3093 necesse
2977 3038 3155 3106 fuerit,
3192 3042 3464 3098 beneﬁciis
3485 3061 3577 3113 μοι·

2001 3123 2224 3178 tiamini.
2268 3125 2391 3180 llaec
2434 3126 2537 3181 illis
2583 3128 2914 3195 dicentibus,
2955 3133 3310 3200 promiserunt
3355 3136 3576 3190 Cltilile-

2000 3214 2183 3269 bertus
2212 3230 2302 3269 rex
2332 3225 2388 3271 et
2432 3226 2603 3271 mater
2628 3217 2749 3287 ejus
2788 3235 2971 3287 pacem
3012 3233 3066 3276 et
3095 3224 3411 3279 cbaritatem
3453 3243 3574 3281 euut

308 3317 405 3383 lio,
435 3317 529 3373 sed
579 3319 630 3373 in
665 3334 765 3371 una
814 3318 1121 3388 aequalitate
1148 3328 1307 3388 atque
1336 3317 1717 3386 omnipotentia
1756 3317 1890 3371 bane

2002 3306 2117 3375 ipso
2161 3320 2222 3361 se
2251 3308 2457 3376 integre
2505 3308 2884 3364 custodituros.
2932 3311 3286 3383 Acceptisque
3329 3330 3392 3369 ac
3438 3317 3579 3373 datis

306 3410 623 3465 Trinitatem
653 3426 839 3467 verum
872 3411 1038 3465 Deum
1072 3411 1245 3465 lateri.
1278 3410 1429 3466 Tunc
1475 3410 1772 3479 intelligens
1804 3424 1899 3464 ve-

310 3498 524 3553 ritatem
572 3498 925 3560 Ilicharedns,
980 3498 1271 3568 postposita
1300 3499 1670 3563 altercatione,
1718 3513 1776 3554 se
1803 3515 1897 3554 ca-

311 3591 527 3645 tholicze
555 3590 657 3659 legi
676 3590 1002 3653 subdidit,ct
1029 3601 1253 3660 accepto
1279 3591 1555 3660 signaculo
1586 3589 1755 3643 beata:
1776 3604 1897 3644 eruo

311 3681 393 3735 eis
420 3695 543 3733 cum
567 3679 872 3734 chrismatis
901 3679 1182 3744 unctione,
1211 3679 1440 3734 credidit
1483 3678 1765 3733 Dominum
1806 3679 1898 3734 Je-

311 3786 435 3826 suni
461 3769 732 3824 Christum
755 3769 945 3823 Filium
969 3769 1063 3824 Dei
1087 3768 1350 3839 :cqualeui
1380 3769 1525 3823 Patri
1548 3784 1669 3823 eum
1694 3768 1899 3838 Spiritu

312 3875 523 3926 sancto.
580 3873 888 3933 regnantem
955 3862 1008 3916 in
1070 3862 1265 3917 saecula
1312 3862 1650 3917 steculorum.
1704 3862 1896 3917 Amen.

316 3958 521 4012 Deinde
553 3954 767 4011 nuntios
795 3953 957 4009 mittit
1000 3953 1064 4007 ad
1101 3951 1431 4023 provinciam
1478 3951 1895 4017 Narbonensem,

315 4049 511 4118 quibus
538 4046 876 4100 narrantibus
903 4060 964 4099 ea
995 4059 1115 4114 quae
1161 4042 1252 4097 ille
1281 4054 1540 4113 gesserat,
1587 4042 1747 4097 simili
1783 4058 1902 4097 cre-

319 4139 546 4192 dulitate
574 4137 798 4205 populus
828 4135 915 4189 ille
936 4142 1346 4188 connecteretur
1376 4143 1423 4186 ο.
1461 4134 1585 4187 Erat
1609 4133 1751 4187 enim
1776 4144 1903 4187 tunc

320 4231 582 4299 temporis
612 4230 821 4284 Arianae
852 4239 1014 4283 sectae
1043 4228 1323 4298 episcojtus
1356 4227 1664 4290 Atltalocns,
1704 4228 1793 4296 qui
1829 4227 1900 4282 ita

320 4340 417 4391 Per
456 4323 620 4394 535
666 4323 1061 4392 Propositiones
1109 4337 1272 4376 vanas
1323 4336 1386 4376 ac
1435 4321 1901 4389 interpretationes

322 4416 487 4467 falsas
533 4414 953 4481 Scripturarum,
989 4413 1259 4468 Ecelesias
1300 4412 1392 4467 Dei
1423 4413 1796 4478 conturbabat,
1848 4423 1904 4467 ut

324 4513 604 4574 putaretur
633 4501 776 4573 quod
803 4502 918 4572 ipse
944 4512 1086 4558 esset
1111 4504 1291 4569 Arius,
1323 4518 1481 4573 quem
1514 4500 1808 4573 proiecisse
1848 4503 1901 4558 in

2004 3399 2335 3463 muneribus,
2359 3398 2522 3472 436
2539 3401 2858 3456 addiderunt
2885 3402 3042 3472 legati
3066 3421 3082 3459 :
3114 3404 3279 3460 .lussit
3301 3407 3458 3462 etiam
3482 3409 3579 3463 do-

2000 3492 2176 3546 minus
2225 3500 2427 3546 noslcr-
2454 3507 2654 3563 ponere
2693 3494 2915 3548 verbum
2960 3496 3010 3549 in
3049 3496 3266 3552 auribus
3293 3500 3486 3554 vestris
3510 3500 3580 3555 de

2000 3584 2107 3638 lilia
2138 3586 2250 3639 sive
2277 3598 2464 3640 sorore
2489 3595 2663 3639 vestra
2691 3585 3051 3641 Cldodosinda
3101 3586 3146 3657 τ,
3177 3599 3233 3643 ιιι
3261 3594 3308 3646 ei
3337 3591 3581 3646 tradatur

1999 3678 2053 3733 in
2107 3679 2529 3744 matrimonium,
2579 3696 2700 3750 quo,
2733 3678 2946 3736 facilius
2978 3697 3076 3751 pax
3129 3698 3248 3754 qua:
3302 3684 3444 3742 inter
3486 3694 3605 3742 vos‘

2000 3769 2348 3838 promittitur,
2397 3768 2766 3828 conﬁrmetur.
2801 3772 2897 3836 Qui
2941 3771 3193 3828 dixerunt
3229 3793 3242 3827 :
3292 3774 3581 3833 l‘romissio

2000 3875 2184 3918 nostra
2212 3878 2277 3919 ex
2311 3862 2411 3918 hoc
2451 3863 2643 3919 habilis
2664 3864 2896 3929 dabitur,
2927 3865 3020 3919 sed
3063 3867 3179 3921 sine
3206 3870 3377 3937 patrui
3411 3873 3578 3928 nostri

2002 3952 2383 4010 Guntcbramni
2429 3955 2569 4025 regis
2610 3957 2840 4011 consilio
2887 3957 3000 4012 luec
3033 3960 3207 4014 facere
3256 3976 3361 4016 non
3413 3964 3579 4016 audc-

2001 4060 2162 4099 mus:
2194 4047 2511 4114 promissum
2533 4051 2674 4101 enEm
2716 4049 2971 4103 habemus
3001 4048 3068 4104 de
3099 4051 3385 4122 majoribus
3408 4053 3583 4110 causis

2004 4136 2134 4190 nibil
2184 4139 2301 4191 sine
2344 4138 2462 4204 ejus
2488 4137 2716 4190 consilio
2762 4153 2939 4206 agere.
2983 4140 3218 4207 Accepto
3259 4141 3436 4208 itaque
3492 4159 3581 4197 re-

2003 4246 2200 4300 Sjionso
2229 4232 2517 4286 redierunt.

2078 4321 2372 4377 XVII..Eo
2402 4331 2428 4370 κ
2456 4337 2596 4376 anno
2643 4337 2809 4377 verno
2866 4330 3103 4392 tempore
3153 4325 3350 4394 pluviae
3390 4326 3583 4383 validas

2006 4410 2237 4476 fuerunt,
2266 4423 2319 4467 ct
2347 4427 2465 4465 eum
2493 4410 2602 4480 jam
2633 4413 2713 4465 vel
2742 4414 2962 4468 arbores
2988 4414 3069 4467 vel
3099 4416 3270 4469 vincte
3315 4415 3582 4472 lronduis-

2006 4517 2147 4572 sent,
2174 4505 2261 4559 nix
2289 4504 2511 4561 decidua
2533 4514 2721 4560 cuncta
2747 4508 2977 4576 operuit.
2994 4507 3349 4580 Subsequcuti
3373 4526 3587 4583 quoque

393 4688 419 4715 ⁸
451 4684 579 4755 llzrc
600 4682 706 4755 l‘uit
728 4684 872 4737 omni
904 4692 1144 4755 tempore
1165 4681 1458 4755 catholicos
1488 4684 1627 4737 inter
1651 4692 1702 4737 et
1732 4684 1903 4739 h:crc-
1927 4683 1980 4743 D
2008 4691 2105 4751 let,
2134 4696 2247 4741 etc.
2294 4682 2484 4738 Tradit
2514 4681 2709 4755 Paulus
2759 4684 2904 4739 Diae.
2958 4683 3304 4741 Emeritensis
3351 4686 3404 4740 in
3454 4687 3589 4742 Vitis

326 4757 463 4809 Iicos
483 4753 779 4818 distinctio,
811 4763 868 4808 ut
882 4754 1034 4823 primi
1056 4754 1324 4808 miraculis
1348 4753 1505 4808 ﬁdem
1532 4768 1679 4806 suam
1706 4770 1891 4822 appro-

326 4827 541 4883 barent,
566 4823 706 4893 quod
747 4826 835 4878 alii
870 4833 1123 4891 praestare
1171 4840 1275 4877 non
1307 4833 1571 4891 poterant,
1605 4833 1661 4876 ut
1680 4839 1740 4877 ex
1787 4826 1891 4877 lre-

330 4913 470 4957 tneo,
504 4895 850 4958 Tertulliano,
880 4895 1126 4960 Eusebio,
1152 4894 1437 4964 Cypriane,
1466 4893 1687 4964 altisque
1709 4893 1894 4947 obser-

330 4968 579 5019 vavimus
607 4966 657 5017 in
687 4964 826 5019 notis
871 4964 937 5018 ad
972 4967 1111 5035 Acta
1152 4962 1443 5035 martyrum
1471 4978 1591 5035 pag.
1624 4962 1749 5035 151,
1791 4980 1894 5031 quo

328 5045 649 5101 argumento
680 5036 921 5089 utebatur
968 5034 1203 5088 Nicetius
1228 5034 1562 5089 Trevirensis
1588 5035 1639 5088 in
1668 5034 1895 5103 epistola

329 5108 400 5161 ad
428 5105 902 5159 Chlodoswindam
935 5115 1117 5159 contra
1148 5104 1395 5158 Arianos.

405 5174 433 5213 δ
478 5174 735 5230 Videlicet
774 5178 825 5227 iti
872 5176 1006 5229 libro
1039 5174 1107 5228 de
1149 5173 1328 5229 Gloria
1368 5172 1609 5227 Conless.
1658 5188 1777 5239 cap.
1815 5173 1898 5227 15.

334 5245 471 5298 Vide
496 5256 553 5300 et
579 5260 735 5314 supra
764 5244 854 5299 lib.
887 5261 948 5311 tt,
975 5259 1096 5312 cap.
1127 5244 1179 5299 3.
1214 5244 1288 5299 De
1327 5243 1429 5298 hoc
1456 5244 1720 5313 colloquio
1744 5243 1900 5299 Joan.

332 5315 535 5371 Biclar.
558 5316 623 5367 ad
650 5332 737 5369 an.
784 5315 909 5368 588.

412 5397 435 5423 ε
472 5384 631 5438 Colb.
659 5403 733 5447 :t.,
767 5384 866 5447 Qui
896 5394 1158 5438 narrantes
1181 5402 1330 5439 αι...
1359 5384 1697 5437 connectitur.

407 5453 438 5493 δ
479 5455 701 5509 Ruﬁnus
745 5456 956 5509 Eusebii
997 5455 1145 5508 libris
1192 5456 1431 5508 Historia:
1454 5455 1751 5508 ecclesiast.
1776 5454 1910 5508 duos

339 5526 557 5590 adierit,
602 5526 694 5579 sed
719 5540 840 5579 cum
889 5524 1173 5585 Gregorius
1214 5525 1407 5593 aliique
1437 5524 1640 5578 similes
1663 5532 1912 5578 auctores

340 5596 562 5650 Eusebii
607 5596 890 5650 llistoriatn
939 5596 1155 5648 aliunde
1186 5612 1289 5647 uoti
1336 5602 1596 5647 noverant
1639 5610 1794 5663 quam
1841 5609 1910 5647 ex

337 5666 520 5723 Ruﬁni
546 5667 811 5730 versione,
840 5674 1011 5720 totum
1038 5666 1152 5734 ejus
1174 5680 1310 5731 opus
1332 5666 1431 5719 sub
1455 5664 1664 5734 Eusebii
1694 5666 1913 5718 nomine

336 5737 651 5794 laudabant.
681 5736 791 5790 Arii
830 5744 1007 5791 autem
1055 5733 1301 5791 interitus
1341 5733 1667 5790 describitur
1716 5735 1811 5789 lib.
1860 5750 1911 5799 ιι,

410 5824 671 5949 εἰέέέιιι..
699 5877 805 5933 Sed
823 5894 936 5932 cum
965 5877 1045 5931 hic
1062 5874 1280 5945 pupulas
1293 5886 1478 5931 sectam
1496 5875 1636 5928 illius
1651 5874 1793 5942 sequi
1811 5877 1922 5932 nol-

1996 4761 2098 4817 PP.
2133 4758 2376 4819 Emerit.,
2398 4769 2515 4821 Cap.
2545 4754 2631 4817 19,
2656 4755 2967 4809 Athalocum
2992 4758 3156 4823 episc.
3183 4758 3439 4811 Arianunt
3464 4772 3585 4813 eum

1999 4830 2065 4885 12
2090 4828 2378 4884 comitibus
2416 4824 2554 4894 apud
2609 4824 2911 4878 Narbonatn
2964 4826 3283 4881 seditionem
3321 4827 3587 4880 adversus

1998 4899 2357 4954 Reccarednm
2404 4895 2778 4959 cotntuOvisse,
2813 4903 3104 4963 eorumque
3149 4906 3373 4948 conatus
3420 4898 3585 4952 luisse

2000 4972 2205 5032 irritos,
2231 4966 2629 5036 quanquamin
2670 4965 2750 5017 sui
2795 4963 3090 5036 subsidium
3142 4964 3383 5036 Francos
3418 4966 3587 5021 advo-

2000 5032 2422 5096 cassenthoau‘.
2457 5034 2648 5087 Biclar.
2674 5048 2816 5087 anno
2848 5033 2871 5084 1
2909 5032 3198 5089 Reccaredi
3230 5035 3473 5089 meminit
3505 5037 3588 5091 vi-

2004 5110 2187 5166 ctoriae
2216 5108 2477 5160 adversus
2506 5103 2739 5158 Francos
2767 5104 2835 5157 ab
2863 5104 3027 5168 ipsius
3054 5104 3278 5159 ducibus
3305 5106 3510 5173 relatae,
3539 5110 3588 5161 in

2004 5195 2106 5250 qua
2132 5176 2459 5250 Desidet-ium
2490 5174 2687 5250 duceni
2710 5174 3025 5250 euntmultis
3055 5174 3276 5250 Francis
3315 5177 3588 5232 interiisse

2008 5242 2289 5303 memorat.
2319 5245 2432 5299 Alia
2454 5254 2557 5305 est.
2590 5245 2643 5316 ni
2668 5242 2844 5306 fallor,
2867 5243 3165 5311 conjuratio
3194 5247 3395 5303 Sunnte
3417 5252 3586 5316 cpisc.

2010 5317 2193 5376 Ariani
2216 5329 2265 5372 et
2288 5316 2518 5368 aliorum
2540 5312 2797 5367 adversus
2830 5317 3211 5386 lleccaretlum,
3244 5335 3399 5386 quam
3447 5312 3590 5373 idem

2014 5388 2203 5444 liiclar.
2237 5387 2301 5440 ad
2325 5401 2415 5439 an.
2443 5395 2754 5452 sequentem
2788 5385 2970 5438 refert.
3006 5385 3133 5440 Item
3156 5385 3296 5443 anno
3326 5388 3589 5440 [ieci-are-

2012 5459 2066 5513 ili
2091 5459 2247 5513 tertio
2278 5455 2595 5521 deprehensi
2630 5464 2753 5508 sunt
2809 5455 2980 5509 Uldila
3008 5459 3289 5525 episcopus
3314 5472 3434 5510 cum
3488 5456 3594 5509 Go-

2015 5530 2212 5591 suiztta,
2244 5530 2331 5597 qui
2354 5527 2527 5582 cidem
2561 5528 2667 5595 regi
2726 5526 2947 5583 insidias
2979 5528 3287 5591 tendebaut,
3349 5536 3405 5578 ut
3454 5527 3595 5580 dixi-

2020 5617 2137 5655 mus
2165 5601 2228 5653 ad
2252 5615 2371 5665 cap.
2409 5602 2427 5651 1
2464 5598 2616 5666 hujus
2644 5599 2781 5649 libri.

2098 5672 2114 5709 τ
2150 5670 2284 5724 Infra
2314 5670 2519 5737 cap.20
2539 5668 2733 5722 dicitur
2759 5667 3159 5721 Chlodosninda.
3189 5665 3317 5725 Vide
3353 5674 3503 5722 notis
3532 5667 3589 5727 in

2018 5758 2136 5798 cap.
2162 5741 2253 5794 25.
2274 5784 2277 5785 ,

2088 5760 2136 5861 ε’
2159 5760 2326 5883 3pm
2357 5808 2493 5865 istud
2524 5824 2644 5865 cum
2673 5825 2783 5880 seq.
2814 5808 2964 5861 deest
2995 5808 3044 5860 in
3067 5806 3216 5865 Colb.
