  <div class='ocr_page' id='page_1' title='image "/cluster/home/n/w/nwhite01/storage/ocr_20150623/71/hvd.32044054758743/257.png"; bbox 0 0 3966 6348; ppageno 0'>
   <div class='ocr_carea' id='block_1_1' title="bbox 448 338 552 396">
    <p class='ocr_par' dir='ltr' id='par_1_1' title="bbox 448 338 552 396">
     <span class='ocr_line' id='line_1_1' title="bbox 448 338 552 396; baseline 0.048 -5"><span class='ocrx_word' id='word_1_1' title='bbox 448 338 552 396; x_wconf 71' lang='grc'><strong>499</strong></span> 
     </span>
    </p>
   </div>
   <div class='ocr_carea' id='block_1_2' title="bbox 1434 339 2676 401">
    <p class='ocr_par' dir='ltr' id='par_1_2' title="bbox 1434 339 2676 401">
     <span class='ocr_line' id='line_1_2' title="bbox 1434 339 2676 401; baseline 0.004 -5"><span class='ocrx_word' id='word_1_2' title='bbox 1434 340 1492 396; x_wconf 84' lang='lat' dir='ltr'><strong>S.</strong></span> <span class='ocrx_word' id='word_1_3' title='bbox 1534 339 1858 397; x_wconf 77' lang='lat' dir='ltr'><strong>GREGORII</strong></span> <span class='ocrx_word' id='word_1_4' title='bbox 1901 339 2200 397; x_wconf 83' lang='lat' dir='ltr'><strong>EPlSCOPl</strong></span> <span class='ocrx_word' id='word_1_5' title='bbox 2241 341 2676 401; x_wconf 75' lang='lat' dir='ltr'><strong>TURUNENSIS</strong></span> 
     </span>
    </p>
   </div>
   <div class='ocr_carea' id='block_1_3' title="bbox 3607 353 3721 407">
    <p class='ocr_par' dir='ltr' id='par_1_3' title="bbox 3607 353 3721 407">
     <span class='ocr_line' id='line_1_3' title="bbox 3607 353 3721 407; baseline 0 0"><span class='ocrx_word' id='word_1_6' title='bbox 3607 353 3721 407; x_wconf 66' lang='lat' dir='ltr'><strong>50v&quot;</strong></span> 
     </span>
    </p>
   </div>
   <div class='ocr_carea' id='block_1_4' title="bbox 449 455 3714 536">
    <p class='ocr_par' dir='ltr' id='par_1_4' title="bbox 449 455 3714 536">
     <span class='ocr_line' id='line_1_4' title="bbox 449 455 3714 536; baseline 0.003 -26"><span class='ocrx_word' id='word_1_7' title='bbox 449 471 572 520; x_wconf 80' lang='lat' dir='ltr'><strong>rex.</strong></span> <span class='ocrx_word' id='word_1_8' title='bbox 605 463 662 510; x_wconf 91' lang='lat' dir='ltr'><strong>ut</strong></span> <span class='ocrx_word' id='word_1_9' title='bbox 696 458 762 524; x_wconf 85' lang='lat' dir='ltr'><strong>si,</strong></span> <span class='ocrx_word' id='word_1_10' title='bbox 792 467 846 510; x_wconf 89' lang='lat' dir='ltr'><strong>ut</strong></span> <span class='ocrx_word' id='word_1_11' title='bbox 883 456 1040 511; x_wconf 87' lang='lat' dir='ltr'><strong>habet</strong></span> <span class='ocrx_word' id='word_1_12' title='bbox 1086 455 1319 510; x_wconf 91' lang='lat' dir='ltr'><strong>humana</strong></span> <span class='ocrx_word' id='word_1_13' title='bbox 1364 457 1642 526; x_wconf 78' lang='lat' dir='ltr'><strong>fragilitas,</strong></span> <span class='ocrx_word' id='word_1_14' title='bbox 1672 457 1813 526; x_wconf 88' lang='lat' dir='ltr'><strong>quod</strong></span> <span class='ocrx_word' id='word_1_15' title='bbox 1841 457 2017 512; x_wconf 87' lang='lat' dir='ltr'><strong>divina</strong></span> <span class='ocrx_word' id='word_1_16' title='bbox 2051 459 2099 516; x_wconf 82' lang='lat' dir='ltr'><strong>A</strong></span> <span class='ocrx_word' id='word_1_17' title='bbox 2123 456 2528 513; x_wconf 85' lang='lat' dir='ltr'><strong>Guntchramno</strong></span> <span class='ocrx_word' id='word_1_18' title='bbox 2559 468 2678 528; x_wconf 86' lang='lat' dir='ltr'><strong>post</strong></span> <span class='ocrx_word' id='word_1_19' title='bbox 2721 460 3002 516; x_wconf 88' lang='lat' dir='ltr'><strong>transitum</strong></span> <span class='ocrx_word' id='word_1_20' title='bbox 3049 461 3234 518; x_wconf 86' lang='lat' dir='ltr'><strong>domnl</strong></span> <span class='ocrx_word' id='word_1_21' title='bbox 3265 463 3426 536; x_wconf 63' lang='grc'><strong>443</strong></span> <span class='ocrx_word' id='word_1_22' title='bbox 3454 466 3714 522; x_wconf 78' lang='lat' dir='ltr'><strong>Chlotha-</strong></span> 
     </span>
    </p>
   </div>
   <div class='ocr_carea' id='block_1_5' title="bbox 450 549 2017 616">
    <p class='ocr_par' dir='ltr' id='par_1_5' title="bbox 450 549 2017 616">
     <span class='ocr_line' id='line_1_5' title="bbox 450 549 2017 616; baseline 0.005 -20"><span class='ocrx_word' id='word_1_23' title='bbox 450 549 616 616; x_wconf 75' lang='lat' dir='ltr'><strong>[tit‘l:l8</strong></span> <span class='ocrx_word' id='word_1_24' title='bbox 642 562 744 600; x_wconf 88' lang='lat' dir='ltr'><strong>non</strong></span> <span class='ocrx_word' id='word_1_25' title='bbox 779 549 1069 616; x_wconf 79' lang='lat' dir='ltr'><strong>permittat,</strong></span> <span class='ocrx_word' id='word_1_26' title='bbox 1098 563 1198 604; x_wconf 90' lang='lat' dir='ltr'><strong>nec</strong></span> <span class='ocrx_word' id='word_1_27' title='bbox 1229 549 1317 604; x_wconf 92' lang='lat' dir='ltr'><strong>ille</strong></span> <span class='ocrx_word' id='word_1_28' title='bbox 1346 549 1528 604; x_wconf 92' lang='lat' dir='ltr'><strong>videre</strong></span> <span class='ocrx_word' id='word_1_29' title='bbox 1569 550 1858 613; x_wconf 82' lang='lat' dir='ltr'><strong>desiderat,</strong></span> <span class='ocrx_word' id='word_1_30' title='bbox 1889 564 2017 604; x_wconf 90' lang='lat' dir='ltr'><strong>con-</strong></span> 
     </span>
    </p>
   </div>
   <div class='ocr_carea' id='block_1_6' title="bbox 449 638 2019 709">
    <p class='ocr_par' dir='ltr' id='par_1_6' title="bbox 449 638 2019 709">
     <span class='ocr_line' id='line_1_6' title="bbox 449 638 2019 709; baseline 0.006 -21"><span class='ocrx_word' id='word_1_31' title='bbox 449 639 624 707; x_wconf 86' lang='lat' dir='ltr'><strong>tigerit</strong></span> <span class='ocrx_word' id='word_1_32' title='bbox 662 638 914 692; x_wconf 88' lang='lat' dir='ltr'><strong>domuum</strong></span> <span class='ocrx_word' id='word_1_33' title='bbox 955 639 1377 705; x_wconf 88' lang='lat' dir='ltr'><strong>Childebertum,</strong></span> <span class='ocrx_word' id='word_1_34' title='bbox 1405 657 1469 696; x_wconf 94' lang='lat' dir='ltr'><strong>eo</strong></span> <span class='ocrx_word' id='word_1_35' title='bbox 1498 643 1786 709; x_wconf 87' lang='lat' dir='ltr'><strong>superstite</strong></span> <span class='ocrx_word' id='word_1_36' title='bbox 1814 642 1880 696; x_wconf 91' lang='lat' dir='ltr'><strong>de</strong></span> <span class='ocrx_word' id='word_1_37' title='bbox 1921 643 2019 697; x_wconf 86' lang='lat' dir='ltr'><strong>bac</strong></span> 
     </span>
    </p>
   </div>
   <div class='ocr_carea' id='block_1_7' title="bbox 446 726 2018 797">
    <p class='ocr_par' dir='ltr' id='par_1_7' title="bbox 446 726 2018 797">
     <span class='ocr_line' id='line_1_7' title="bbox 446 726 2018 797; baseline 0.005 -18"><span class='ocrx_word' id='word_1_38' title='bbox 446 728 560 781; x_wconf 87' lang='lat' dir='ltr'><strong>luce</strong></span> <span class='ocrx_word' id='word_1_39' title='bbox 604 726 850 797; x_wconf 86' lang='lat' dir='ltr'><strong>migrare,</strong></span> <span class='ocrx_word' id='word_1_40' title='bbox 887 728 1020 784; x_wconf 88' lang='lat' dir='ltr'><strong>filios</strong></span> <span class='ocrx_word' id='word_1_41' title='bbox 1050 745 1174 784; x_wconf 82' lang='lat' dir='ltr'><strong>suos</strong></span> <span class='ocrx_word' id='word_1_42' title='bbox 1198 731 1633 786; x_wconf 84' lang='lat' dir='ltr'><strong>Theodobertutu</strong></span> <span class='ocrx_word' id='word_1_43' title='bbox 1676 743 1730 787; x_wconf 93' lang='lat' dir='ltr'><strong>et</strong></span> <span class='ocrx_word' id='word_1_44' title='bbox 1769 732 2018 787; x_wconf 86' lang='lat' dir='ltr'><strong>Theodo-</strong></span> 
     </span>
    </p>
   </div>
   <div class='ocr_carea' id='block_1_8' title="bbox 447 819 2016 890">
    <p class='ocr_par' dir='ltr' id='par_1_8' title="bbox 447 819 2016 890">
     <span class='ocr_line' id='line_1_8' title="bbox 447 819 2016 890; baseline 0.005 -20"><span class='ocrx_word' id='word_1_45' title='bbox 447 819 612 873; x_wconf 88' lang='lat' dir='ltr'><strong>ricurn</strong></span> <span class='ocrx_word' id='word_1_46' title='bbox 645 834 820 888; x_wconf 88' lang='lat' dir='ltr'><strong>reges,</strong></span> <span class='ocrx_word' id='word_1_47' title='bbox 847 820 931 873; x_wconf 88' lang='lat' dir='ltr'><strong>vel</strong></span> <span class='ocrx_word' id='word_1_48' title='bbox 954 821 997 874; x_wconf 92' lang='lat' dir='ltr'><strong>si</strong></span> <span class='ocrx_word' id='word_1_49' title='bbox 1021 820 1193 875; x_wconf 90' lang='lat' dir='ltr'><strong>adhuc</strong></span> <span class='ocrx_word' id='word_1_50' title='bbox 1219 822 1352 875; x_wconf 88' lang='lat' dir='ltr'><strong>alios</strong></span> <span class='ocrx_word' id='word_1_51' title='bbox 1383 821 1483 890; x_wconf 86' lang='lat' dir='ltr'><strong>ipsi</strong></span> <span class='ocrx_word' id='word_1_52' title='bbox 1516 823 1653 876; x_wconf 89' lang='lat' dir='ltr'><strong>Deus</strong></span> <span class='ocrx_word' id='word_1_53' title='bbox 1676 821 1808 876; x_wconf 88' lang='lat' dir='ltr'><strong>dare</strong></span> <span class='ocrx_word' id='word_1_54' title='bbox 1833 823 2016 879; x_wconf 85' lang='lat' dir='ltr'><strong>volue-</strong></span> 
     </span>
    </p>
   </div>
   <div class='ocr_carea' id='block_1_9' title="bbox 446 910 2014 980">
    <p class='ocr_par' dir='ltr' id='par_1_9' title="bbox 446 910 2014 980">
     <span class='ocr_line' id='line_1_9' title="bbox 446 910 2014 980; baseline 0.006 -19"><span class='ocrx_word' id='word_1_55' title='bbox 446 910 542 972; x_wconf 90' lang='lat' dir='ltr'><strong>rit,</strong></span> <span class='ocrx_word' id='word_1_56' title='bbox 577 918 633 964; x_wconf 91' lang='lat' dir='ltr'><strong>ut</strong></span> <span class='ocrx_word' id='word_1_57' title='bbox 673 914 790 978; x_wconf 87' lang='lat' dir='ltr'><strong>pius</strong></span> <span class='ocrx_word' id='word_1_58' title='bbox 831 921 981 980; x_wconf 89' lang='lat' dir='ltr'><strong>pater</strong></span> <span class='ocrx_word' id='word_1_59' title='bbox 1006 913 1104 966; x_wconf 89' lang='lat' dir='ltr'><strong>sub</strong></span> <span class='ocrx_word' id='word_1_60' title='bbox 1133 926 1226 965; x_wconf 93' lang='lat' dir='ltr'><strong>sua</strong></span> <span class='ocrx_word' id='word_1_61' title='bbox 1259 912 1480 967; x_wconf 91' lang='lat' dir='ltr'><strong>tuitione</strong></span> <span class='ocrx_word' id='word_1_62' title='bbox 1507 924 1561 968; x_wconf 94' lang='lat' dir='ltr'><strong>et</strong></span> <span class='ocrx_word' id='word_1_63' title='bbox 1589 913 1900 969; x_wconf 82' lang='lat' dir='ltr'><strong>defensione</strong></span> <span class='ocrx_word' id='word_1_64' title='bbox 1928 929 2014 970; x_wconf 87' lang='lat' dir='ltr'><strong>re-</strong></span> 
     </span>
    </p>
   </div>
   <div class='ocr_carea' id='block_1_10' title="bbox 444 1000 2016 1074">
    <p class='ocr_par' dir='ltr' id='par_1_10' title="bbox 444 1000 2016 1074">
     <span class='ocr_line' id='line_1_10' title="bbox 444 1000 2016 1074; baseline 0.003 -20"><span class='ocrx_word' id='word_1_65' title='bbox 444 1000 634 1068; x_wconf 89' lang='lat' dir='ltr'><strong>cipiat,</strong></span> <span class='ocrx_word' id='word_1_66' title='bbox 665 1001 734 1054; x_wconf 91' lang='lat' dir='ltr'><strong>ita</strong></span> <span class='ocrx_word' id='word_1_67' title='bbox 767 1012 819 1055; x_wconf 91' lang='lat' dir='ltr'><strong>ut</strong></span> <span class='ocrx_word' id='word_1_68' title='bbox 852 1017 1072 1074; x_wconf 76' lang='lat' dir='ltr'><strong>regnum</strong></span> <span class='ocrx_word' id='word_1_69' title='bbox 1103 1004 1269 1071; x_wconf 87' lang='lat' dir='ltr'><strong>patris</strong></span> <span class='ocrx_word' id='word_1_70' title='bbox 1297 1017 1482 1057; x_wconf 87' lang='lat' dir='ltr'><strong>eorum</strong></span> <span class='ocrx_word' id='word_1_71' title='bbox 1526 1005 1626 1058; x_wconf 86' lang='lat' dir='ltr'><strong>sub</strong></span> <span class='ocrx_word' id='word_1_72' title='bbox 1661 1004 1803 1057; x_wconf 92' lang='lat' dir='ltr'><strong>omni</strong></span> <span class='ocrx_word' id='word_1_73' title='bbox 1831 1004 2016 1059; x_wconf 90' lang='lat' dir='ltr'><strong>solidi-</strong></span> 
     </span>
    </p>
   </div>
   <div class='ocr_carea' id='block_1_11' title="bbox 443 1091 2008 1163">
    <p class='ocr_par' dir='ltr' id='par_1_11' title="bbox 443 1091 2008 1163">
     <span class='ocr_line' id='line_1_11' title="bbox 443 1091 2008 1163; baseline 0.002 -20"><span class='ocrx_word' id='word_1_74' title='bbox 443 1094 550 1144; x_wconf 81' lang='lat' dir='ltr'><strong>tate</strong></span> <span class='ocrx_word' id='word_1_75' title='bbox 593 1091 928 1159; x_wconf 86' lang='lat' dir='ltr'><strong>possideant;</strong></span> <span class='ocrx_word' id='word_1_76' title='bbox 959 1103 1012 1148; x_wconf 92' lang='lat' dir='ltr'><strong>et</strong></span> <span class='ocrx_word' id='word_1_77' title='bbox 1058 1094 1370 1162; x_wconf 79' lang='lat' dir='ltr'><strong>genitricem</strong></span> <span class='ocrx_word' id='word_1_78' title='bbox 1419 1095 1600 1148; x_wconf 88' lang='lat' dir='ltr'><strong>donmi</strong></span> <span class='ocrx_word' id='word_1_79' title='bbox 1645 1095 2008 1163; x_wconf 85' lang='lat' dir='ltr'><strong>Chiltleberti,</strong></span> 
     </span>
    </p>
   </div>
   <div class='ocr_carea' id='block_1_12' title="bbox 439 1181 2012 1256">
    <p class='ocr_par' dir='ltr' id='par_1_12' title="bbox 439 1181 2012 1256">
     <span class='ocr_line' id='line_1_12' title="bbox 439 1181 2012 1256; baseline 0.004 -20"><span class='ocrx_word' id='word_1_80' title='bbox 439 1181 687 1236; x_wconf 87' lang='lat' dir='ltr'><strong>dutunatn</strong></span> <span class='ocrx_word' id='word_1_81' title='bbox 713 1184 1104 1241; x_wconf 88' lang='lat' dir='ltr'><strong>Brunichildem</strong></span> <span class='ocrx_word' id='word_1_82' title='bbox 1129 1186 1367 1256; x_wconf 77' lang='lat' dir='ltr'><strong>reginam</strong></span> <span class='ocrx_word' id='word_1_83' title='bbox 1387 1228 1402 1250; x_wconf 89' lang='lat'><strong>,</strong></span> <span class='ocrx_word' id='word_1_84' title='bbox 1427 1186 1510 1241; x_wconf 93' lang='lat' dir='ltr'><strong>vel</strong></span> <span class='ocrx_word' id='word_1_85' title='bbox 1541 1188 1700 1240; x_wconf 88' lang='lat' dir='ltr'><strong>tiliam</strong></span> <span class='ocrx_word' id='word_1_86' title='bbox 1724 1188 1838 1254; x_wconf 87' lang='lat' dir='ltr'><strong>ejus</strong></span> <span class='ocrx_word' id='word_1_87' title='bbox 1861 1185 2012 1243; x_wconf 88' lang='lat' dir='ltr'><strong>Chlo-</strong></span> 
     </span>
    </p>
   </div>
   <div class='ocr_carea' id='block_1_13' title="bbox 438 1274 2007 1348">
    <p class='ocr_par' dir='ltr' id='par_1_13' title="bbox 438 1274 2007 1348">
     <span class='ocr_line' id='line_1_13' title="bbox 438 1274 2007 1348; baseline 0.005 -21"><span class='ocrx_word' id='word_1_88' title='bbox 438 1274 787 1342; x_wconf 86' lang='lat' dir='ltr'><strong>dosnindam,</strong></span> <span class='ocrx_word' id='word_1_89' title='bbox 844 1290 1150 1348; x_wconf 79' lang='lat' dir='ltr'><strong>germanam</strong></span> <span class='ocrx_word' id='word_1_90' title='bbox 1207 1279 1386 1332; x_wconf 85' lang='lat' dir='ltr'><strong>tlornni</strong></span> <span class='ocrx_word' id='word_1_91' title='bbox 1451 1277 1780 1334; x_wconf 84' lang='lat' dir='ltr'><strong>Childeberli</strong></span> <span class='ocrx_word' id='word_1_92' title='bbox 1838 1280 2007 1348; x_wconf 87' lang='lat' dir='ltr'><strong>regis,</strong></span> 
     </span>
    </p>
   </div>
   <div class='ocr_carea' id='block_1_14' title="bbox 437 1367 2009 1442">
    <p class='ocr_par' dir='ltr' id='par_1_14' title="bbox 437 1367 2009 1442">
     <span class='ocr_line' id='line_1_14' title="bbox 437 1367 2009 1442; baseline 0.006 -24"><span class='ocrx_word' id='word_1_93' title='bbox 437 1367 665 1435; x_wconf 86' lang='lat' dir='ltr'><strong>quandin</strong></span> <span class='ocrx_word' id='word_1_94' title='bbox 697 1369 830 1421; x_wconf 85' lang='lat' dir='ltr'><strong>infra</strong></span> <span class='ocrx_word' id='word_1_95' title='bbox 865 1372 1133 1439; x_wconf 82' lang='lat' dir='ltr'><strong>regionem</strong></span> <span class='ocrx_word' id='word_1_96' title='bbox 1186 1369 1509 1424; x_wconf 89' lang='lat' dir='ltr'><strong>Francorum</strong></span> <span class='ocrx_word' id='word_1_97' title='bbox 1559 1371 1749 1435; x_wconf 86' lang='lat' dir='ltr'><strong>fuerit,</strong></span> <span class='ocrx_word' id='word_1_98' title='bbox 1779 1371 1864 1426; x_wconf 92' lang='lat' dir='ltr'><strong>vel</strong></span> <span class='ocrx_word' id='word_1_99' title='bbox 1893 1371 2009 1442; x_wconf 85' lang='lat' dir='ltr'><strong>ejus</strong></span> 
     </span>
    </p>
   </div>
   <div class='ocr_carea' id='block_1_15' title="bbox 438 1457 2009 1529">
    <p class='ocr_par' dir='ltr' id='par_1_15' title="bbox 438 1457 2009 1529">
     <span class='ocr_line' id='line_1_15' title="bbox 438 1457 2009 1529; baseline 0.005 -21"><span class='ocrx_word' id='word_1_100' title='bbox 438 1459 670 1524; x_wconf 79' lang='lat' dir='ltr'><strong>reginam</strong></span> <span class='ocrx_word' id='word_1_101' title='bbox 705 1457 1006 1513; x_wconf 82' lang='lat' dir='ltr'><strong>Faileubam</strong></span> <span class='ocrx_word' id='word_1_102' title='bbox 1037 1469 1085 1524; x_wconf 74' lang='grc' dir='ltr'><strong>ο,</strong></span> <span class='ocrx_word' id='word_1_103' title='bbox 1118 1468 1367 1528; x_wconf 88' lang='lat' dir='ltr'><strong>tanquam</strong></span> <span class='ocrx_word' id='word_1_104' title='bbox 1410 1475 1651 1516; x_wconf 82' lang='lat' dir='ltr'><strong>sororem</strong></span> <span class='ocrx_word' id='word_1_105' title='bbox 1697 1461 1920 1529; x_wconf 87' lang='lat' dir='ltr'><strong>bonam,</strong></span> <span class='ocrx_word' id='word_1_106' title='bbox 1954 1471 2009 1517; x_wconf 91' lang='lat' dir='ltr'><strong>et</strong></span> 
     </span>
    </p>
   </div>
   <div class='ocr_carea' id='block_1_16' title="bbox 438 1548 2007 1621">
    <p class='ocr_par' dir='ltr' id='par_1_16' title="bbox 438 1548 2007 1621">
     <span class='ocr_line' id='line_1_16' title="bbox 438 1548 2007 1621; baseline 0.006 -23"><span class='ocrx_word' id='word_1_107' title='bbox 438 1548 571 1600; x_wconf 82' lang='lat' dir='ltr'><strong>tilias</strong></span> <span class='ocrx_word' id='word_1_108' title='bbox 623 1549 676 1601; x_wconf 91' lang='lat' dir='ltr'><strong>in</strong></span> <span class='ocrx_word' id='word_1_109' title='bbox 716 1563 809 1602; x_wconf 88' lang='lat' dir='ltr'><strong>sua</strong></span> <span class='ocrx_word' id='word_1_110' title='bbox 859 1551 1081 1606; x_wconf 90' lang='lat' dir='ltr'><strong>tuitione</strong></span> <span class='ocrx_word' id='word_1_111' title='bbox 1109 1562 1162 1605; x_wconf 92' lang='lat' dir='ltr'><strong>et</strong></span> <span class='ocrx_word' id='word_1_112' title='bbox 1207 1551 1540 1617; x_wconf 87' lang='lat' dir='ltr'><strong>defensione,</strong></span> <span class='ocrx_word' id='word_1_113' title='bbox 1571 1553 1792 1621; x_wconf 81' lang='lat' dir='ltr'><strong>spiritali</strong></span> <span class='ocrx_word' id='word_1_114' title='bbox 1838 1553 2007 1607; x_wconf 89' lang='lat' dir='ltr'><strong>dilec-</strong></span> 
     </span>
    </p>
   </div>
   <div class='ocr_carea' id='block_1_17' title="bbox 435 1633 2004 1710">
    <p class='ocr_par' dir='ltr' id='par_1_17' title="bbox 435 1633 2004 1710">
     <span class='ocr_line' id='line_1_17' title="bbox 435 1633 2004 1710; baseline 0.008 -25"><span class='ocrx_word' id='word_1_115' title='bbox 435 1633 598 1698; x_wconf 87' lang='lat' dir='ltr'><strong>tione,</strong></span> <span class='ocrx_word' id='word_1_116' title='bbox 633 1637 880 1705; x_wconf 88' lang='lat' dir='ltr'><strong>recipiat,</strong></span> <span class='ocrx_word' id='word_1_117' title='bbox 908 1647 960 1691; x_wconf 85' lang='lat' dir='ltr'><strong>et</strong></span> <span class='ocrx_word' id='word_1_118' title='bbox 988 1639 1086 1691; x_wconf 86' lang='lat' dir='ltr'><strong>sub</strong></span> <span class='ocrx_word' id='word_1_119' title='bbox 1111 1640 1256 1692; x_wconf 91' lang='lat' dir='ltr'><strong>omni</strong></span> <span class='ocrx_word' id='word_1_120' title='bbox 1287 1641 1490 1694; x_wconf 87' lang='lat' dir='ltr'><strong>honore</strong></span> <span class='ocrx_word' id='word_1_121' title='bbox 1513 1651 1565 1694; x_wconf 92' lang='lat' dir='ltr'><strong>et</strong></span> <span class='ocrx_word' id='word_1_122' title='bbox 1595 1641 1854 1710; x_wconf 77' lang='lat' dir='ltr'><strong>dignitate</strong></span> <span class='ocrx_word' id='word_1_123' title='bbox 1883 1658 2004 1698; x_wconf 91' lang='lat' dir='ltr'><strong>cum</strong></span> 
     </span>
    </p>
   </div>
   <div class='ocr_carea' id='block_1_18' title="bbox 433 1726 2003 1801">
    <p class='ocr_par' dir='ltr' id='par_1_18' title="bbox 433 1726 2003 1801">
     <span class='ocr_line' id='line_1_18' title="bbox 433 1726 2003 1801; baseline 0.007 -25"><span class='ocrx_word' id='word_1_124' title='bbox 433 1726 679 1778; x_wconf 85' lang='lat' dir='ltr'><strong>omnibus</strong></span> <span class='ocrx_word' id='word_1_125' title='bbox 723 1727 884 1782; x_wconf 87' lang='lat' dir='ltr'><strong>rebus</strong></span> <span class='ocrx_word' id='word_1_126' title='bbox 912 1743 1094 1782; x_wconf 90' lang='lat' dir='ltr'><strong>earnm</strong></span> <span class='ocrx_word' id='word_1_127' title='bbox 1115 1769 1130 1792; x_wconf 95' lang='lat'><strong>,</strong></span> <span class='ocrx_word' id='word_1_128' title='bbox 1161 1744 1280 1782; x_wconf 89' lang='lat' dir='ltr'><strong>cum</strong></span> <span class='ocrx_word' id='word_1_129' title='bbox 1310 1730 1636 1797; x_wconf 79' lang='lat' dir='ltr'><strong>civitatibus,</strong></span> <span class='ocrx_word' id='word_1_130' title='bbox 1665 1733 1828 1801; x_wconf 80' lang='lat' dir='ltr'><strong>agris,</strong></span> <span class='ocrx_word' id='word_1_131' title='bbox 1861 1734 2003 1788; x_wconf 88' lang='lat' dir='ltr'><strong>redi-</strong></span> 
     </span>
    </p>
   </div>
   <div class='ocr_carea' id='block_1_19' title="bbox 2125 547 3719 623">
    <p class='ocr_par' dir='ltr' id='par_1_19' title="bbox 2125 547 3719 623">
     <span class='ocr_line' id='line_1_19' title="bbox 2125 547 3719 623; baseline 0.008 -23"><span class='ocrx_word' id='word_1_132' title='bbox 2125 547 2294 600; x_wconf 90' lang='lat' dir='ltr'><strong>charii</strong></span> <span class='ocrx_word' id='word_1_133' title='bbox 2324 557 2660 602; x_wconf 84' lang='lat' dir='ltr'><strong>sacramenta</strong></span> <span class='ocrx_word' id='word_1_134' title='bbox 2691 549 2935 617; x_wconf 89' lang='lat' dir='ltr'><strong>primitus</strong></span> <span class='ocrx_word' id='word_1_135' title='bbox 2968 552 3345 622; x_wconf 73' lang='lat' dir='ltr'><strong>przcbuerunt;</strong></span> <span class='ocrx_word' id='word_1_136' title='bbox 3371 567 3421 609; x_wconf 92' lang='lat' dir='ltr'><strong>et</strong></span> <span class='ocrx_word' id='word_1_137' title='bbox 3450 559 3493 612; x_wconf 84' lang='lat' dir='ltr'><strong>si</strong></span> <span class='ocrx_word' id='word_1_138' title='bbox 3526 567 3719 623; x_wconf 65' lang='lat' dir='ltr'><strong>postea</strong></span> 
     </span>
    </p>
   </div>
   <div class='ocr_carea' id='block_1_20' title="bbox 2123 639 3710 712">
    <p class='ocr_par' dir='ltr' id='par_1_20' title="bbox 2123 639 3710 712">
     <span class='ocr_line' id='line_1_20' title="bbox 2123 639 3710 712; baseline 0.009 -22"><span class='ocrx_word' id='word_1_139' title='bbox 2123 639 2511 693; x_wconf 81' lang='lat' dir='ltr'><strong>convincuntur</strong></span> <span class='ocrx_word' id='word_1_140' title='bbox 2558 639 2612 693; x_wconf 88' lang='lat' dir='ltr'><strong>in</strong></span> <span class='ocrx_word' id='word_1_141' title='bbox 2651 650 2804 708; x_wconf 90' lang='lat' dir='ltr'><strong>parte</strong></span> <span class='ocrx_word' id='word_1_142' title='bbox 2845 641 2948 693; x_wconf 89' lang='lat' dir='ltr'><strong>alia</strong></span> <span class='ocrx_word' id='word_1_143' title='bbox 2995 641 3306 712; x_wconf 85' lang='lat' dir='ltr'><strong>tradidisse,</strong></span> <span class='ocrx_word' id='word_1_144' title='bbox 3338 645 3403 699; x_wconf 93' lang='lat' dir='ltr'><strong>de</strong></span> <span class='ocrx_word' id='word_1_145' title='bbox 3446 646 3574 700; x_wconf 88' lang='lat' dir='ltr'><strong>locis</strong></span> <span class='ocrx_word' id='word_1_146' title='bbox 3618 651 3710 704; x_wconf 88' lang='lat' dir='ltr'><strong>ubi</strong></span> 
     </span>
    </p>
   </div>
   <div class='ocr_carea' id='block_1_21' title="bbox 2123 729 3703 796">
    <p class='ocr_par' dir='ltr' id='par_1_21' title="bbox 2123 729 3703 796">
     <span class='ocr_line' id='line_1_21' title="bbox 2123 729 3703 796; baseline 0.006 -14"><span class='ocrx_word' id='word_1_147' title='bbox 2123 741 2465 784; x_wconf 89' lang='lat' dir='ltr'><strong>commanere</strong></span> <span class='ocrx_word' id='word_1_148' title='bbox 2495 729 2760 796; x_wconf 88' lang='lat' dir='ltr'><strong>videntur,</strong></span> <span class='ocrx_word' id='word_1_149' title='bbox 2791 731 3042 786; x_wconf 88' lang='lat' dir='ltr'><strong>convenit</strong></span> <span class='ocrx_word' id='word_1_150' title='bbox 3073 742 3128 785; x_wconf 93' lang='lat' dir='ltr'><strong>ut</strong></span> <span class='ocrx_word' id='word_1_151' title='bbox 3155 733 3387 788; x_wconf 87' lang='lat' dir='ltr'><strong>debeant</strong></span> <span class='ocrx_word' id='word_1_152' title='bbox 3418 741 3703 792; x_wconf 82' lang='lat' dir='ltr'><strong>removeri.</strong></span> 
     </span>
    </p>
   </div>
   <div class='ocr_carea' id='block_1_22' title="bbox 2120 819 3705 888">
    <p class='ocr_par' dir='ltr' id='par_1_22' title="bbox 2120 819 3705 888">
     <span class='ocr_line' id='line_1_22' title="bbox 2120 819 3705 888; baseline 0.005 -16"><span class='ocrx_word' id='word_1_153' title='bbox 2120 819 2376 873; x_wconf 89' lang='lat' dir='ltr'><strong>Similiter</strong></span> <span class='ocrx_word' id='word_1_154' title='bbox 2404 831 2456 875; x_wconf 93' lang='lat' dir='ltr'><strong>et</strong></span> <span class='ocrx_word' id='word_1_155' title='bbox 2485 820 2576 888; x_wconf 91' lang='lat' dir='ltr'><strong>qui</strong></span> <span class='ocrx_word' id='word_1_156' title='bbox 2623 829 2745 888; x_wconf 88' lang='lat' dir='ltr'><strong>post</strong></span> <span class='ocrx_word' id='word_1_157' title='bbox 2783 822 3061 876; x_wconf 91' lang='lat' dir='ltr'><strong>transitum</strong></span> <span class='ocrx_word' id='word_1_158' title='bbox 3089 822 3272 877; x_wconf 88' lang='lat' dir='ltr'><strong>domui</strong></span> <span class='ocrx_word' id='word_1_159' title='bbox 3303 825 3705 880; x_wconf 83' lang='lat' dir='ltr'><strong>Cblothacharii</strong></span> 
     </span>
    </p>
   </div>
   <div class='ocr_carea' id='block_1_23' title="bbox 2117 911 3706 986">
    <p class='ocr_par' dir='ltr' id='par_1_23' title="bbox 2117 911 3706 986">
     <span class='ocr_line' id='line_1_23' title="bbox 2117 911 3706 986; baseline 0.006 -23"><span class='ocrx_word' id='word_1_160' title='bbox 2117 911 2502 965; x_wconf 85' lang='lat' dir='ltr'><strong>convincuntur</strong></span> <span class='ocrx_word' id='word_1_161' title='bbox 2527 911 2725 966; x_wconf 91' lang='lat' dir='ltr'><strong>domno</strong></span> <span class='ocrx_word' id='word_1_162' title='bbox 2761 911 3028 980; x_wconf 90' lang='lat' dir='ltr'><strong>Sigiberto</strong></span> <span class='ocrx_word' id='word_1_163' title='bbox 3071 925 3401 969; x_wconf 89' lang='lat' dir='ltr'><strong>sacramenta</strong></span> <span class='ocrx_word' id='word_1_164' title='bbox 3457 918 3706 986; x_wconf 82' lang='lat' dir='ltr'><strong>primitus</strong></span> 
     </span>
    </p>
   </div>
   <div class='ocr_carea' id='block_1_24' title="bbox 2117 1000 3696 1074">
    <p class='ocr_par' dir='ltr' id='par_1_24' title="bbox 2117 1000 3696 1074">
     <span class='ocr_line' id='line_1_24' title="bbox 2117 1000 3696 1074; baseline 0.006 -22"><span class='ocrx_word' id='word_1_165' title='bbox 2117 1000 2433 1068; x_wconf 65' lang='lat' dir='ltr'><strong>praebuisse,</strong></span> <span class='ocrx_word' id='word_1_166' title='bbox 2481 1011 2535 1056; x_wconf 90' lang='lat' dir='ltr'><strong>et</strong></span> <span class='ocrx_word' id='word_1_167' title='bbox 2587 1015 2646 1055; x_wconf 92' lang='lat' dir='ltr'><strong>se</strong></span> <span class='ocrx_word' id='word_1_168' title='bbox 2696 1001 2748 1054; x_wconf 91' lang='lat' dir='ltr'><strong>in</strong></span> <span class='ocrx_word' id='word_1_169' title='bbox 2797 1001 2961 1054; x_wconf 89' lang='lat' dir='ltr'><strong>aliam</strong></span> <span class='ocrx_word' id='word_1_170' title='bbox 3015 1013 3216 1070; x_wconf 90' lang='lat' dir='ltr'><strong>partem</strong></span> <span class='ocrx_word' id='word_1_171' title='bbox 3275 1009 3696 1074; x_wconf 86' lang='lat' dir='ltr'><strong>transtulerunt,</strong></span> 
     </span>
    </p>
   </div>
   <div class='ocr_carea' id='block_1_25' title="bbox 2117 1090 3700 1164">
    <p class='ocr_par' dir='ltr' id='par_1_25' title="bbox 2117 1090 3700 1164">
     <span class='ocr_line' id='line_1_25' title="bbox 2117 1090 3700 1164; baseline 0.004 -20"><span class='ocrx_word' id='word_1_172' title='bbox 2117 1091 2273 1144; x_wconf 88' lang='lat' dir='ltr'><strong>modo</strong></span> <span class='ocrx_word' id='word_1_173' title='bbox 2302 1090 2462 1144; x_wconf 91' lang='lat' dir='ltr'><strong>simili</strong></span> <span class='ocrx_word' id='word_1_174' title='bbox 2513 1101 2906 1145; x_wconf 88' lang='lat' dir='ltr'><strong>removeantur.</strong></span> <span class='ocrx_word' id='word_1_175' title='bbox 2943 1092 3200 1147; x_wconf 89' lang='lat' dir='ltr'><strong>Similiter</strong></span> <span class='ocrx_word' id='word_1_176' title='bbox 3243 1095 3499 1164; x_wconf 85' lang='lat' dir='ltr'><strong>quidquid</strong></span> <span class='ocrx_word' id='word_1_177' title='bbox 3545 1108 3700 1151; x_wconf 83' lang='lat' dir='ltr'><strong>ante-</strong></span> 
     </span>
    </p>
   </div>
   <div class='ocr_carea' id='block_1_26' title="bbox 2114 1179 3700 1253">
    <p class='ocr_par' dir='ltr' id='par_1_26' title="bbox 2114 1179 3700 1253">
     <span class='ocr_line' id='line_1_26' title="bbox 2114 1179 3700 1253; baseline 0.006 -21"><span class='ocrx_word' id='word_1_178' title='bbox 2114 1179 2204 1234; x_wconf 89' lang='lat' dir='ltr'><strong>fati</strong></span> <span class='ocrx_word' id='word_1_179' title='bbox 2235 1194 2386 1249; x_wconf 86' lang='lat' dir='ltr'><strong>reges</strong></span> <span class='ocrx_word' id='word_1_180' title='bbox 2418 1181 2660 1234; x_wconf 90' lang='lat' dir='ltr'><strong>ecclesiis</strong></span> <span class='ocrx_word' id='word_1_181' title='bbox 2699 1191 2790 1235; x_wconf 91' lang='lat' dir='ltr'><strong>aut</strong></span> <span class='ocrx_word' id='word_1_182' title='bbox 2832 1182 3076 1236; x_wconf 82' lang='lat' dir='ltr'><strong>fidelibus</strong></span> <span class='ocrx_word' id='word_1_183' title='bbox 3120 1182 3229 1237; x_wconf 83' lang='lat' dir='ltr'><strong>suis</strong></span> <span class='ocrx_word' id='word_1_184' title='bbox 3280 1186 3617 1241; x_wconf 90' lang='lat' dir='ltr'><strong>contulerunt</strong></span> <span class='ocrx_word' id='word_1_185' title='bbox 3651 1197 3700 1253; x_wconf 77' lang='grc' dir='ltr'><strong>ο,</strong></span> 
     </span>
    </p>
   </div>
   <div class='ocr_carea' id='block_1_27' title="bbox 2111 1276 3700 1349">
    <p class='ocr_par' dir='ltr' id='par_1_27' title="bbox 2111 1276 3700 1349">
     <span class='ocr_line' id='line_1_27' title="bbox 2111 1276 3700 1349; baseline 0.003 -21"><span class='ocrx_word' id='word_1_186' title='bbox 2111 1286 2201 1328; x_wconf 90' lang='lat' dir='ltr'><strong>aut</strong></span> <span class='ocrx_word' id='word_1_187' title='bbox 2242 1276 2416 1330; x_wconf 87' lang='lat' dir='ltr'><strong>adhuc</strong></span> <span class='ocrx_word' id='word_1_188' title='bbox 2461 1279 2706 1331; x_wconf 51' lang='lat' dir='ltr'><strong>conferre</strong></span> <span class='ocrx_word' id='word_1_189' title='bbox 2745 1293 2866 1333; x_wconf 90' lang='lat' dir='ltr'><strong>cum</strong></span> <span class='ocrx_word' id='word_1_190' title='bbox 2909 1279 3148 1347; x_wconf 92' lang='lat' dir='ltr'><strong>justitia,</strong></span> <span class='ocrx_word' id='word_1_191' title='bbox 3191 1281 3300 1334; x_wconf 90' lang='lat' dir='ltr'><strong>Deo</strong></span> <span class='ocrx_word' id='word_1_192' title='bbox 3349 1280 3700 1349; x_wconf 63' lang='lat' dir='ltr'><strong>protritiante,</strong></span> 
     </span>
    </p>
   </div>
   <div class='ocr_carea' id='block_1_28' title="bbox 2115 1366 3700 1440">
    <p class='ocr_par' dir='ltr' id='par_1_28' title="bbox 2115 1366 3700 1440">
     <span class='ocr_line' id='line_1_28' title="bbox 2115 1366 3700 1440; baseline 0.001 -22"><span class='ocrx_word' id='word_1_193' title='bbox 2115 1366 2404 1432; x_wconf 88' lang='lat' dir='ltr'><strong>voluerint,</strong></span> <span class='ocrx_word' id='word_1_194' title='bbox 2455 1369 2722 1440; x_wconf 66' lang='lat' dir='ltr'><strong>stabiliter</strong></span> <span class='ocrx_word' id='word_1_195' title='bbox 2767 1379 3149 1434; x_wconf 86' lang='lat' dir='ltr'><strong>conservetur;</strong></span> <span class='ocrx_word' id='word_1_196' title='bbox 3192 1379 3248 1424; x_wconf 93' lang='lat' dir='ltr'><strong>et</strong></span> <span class='ocrx_word' id='word_1_197' title='bbox 3287 1369 3547 1438; x_wconf 89' lang='lat' dir='ltr'><strong>quidquid</strong></span> <span class='ocrx_word' id='word_1_198' title='bbox 3579 1371 3700 1421; x_wconf 84' lang='lat' dir='ltr'><strong>uni-</strong></span> 
     </span>
    </p>
   </div>
   <div class='ocr_carea' id='block_1_29' title="bbox 2108 1459 3700 1529">
    <p class='ocr_par' dir='ltr' id='par_1_29' title="bbox 2108 1459 3700 1529">
     <span class='ocr_line' id='line_1_29' title="bbox 2108 1459 3700 1529; baseline 0.001 -19"><span class='ocrx_word' id='word_1_199' title='bbox 2108 1459 2299 1528; x_wconf 90' lang='lat' dir='ltr'><strong>cuique</strong></span> <span class='ocrx_word' id='word_1_200' title='bbox 2349 1459 2580 1512; x_wconf 88' lang='lat' dir='ltr'><strong>fidelium</strong></span> <span class='ocrx_word' id='word_1_201' title='bbox 2637 1460 2687 1513; x_wconf 91' lang='lat' dir='ltr'><strong>in</strong></span> <span class='ocrx_word' id='word_1_202' title='bbox 2717 1460 2990 1529; x_wconf 89' lang='lat' dir='ltr'><strong>utriusque</strong></span> <span class='ocrx_word' id='word_1_203' title='bbox 3019 1475 3182 1529; x_wconf 87' lang='lat' dir='ltr'><strong>regno</strong></span> <span class='ocrx_word' id='word_1_204' title='bbox 3214 1475 3307 1529; x_wconf 89' lang='lat' dir='ltr'><strong>per</strong></span> <span class='ocrx_word' id='word_1_205' title='bbox 3332 1459 3499 1527; x_wconf 80' lang='lat' dir='ltr'><strong>legem</strong></span> <span class='ocrx_word' id='word_1_206' title='bbox 3529 1470 3583 1518; x_wconf 92' lang='lat' dir='ltr'><strong>et</strong></span> <span class='ocrx_word' id='word_1_207' title='bbox 3605 1459 3700 1526; x_wconf 78' lang='lat' dir='ltr'><strong>ju-</strong></span> 
     </span>
    </p>
   </div>
   <div class='ocr_carea' id='block_1_30' title="bbox 2107 1548 3696 1622">
    <p class='ocr_par' dir='ltr' id='par_1_30' title="bbox 2107 1548 3696 1622">
     <span class='ocr_line' id='line_1_30' title="bbox 2107 1548 3696 1622; baseline -0.001 -20"><span class='ocrx_word' id='word_1_208' title='bbox 2107 1549 2304 1602; x_wconf 89' lang='lat' dir='ltr'><strong>stitiam</strong></span> <span class='ocrx_word' id='word_1_209' title='bbox 2349 1548 2683 1615; x_wconf 85' lang='lat' dir='ltr'><strong>redhibetur,</strong></span> <span class='ocrx_word' id='word_1_210' title='bbox 2717 1549 2915 1603; x_wconf 89' lang='lat' dir='ltr'><strong>nullum</strong></span> <span class='ocrx_word' id='word_1_211' title='bbox 2939 1550 2990 1604; x_wconf 87' lang='lat' dir='ltr'><strong>ei</strong></span> <span class='ocrx_word' id='word_1_212' title='bbox 3033 1549 3394 1622; x_wconf 69' lang='lat' dir='ltr'><strong>praejudicium</strong></span> <span class='ocrx_word' id='word_1_213' title='bbox 3435 1559 3696 1616; x_wconf 88' lang='lat' dir='ltr'><strong>pariatur,</strong></span> 
     </span>
    </p>
   </div>
   <div class='ocr_carea' id='block_1_31' title="bbox 2106 1638 3698 1709">
    <p class='ocr_par' dir='ltr' id='par_1_31' title="bbox 2106 1638 3698 1709">
     <span class='ocr_line' id='line_1_31' title="bbox 2106 1638 3698 1709; baseline 0 -16"><span class='ocrx_word' id='word_1_214' title='bbox 2106 1638 2202 1693; x_wconf 88' lang='lat' dir='ltr'><strong>sed</strong></span> <span class='ocrx_word' id='word_1_215' title='bbox 2232 1639 2389 1693; x_wconf 89' lang='lat' dir='ltr'><strong>liceat</strong></span> <span class='ocrx_word' id='word_1_216' title='bbox 2419 1653 2504 1693; x_wconf 89' lang='lat' dir='ltr'><strong>res</strong></span> <span class='ocrx_word' id='word_1_217' title='bbox 2537 1640 2745 1694; x_wconf 92' lang='lat' dir='ltr'><strong>debitas</strong></span> <span class='ocrx_word' id='word_1_218' title='bbox 2774 1640 3050 1709; x_wconf 90' lang='lat' dir='ltr'><strong>possidere</strong></span> <span class='ocrx_word' id='word_1_219' title='bbox 3074 1649 3232 1708; x_wconf 89' lang='lat' dir='ltr'><strong>atque</strong></span> <span class='ocrx_word' id='word_1_220' title='bbox 3261 1640 3520 1706; x_wconf 88' lang='lat' dir='ltr'><strong>recipere.</strong></span> <span class='ocrx_word' id='word_1_221' title='bbox 3551 1638 3615 1692; x_wconf 85' lang='lat' dir='ltr'><strong>Et</strong></span> <span class='ocrx_word' id='word_1_222' title='bbox 3645 1640 3698 1693; x_wconf 88' lang='lat' dir='ltr'><strong>si</strong></span> 
     </span>
    </p>
   </div>
   <div class='ocr_carea' id='block_1_32' title="bbox 2105 1729 3691 1800">
    <p class='ocr_par' dir='ltr' id='par_1_32' title="bbox 2105 1729 3691 1800">
     <span class='ocr_line' id='line_1_32' title="bbox 2105 1729 3691 1800; baseline 0 -18"><span class='ocrx_word' id='word_1_223' title='bbox 2105 1729 2303 1799; x_wconf 90' lang='lat' dir='ltr'><strong>aliquid</strong></span> <span class='ocrx_word' id='word_1_224' title='bbox 2335 1731 2753 1800; x_wconf 27' lang='lat' dir='ltr'><strong>cuicunque-per</strong></span> <span class='ocrx_word' id='word_1_225' title='bbox 2778 1732 3084 1800; x_wconf 88' lang='lat' dir='ltr'><strong>interregna</strong></span> <span class='ocrx_word' id='word_1_226' title='bbox 3105 1733 3222 1785; x_wconf 89' lang='lat' dir='ltr'><strong>sine</strong></span> <span class='ocrx_word' id='word_1_227' title='bbox 3245 1731 3399 1800; x_wconf 85' lang='lat' dir='ltr'><strong>culpa</strong></span> <span class='ocrx_word' id='word_1_228' title='bbox 3422 1730 3691 1784; x_wconf 86' lang='lat' dir='ltr'><strong>sublatum</strong></span> 
     </span>
    </p>
   </div>
   <div class='ocr_carea' id='block_1_33' title="bbox 433 1813 1994 1893">
    <p class='ocr_par' dir='ltr' id='par_1_33' title="bbox 433 1815 1994 1892">
     <span class='ocr_line' id='line_1_33' title="bbox 433 1815 1994 1892; baseline 0.009 -27"><span class='ocrx_word' id='word_1_229' title='bbox 433 1815 574 1868; x_wconf 84' lang='lat' dir='ltr'><strong>t&#39;bus</strong></span> <span class='ocrx_word' id='word_1_230' title='bbox 603 1818 679 1868; x_wconf 82' lang='lat' dir='ltr'><strong>vel</strong></span> <span class='ocrx_word' id='word_1_231' title='bbox 708 1816 914 1871; x_wconf 87' lang='lat' dir='ltr'><strong>cunctis</strong></span> <span class='ocrx_word' id='word_1_232' title='bbox 959 1819 1143 1883; x_wconf 89' lang='lat' dir='ltr'><strong>titulis,</strong></span> <span class='ocrx_word' id='word_1_233' title='bbox 1173 1830 1225 1874; x_wconf 89' lang='lat' dir='ltr'><strong>et</strong></span> <span class='ocrx_word' id='word_1_234' title='bbox 1254 1820 1400 1874; x_wconf 91' lang='lat' dir='ltr'><strong>omni</strong></span> <span class='ocrx_word' id='word_1_235' title='bbox 1443 1835 1670 1892; x_wconf 89' lang='lat' dir='ltr'><strong>corpore</strong></span> <span class='ocrx_word' id='word_1_236' title='bbox 1715 1823 1994 1891; x_wconf 78' lang='lat' dir='ltr'><strong>facultatis,</strong></span> 
     </span>
    </p>
   </div>
   <div class='ocr_carea' id='block_1_34' title="bbox 2101 1813 3695 1893">
    <p class='ocr_par' dir='ltr' id='par_1_34' title="bbox 2107 1813 3695 1890">
     <span class='ocr_line' id='line_1_34' title="bbox 2107 1813 3695 1890; baseline 0.001 -17"><span class='ocrx_word' id='word_1_237' title='bbox 2107 1830 2215 1887; x_wconf 85' lang='lat' dir='ltr'><strong>est,</strong></span> <span class='ocrx_word' id='word_1_238' title='bbox 2242 1821 2504 1875; x_wconf 87' lang='lat' dir='ltr'><strong>audientia</strong></span> <span class='ocrx_word' id='word_1_239' title='bbox 2540 1820 2723 1874; x_wconf 90' lang='lat' dir='ltr'><strong>habita</strong></span> <span class='ocrx_word' id='word_1_240' title='bbox 2767 1831 3115 1876; x_wconf 87' lang='lat' dir='ltr'><strong>restauretur.</strong></span> <span class='ocrx_word' id='word_1_241' title='bbox 3147 1813 3204 1875; x_wconf 82' lang='lat' dir='ltr'><strong>Et</strong></span> <span class='ocrx_word' id='word_1_242' title='bbox 3237 1821 3304 1874; x_wconf 90' lang='lat' dir='ltr'><strong>de</strong></span> <span class='ocrx_word' id='word_1_243' title='bbox 3328 1836 3394 1874; x_wconf 92' lang='lat' dir='ltr'><strong>eo</strong></span> <span class='ocrx_word' id='word_1_244' title='bbox 3423 1820 3561 1890; x_wconf 88' lang='lat' dir='ltr'><strong>quod</strong></span> <span class='ocrx_word' id='word_1_245' title='bbox 3594 1835 3695 1889; x_wconf 84' lang='lat' dir='ltr'><strong>per</strong></span> 
     </span>
    </p>
   </div>
   <div class='ocr_carea' id='block_1_35' title="bbox 430 1900 2004 1982">
    <p class='ocr_par' dir='ltr' id='par_1_35' title="bbox 430 1900 2004 1982">
     <span class='ocr_line' id='line_1_35' title="bbox 430 1900 2004 1982; baseline 0.008 -25"><span class='ocrx_word' id='word_1_246' title='bbox 430 1908 534 1958; x_wconf 87' lang='lat' dir='ltr'><strong>tam</strong></span> <span class='ocrx_word' id='word_1_247' title='bbox 557 1900 718 1977; x_wconf 65' lang='grc'><strong>442</strong></span> <span class='ocrx_word' id='word_1_248' title='bbox 740 1908 880 1976; x_wconf 91' lang='lat' dir='ltr'><strong>quod</strong></span> <span class='ocrx_word' id='word_1_249' title='bbox 903 1910 1148 1978; x_wconf 74' lang='lat' dir='ltr'><strong>prteseuti</strong></span> <span class='ocrx_word' id='word_1_250' title='bbox 1174 1909 1416 1965; x_wconf 91' lang='lat' dir='ltr'><strong>videntur</strong></span> <span class='ocrx_word' id='word_1_251' title='bbox 1439 1921 1680 1982; x_wconf 89' lang='lat' dir='ltr'><strong>tempore</strong></span> <span class='ocrx_word' id='word_1_252' title='bbox 1707 1915 2004 1982; x_wconf 87' lang='lat' dir='ltr'><strong>possidere,</strong></span> 
     </span>
    </p>
   </div>
   <div class='ocr_carea' id='block_1_36' title="bbox 431 1999 2009 2074">
    <p class='ocr_par' dir='ltr' id='par_1_36' title="bbox 431 1999 2009 2074">
     <span class='ocr_line' id='line_1_36' title="bbox 431 1999 2009 2074; baseline 0.006 -25"><span class='ocrx_word' id='word_1_253' title='bbox 431 2012 586 2062; x_wconf 87' lang='lat' dir='ltr'><strong>quam</strong></span> <span class='ocrx_word' id='word_1_254' title='bbox 621 2001 758 2066; x_wconf 89' lang='lat' dir='ltr'><strong>quod</strong></span> <span class='ocrx_word' id='word_1_255' title='bbox 806 1999 1002 2067; x_wconf 88' lang='lat' dir='ltr'><strong>adhuc,</strong></span> <span class='ocrx_word' id='word_1_256' title='bbox 1036 2000 1246 2055; x_wconf 85' lang='lat' dir='ltr'><strong>Christo</strong></span> <span class='ocrx_word' id='word_1_257' title='bbox 1275 2003 1524 2070; x_wconf 62' lang='lat' dir='ltr'><strong>praesule,</strong></span> <span class='ocrx_word' id='word_1_258' title='bbox 1554 2003 1694 2070; x_wconf 81' lang='lat' dir='ltr'><strong>iuste</strong></span> <span class='ocrx_word' id='word_1_259' title='bbox 1737 2006 2009 2074; x_wconf 88' lang='lat' dir='ltr'><strong>potuerint</strong></span> 
     </span>
    </p>
   </div>
   <div class='ocr_carea' id='block_1_37' title="bbox 429 2091 2002 2162">
    <p class='ocr_par' dir='ltr' id='par_1_37' title="bbox 429 2091 2002 2162">
     <span class='ocr_line' id='line_1_37' title="bbox 429 2091 2002 2162; baseline 0.005 -22"><span class='ocrx_word' id='word_1_260' title='bbox 429 2101 791 2159; x_wconf 85' lang='lat' dir='ltr'><strong>augmentare,</strong></span> <span class='ocrx_word' id='word_1_261' title='bbox 811 2091 910 2145; x_wconf 85' lang='lat' dir='ltr'><strong>sub</strong></span> <span class='ocrx_word' id='word_1_262' title='bbox 927 2091 1071 2145; x_wconf 89' lang='lat' dir='ltr'><strong>omni</strong></span> <span class='ocrx_word' id='word_1_263' title='bbox 1094 2096 1379 2148; x_wconf 84' lang='lat' dir='ltr'><strong>securitate</strong></span> <span class='ocrx_word' id='word_1_264' title='bbox 1397 2104 1448 2149; x_wconf 89' lang='lat' dir='ltr'><strong>et</strong></span> <span class='ocrx_word' id='word_1_265' title='bbox 1462 2095 1642 2161; x_wconf 87' lang='lat' dir='ltr'><strong>quiete</strong></span> <span class='ocrx_word' id='word_1_266' title='bbox 1661 2095 1971 2162; x_wconf 87' lang='lat' dir='ltr'><strong>possldeant</strong></span> <span class='ocrx_word' id='word_1_267' title='bbox 1990 2113 2002 2148; x_wconf 92' lang='lat'>:</span> 
     </span>
    </p>
   </div>
   <div class='ocr_carea' id='block_1_38' title="bbox 431 2179 2008 2256">
    <p class='ocr_par' dir='ltr' id='par_1_38' title="bbox 431 2179 2008 2256">
     <span class='ocr_line' id='line_1_38' title="bbox 431 2179 2008 2256; baseline 0.004 -22"><span class='ocrx_word' id='word_1_268' title='bbox 431 2188 488 2234; x_wconf 87' lang='lat' dir='ltr'><strong>ut</strong></span> <span class='ocrx_word' id='word_1_269' title='bbox 516 2179 564 2233; x_wconf 87' lang='lat' dir='ltr'><strong>si</strong></span> <span class='ocrx_word' id='word_1_270' title='bbox 607 2180 732 2247; x_wconf 84' lang='lat' dir='ltr'><strong>quid</strong></span> <span class='ocrx_word' id='word_1_271' title='bbox 763 2180 831 2235; x_wconf 90' lang='lat' dir='ltr'><strong>de</strong></span> <span class='ocrx_word' id='word_1_272' title='bbox 872 2181 1012 2249; x_wconf 86' lang='lat' dir='ltr'><strong>agris</strong></span> <span class='ocrx_word' id='word_1_273' title='bbox 1056 2180 1347 2246; x_wconf 85' lang='lat' dir='ltr'><strong>fisealibus,</strong></span> <span class='ocrx_word' id='word_1_274' title='bbox 1390 2182 1471 2237; x_wconf 87' lang='lat' dir='ltr'><strong>vel</strong></span> <span class='ocrx_word' id='word_1_275' title='bbox 1518 2184 1814 2253; x_wconf 87' lang='lat' dir='ltr'><strong>speciebus,</strong></span> <span class='ocrx_word' id='word_1_276' title='bbox 1847 2195 2008 2256; x_wconf 87' lang='lat' dir='ltr'><strong>atque</strong></span> 
     </span>
    </p>
   </div>
   <div class='ocr_carea' id='block_1_39' title="bbox 429 2269 2006 2339">
    <p class='ocr_par' dir='ltr' id='par_1_39' title="bbox 429 2269 2006 2339">
     <span class='ocr_line' id='line_1_39' title="bbox 429 2269 2006 2339; baseline 0.006 -17"><span class='ocrx_word' id='word_1_277' title='bbox 429 2269 695 2338; x_wconf 61' lang='lat' dir='ltr'><strong>praesidio,</strong></span> <span class='ocrx_word' id='word_1_278' title='bbox 729 2285 824 2338; x_wconf 91' lang='lat' dir='ltr'><strong>pro</strong></span> <span class='ocrx_word' id='word_1_279' title='bbox 866 2272 1069 2326; x_wconf 88' lang='lat' dir='ltr'><strong>arbitrii</strong></span> <span class='ocrx_word' id='word_1_280' title='bbox 1108 2274 1190 2327; x_wconf 90' lang='lat' dir='ltr'><strong>sui</strong></span> <span class='ocrx_word' id='word_1_281' title='bbox 1225 2274 1496 2329; x_wconf 84' lang='lat' dir='ltr'><strong>voluntate</strong></span> <span class='ocrx_word' id='word_1_282' title='bbox 1535 2275 1732 2339; x_wconf 87' lang='lat' dir='ltr'><strong>facere,</strong></span> <span class='ocrx_word' id='word_1_283' title='bbox 1765 2284 1857 2330; x_wconf 91' lang='lat' dir='ltr'><strong>aut</strong></span> <span class='ocrx_word' id='word_1_284' title='bbox 1894 2278 2006 2331; x_wconf 85' lang='lat' dir='ltr'><strong>cui-</strong></span> 
     </span>
    </p>
   </div>
   <div class='ocr_carea' id='block_1_40' title="bbox 428 2362 2002 2436">
    <p class='ocr_par' dir='ltr' id='par_1_40' title="bbox 428 2362 2002 2436">
     <span class='ocr_line' id='line_1_40' title="bbox 428 2362 2002 2436; baseline 0.008 -25"><span class='ocrx_word' id='word_1_285' title='bbox 428 2377 584 2430; x_wconf 83' lang='lat' dir='ltr'><strong>quam</strong></span> <span class='ocrx_word' id='word_1_286' title='bbox 612 2362 857 2418; x_wconf 80' lang='lat' dir='ltr'><strong>eonferre</strong></span> <span class='ocrx_word' id='word_1_287' title='bbox 883 2364 1176 2431; x_wconf 84' lang='lat' dir='ltr'><strong>voluerint,</strong></span> <span class='ocrx_word' id='word_1_288' title='bbox 1211 2365 1314 2419; x_wconf 87' lang='lat' dir='ltr'><strong>fixa</strong></span> <span class='ocrx_word' id='word_1_289' title='bbox 1341 2366 1631 2421; x_wconf 88' lang='lat' dir='ltr'><strong>stabilitate</strong></span> <span class='ocrx_word' id='word_1_290' title='bbox 1660 2366 1714 2420; x_wconf 92' lang='lat' dir='ltr'><strong>in</strong></span> <span class='ocrx_word' id='word_1_291' title='bbox 1747 2376 2002 2436; x_wconf 86' lang='lat' dir='ltr'><strong>perpetuo</strong></span> 
     </span>
    </p>
   </div>
   <div class='ocr_carea' id='block_1_41' title="bbox 426 2457 2001 2528">
    <p class='ocr_par' dir='ltr' id='par_1_41' title="bbox 426 2457 2001 2528">
     <span class='ocr_line' id='line_1_41' title="bbox 426 2457 2001 2528; baseline 0.005 -19"><span class='ocrx_word' id='word_1_292' title='bbox 426 2467 791 2522; x_wconf 83' lang='lat' dir='ltr'><strong>conservetur,</strong></span> <span class='ocrx_word' id='word_1_293' title='bbox 839 2471 937 2512; x_wconf 88' lang='lat' dir='ltr'><strong>nec</strong></span> <span class='ocrx_word' id='word_1_294' title='bbox 977 2471 1010 2511; x_wconf 85' lang='lat' dir='ltr'><strong>a</strong></span> <span class='ocrx_word' id='word_1_295' title='bbox 1053 2457 1453 2528; x_wconf 88' lang='lat' dir='ltr'><strong>quibuscunque</strong></span> <span class='ocrx_word' id='word_1_296' title='bbox 1499 2458 1743 2514; x_wconf 85' lang='lat' dir='ltr'><strong>voluntas</strong></span> <span class='ocrx_word' id='word_1_297' title='bbox 1791 2459 2001 2517; x_wconf 88' lang='lat' dir='ltr'><strong>illarum</strong></span> 
     </span>
    </p>
   </div>
   <div class='ocr_carea' id='block_1_42' title="bbox 430 2549 2002 2620">
    <p class='ocr_par' dir='ltr' id='par_1_42' title="bbox 430 2549 2002 2620">
     <span class='ocr_line' id='line_1_42' title="bbox 430 2549 2002 2620; baseline 0.003 -17"><span class='ocrx_word' id='word_1_298' title='bbox 430 2549 540 2604; x_wconf 86' lang='lat' dir='ltr'><strong>ullo</strong></span> <span class='ocrx_word' id='word_1_299' title='bbox 587 2561 823 2618; x_wconf 89' lang='lat' dir='ltr'><strong>tempore</strong></span> <span class='ocrx_word' id='word_1_300' title='bbox 865 2551 1214 2606; x_wconf 82' lang='lat' dir='ltr'><strong>convellatur.</strong></span> <span class='ocrx_word' id='word_1_301' title='bbox 1260 2551 1333 2607; x_wconf 83' lang='lat' dir='ltr'><strong>De</strong></span> <span class='ocrx_word' id='word_1_302' title='bbox 1377 2550 1678 2608; x_wconf 86' lang='lat' dir='ltr'><strong>civitatibus</strong></span> <span class='ocrx_word' id='word_1_303' title='bbox 1711 2568 1858 2620; x_wconf 88' lang='lat' dir='ltr'><strong>vero,</strong></span> <span class='ocrx_word' id='word_1_304' title='bbox 1900 2553 2002 2608; x_wconf 91' lang='lat' dir='ltr'><strong>hoc</strong></span> 
     </span>
    </p>
   </div>
   <div class='ocr_carea' id='block_1_43' title="bbox 428 2640 2001 2711">
    <p class='ocr_par' dir='ltr' id='par_1_43' title="bbox 428 2640 2001 2711">
     <span class='ocr_line' id='line_1_43' title="bbox 428 2640 2001 2711; baseline 0.003 -17"><span class='ocrx_word' id='word_1_305' title='bbox 428 2649 510 2694; x_wconf 87' lang='lat' dir='ltr'><strong>est</strong></span> <span class='ocrx_word' id='word_1_306' title='bbox 538 2640 852 2711; x_wconf 86' lang='lat' dir='ltr'><strong>Burdegala,</strong></span> <span class='ocrx_word' id='word_1_307' title='bbox 898 2640 1203 2707; x_wconf 87' lang='lat' dir='ltr'><strong>Lemovica,</strong></span> <span class='ocrx_word' id='word_1_308' title='bbox 1233 2641 1497 2706; x_wconf 87' lang='lat' dir='ltr'><strong>Cadurco,</strong></span> <span class='ocrx_word' id='word_1_309' title='bbox 1547 2642 1792 2698; x_wconf 86' lang='lat' dir='ltr'><strong>Benarno</strong></span> <span class='ocrx_word' id='word_1_310' title='bbox 1819 2654 1873 2698; x_wconf 90' lang='lat' dir='ltr'><strong>et</strong></span> <span class='ocrx_word' id='word_1_311' title='bbox 1901 2644 2001 2698; x_wconf 82' lang='lat' dir='ltr'><strong>Be-</strong></span> 
     </span>
    </p>
   </div>
   <div class='ocr_carea' id='block_1_44' title="bbox 425 2733 2000 2804">
    <p class='ocr_par' dir='ltr' id='par_1_44' title="bbox 425 2733 2000 2804">
     <span class='ocr_line' id='line_1_44' title="bbox 425 2733 2000 2804; baseline 0.004 -20"><span class='ocrx_word' id='word_1_312' title='bbox 425 2745 611 2800; x_wconf 86' lang='lat' dir='ltr'><strong>gorra,</strong></span> <span class='ocrx_word' id='word_1_313' title='bbox 642 2747 776 2801; x_wconf 91' lang='lat' dir='ltr'><strong>quas</strong></span> <span class='ocrx_word' id='word_1_314' title='bbox 807 2733 1205 2788; x_wconf 87' lang='lat' dir='ltr'><strong>Gailesuindam</strong></span> <span class='ocrx_word' id='word_1_315' title='bbox 1234 2733 1261 2772; x_wconf 74' lang='lat' dir='ltr'><strong>b</strong></span> <span class='ocrx_word' id='word_1_316' title='bbox 1291 2749 1598 2804; x_wconf 88' lang='lat' dir='ltr'><strong>germanam</strong></span> <span class='ocrx_word' id='word_1_317' title='bbox 1627 2736 1837 2790; x_wconf 74' lang='lat' dir='ltr'><strong>domum</strong></span> <span class='ocrx_word' id='word_1_318' title='bbox 1868 2737 2000 2791; x_wconf 88' lang='lat' dir='ltr'><strong>Bru-</strong></span> 
     </span>
    </p>
   </div>
   <div class='ocr_carea' id='block_1_45' title="bbox 427 2821 2001 2895">
    <p class='ocr_par' dir='ltr' id='par_1_45' title="bbox 427 2821 2001 2895">
     <span class='ocr_line' id='line_1_45' title="bbox 427 2821 2001 2895; baseline 0.006 -21"><span class='ocrx_word' id='word_1_319' title='bbox 427 2821 695 2887; x_wconf 76' lang='lat' dir='ltr'><strong>nicliildis,</strong></span> <span class='ocrx_word' id='word_1_320' title='bbox 732 2833 835 2877; x_wconf 87' lang='lat' dir='ltr'><strong>tam</strong></span> <span class='ocrx_word' id='word_1_321' title='bbox 866 2825 918 2877; x_wconf 91' lang='lat' dir='ltr'><strong>in</strong></span> <span class='ocrx_word' id='word_1_322' title='bbox 965 2824 1093 2879; x_wconf 93' lang='lat' dir='ltr'><strong>dote</strong></span> <span class='ocrx_word' id='word_1_323' title='bbox 1133 2839 1292 2895; x_wconf 91' lang='lat' dir='ltr'><strong>quam</strong></span> <span class='ocrx_word' id='word_1_324' title='bbox 1320 2824 1374 2878; x_wconf 91' lang='lat' dir='ltr'><strong>in</strong></span> <span class='ocrx_word' id='word_1_325' title='bbox 1417 2827 1788 2895; x_wconf 87' lang='lat' dir='ltr'><strong>morganegiba</strong></span> <span class='ocrx_word' id='word_1_326' title='bbox 1820 2837 1866 2893; x_wconf 77' lang='grc' dir='ltr'><strong>ο,</strong></span> <span class='ocrx_word' id='word_1_327' title='bbox 1899 2828 2001 2884; x_wconf 89' lang='lat' dir='ltr'><strong>huc</strong></span> 
     </span>
    </p>
   </div>
   <div class='ocr_carea' id='block_1_46' title="bbox 427 2915 1996 2984">
    <p class='ocr_par' dir='ltr' id='par_1_46' title="bbox 427 2915 1996 2984">
     <span class='ocr_line' id='line_1_46' title="bbox 427 2915 1996 2984; baseline 0.006 -17"><span class='ocrx_word' id='word_1_328' title='bbox 427 2925 542 2978; x_wconf 87' lang='lat' dir='ltr'><strong>est,</strong></span> <span class='ocrx_word' id='word_1_329' title='bbox 571 2915 863 2970; x_wconf 87' lang='lat' dir='ltr'><strong>matutinali</strong></span> <span class='ocrx_word' id='word_1_330' title='bbox 891 2916 1054 2984; x_wconf 91' lang='lat' dir='ltr'><strong>dono,</strong></span> <span class='ocrx_word' id='word_1_331' title='bbox 1082 2917 1133 2970; x_wconf 94' lang='lat' dir='ltr'><strong>in</strong></span> <span class='ocrx_word' id='word_1_332' title='bbox 1164 2917 1440 2972; x_wconf 86' lang='lat' dir='ltr'><strong>Franciam</strong></span> <span class='ocrx_word' id='word_1_333' title='bbox 1467 2917 1765 2973; x_wconf 80' lang='lat' dir='ltr'><strong>vénientetn</strong></span> <span class='ocrx_word' id='word_1_334' title='bbox 1793 2931 1996 2976; x_wconf 89' lang='lat' dir='ltr'><strong>certum</strong></span> 
     </span>
    </p>
   </div>
   <div class='ocr_carea' id='block_1_47' title="bbox 423 3006 1996 3078">
    <p class='ocr_par' dir='ltr' id='par_1_47' title="bbox 423 3006 1996 3078">
     <span class='ocr_line' id='line_1_47' title="bbox 423 3006 1996 3078; baseline 0.004 -20"><span class='ocrx_word' id='word_1_335' title='bbox 423 3015 505 3059; x_wconf 87' lang='lat' dir='ltr'><strong>est</strong></span> <span class='ocrx_word' id='word_1_336' title='bbox 529 3006 842 3072; x_wconf 85' lang='lat' dir='ltr'><strong>acquisisse.</strong></span> <span class='ocrx_word' id='word_1_337' title='bbox 871 3007 1012 3074; x_wconf 84' lang='lat' dir='ltr'><strong>Quas</strong></span> <span class='ocrx_word' id='word_1_338' title='bbox 1039 3008 1196 3061; x_wconf 90' lang='lat' dir='ltr'><strong>etiam</strong></span> <span class='ocrx_word' id='word_1_339' title='bbox 1226 3023 1318 3073; x_wconf 89' lang='lat' dir='ltr'><strong>per</strong></span> <span class='ocrx_word' id='word_1_340' title='bbox 1341 3008 1597 3076; x_wconf 87' lang='lat' dir='ltr'><strong>judicium</strong></span> <span class='ocrx_word' id='word_1_341' title='bbox 1626 3009 1996 3078; x_wconf 89' lang='lat' dir='ltr'><strong>gloriosissimi</strong></span> 
     </span>
    </p>
   </div>
   <div class='ocr_carea' id='block_1_48' title="bbox 421 3096 1998 3170">
    <p class='ocr_par' dir='ltr' id='par_1_48' title="bbox 421 3096 1998 3170">
     <span class='ocr_line' id='line_1_48' title="bbox 421 3096 1998 3170; baseline 0.005 -23"><span class='ocrx_word' id='word_1_342' title='bbox 421 3096 599 3150; x_wconf 89' lang='lat' dir='ltr'><strong>domui</strong></span> <span class='ocrx_word' id='word_1_343' title='bbox 634 3097 1018 3152; x_wconf 90' lang='lat' dir='ltr'><strong>Guntchramni</strong></span> <span class='ocrx_word' id='word_1_344' title='bbox 1056 3100 1195 3169; x_wconf 85' lang='lat' dir='ltr'><strong>regis</strong></span> <span class='ocrx_word' id='word_1_345' title='bbox 1225 3101 1306 3154; x_wconf 88' lang='lat' dir='ltr'><strong>vel</strong></span> <span class='ocrx_word' id='word_1_346' title='bbox 1345 3098 1667 3154; x_wconf 88' lang='lat' dir='ltr'><strong>Francorum</strong></span> <span class='ocrx_word' id='word_1_347' title='bbox 1689 3139 1706 3164; x_wconf 90' lang='lat'><strong>,</strong></span> <span class='ocrx_word' id='word_1_348' title='bbox 1738 3102 1998 3170; x_wconf 85' lang='lat' dir='ltr'><strong>supersti-</strong></span> 
     </span>
    </p>
   </div>
   <div class='ocr_carea' id='block_1_49' title="bbox 2112 1911 3692 1981">
    <p class='ocr_par' dir='ltr' id='par_1_49' title="bbox 2112 1911 3692 1981">
     <span class='ocr_line' id='line_1_49' title="bbox 2112 1911 3692 1981; baseline 0 -18"><span class='ocrx_word' id='word_1_349' title='bbox 2112 1911 2498 1965; x_wconf 87' lang='lat' dir='ltr'><strong>muuiflcentias</strong></span> <span class='ocrx_word' id='word_1_350' title='bbox 2529 1912 2940 1980; x_wconf 66' lang='lat' dir='ltr'><strong>prtecedentium</strong></span> <span class='ocrx_word' id='word_1_351' title='bbox 2972 1927 3160 1981; x_wconf 89' lang='lat' dir='ltr'><strong>regum</strong></span> <span class='ocrx_word' id='word_1_352' title='bbox 3208 1911 3568 1980; x_wconf 83' lang='lat' dir='ltr'><strong>unusquisque</strong></span> <span class='ocrx_word' id='word_1_353' title='bbox 3597 1925 3692 1963; x_wconf 87' lang='lat' dir='ltr'><strong>us-</strong></span> 
     </span>
    </p>
   </div>
   <div class='ocr_carea' id='block_1_50' title="bbox 2107 2000 3690 2072">
    <p class='ocr_par' dir='ltr' id='par_1_50' title="bbox 2107 2000 3690 2072">
     <span class='ocr_line' id='line_1_50' title="bbox 2107 2000 3690 2072; baseline -0.001 -18"><span class='ocrx_word' id='word_1_354' title='bbox 2107 2016 2211 2069; x_wconf 71' lang='lat' dir='ltr'><strong>que</strong></span> <span class='ocrx_word' id='word_1_355' title='bbox 2237 2000 2300 2054; x_wconf 90' lang='lat' dir='ltr'><strong>ad</strong></span> <span class='ocrx_word' id='word_1_356' title='bbox 2334 2003 2613 2056; x_wconf 90' lang='lat' dir='ltr'><strong>transitum</strong></span> <span class='ocrx_word' id='word_1_357' title='bbox 2651 2002 2895 2072; x_wconf 63' lang='lat' dir='ltr'><strong>gloriosa:</strong></span> <span class='ocrx_word' id='word_1_358' title='bbox 2925 2001 3196 2056; x_wconf 75' lang='lat' dir='ltr'><strong>memoria:</strong></span> <span class='ocrx_word' id='word_1_359' title='bbox 3221 2001 3398 2054; x_wconf 87' lang='lat' dir='ltr'><strong>domui</strong></span> <span class='ocrx_word' id='word_1_360' title='bbox 3430 2000 3690 2055; x_wconf 84' lang='lat' dir='ltr'><strong>Chlotha-</strong></span> 
     </span>
    </p>
   </div>
   <div class='ocr_carea' id='block_1_51' title="bbox 2105 2091 3696 2163">
    <p class='ocr_par' dir='ltr' id='par_1_51' title="bbox 2105 2091 3696 2163">
     <span class='ocr_line' id='line_1_51' title="bbox 2105 2091 3696 2163; baseline -0.003 -14"><span class='ocrx_word' id='word_1_361' title='bbox 2105 2094 2274 2149; x_wconf 87' lang='lat' dir='ltr'><strong>charii</strong></span> <span class='ocrx_word' id='word_1_362' title='bbox 2307 2095 2450 2163; x_wconf 88' lang='lat' dir='ltr'><strong>regis</strong></span> <span class='ocrx_word' id='word_1_363' title='bbox 2496 2093 2765 2160; x_wconf 86' lang='lat' dir='ltr'><strong>possedit,</strong></span> <span class='ocrx_word' id='word_1_364' title='bbox 2809 2109 2929 2148; x_wconf 91' lang='lat' dir='ltr'><strong>cum</strong></span> <span class='ocrx_word' id='word_1_365' title='bbox 2970 2091 3255 2147; x_wconf 87' lang='lat' dir='ltr'><strong>securitate</strong></span> <span class='ocrx_word' id='word_1_366' title='bbox 3296 2091 3596 2160; x_wconf 87' lang='lat' dir='ltr'><strong>possideat,</strong></span> <span class='ocrx_word' id='word_1_367' title='bbox 3627 2100 3696 2145; x_wconf 80' lang='lat' dir='ltr'><strong>et</strong></span> 
     </span>
    </p>
   </div>
   <div class='ocr_carea' id='block_1_52' title="bbox 2105 2183 3689 2255">
    <p class='ocr_par' dir='ltr' id='par_1_52' title="bbox 2105 2183 3689 2255">
     <span class='ocr_line' id='line_1_52' title="bbox 2105 2183 3689 2255; baseline -0.001 -18"><span class='ocrx_word' id='word_1_368' title='bbox 2105 2186 2243 2255; x_wconf 91' lang='lat' dir='ltr'><strong>quod</strong></span> <span class='ocrx_word' id='word_1_369' title='bbox 2270 2185 2463 2240; x_wconf 80' lang='lat' dir='ltr'><strong>exinde</strong></span> <span class='ocrx_word' id='word_1_370' title='bbox 2494 2184 2736 2239; x_wconf 82' lang='lat' dir='ltr'><strong>ﬁdelibus</strong></span> <span class='ocrx_word' id='word_1_371' title='bbox 2767 2184 3008 2254; x_wconf 56' lang='lat' dir='ltr'><strong>personis</strong></span> <span class='ocrx_word' id='word_1_372' title='bbox 3037 2184 3271 2237; x_wconf 90' lang='lat' dir='ltr'><strong>ablatum</strong></span> <span class='ocrx_word' id='word_1_373' title='bbox 3303 2192 3414 2248; x_wconf 87' lang='lat' dir='ltr'><strong>est,</strong></span> <span class='ocrx_word' id='word_1_374' title='bbox 3446 2183 3514 2236; x_wconf 92' lang='lat' dir='ltr'><strong>de</strong></span> <span class='ocrx_word' id='word_1_375' title='bbox 3545 2196 3689 2250; x_wconf 68' lang='lat' dir='ltr'><strong>prae-</strong></span> 
     </span>
    </p>
   </div>
   <div class='ocr_carea' id='block_1_53' title="bbox 2105 2273 3680 2346">
    <p class='ocr_par' dir='ltr' id='par_1_53' title="bbox 2105 2273 3680 2346">
     <span class='ocr_line' id='line_1_53' title="bbox 2105 2273 3680 2346; baseline -0.001 -16"><span class='ocrx_word' id='word_1_376' title='bbox 2105 2278 2242 2330; x_wconf 88' lang='lat' dir='ltr'><strong>senti</strong></span> <span class='ocrx_word' id='word_1_377' title='bbox 2284 2277 2523 2346; x_wconf 85' lang='lat' dir='ltr'><strong>recipiat.</strong></span> <span class='ocrx_word' id='word_1_378' title='bbox 2558 2278 2621 2330; x_wconf 79' lang='lat' dir='ltr'><strong>Et</strong></span> <span class='ocrx_word' id='word_1_379' title='bbox 2661 2276 2782 2345; x_wconf 92' lang='lat' dir='ltr'><strong>quia</strong></span> <span class='ocrx_word' id='word_1_380' title='bbox 2814 2275 2952 2329; x_wconf 91' lang='lat' dir='ltr'><strong>inter</strong></span> <span class='ocrx_word' id='word_1_381' title='bbox 2993 2273 3240 2343; x_wconf 61' lang='lat' dir='ltr'><strong>praefatos</strong></span> <span class='ocrx_word' id='word_1_382' title='bbox 3285 2287 3434 2343; x_wconf 88' lang='lat' dir='ltr'><strong>reges</strong></span> <span class='ocrx_word' id='word_1_383' title='bbox 3466 2287 3593 2341; x_wconf 87' lang='lat' dir='ltr'><strong>pura</strong></span> <span class='ocrx_word' id='word_1_384' title='bbox 3619 2279 3680 2328; x_wconf 79' lang='lat' dir='ltr'><strong>et</strong></span> 
     </span>
    </p>
   </div>
   <div class='ocr_carea' id='block_1_54' title="bbox 2103 2367 3685 2439">
    <p class='ocr_par' dir='ltr' id='par_1_54' title="bbox 2103 2367 3685 2439">
     <span class='ocr_line' id='line_1_54' title="bbox 2103 2367 3685 2439; baseline -0.003 -14"><span class='ocrx_word' id='word_1_385' title='bbox 2103 2371 2327 2439; x_wconf 81' lang='lat' dir='ltr'><strong>simplex</strong></span> <span class='ocrx_word' id='word_1_386' title='bbox 2357 2379 2438 2424; x_wconf 89' lang='lat' dir='ltr'><strong>est</strong></span> <span class='ocrx_word' id='word_1_387' title='bbox 2479 2369 2530 2423; x_wconf 89' lang='lat' dir='ltr'><strong>in</strong></span> <span class='ocrx_word' id='word_1_388' title='bbox 2578 2369 2672 2423; x_wconf 88' lang='lat' dir='ltr'><strong>Dei</strong></span> <span class='ocrx_word' id='word_1_389' title='bbox 2719 2369 2938 2423; x_wconf 89' lang='lat' dir='ltr'><strong>nomine</strong></span> <span class='ocrx_word' id='word_1_390' title='bbox 2977 2369 3259 2422; x_wconf 90' lang='lat' dir='ltr'><strong>concordia</strong></span> <span class='ocrx_word' id='word_1_391' title='bbox 3292 2367 3523 2436; x_wconf 85' lang='lat' dir='ltr'><strong>illigata,</strong></span> <span class='ocrx_word' id='word_1_392' title='bbox 3553 2383 3685 2421; x_wconf 87' lang='lat' dir='ltr'><strong>con-</strong></span> 
     </span>
    </p>
   </div>
   <div class='ocr_carea' id='block_1_55' title="bbox 2103 2457 3674 2529">
    <p class='ocr_par' dir='ltr' id='par_1_55' title="bbox 2103 2457 3674 2529">
     <span class='ocr_line' id='line_1_55' title="bbox 2103 2457 3674 2529; baseline 0 -17"><span class='ocrx_word' id='word_1_393' title='bbox 2103 2461 2244 2514; x_wconf 89' lang='lat' dir='ltr'><strong>venit</strong></span> <span class='ocrx_word' id='word_1_394' title='bbox 2285 2468 2344 2513; x_wconf 93' lang='lat' dir='ltr'><strong>ut</strong></span> <span class='ocrx_word' id='word_1_395' title='bbox 2374 2459 2429 2512; x_wconf 90' lang='lat' dir='ltr'><strong>in</strong></span> <span class='ocrx_word' id='word_1_396' title='bbox 2470 2469 2694 2529; x_wconf 90' lang='lat' dir='ltr'><strong>utroque</strong></span> <span class='ocrx_word' id='word_1_397' title='bbox 2735 2474 2901 2529; x_wconf 89' lang='lat' dir='ltr'><strong>regno</strong></span> <span class='ocrx_word' id='word_1_398' title='bbox 2945 2459 3220 2529; x_wconf 90' lang='lat' dir='ltr'><strong>utriusque</strong></span> <span class='ocrx_word' id='word_1_399' title='bbox 3267 2457 3534 2523; x_wconf 85' lang='lat' dir='ltr'><strong>fidelibus,</strong></span> <span class='ocrx_word' id='word_1_400' title='bbox 3567 2468 3674 2512; x_wconf 86' lang='lat' dir='ltr'><strong>tam</strong></span> 
     </span>
    </p>
   </div>
   <div class='ocr_carea' id='block_1_56' title="bbox 2103 2550 3684 2621">
    <p class='ocr_par' dir='ltr' id='par_1_56' title="bbox 2103 2550 3684 2621">
     <span class='ocr_line' id='line_1_56' title="bbox 2103 2550 3684 2621; baseline -0.001 -16"><span class='ocrx_word' id='word_1_401' title='bbox 2103 2566 2199 2621; x_wconf 86' lang='lat' dir='ltr'><strong>pro</strong></span> <span class='ocrx_word' id='word_1_402' title='bbox 2223 2552 2398 2605; x_wconf 77' lang='lat' dir='ltr'><strong>causis</strong></span> <span class='ocrx_word' id='word_1_403' title='bbox 2426 2550 2647 2619; x_wconf 92' lang='lat' dir='ltr'><strong>publicis</strong></span> <span class='ocrx_word' id='word_1_404' title='bbox 2672 2565 2828 2620; x_wconf 90' lang='lat' dir='ltr'><strong>quam</strong></span> <span class='ocrx_word' id='word_1_405' title='bbox 2860 2552 3098 2620; x_wconf 87' lang='lat' dir='ltr'><strong>privatis,</strong></span> <span class='ocrx_word' id='word_1_406' title='bbox 3123 2551 3422 2619; x_wconf 90' lang='lat' dir='ltr'><strong>quicunque</strong></span> <span class='ocrx_word' id='word_1_407' title='bbox 3449 2550 3684 2606; x_wconf 88' lang='lat' dir='ltr'><strong>voluerit</strong></span> 
     </span>
    </p>
   </div>
   <div class='ocr_carea' id='block_1_57' title="bbox 2103 2642 3683 2713">
    <p class='ocr_par' dir='ltr' id='par_1_57' title="bbox 2103 2642 3683 2713">
     <span class='ocr_line' id='line_1_57' title="bbox 2103 2642 3683 2713; baseline -0.002 -15"><span class='ocrx_word' id='word_1_408' title='bbox 2103 2644 2398 2707; x_wconf 86' lang='lat' dir='ltr'><strong>ambulare,</strong></span> <span class='ocrx_word' id='word_1_409' title='bbox 2431 2643 2678 2712; x_wconf 86' lang='lat' dir='ltr'><strong>pervium</strong></span> <span class='ocrx_word' id='word_1_410' title='bbox 2710 2643 2870 2697; x_wconf 86' lang='lat' dir='ltr'><strong>nullis</strong></span> <span class='ocrx_word' id='word_1_411' title='bbox 2899 2643 3222 2713; x_wconf 87' lang='lat' dir='ltr'><strong>temporibus</strong></span> <span class='ocrx_word' id='word_1_412' title='bbox 3251 2642 3561 2712; x_wconf 82' lang='lat' dir='ltr'><strong>denegetur.</strong></span> <span class='ocrx_word' id='word_1_413' title='bbox 3595 2642 3683 2696; x_wconf 86' lang='lat' dir='ltr'><strong>Si-</strong></span> 
     </span>
    </p>
   </div>
   <div class='ocr_carea' id='block_1_58' title="bbox 2101 2733 3678 2799">
    <p class='ocr_par' dir='ltr' id='par_1_58' title="bbox 2101 2733 3678 2799">
     <span class='ocr_line' id='line_1_58' title="bbox 2101 2733 3678 2799; baseline -0.001 -11"><span class='ocrx_word' id='word_1_414' title='bbox 2101 2735 2297 2790; x_wconf 88' lang='lat' dir='ltr'><strong>militer</strong></span> <span class='ocrx_word' id='word_1_415' title='bbox 2322 2736 2604 2799; x_wconf 89' lang='lat' dir='ltr'><strong>convenit,</strong></span> <span class='ocrx_word' id='word_1_416' title='bbox 2635 2743 2691 2787; x_wconf 92' lang='lat' dir='ltr'><strong>ut</strong></span> <span class='ocrx_word' id='word_1_417' title='bbox 2718 2734 2895 2788; x_wconf 87' lang='lat' dir='ltr'><strong>nullus</strong></span> <span class='ocrx_word' id='word_1_418' title='bbox 2921 2735 3142 2789; x_wconf 79' lang='lat' dir='ltr'><strong>a!terius</strong></span> <span class='ocrx_word' id='word_1_419' title='bbox 3171 2733 3350 2788; x_wconf 86' lang='lat' dir='ltr'><strong>leudes</strong></span> <span class='ocrx_word' id='word_1_420' title='bbox 3381 2747 3480 2788; x_wconf 91' lang='lat' dir='ltr'><strong>nec</strong></span> <span class='ocrx_word' id='word_1_421' title='bbox 3523 2733 3678 2787; x_wconf 85' lang='lat' dir='ltr'><strong>solli-</strong></span> 
     </span>
    </p>
   </div>
   <div class='ocr_carea' id='block_1_59' title="bbox 2101 2822 3680 2892">
    <p class='ocr_par' dir='ltr' id='par_1_59' title="bbox 2101 2822 3680 2892">
     <span class='ocr_line' id='line_1_59' title="bbox 2101 2822 3680 2892; baseline -0.001 -14"><span class='ocrx_word' id='word_1_422' title='bbox 2101 2824 2260 2889; x_wconf 89' lang='lat' dir='ltr'><strong>citet,</strong></span> <span class='ocrx_word' id='word_1_423' title='bbox 2291 2839 2388 2878; x_wconf 92' lang='lat' dir='ltr'><strong>nec</strong></span> <span class='ocrx_word' id='word_1_424' title='bbox 2426 2824 2698 2878; x_wconf 89' lang='lat' dir='ltr'><strong>venientes</strong></span> <span class='ocrx_word' id='word_1_425' title='bbox 2743 2823 2990 2892; x_wconf 78' lang='lat' dir='ltr'><strong>excipiat.</strong></span> <span class='ocrx_word' id='word_1_426' title='bbox 3023 2822 3172 2889; x_wconf 83' lang='lat' dir='ltr'><strong>Quod</strong></span> <span class='ocrx_word' id='word_1_427' title='bbox 3214 2823 3261 2877; x_wconf 90' lang='lat' dir='ltr'><strong>si</strong></span> <span class='ocrx_word' id='word_1_428' title='bbox 3308 2823 3526 2876; x_wconf 86' lang='lat' dir='ltr'><strong>forsitan</strong></span> <span class='ocrx_word' id='word_1_429' title='bbox 3578 2837 3680 2892; x_wconf 90' lang='lat' dir='ltr'><strong>pro</strong></span> 
     </span>
    </p>
   </div>
   <div class='ocr_carea' id='block_1_60' title="bbox 2099 2915 3682 2986">
    <p class='ocr_par' dir='ltr' id='par_1_60' title="bbox 2099 2915 3682 2986">
     <span class='ocr_line' id='line_1_60' title="bbox 2099 2915 3682 2986; baseline 0.001 -18"><span class='ocrx_word' id='word_1_430' title='bbox 2099 2916 2274 2986; x_wconf 82' lang='lat' dir='ltr'><strong>aliqua</strong></span> <span class='ocrx_word' id='word_1_431' title='bbox 2319 2915 2612 2970; x_wconf 88' lang='lat' dir='ltr'><strong>amissione</strong></span> <span class='ocrx_word' id='word_1_432' title='bbox 2656 2924 2857 2984; x_wconf 91' lang='lat' dir='ltr'><strong>partem</strong></span> <span class='ocrx_word' id='word_1_433' title='bbox 2909 2917 3128 2970; x_wconf 87' lang='lat' dir='ltr'><strong>alteram</strong></span> <span class='ocrx_word' id='word_1_434' title='bbox 3180 2915 3470 2971; x_wconf 89' lang='lat' dir='ltr'><strong>crediderit</strong></span> <span class='ocrx_word' id='word_1_435' title='bbox 3505 2932 3682 2986; x_wconf 88' lang='lat' dir='ltr'><strong>expe-</strong></span> 
     </span>
    </p>
   </div>
   <div class='ocr_carea' id='block_1_61' title="bbox 2100 3005 3690 3076">
    <p class='ocr_par' dir='ltr' id='par_1_61' title="bbox 2100 3005 3690 3076">
     <span class='ocr_line' id='line_1_61' title="bbox 2100 3005 3690 3076; baseline 0.001 -15"><span class='ocrx_word' id='word_1_436' title='bbox 2100 3007 2341 3073; x_wconf 89' lang='lat' dir='ltr'><strong>tendam,</strong></span> <span class='ocrx_word' id='word_1_437' title='bbox 2369 3006 2516 3076; x_wconf 83' lang='lat' dir='ltr'><strong>juxta</strong></span> <span class='ocrx_word' id='word_1_438' title='bbox 2547 3007 2848 3076; x_wconf 90' lang='lat' dir='ltr'><strong>qualitatem</strong></span> <span class='ocrx_word' id='word_1_439' title='bbox 2879 3005 3048 3076; x_wconf 72' lang='lat' dir='ltr'><strong>culpa:</strong></span> <span class='ocrx_word' id='word_1_440' title='bbox 3095 3007 3329 3061; x_wconf 76' lang='lat' dir='ltr'><strong>excusati</strong></span> <span class='ocrx_word' id='word_1_441' title='bbox 3369 3007 3690 3062; x_wconf 68' lang='lat' dir='ltr'><strong>reddantur.-</strong></span> 
     </span>
    </p>
   </div>
   <div class='ocr_carea' id='block_1_62' title="bbox 2043 3095 3683 3166">
    <p class='ocr_par' dir='ltr' id='par_1_62' title="bbox 2043 3095 3683 3166">
     <span class='ocr_line' id='line_1_62' title="bbox 2043 3095 3683 3166; baseline 0 -15"><span class='ocrx_word' id='word_1_442' title='bbox 2043 3099 2049 3104; x_wconf 76' lang='grc'>’</span> <span class='ocrx_word' id='word_1_443' title='bbox 2100 3097 2210 3152; x_wconf 92' lang='lat' dir='ltr'><strong>lloc</strong></span> <span class='ocrx_word' id='word_1_444' title='bbox 2235 3096 2395 3151; x_wconf 89' lang='lat' dir='ltr'><strong>etiam</strong></span> <span class='ocrx_word' id='word_1_445' title='bbox 2427 3096 2547 3150; x_wconf 87' lang='lat' dir='ltr'><strong>huic</strong></span> <span class='ocrx_word' id='word_1_446' title='bbox 2574 3096 2694 3150; x_wconf 92' lang='lat' dir='ltr'><strong>addi</strong></span> <span class='ocrx_word' id='word_1_447' title='bbox 2726 3098 2921 3166; x_wconf 87' lang='lat' dir='ltr'><strong>placuit</strong></span> <span class='ocrx_word' id='word_1_448' title='bbox 2958 3095 3221 3165; x_wconf 89' lang='lat' dir='ltr'><strong>pactioni,</strong></span> <span class='ocrx_word' id='word_1_449' title='bbox 3259 3105 3316 3150; x_wconf 92' lang='lat' dir='ltr'><strong>ut</strong></span> <span class='ocrx_word' id='word_1_450' title='bbox 3343 3097 3386 3149; x_wconf 91' lang='lat' dir='ltr'><strong>si</strong></span> <span class='ocrx_word' id='word_1_451' title='bbox 3417 3110 3519 3164; x_wconf 88' lang='lat' dir='ltr'><strong>qua</strong></span> <span class='ocrx_word' id='word_1_452' title='bbox 3551 3111 3683 3163; x_wconf 73' lang='lat' dir='ltr'><strong>pars</strong></span> 
     </span>
    </p>
   </div>
   <div class='ocr_carea' id='block_1_63' title="bbox 421 3186 3682 3274">
    <p class='ocr_par' dir='ltr' id='par_1_63' title="bbox 421 3186 3682 3274">
     <span class='ocr_line' id='line_1_63' title="bbox 421 3186 3682 3274; baseline 0.001 -35"><span class='ocrx_word' id='word_1_453' title='bbox 421 3186 561 3240; x_wconf 85' lang='lat' dir='ltr'><strong>tibus</strong></span> <span class='ocrx_word' id='word_1_454' title='bbox 588 3188 890 3256; x_wconf 88' lang='lat' dir='ltr'><strong>Chilperico</strong></span> <span class='ocrx_word' id='word_1_455' title='bbox 918 3201 972 3244; x_wconf 91' lang='lat' dir='ltr'><strong>et</strong></span> <span class='ocrx_word' id='word_1_456' title='bbox 999 3190 1261 3260; x_wconf 85' lang='lat' dir='ltr'><strong>Sigiberto</strong></span> <span class='ocrx_word' id='word_1_457' title='bbox 1297 3191 1529 3260; x_wconf 87' lang='lat' dir='ltr'><strong>regibus,</strong></span> <span class='ocrx_word' id='word_1_458' title='bbox 1559 3192 1752 3245; x_wconf 89' lang='lat' dir='ltr'><strong>domna</strong></span> <span class='ocrx_word' id='word_1_459' title='bbox 1797 3192 1990 3246; x_wconf 64' lang='lat' dir='ltr'><strong>Brutti-</strong></span> <span class='ocrx_word' id='word_1_460' title='bbox 2020 3212 2064 3274; x_wconf 71' lang='grc' dir='ltr'><strong>ρ</strong></span> <span class='ocrx_word' id='word_1_461' title='bbox 2101 3189 2380 3259; x_wconf 71' lang='grc' dir='ltr'><strong>ρτωεθηιίίι</strong></span> <span class='ocrx_word' id='word_1_462' title='bbox 2405 3196 2600 3241; x_wconf 88' lang='lat' dir='ltr'><strong>statuta</strong></span> <span class='ocrx_word' id='word_1_463' title='bbox 2630 3190 2728 3242; x_wconf 90' lang='lat' dir='ltr'><strong>sub</strong></span> <span class='ocrx_word' id='word_1_464' title='bbox 2753 3202 3068 3256; x_wconf 86' lang='lat' dir='ltr'><strong>quacunque</strong></span> <span class='ocrx_word' id='word_1_465' title='bbox 3098 3187 3410 3253; x_wconf 86' lang='lat' dir='ltr'><strong>calliditate,</strong></span> <span class='ocrx_word' id='word_1_466' title='bbox 3434 3195 3682 3254; x_wconf 75' lang='lat' dir='ltr'><strong>tempore</strong></span> 
     </span>
    </p>
   </div>
   <div class='ocr_carea' id='block_1_64' title="bbox 418 3278 1994 3351">
    <p class='ocr_par' dir='ltr' id='par_1_64' title="bbox 418 3278 1994 3351">
     <span class='ocr_line' id='line_1_64' title="bbox 418 3278 1994 3351; baseline 0.004 -19"><span class='ocrx_word' id='word_1_467' title='bbox 418 3278 605 3333; x_wconf 85' lang='lat' dir='ltr'><strong>childis</strong></span> <span class='ocrx_word' id='word_1_468' title='bbox 644 3280 880 3333; x_wconf 90' lang='lat' dir='ltr'><strong>noscitur</strong></span> <span class='ocrx_word' id='word_1_469' title='bbox 927 3282 1240 3351; x_wconf 87' lang='lat' dir='ltr'><strong>acquisisse,</strong></span> <span class='ocrx_word' id='word_1_470' title='bbox 1278 3284 1347 3336; x_wconf 88' lang='lat' dir='ltr'><strong>ita</strong></span> <span class='ocrx_word' id='word_1_471' title='bbox 1385 3282 1663 3349; x_wconf 87' lang='lat' dir='ltr'><strong>convenit,</strong></span> <span class='ocrx_word' id='word_1_472' title='bbox 1699 3282 1907 3338; x_wconf 89' lang='lat' dir='ltr'><strong>scilicet</strong></span> <span class='ocrx_word' id='word_1_473' title='bbox 1937 3292 1994 3338; x_wconf 90' lang='lat' dir='ltr'><strong>ut</strong></span> 
     </span>
    </p>
   </div>
   <div class='ocr_carea' id='block_1_65' title="bbox 416 3371 1994 3445">
    <p class='ocr_par' dir='ltr' id='par_1_65' title="bbox 416 3371 1994 3445">
     <span class='ocr_line' id='line_1_65' title="bbox 416 3371 1994 3445; baseline 0.004 -21"><span class='ocrx_word' id='word_1_474' title='bbox 416 3371 713 3427; x_wconf 87' lang='lat' dir='ltr'><strong>Cadurcum</strong></span> <span class='ocrx_word' id='word_1_475' title='bbox 740 3375 1008 3428; x_wconf 88' lang='lat' dir='ltr'><strong>civitatem</strong></span> <span class='ocrx_word' id='word_1_476' title='bbox 1033 3416 1046 3437; x_wconf 85' lang='lat'><strong>,</strong></span> <span class='ocrx_word' id='word_1_477' title='bbox 1078 3389 1198 3429; x_wconf 92' lang='lat' dir='ltr'><strong>cum</strong></span> <span class='ocrx_word' id='word_1_478' title='bbox 1230 3375 1473 3429; x_wconf 90' lang='lat' dir='ltr'><strong>terminis</strong></span> <span class='ocrx_word' id='word_1_479' title='bbox 1496 3385 1549 3429; x_wconf 91' lang='lat' dir='ltr'><strong>et</strong></span> <span class='ocrx_word' id='word_1_480' title='bbox 1572 3386 1768 3429; x_wconf 90' lang='lat' dir='ltr'><strong>cuncto</strong></span> <span class='ocrx_word' id='word_1_481' title='bbox 1801 3375 1994 3445; x_wconf 91' lang='lat' dir='ltr'><strong>populo</strong></span> 
     </span>
    </p>
   </div>
   <div class='ocr_carea' id='block_1_66' title="bbox 414 3466 1993 3539">
    <p class='ocr_par' dir='ltr' id='par_1_66' title="bbox 414 3466 1993 3539">
     <span class='ocr_line' id='line_1_66' title="bbox 414 3466 1993 3539; baseline 0.005 -22"><span class='ocrx_word' id='word_1_482' title='bbox 414 3477 512 3518; x_wconf 82' lang='lat' dir='ltr'><strong>suo</strong></span> <span class='ocrx_word' id='word_1_483' title='bbox 541 3466 731 3520; x_wconf 89' lang='lat' dir='ltr'><strong>domna</strong></span> <span class='ocrx_word' id='word_1_484' title='bbox 767 3467 1117 3521; x_wconf 86' lang='lat' dir='ltr'><strong>Brunichildis</strong></span> <span class='ocrx_word' id='word_1_485' title='bbox 1146 3468 1211 3523; x_wconf 91' lang='lat' dir='ltr'><strong>de</strong></span> <span class='ocrx_word' id='word_1_486' title='bbox 1254 3469 1501 3536; x_wconf 68' lang='lat' dir='ltr'><strong>praesenti</strong></span> <span class='ocrx_word' id='word_1_487' title='bbox 1535 3470 1585 3521; x_wconf 93' lang='lat' dir='ltr'><strong>in</strong></span> <span class='ocrx_word' id='word_1_488' title='bbox 1627 3483 1721 3522; x_wconf 89' lang='lat' dir='ltr'><strong>sua</strong></span> <span class='ocrx_word' id='word_1_489' title='bbox 1754 3471 1993 3539; x_wconf 84' lang='lat' dir='ltr'><strong>proprie-</strong></span> 
     </span>
    </p>
   </div>
   <div class='ocr_carea' id='block_1_67' title="bbox 417 3558 1989 3627">
    <p class='ocr_par' dir='ltr' id='par_1_67' title="bbox 417 3558 1989 3627">
     <span class='ocr_line' id='line_1_67' title="bbox 417 3558 1989 3627; baseline 0.005 -20"><span class='ocrx_word' id='word_1_490' title='bbox 417 3567 525 3610; x_wconf 88' lang='lat' dir='ltr'><strong>tate</strong></span> <span class='ocrx_word' id='word_1_491' title='bbox 571 3561 847 3627; x_wconf 84' lang='lat' dir='ltr'><strong>percipiat.</strong></span> <span class='ocrx_word' id='word_1_492' title='bbox 880 3558 1129 3626; x_wconf 76' lang='lat' dir='ltr'><strong>Reliquas</strong></span> <span class='ocrx_word' id='word_1_493' title='bbox 1156 3576 1282 3616; x_wconf 89' lang='lat' dir='ltr'><strong>vero</strong></span> <span class='ocrx_word' id='word_1_494' title='bbox 1311 3562 1574 3627; x_wconf 88' lang='lat' dir='ltr'><strong>civitates,</strong></span> <span class='ocrx_word' id='word_1_495' title='bbox 1609 3575 1674 3614; x_wconf 88' lang='lat' dir='ltr'><strong>ex</strong></span> <span class='ocrx_word' id='word_1_496' title='bbox 1715 3562 1812 3614; x_wconf 88' lang='lat' dir='ltr'><strong>hac</strong></span> <span class='ocrx_word' id='word_1_497' title='bbox 1858 3577 1989 3615; x_wconf 88' lang='lat' dir='ltr'><strong>con-</strong></span> 
     </span>
    </p>
   </div>
   <div class='ocr_carea' id='block_1_68' title="bbox 414 3648 1991 3716">
    <p class='ocr_par' dir='ltr' id='par_1_68' title="bbox 414 3648 1991 3716">
     <span class='ocr_line' id='line_1_68' title="bbox 414 3648 1991 3716; baseline 0.003 -15"><span class='ocrx_word' id='word_1_498' title='bbox 414 3648 614 3702; x_wconf 88' lang='lat' dir='ltr'><strong>ditione</strong></span> <span class='ocrx_word' id='word_1_499' title='bbox 659 3649 902 3716; x_wconf 82' lang='lat' dir='ltr'><strong>superius</strong></span> <span class='ocrx_word' id='word_1_500' title='bbox 943 3651 1259 3715; x_wconf 68' lang='lat' dir='ltr'><strong>nominatas,</strong></span> <span class='ocrx_word' id='word_1_501' title='bbox 1294 3650 1520 3704; x_wconf 90' lang='lat' dir='ltr'><strong>domnus</strong></span> <span class='ocrx_word' id='word_1_502' title='bbox 1561 3650 1991 3706; x_wconf 88' lang='lat' dir='ltr'><strong>Guntchramnus</strong></span> 
     </span>
    </p>
   </div>
   <div class='ocr_carea' id='block_1_69' title="bbox 418 3738 1990 3811">
    <p class='ocr_par' dir='ltr' id='par_1_69' title="bbox 418 3738 1990 3811">
     <span class='ocr_line' id='line_1_69' title="bbox 418 3738 1990 3811; baseline 0.005 -22"><span class='ocrx_word' id='word_1_503' title='bbox 418 3740 541 3790; x_wconf 86' lang='lat' dir='ltr'><strong>tftttn</strong></span> <span class='ocrx_word' id='word_1_504' title='bbox 584 3738 779 3792; x_wconf 85' lang='lat' dir='ltr'><strong>advivit</strong></span> <span class='ocrx_word' id='word_1_505' title='bbox 827 3739 1124 3806; x_wconf 83' lang='lat' dir='ltr'><strong>possideat,</strong></span> <span class='ocrx_word' id='word_1_506' title='bbox 1165 3741 1233 3793; x_wconf 82' lang='lat' dir='ltr'><strong>ita</strong></span> <span class='ocrx_word' id='word_1_507' title='bbox 1277 3751 1333 3793; x_wconf 88' lang='lat' dir='ltr'><strong>ut</strong></span> <span class='ocrx_word' id='word_1_508' title='bbox 1372 3742 1690 3810; x_wconf 78' lang='lat' dir='ltr'><strong>quandoque</strong></span> <span class='ocrx_word' id='word_1_509' title='bbox 1724 3751 1841 3809; x_wconf 55' lang='lat' dir='ltr'><strong>post</strong></span> <span class='ocrx_word' id='word_1_510' title='bbox 1870 3742 1990 3811; x_wconf 81' lang='lat' dir='ltr'><strong>ejus</strong></span> 
     </span>
    </p>
   </div>
   <div class='ocr_carea' id='block_1_70' title="bbox 412 3830 1988 3888">
    <p class='ocr_par' dir='ltr' id='par_1_70' title="bbox 412 3830 1988 3888">
     <span class='ocr_line' id='line_1_70' title="bbox 412 3830 1988 3888; baseline 0.005 -8"><span class='ocrx_word' id='word_1_511' title='bbox 412 3831 686 3882; x_wconf 89' lang='lat' dir='ltr'><strong>transitum</strong></span> <span class='ocrx_word' id='word_1_512' title='bbox 720 3831 771 3884; x_wconf 92' lang='lat' dir='ltr'><strong>in</strong></span> <span class='ocrx_word' id='word_1_513' title='bbox 803 3830 1218 3885; x_wconf 89' lang='lat' dir='ltr'><strong>dominationem</strong></span> <span class='ocrx_word' id='word_1_514' title='bbox 1246 3831 1461 3884; x_wconf 70' lang='lat' dir='ltr'><strong>domum</strong></span> <span class='ocrx_word' id='word_1_515' title='bbox 1512 3833 1862 3886; x_wconf 81' lang='lat' dir='ltr'><strong>Brunieliildis</strong></span> <span class='ocrx_word' id='word_1_516' title='bbox 1892 3836 1988 3888; x_wconf 80' lang='lat' dir='ltr'><strong>he-</strong></span> 
     </span>
    </p>
   </div>
   <div class='ocr_carea' id='block_1_71' title="bbox 417 3920 1987 3992">
    <p class='ocr_par' dir='ltr' id='par_1_71' title="bbox 417 3920 1987 3992">
     <span class='ocr_line' id='line_1_71' title="bbox 417 3920 1987 3992; baseline 0.005 -22"><span class='ocrx_word' id='word_1_517' title='bbox 417 3920 708 3988; x_wconf 74' lang='lat' dir='ltr'><strong>rediimque</strong></span> <span class='ocrx_word' id='word_1_518' title='bbox 727 3935 941 3975; x_wconf 89' lang='lat' dir='ltr'><strong>suorum</strong></span> <span class='ocrx_word' id='word_1_519' title='bbox 965 3937 1084 3976; x_wconf 89' lang='lat' dir='ltr'><strong>eum</strong></span> <span class='ocrx_word' id='word_1_520' title='bbox 1115 3925 1258 3976; x_wconf 91' lang='lat' dir='ltr'><strong>omni</strong></span> <span class='ocrx_word' id='word_1_521' title='bbox 1291 3921 1576 3989; x_wconf 87' lang='lat' dir='ltr'><strong>soliditate,</strong></span> <span class='ocrx_word' id='word_1_522' title='bbox 1604 3923 1710 3977; x_wconf 92' lang='lat' dir='ltr'><strong>Deo</strong></span> <span class='ocrx_word' id='word_1_523' title='bbox 1737 3923 1987 3992; x_wconf 89' lang='lat' dir='ltr'><strong>propitio,</strong></span> 
     </span>
    </p>
   </div>
   <div class='ocr_carea' id='block_1_72' title="bbox 413 4011 1984 4092">
    <p class='ocr_par' dir='ltr' id='par_1_72' title="bbox 413 4011 1984 4092">
     <span class='ocr_line' id='line_1_72' title="bbox 413 4011 1984 4092; baseline 0.003 -29"><span class='ocrx_word' id='word_1_524' title='bbox 413 4020 778 4092; x_wconf 74' lang='lat' dir='ltr'><strong>revertantur;</strong></span> <span class='ocrx_word' id='word_1_525' title='bbox 832 4026 930 4066; x_wconf 87' lang='lat' dir='ltr'><strong>nec</strong></span> <span class='ocrx_word' id='word_1_526' title='bbox 975 4013 1258 4081; x_wconf 89' lang='lat' dir='ltr'><strong>superstite</strong></span> <span class='ocrx_word' id='word_1_527' title='bbox 1305 4011 1501 4066; x_wconf 82' lang='lat' dir='ltr'><strong>domno</strong></span> <span class='ocrx_word' id='word_1_528' title='bbox 1551 4011 1984 4078; x_wconf 86' lang='lat' dir='ltr'><strong>Guntchramno,</strong></span> 
     </span>
    </p>
   </div>
   <div class='ocr_carea' id='block_1_73' title="bbox 410 4103 1989 4171">
    <p class='ocr_par' dir='ltr' id='par_1_73' title="bbox 410 4103 1989 4171">
     <span class='ocr_line' id='line_1_73' title="bbox 410 4103 1989 4171; baseline 0.003 -17"><span class='ocrx_word' id='word_1_529' title='bbox 410 4117 584 4171; x_wconf 88' lang='lat' dir='ltr'><strong>neque</strong></span> <span class='ocrx_word' id='word_1_530' title='bbox 610 4119 638 4156; x_wconf 89' lang='lat' dir='ltr'><strong>a</strong></span> <span class='ocrx_word' id='word_1_531' title='bbox 666 4104 856 4157; x_wconf 88' lang='lat' dir='ltr'><strong>domna</strong></span> <span class='ocrx_word' id='word_1_532' title='bbox 891 4103 1248 4168; x_wconf 82' lang='lat' dir='ltr'><strong>Bruuichilde,</strong></span> <span class='ocrx_word' id='word_1_533' title='bbox 1281 4119 1453 4171; x_wconf 79' lang='lat' dir='ltr'><strong>neque</strong></span> <span class='ocrx_word' id='word_1_534' title='bbox 1494 4119 1524 4157; x_wconf 90' lang='lat' dir='ltr'><strong>a</strong></span> <span class='ocrx_word' id='word_1_535' title='bbox 1569 4104 1677 4158; x_wconf 88' lang='lat' dir='ltr'><strong>filio</strong></span> <span class='ocrx_word' id='word_1_536' title='bbox 1715 4121 1813 4158; x_wconf 78' lang='lat' dir='ltr'><strong>suo</strong></span> <span class='ocrx_word' id='word_1_537' title='bbox 1845 4105 1989 4160; x_wconf 83' lang='lat' dir='ltr'><strong>Chil—</strong></span> 
     </span>
    </p>
   </div>
   <div class='ocr_carea' id='block_1_74' title="bbox 411 4194 1985 4264">
    <p class='ocr_par' dir='ltr' id='par_1_74' title="bbox 411 4194 1985 4264">
     <span class='ocr_line' id='line_1_74' title="bbox 411 4194 1985 4264; baseline 0.001 -18"><span class='ocrx_word' id='word_1_538' title='bbox 411 4195 634 4248; x_wconf 84' lang='lat' dir='ltr'><strong>tleherto</strong></span> <span class='ocrx_word' id='word_1_539' title='bbox 684 4209 830 4264; x_wconf 88' lang='lat' dir='ltr'><strong>rege,</strong></span> <span class='ocrx_word' id='word_1_540' title='bbox 883 4194 1110 4262; x_wconf 82' lang='lat' dir='ltr'><strong>ﬁliisque</strong></span> <span class='ocrx_word' id='word_1_541' title='bbox 1161 4197 1291 4259; x_wconf 90' lang='lat' dir='ltr'><strong>suis,</strong></span> <span class='ocrx_word' id='word_1_542' title='bbox 1323 4195 1559 4263; x_wconf 77' lang='lat' dir='ltr'><strong>quolibet</strong></span> <span class='ocrx_word' id='word_1_543' title='bbox 1612 4196 1855 4263; x_wconf 87' lang='lat' dir='ltr'><strong>ingenio,</strong></span> <span class='ocrx_word' id='word_1_544' title='bbox 1902 4196 1985 4250; x_wconf 89' lang='lat' dir='ltr'><strong>vel</strong></span> 
     </span>
    </p>
   </div>
   <div class='ocr_carea' id='block_1_75' title="bbox 409 4285 1986 4357">
    <p class='ocr_par' dir='ltr' id='par_1_75' title="bbox 409 4285 1986 4357">
     <span class='ocr_line' id='line_1_75' title="bbox 409 4285 1986 4357; baseline -0.001 -19"><span class='ocrx_word' id='word_1_545' title='bbox 409 4297 648 4355; x_wconf 85' lang='lat' dir='ltr'><strong>tempore</strong></span> <span class='ocrx_word' id='word_1_546' title='bbox 674 4294 1000 4357; x_wconf 88' lang='lat' dir='ltr'><strong>repetantur.</strong></span> <span class='ocrx_word' id='word_1_547' title='bbox 1028 4286 1198 4340; x_wconf 87' lang='lat' dir='ltr'><strong>Simili</strong></span> <span class='ocrx_word' id='word_1_548' title='bbox 1232 4286 1390 4340; x_wconf 88' lang='lat' dir='ltr'><strong>modo</strong></span> <span class='ocrx_word' id='word_1_549' title='bbox 1416 4287 1698 4351; x_wconf 90' lang='lat' dir='ltr'><strong>convenit,</strong></span> <span class='ocrx_word' id='word_1_550' title='bbox 1733 4298 1784 4338; x_wconf 93' lang='lat' dir='ltr'><strong>ut</strong></span> <span class='ocrx_word' id='word_1_551' title='bbox 1816 4285 1986 4340; x_wconf 83' lang='lat' dir='ltr'><strong>Silva-</strong></span> 
     </span>
    </p>
   </div>
   <div class='ocr_carea' id='block_1_76' title="bbox 407 4377 1986 4447">
    <p class='ocr_par' dir='ltr' id='par_1_76' title="bbox 407 4377 1986 4447">
     <span class='ocr_line' id='line_1_76' title="bbox 407 4377 1986 4447; baseline -0.001 -16"><span class='ocrx_word' id='word_1_552' title='bbox 407 4381 577 4433; x_wconf 88' lang='lat' dir='ltr'><strong>ncctis</strong></span> <span class='ocrx_word' id='word_1_553' title='bbox 606 4378 833 4432; x_wconf 89' lang='lat' dir='ltr'><strong>domnus</strong></span> <span class='ocrx_word' id='word_1_554' title='bbox 863 4377 1235 4432; x_wconf 88' lang='lat' dir='ltr'><strong>Childebertus</strong></span> <span class='ocrx_word' id='word_1_555' title='bbox 1272 4379 1324 4430; x_wconf 93' lang='lat' dir='ltr'><strong>in</strong></span> <span class='ocrx_word' id='word_1_556' title='bbox 1357 4378 1657 4447; x_wconf 85' lang='lat' dir='ltr'><strong>integritate</strong></span> <span class='ocrx_word' id='word_1_557' title='bbox 1688 4385 1897 4442; x_wconf 88' lang='lat' dir='ltr'><strong>teneat;</strong></span> <span class='ocrx_word' id='word_1_558' title='bbox 1929 4386 1986 4430; x_wconf 91' lang='lat' dir='ltr'><strong>et</strong></span> 
     </span>
    </p>
   </div>
   <div class='ocr_carea' id='block_1_77' title="bbox 404 4468 1981 4539">
    <p class='ocr_par' dir='ltr' id='par_1_77' title="bbox 404 4468 1981 4539">
     <span class='ocr_line' id='line_1_77' title="bbox 404 4468 1981 4539; baseline -0.003 -15"><span class='ocrx_word' id='word_1_559' title='bbox 404 4481 660 4539; x_wconf 78' lang='lat' dir='ltr'><strong>quantum</strong></span> <span class='ocrx_word' id='word_1_560' title='bbox 709 4471 863 4523; x_wconf 87' lang='lat' dir='ltr'><strong>tertia</strong></span> <span class='ocrx_word' id='word_1_561' title='bbox 907 4469 1089 4523; x_wconf 89' lang='lat' dir='ltr'><strong>domui</strong></span> <span class='ocrx_word' id='word_1_562' title='bbox 1133 4469 1518 4524; x_wconf 81' lang='lat' dir='ltr'><strong>Guutchratnni</strong></span> <span class='ocrx_word' id='word_1_563' title='bbox 1567 4468 1762 4522; x_wconf 78' lang='lat' dir='ltr'><strong>exinde</strong></span> <span class='ocrx_word' id='word_1_564' title='bbox 1806 4468 1981 4522; x_wconf 87' lang='lat' dir='ltr'><strong>debita</strong></span> 
     </span>
    </p>
   </div>
   <div class='ocr_carea' id='block_1_78' title="bbox 2097 3278 3673 3348">
    <p class='ocr_par' dir='ltr' id='par_1_78' title="bbox 2097 3278 3673 3348">
     <span class='ocr_line' id='line_1_78' title="bbox 2097 3278 3673 3348; baseline 0 -14"><span class='ocrx_word' id='word_1_565' title='bbox 2097 3294 2410 3348; x_wconf 87' lang='lat' dir='ltr'><strong>quocunque</strong></span> <span class='ocrx_word' id='word_1_566' title='bbox 2441 3279 2856 3344; x_wconf 85' lang='lat' dir='ltr'><strong>transcenderit,</strong></span> <span class='ocrx_word' id='word_1_567' title='bbox 2888 3278 3064 3332; x_wconf 88' lang='lat' dir='ltr'><strong>omnia</strong></span> <span class='ocrx_word' id='word_1_568' title='bbox 3109 3278 3398 3342; x_wconf 86' lang='lat' dir='ltr'><strong>beneficia,</strong></span> <span class='ocrx_word' id='word_1_569' title='bbox 3431 3288 3535 3333; x_wconf 79' lang='lat' dir='ltr'><strong>tam</strong></span> <span class='ocrx_word' id='word_1_570' title='bbox 3583 3293 3673 3334; x_wconf 80' lang='lat' dir='ltr'><strong>re-</strong></span> 
     </span>
    </p>
   </div>
   <div class='ocr_carea' id='block_1_79' title="bbox 2097 3373 3676 3442">
    <p class='ocr_par' dir='ltr' id='par_1_79' title="bbox 2097 3373 3676 3442">
     <span class='ocr_line' id='line_1_79' title="bbox 2097 3373 3676 3442; baseline 0.001 -16"><span class='ocrx_word' id='word_1_571' title='bbox 2097 3373 2354 3442; x_wconf 77' lang='lat' dir='ltr'><strong>prornissa</strong></span> <span class='ocrx_word' id='word_1_572' title='bbox 2397 3387 2555 3440; x_wconf 90' lang='lat' dir='ltr'><strong>quam</strong></span> <span class='ocrx_word' id='word_1_573' title='bbox 2586 3373 2639 3425; x_wconf 89' lang='lat' dir='ltr'><strong>in</strong></span> <span class='ocrx_word' id='word_1_574' title='bbox 2673 3373 2920 3440; x_wconf 71' lang='lat' dir='ltr'><strong>prteseuti</strong></span> <span class='ocrx_word' id='word_1_575' title='bbox 2948 3373 3172 3437; x_wconf 84' lang='lat' dir='ltr'><strong>collata,</strong></span> <span class='ocrx_word' id='word_1_576' title='bbox 3221 3373 3459 3440; x_wconf 88' lang='lat' dir='ltr'><strong>amittat,</strong></span> <span class='ocrx_word' id='word_1_577' title='bbox 3491 3383 3545 3427; x_wconf 91' lang='lat' dir='ltr'><strong>et</strong></span> <span class='ocrx_word' id='word_1_578' title='bbox 3594 3373 3676 3429; x_wconf 80' lang='lat' dir='ltr'><strong>illi</strong></span> 
     </span>
    </p>
   </div>
   <div class='ocr_carea' id='block_1_80' title="bbox 2095 3463 3690 3532">
    <p class='ocr_par' dir='ltr' id='par_1_80' title="bbox 2095 3463 3690 3532">
     <span class='ocr_line' id='line_1_80' title="bbox 2095 3463 3690 3532; baseline 0.001 -16"><span class='ocrx_word' id='word_1_579' title='bbox 2095 3464 2329 3532; x_wconf 86' lang='lat' dir='ltr'><strong>proficiat</strong></span> <span class='ocrx_word' id='word_1_580' title='bbox 2359 3463 2449 3530; x_wconf 88' lang='lat' dir='ltr'><strong>qui</strong></span> <span class='ocrx_word' id='word_1_581' title='bbox 2479 3463 2851 3518; x_wconf 77' lang='lat' dir='ltr'><strong>inviolabiliter</strong></span> <span class='ocrx_word' id='word_1_582' title='bbox 2883 3464 3060 3517; x_wconf 84' lang='lat' dir='ltr'><strong>omnia</strong></span> <span class='ocrx_word' id='word_1_583' title='bbox 3090 3463 3459 3532; x_wconf 64' lang='lat' dir='ltr'><strong>suprascripta</strong></span> <span class='ocrx_word' id='word_1_584' title='bbox 3489 3479 3690 3518; x_wconf 57' lang='lat' dir='ltr'><strong>servae</strong></span> 
     </span>
    </p>
   </div>
   <div class='ocr_carea' id='block_1_81' title="bbox 2093 3553 3663 3624">
    <p class='ocr_par' dir='ltr' id='par_1_81' title="bbox 2093 3553 3663 3624">
     <span class='ocr_line' id='line_1_81' title="bbox 2093 3553 3663 3624; baseline 0.003 -18"><span class='ocrx_word' id='word_1_585' title='bbox 2093 3557 2257 3618; x_wconf 88' lang='lat' dir='ltr'><strong>verit,</strong></span> <span class='ocrx_word' id='word_1_586' title='bbox 2287 3553 2450 3624; x_wconf 63' lang='grc'><strong>444</strong></span> <span class='ocrx_word' id='word_1_587' title='bbox 2477 3563 2530 3608; x_wconf 86' lang='lat' dir='ltr'><strong>et</strong></span> <span class='ocrx_word' id='word_1_588' title='bbox 2558 3557 2625 3609; x_wconf 92' lang='lat' dir='ltr'><strong>sit</strong></span> <span class='ocrx_word' id='word_1_589' title='bbox 2653 3555 2722 3607; x_wconf 87' lang='lat' dir='ltr'><strong>de</strong></span> <span class='ocrx_word' id='word_1_590' title='bbox 2752 3565 3206 3609; x_wconf 90' lang='lat' dir='ltr'><strong>sacramentorum</strong></span> <span class='ocrx_word' id='word_1_591' title='bbox 3247 3555 3565 3624; x_wconf 81' lang='lat' dir='ltr'><strong>obligatione</strong></span> <span class='ocrx_word' id='word_1_592' title='bbox 3611 3557 3663 3611; x_wconf 87' lang='lat' dir='ltr'><strong>in</strong></span> 
     </span>
    </p>
   </div>
   <div class='ocr_carea' id='block_1_82' title="bbox 2093 3646 3671 3718">
    <p class='ocr_par' dir='ltr' id='par_1_82' title="bbox 2093 3646 3671 3718">
     <span class='ocr_line' id='line_1_82' title="bbox 2093 3646 3671 3718; baseline 0.003 -18"><span class='ocrx_word' id='word_1_593' title='bbox 2093 3647 2338 3700; x_wconf 89' lang='lat' dir='ltr'><strong>omnibus</strong></span> <span class='ocrx_word' id='word_1_594' title='bbox 2380 3646 2646 3701; x_wconf 81' lang='lat' dir='ltr'><strong>absoluta.</strong></span> <span class='ocrx_word' id='word_1_595' title='bbox 2682 3647 2774 3701; x_wconf 83' lang='lat' dir='ltr'><strong>llis</strong></span> <span class='ocrx_word' id='word_1_596' title='bbox 2803 3647 2980 3716; x_wconf 90' lang='lat' dir='ltr'><strong>itaque</strong></span> <span class='ocrx_word' id='word_1_597' title='bbox 3023 3647 3269 3702; x_wconf 84' lang='lat' dir='ltr'><strong>omnibus</strong></span> <span class='ocrx_word' id='word_1_598' title='bbox 3296 3647 3551 3715; x_wconf 83' lang='lat' dir='ltr'><strong>deﬁnitis,</strong></span> <span class='ocrx_word' id='word_1_599' title='bbox 3579 3648 3671 3718; x_wconf 81' lang='lat' dir='ltr'><strong>ju-</strong></span> 
     </span>
    </p>
   </div>
   <div class='ocr_carea' id='block_1_83' title="bbox 2091 3739 3668 3810">
    <p class='ocr_par' dir='ltr' id='par_1_83' title="bbox 2091 3739 3668 3810">
     <span class='ocr_line' id='line_1_83' title="bbox 2091 3739 3668 3810; baseline 0.003 -19"><span class='ocrx_word' id='word_1_600' title='bbox 2091 3748 2212 3791; x_wconf 84' lang='lat' dir='ltr'><strong>runt</strong></span> <span class='ocrx_word' id='word_1_601' title='bbox 2257 3751 2432 3808; x_wconf 83' lang='lat' dir='ltr'><strong>partes</strong></span> <span class='ocrx_word' id='word_1_602' title='bbox 2480 3755 2572 3806; x_wconf 88' lang='lat' dir='ltr'><strong>per</strong></span> <span class='ocrx_word' id='word_1_603' title='bbox 2603 3739 2698 3793; x_wconf 87' lang='lat' dir='ltr'><strong>Dei</strong></span> <span class='ocrx_word' id='word_1_604' title='bbox 2727 3740 3106 3808; x_wconf 89' lang='lat' dir='ltr'><strong>omnipotentis</strong></span> <span class='ocrx_word' id='word_1_605' title='bbox 3136 3755 3328 3796; x_wconf 91' lang='lat' dir='ltr'><strong>nomen</strong></span> <span class='ocrx_word' id='word_1_606' title='bbox 3355 3751 3412 3796; x_wconf 91' lang='lat' dir='ltr'><strong>et</strong></span> <span class='ocrx_word' id='word_1_607' title='bbox 3455 3742 3668 3810; x_wconf 78' lang='lat' dir='ltr'><strong>insepa-</strong></span> 
     </span>
    </p>
   </div>
   <div class='ocr_carea' id='block_1_84' title="bbox 2091 3829 3678 3894">
    <p class='ocr_par' dir='ltr' id='par_1_84' title="bbox 2091 3829 3678 3894">
     <span class='ocr_line' id='line_1_84' title="bbox 2091 3829 3678 3894; baseline 0.004 -12"><span class='ocrx_word' id='word_1_608' title='bbox 2091 3830 2312 3884; x_wconf 81' lang='lat' dir='ltr'><strong>rabilem</strong></span> <span class='ocrx_word' id='word_1_609' title='bbox 2344 3829 2683 3894; x_wconf 86' lang='lat' dir='ltr'><strong>Trinitatem,</strong></span> <span class='ocrx_word' id='word_1_610' title='bbox 2715 3831 2796 3884; x_wconf 84' lang='lat' dir='ltr'><strong>vel</strong></span> <span class='ocrx_word' id='word_1_611' title='bbox 2829 3830 3004 3884; x_wconf 84' lang='lat' dir='ltr'><strong>divina</strong></span> <span class='ocrx_word' id='word_1_612' title='bbox 3033 3832 3210 3885; x_wconf 84' lang='lat' dir='ltr'><strong>omnia</strong></span> <span class='ocrx_word' id='word_1_613' title='bbox 3239 3846 3304 3886; x_wconf 88' lang='lat' dir='ltr'><strong>ac</strong></span> <span class='ocrx_word' id='word_1_614' title='bbox 3332 3835 3678 3889; x_wconf 79' lang='lat' dir='ltr'><strong>tremendum</strong></span> 
     </span>
    </p>
   </div>
   <div class='ocr_carea' id='block_1_85' title="bbox 2090 3919 3678 3990">
    <p class='ocr_par' dir='ltr' id='par_1_85' title="bbox 2090 3919 3678 3990">
     <span class='ocr_line' id='line_1_85' title="bbox 2090 3919 3678 3990; baseline 0.004 -19"><span class='ocrx_word' id='word_1_615' title='bbox 2090 3919 2232 3973; x_wconf 89' lang='lat' dir='ltr'><strong>diem</strong></span> <span class='ocrx_word' id='word_1_616' title='bbox 2261 3919 2442 3986; x_wconf 86' lang='lat' dir='ltr'><strong>judicii</strong></span> <span class='ocrx_word' id='word_1_617' title='bbox 2465 3959 2479 3983; x_wconf 91' lang='lat'><strong>,</strong></span> <span class='ocrx_word' id='word_1_618' title='bbox 2511 3934 2569 3974; x_wconf 89' lang='lat' dir='ltr'><strong>se</strong></span> <span class='ocrx_word' id='word_1_619' title='bbox 2609 3921 2807 3987; x_wconf 89' lang='lat' dir='ltr'><strong>omnia,</strong></span> <span class='ocrx_word' id='word_1_620' title='bbox 2839 3936 2958 3989; x_wconf 74' lang='lat' dir='ltr'><strong>qua:</strong></span> <span class='ocrx_word' id='word_1_621' title='bbox 2993 3921 3238 3989; x_wconf 87' lang='lat' dir='ltr'><strong>superius</strong></span> <span class='ocrx_word' id='word_1_622' title='bbox 3282 3923 3479 3990; x_wconf 90' lang='lat' dir='ltr'><strong>scripta</strong></span> <span class='ocrx_word' id='word_1_623' title='bbox 3509 3933 3678 3989; x_wconf 81' lang='lat' dir='ltr'><strong>sunt,</strong></span> 
     </span>
    </p>
   </div>
   <div class='ocr_carea' id='block_1_86' title="bbox 2088 4005 3668 4082">
    <p class='ocr_par' dir='ltr' id='par_1_86' title="bbox 2088 4005 3668 4082">
     <span class='ocr_line' id='line_1_86' title="bbox 2088 4005 3668 4082; baseline 0.003 -18"><span class='ocrx_word' id='word_1_624' title='bbox 2088 4012 2288 4080; x_wconf 87' lang='lat' dir='ltr'><strong>absque</strong></span> <span class='ocrx_word' id='word_1_625' title='bbox 2315 4012 2420 4065; x_wconf 89' lang='lat' dir='ltr'><strong>ullo</strong></span> <span class='ocrx_word' id='word_1_626' title='bbox 2445 4011 2568 4064; x_wconf 92' lang='lat' dir='ltr'><strong>tlolo</strong></span> <span class='ocrx_word' id='word_1_627' title='bbox 2613 4013 2752 4065; x_wconf 90' lang='lat' dir='ltr'><strong>tnalo</strong></span> <span class='ocrx_word' id='word_1_628' title='bbox 2783 4005 2877 4065; x_wconf 66' lang='lat' dir='ltr'><strong>vel&#39;</strong></span> <span class='ocrx_word' id='word_1_629' title='bbox 2895 4012 3094 4067; x_wconf 87' lang='lat' dir='ltr'><strong>fraudis</strong></span> <span class='ocrx_word' id='word_1_630' title='bbox 3120 4013 3336 4082; x_wconf 88' lang='lat' dir='ltr'><strong>ingenio</strong></span> <span class='ocrx_word' id='word_1_631' title='bbox 3379 4013 3668 4070; x_wconf 85' lang='lat' dir='ltr'><strong>inviolabi-</strong></span> 
     </span>
    </p>
   </div>
   <div class='ocr_carea' id='block_1_87' title="bbox 2090 4101 3670 4170">
    <p class='ocr_par' dir='ltr' id='par_1_87' title="bbox 2090 4101 3670 4170">
     <span class='ocr_line' id='line_1_87' title="bbox 2090 4101 3670 4170; baseline 0.001 -15"><span class='ocrx_word' id='word_1_632' title='bbox 2090 4102 2212 4155; x_wconf 90' lang='lat' dir='ltr'><strong>liter</strong></span> <span class='ocrx_word' id='word_1_633' title='bbox 2237 4112 2559 4160; x_wconf 87' lang='lat' dir='ltr'><strong>servaturos.</strong></span> <span class='ocrx_word' id='word_1_634' title='bbox 2592 4101 2748 4156; x_wconf 88' lang='lat' dir='ltr'><strong>Facta</strong></span> <span class='ocrx_word' id='word_1_635' title='bbox 2780 4103 2952 4169; x_wconf 90' lang='lat' dir='ltr'><strong>pactio</strong></span> <span class='ocrx_word' id='word_1_636' title='bbox 2973 4104 3072 4156; x_wconf 89' lang='lat' dir='ltr'><strong>sub</strong></span> <span class='ocrx_word' id='word_1_637' title='bbox 3095 4102 3182 4157; x_wconf 90' lang='lat' dir='ltr'><strong>die</strong></span> <span class='ocrx_word' id='word_1_638' title='bbox 3208 4112 3404 4170; x_wconf 87' lang='lat' dir='ltr'><strong>quarto</strong></span> <span class='ocrx_word' id='word_1_639' title='bbox 3430 4101 3447 4140; x_wconf 78' lang='grc' dir='ltr'>ί</span> <span class='ocrx_word' id='word_1_640' title='bbox 3483 4103 3670 4157; x_wconf 72' lang='lat' dir='ltr'><strong>kalen-</strong></span> 
     </span>
    </p>
   </div>
   <div class='ocr_carea' id='block_1_88' title="bbox 2087 4193 3674 4269">
    <p class='ocr_par' dir='ltr' id='par_1_88' title="bbox 2087 4193 3674 4269">
     <span class='ocr_line' id='line_1_88' title="bbox 2087 4193 3674 4269; baseline -0.001 -20"><span class='ocrx_word' id='word_1_641' title='bbox 2087 4196 2170 4249; x_wconf 88' lang='lat' dir='ltr'><strong>dis</strong></span> <span class='ocrx_word' id='word_1_642' title='bbox 2215 4195 2541 4259; x_wconf 84' lang='lat' dir='ltr'><strong>Decembris,</strong></span> <span class='ocrx_word' id='word_1_643' title='bbox 2571 4209 2712 4247; x_wconf 90' lang='lat' dir='ltr'><strong>anno</strong></span> <span class='ocrx_word' id='word_1_644' title='bbox 2758 4195 3010 4249; x_wconf 74' lang='lat' dir='ltr'><strong>vicesimo</strong></span> <span class='ocrx_word' id='word_1_645' title='bbox 3054 4204 3206 4248; x_wconf 89' lang='lat' dir='ltr'><strong>sexto</strong></span> <span class='ocrx_word' id='word_1_646' title='bbox 3250 4193 3320 4265; x_wconf 83' lang='lat'><strong>[1.</strong></span> <span class='ocrx_word' id='word_1_647' title='bbox 3351 4212 3492 4248; x_wconf 86' lang='lat' dir='ltr'><strong>anno</strong></span> <span class='ocrx_word' id='word_1_648' title='bbox 3537 4195 3674 4269; x_wconf 77' lang='lat'><strong>587]</strong></span> 
     </span>
    </p>
   </div>
   <div class='ocr_carea' id='block_1_89' title="bbox 2089 4285 3672 4356">
    <p class='ocr_par' dir='ltr' id='par_1_89' title="bbox 2089 4285 3672 4356">
     <span class='ocr_line' id='line_1_89' title="bbox 2089 4285 3672 4356; baseline 0.003 -18"><span class='ocrx_word' id='word_1_649' title='bbox 2089 4287 2235 4356; x_wconf 84' lang='lat' dir='ltr'><strong>regni</strong></span> <span class='ocrx_word' id='word_1_650' title='bbox 2260 4286 2440 4341; x_wconf 91' lang='lat' dir='ltr'><strong>domui</strong></span> <span class='ocrx_word' id='word_1_651' title='bbox 2468 4287 2851 4341; x_wconf 88' lang='lat' dir='ltr'><strong>Guntchratnni</strong></span> <span class='ocrx_word' id='word_1_652' title='bbox 2885 4290 3021 4356; x_wconf 88' lang='lat' dir='ltr'><strong>regis</strong></span> <span class='ocrx_word' id='word_1_653' title='bbox 3045 4295 3100 4355; x_wconf 74' lang='grc' dir='ltr'><strong>Β,</strong></span> <span class='ocrx_word' id='word_1_654' title='bbox 3128 4287 3311 4341; x_wconf 88' lang='lat' dir='ltr'><strong>domui</strong></span> <span class='ocrx_word' id='word_1_655' title='bbox 3337 4285 3672 4342; x_wconf 84' lang='lat' dir='ltr'><strong>Childeberti</strong></span> 
     </span>
    </p>
   </div>
   <div class='ocr_carea' id='block_1_90' title="bbox 2087 4379 2732 4434">
    <p class='ocr_par' dir='ltr' id='par_1_90' title="bbox 2087 4379 2732 4434">
     <span class='ocr_line' id='line_1_90' title="bbox 2087 4379 2732 4434; baseline 0.003 -4"><span class='ocrx_word' id='word_1_656' title='bbox 2087 4394 2213 4433; x_wconf 75' lang='lat' dir='ltr'><strong>vero</strong></span> <span class='ocrx_word' id='word_1_657' title='bbox 2237 4379 2550 4434; x_wconf 90' lang='lat' dir='ltr'><strong>duodecimo</strong></span> <span class='ocrx_word' id='word_1_658' title='bbox 2571 4394 2732 4432; x_wconf 91' lang='lat' dir='ltr'><strong>anno.</strong></span> 
     </span>
    </p>
   </div>
   <div class='ocr_carea' id='block_1_91' title="bbox 2158 4469 3663 4540">
    <p class='ocr_par' dir='ltr' id='par_1_91' title="bbox 2158 4469 3663 4540">
     <span class='ocr_line' id='line_1_91' title="bbox 2158 4469 3663 4540; baseline 0 -16"><span class='ocrx_word' id='word_1_659' title='bbox 2158 4471 2332 4526; x_wconf 87' lang='lat' dir='ltr'><strong>Lectis</strong></span> <span class='ocrx_word' id='word_1_660' title='bbox 2375 4471 2534 4540; x_wconf 89' lang='lat' dir='ltr'><strong>igitur</strong></span> <span class='ocrx_word' id='word_1_661' title='bbox 2565 4471 2916 4539; x_wconf 85' lang='lat' dir='ltr'><strong>pactionibus,</strong></span> <span class='ocrx_word' id='word_1_662' title='bbox 2948 4470 3024 4523; x_wconf 85' lang='lat' dir='ltr'><strong>ait</strong></span> <span class='ocrx_word' id='word_1_663' title='bbox 3053 4485 3143 4525; x_wconf 89' lang='lat' dir='ltr'><strong>rex</strong></span> <span class='ocrx_word' id='word_1_664' title='bbox 3175 4490 3188 4526; x_wconf 91' lang='lat'><strong>:</strong></span> <span class='ocrx_word' id='word_1_665' title='bbox 3219 4469 3428 4524; x_wconf 60' lang='lat' dir='ltr'><strong>Juslicio</strong></span> <span class='ocrx_word' id='word_1_666' title='bbox 3458 4469 3551 4524; x_wconf 88' lang='lat' dir='ltr'><strong>Dei</strong></span> <span class='ocrx_word' id='word_1_667' title='bbox 3585 4469 3663 4524; x_wconf 64' lang='grc' dir='ltr'><strong>[θα</strong></span> 
     </span>
    </p>
   </div>
   <div class='ocr_carea' id='block_1_92' title="bbox 404 4559 3668 4643">
    <p class='ocr_par' dir='ltr' id='par_1_92' title="bbox 404 4559 3668 4643">
     <span class='ocr_line' id='line_1_92' title="bbox 404 4559 3668 4643; baseline 0.001 -32"><span class='ocrx_word' id='word_1_668' title='bbox 404 4560 690 4626; x_wconf 64' lang='lat' dir='ltr'><strong>competit,</strong></span> <span class='ocrx_word' id='word_1_669' title='bbox 722 4560 787 4611; x_wconf 87' lang='lat' dir='ltr'><strong>de</strong></span> <span class='ocrx_word' id='word_1_670' title='bbox 833 4560 986 4612; x_wconf 89' lang='lat' dir='ltr'><strong>tertia</strong></span> <span class='ocrx_word' id='word_1_671' title='bbox 1035 4559 1214 4611; x_wconf 91' lang='lat' dir='ltr'><strong>dotnni</strong></span> <span class='ocrx_word' id='word_1_672' title='bbox 1259 4559 1581 4612; x_wconf 80' lang='lat' dir='ltr'><strong>Childeberti</strong></span> <span class='ocrx_word' id='word_1_673' title='bbox 1603 4597 1619 4623; x_wconf 95' lang='lat'><strong>,</strong></span> <span class='ocrx_word' id='word_1_674' title='bbox 1648 4575 1764 4626; x_wconf 69' lang='lat' dir='ltr'><strong>qua:</strong></span> <span class='ocrx_word' id='word_1_675' title='bbox 1803 4569 1887 4613; x_wconf 87' lang='lat' dir='ltr'><strong>est</strong></span> <span class='ocrx_word' id='word_1_676' title='bbox 1927 4561 1977 4611; x_wconf 90' lang='lat' dir='ltr'><strong>in</strong></span> <span class='ocrx_word' id='word_1_677' title='bbox 2009 4585 2059 4643; x_wconf 69' lang='grc' dir='ltr'><strong>ι)</strong></span> <span class='ocrx_word' id='word_1_678' title='bbox 2087 4563 2215 4626; x_wconf 91' lang='lat' dir='ltr'><strong>riar,</strong></span> <span class='ocrx_word' id='word_1_679' title='bbox 2239 4562 2282 4615; x_wconf 90' lang='lat' dir='ltr'><strong>si</strong></span> <span class='ocrx_word' id='word_1_680' title='bbox 2312 4563 2377 4616; x_wconf 90' lang='lat' dir='ltr'><strong>de</strong></span> <span class='ocrx_word' id='word_1_681' title='bbox 2408 4561 2490 4614; x_wconf 80' lang='lat' dir='ltr'><strong>his</strong></span> <span class='ocrx_word' id='word_1_682' title='bbox 2529 4561 2815 4629; x_wconf 83' lang='lat' dir='ltr'><strong>quidquam</strong></span> <span class='ocrx_word' id='word_1_683' title='bbox 2847 4561 3226 4614; x_wconf 87' lang='lat' dir='ltr'><strong>transcendere</strong></span> <span class='ocrx_word' id='word_1_684' title='bbox 3267 4575 3384 4629; x_wconf 73' lang='lat' dir='ltr'><strong>qua:</strong></span> <span class='ocrx_word' id='word_1_685' title='bbox 3415 4561 3500 4614; x_wconf 89' lang='lat' dir='ltr'><strong>hic</strong></span> <span class='ocrx_word' id='word_1_686' title='bbox 3528 4577 3668 4615; x_wconf 85' lang='lat' dir='ltr'><strong>con-</strong></span> 
     </span>
    </p>
   </div>
   <div class='ocr_carea' id='block_1_93' title="bbox 404 4646 1977 4716">
    <p class='ocr_par' dir='ltr' id='par_1_93' title="bbox 404 4646 1977 4716">
     <span class='ocr_line' id='line_1_93' title="bbox 404 4646 1977 4716; baseline -0.001 -13"><span class='ocrx_word' id='word_1_687' title='bbox 404 4649 749 4703; x_wconf 83' lang='lat' dir='ltr'><strong>llussontensi</strong></span> <span class='ocrx_word' id='word_1_688' title='bbox 781 4646 842 4715; x_wconf 68' lang='grc' dir='ltr'><strong>δ,</strong></span> <span class='ocrx_word' id='word_1_689' title='bbox 881 4649 1062 4702; x_wconf 90' lang='lat' dir='ltr'><strong>domui</strong></span> <span class='ocrx_word' id='word_1_690' title='bbox 1115 4648 1497 4702; x_wconf 87' lang='lat' dir='ltr'><strong>Guntchramni</strong></span> <span class='ocrx_word' id='word_1_691' title='bbox 1553 4650 1788 4716; x_wconf 88' lang='lat' dir='ltr'><strong>partibus</strong></span> <span class='ocrx_word' id='word_1_692' title='bbox 1830 4665 1977 4703; x_wconf 88' lang='lat' dir='ltr'><strong>com-</strong></span> 
     </span>
    </p>
   </div>
   <div class='ocr_carea' id='block_1_94' title="bbox 405 4739 1976 4809">
    <p class='ocr_par' dir='ltr' id='par_1_94' title="bbox 405 4739 1976 4809">
     <span class='ocr_line' id='line_1_94' title="bbox 405 4739 1976 4809; baseline 0.003 -19"><span class='ocrx_word' id='word_1_693' title='bbox 405 4750 676 4806; x_wconf 84' lang='lat' dir='ltr'><strong>pensetur.</strong></span> <span class='ocrx_word' id='word_1_694' title='bbox 709 4739 963 4793; x_wconf 88' lang='lat' dir='ltr'><strong>Similiter</strong></span> <span class='ocrx_word' id='word_1_695' title='bbox 988 4741 1270 4806; x_wconf 88' lang='lat' dir='ltr'><strong>convenit,</strong></span> <span class='ocrx_word' id='word_1_696' title='bbox 1302 4749 1356 4793; x_wconf 94' lang='lat' dir='ltr'><strong>ut</strong></span> <span class='ocrx_word' id='word_1_697' title='bbox 1380 4740 1671 4795; x_wconf 88' lang='lat' dir='ltr'><strong>secundum</strong></span> <span class='ocrx_word' id='word_1_698' title='bbox 1705 4740 1976 4809; x_wconf 88' lang='lat' dir='ltr'><strong>pactiones</strong></span> 
     </span>
    </p>
   </div>
   <div class='ocr_carea' id='block_1_95' title="bbox 403 4831 1975 4886">
    <p class='ocr_par' dir='ltr' id='par_1_95' title="bbox 403 4831 1975 4886">
     <span class='ocr_line' id='line_1_95' title="bbox 403 4831 1975 4886; baseline -0.001 -1"><span class='ocrx_word' id='word_1_699' title='bbox 403 4835 543 4886; x_wconf 87' lang='lat' dir='ltr'><strong>inter</strong></span> <span class='ocrx_word' id='word_1_700' title='bbox 591 4833 843 4885; x_wconf 88' lang='lat' dir='ltr'><strong>domuum</strong></span> <span class='ocrx_word' id='word_1_701' title='bbox 891 4831 1352 4885; x_wconf 81' lang='lat' dir='ltr'><strong>Guntchramunm</strong></span> <span class='ocrx_word' id='word_1_702' title='bbox 1400 4841 1454 4885; x_wconf 93' lang='lat' dir='ltr'><strong>et</strong></span> <span class='ocrx_word' id='word_1_703' title='bbox 1505 4831 1658 4885; x_wconf 75' lang='lat' dir='ltr'><strong>bona:</strong></span> <span class='ocrx_word' id='word_1_704' title='bbox 1707 4836 1975 4884; x_wconf 71' lang='lat' dir='ltr'><strong>memoria:</strong></span> 
     </span>
    </p>
   </div>
   <div class='ocr_carea' id='block_1_96' title="bbox 400 4920 1975 4995">
    <p class='ocr_par' dir='ltr' id='par_1_96' title="bbox 400 4920 1975 4995">
     <span class='ocr_line' id='line_1_96' title="bbox 400 4920 1975 4995; baseline -0.003 -16"><span class='ocrx_word' id='word_1_705' title='bbox 400 4925 652 4980; x_wconf 84' lang='lat' dir='ltr'><strong>domuum</strong></span> <span class='ocrx_word' id='word_1_706' title='bbox 694 4923 1017 4995; x_wconf 84' lang='lat' dir='ltr'><strong>Sigibertum</strong></span> <span class='ocrx_word' id='word_1_707' title='bbox 1065 4922 1240 4986; x_wconf 81' lang='lat' dir='ltr'><strong>initas,</strong></span> <span class='ocrx_word' id='word_1_708' title='bbox 1287 4921 1468 4976; x_wconf 84' lang='lat' dir='ltr'><strong>leudes</strong></span> <span class='ocrx_word' id='word_1_709' title='bbox 1497 4920 1602 4986; x_wconf 91' lang='lat' dir='ltr'><strong>illi,</strong></span> <span class='ocrx_word' id='word_1_710' title='bbox 1645 4923 1733 4990; x_wconf 89' lang='lat' dir='ltr'><strong>qui</strong></span> <span class='ocrx_word' id='word_1_711' title='bbox 1779 4921 1975 4977; x_wconf 90' lang='lat' dir='ltr'><strong>domno</strong></span> 
     </span>
    </p>
   </div>
   <div class='ocr_carea' id='block_1_97' title="bbox 481 5080 1079 5152">
    <p class='ocr_par' dir='ltr' id='par_1_97' title="bbox 481 5080 1079 5152">
     <span class='ocr_line' id='line_1_97' title="bbox 481 5080 1079 5152; baseline 0.005 -20"><span class='ocrx_word' id='word_1_712' title='bbox 481 5090 505 5152; x_wconf 58' lang='grc' dir='ltr'><strong>ξ</strong></span> <span class='ocrx_word' id='word_1_713' title='bbox 532 5083 710 5152; x_wconf 56' lang='lat' dir='ltr'><strong>Culln,</strong></span> <span class='ocrx_word' id='word_1_714' title='bbox 740 5080 1079 5152; x_wconf 79' lang='lat' dir='ltr'><strong>Fagileibant.</strong></span> 
     </span>
    </p>
   </div>
   <div class='ocr_carea' id='block_1_98' title="bbox 481 5147 1976 5220">
    <p class='ocr_par' dir='ltr' id='par_1_98' title="bbox 481 5147 1976 5220">
     <span class='ocr_line' id='line_1_98' title="bbox 481 5147 1976 5220; baseline -0.004 -12"><span class='ocrx_word' id='word_1_715' title='bbox 481 5147 509 5190; x_wconf 60' lang='grc' dir='ltr'>δ</span> <span class='ocrx_word' id='word_1_716' title='bbox 543 5151 685 5208; x_wconf 75' lang='lat' dir='ltr'><strong>Uxor</strong></span> <span class='ocrx_word' id='word_1_717' title='bbox 713 5147 994 5220; x_wconf 63' lang='lat' dir='ltr'><strong>(lltil&#39;perici</strong></span> <span class='ocrx_word' id='word_1_718' title='bbox 1013 5191 1027 5216; x_wconf 95' lang='lat'><strong>,</strong></span> <span class='ocrx_word' id='word_1_719' title='bbox 1051 5169 1168 5220; x_wconf 76' lang='lat' dir='ltr'><strong>qum</strong></span> <span class='ocrx_word' id='word_1_720' title='bbox 1189 5151 1512 5220; x_wconf 75' lang='lat' dir='ltr'><strong>strangulata</strong></span> <span class='ocrx_word' id='word_1_721' title='bbox 1547 5149 1671 5214; x_wconf 85' lang='lat' dir='ltr'><strong>fuit,</strong></span> <span class='ocrx_word' id='word_1_722' title='bbox 1699 5164 1857 5218; x_wconf 86' lang='lat' dir='ltr'><strong>supra</strong></span> <span class='ocrx_word' id='word_1_723' title='bbox 1883 5148 1976 5202; x_wconf 92' lang='lat' dir='ltr'><strong>lib.</strong></span> 
     </span>
    </p>
   </div>
   <div class='ocr_carea' id='block_1_99' title="bbox 405 5221 1434 5287">
    <p class='ocr_par' dir='ltr' id='par_1_99' title="bbox 405 5221 1434 5287">
     <span class='ocr_line' id='line_1_99' title="bbox 405 5221 1434 5287; baseline -0.001 -11"><span class='ocrx_word' id='word_1_724' title='bbox 405 5239 480 5286; x_wconf 82' lang='lat' dir='ltr'><strong>tv,</strong></span> <span class='ocrx_word' id='word_1_725' title='bbox 506 5238 624 5287; x_wconf 83' lang='lat' dir='ltr'><strong>cap.</strong></span> <span class='ocrx_word' id='word_1_726' title='bbox 649 5222 741 5282; x_wconf 69' lang='grc'><strong>23,</strong></span> <span class='ocrx_word' id='word_1_727' title='bbox 773 5223 862 5275; x_wconf 88' lang='lat' dir='ltr'><strong>tibi</strong></span> <span class='ocrx_word' id='word_1_728' title='bbox 891 5225 1080 5276; x_wconf 84' lang='lat' dir='ltr'><strong>dicitur</strong></span> <span class='ocrx_word' id='word_1_729' title='bbox 1110 5221 1434 5275; x_wconf 78' lang='lat' dir='ltr'><strong>Galsttiittha.</strong></span> 
     </span>
    </p>
   </div>
   <div class='ocr_carea' id='block_1_100' title="bbox 479 5289 1975 5358">
    <p class='ocr_par' dir='ltr' id='par_1_100' title="bbox 479 5289 1975 5358">
     <span class='ocr_line' id='line_1_100' title="bbox 479 5289 1975 5358; baseline -0.003 -15"><span class='ocrx_word' id='word_1_730' title='bbox 479 5303 501 5330; x_wconf 77' lang='grc' dir='ltr'><strong>ι·</strong></span> <span class='ocrx_word' id='word_1_731' title='bbox 535 5295 662 5344; x_wconf 67' lang='lat' dir='ltr'><strong>tium</strong></span> <span class='ocrx_word' id='word_1_732' title='bbox 705 5291 876 5358; x_wconf 87' lang='lat' dir='ltr'><strong>ignota</strong></span> <span class='ocrx_word' id='word_1_733' title='bbox 923 5302 1064 5344; x_wconf 89' lang='lat' dir='ltr'><strong>esset</strong></span> <span class='ocrx_word' id='word_1_734' title='bbox 1109 5293 1220 5346; x_wconf 75' lang='lat' dir='ltr'><strong>litec</strong></span> <span class='ocrx_word' id='word_1_735' title='bbox 1250 5309 1344 5344; x_wconf 72' lang='lat' dir='ltr'><strong>vox</strong></span> <span class='ocrx_word' id='word_1_736' title='bbox 1388 5289 1827 5356; x_wconf 81' lang='lat' dir='ltr'><strong>exscripturihns,</strong></span> <span class='ocrx_word' id='word_1_737' title='bbox 1859 5303 1975 5341; x_wconf 90' lang='lat' dir='ltr'><strong>eam</strong></span> 
     </span>
    </p>
   </div>
   <div class='ocr_carea' id='block_1_101' title="bbox 401 5358 1973 5428">
    <p class='ocr_par' dir='ltr' id='par_1_101' title="bbox 401 5358 1973 5428">
     <span class='ocr_line' id='line_1_101' title="bbox 401 5358 1973 5428; baseline -0.004 -13"><span class='ocrx_word' id='word_1_738' title='bbox 401 5365 530 5415; x_wconf 85' lang='lat' dir='ltr'><strong>varii</strong></span> <span class='ocrx_word' id='word_1_739' title='bbox 559 5363 698 5414; x_wconf 82' lang='lat' dir='ltr'><strong>varie</strong></span> <span class='ocrx_word' id='word_1_740' title='bbox 721 5362 1003 5426; x_wconf 72' lang='lat' dir='ltr'><strong>scripsere.</strong></span> <span class='ocrx_word' id='word_1_741' title='bbox 1029 5361 1212 5428; x_wconf 71' lang='lat' dir='ltr'><strong>llt&#39;gm.</strong></span> <span class='ocrx_word' id='word_1_742' title='bbox 1236 5374 1284 5415; x_wconf 89' lang='lat' dir='ltr'><strong>et</strong></span> <span class='ocrx_word' id='word_1_743' title='bbox 1309 5362 1458 5413; x_wconf 71' lang='lat' dir='ltr'><strong>tlolb.</strong></span> <span class='ocrx_word' id='word_1_744' title='bbox 1478 5377 1574 5422; x_wconf 86' lang='lat' dir='ltr'><strong>tti.,</strong></span> <span class='ocrx_word' id='word_1_745' title='bbox 1594 5358 1973 5428; x_wconf 75' lang='lat' dir='ltr'><strong>Morganeltba;</strong></span> 
     </span>
    </p>
   </div>
   <div class='ocr_carea' id='block_1_102' title="bbox 401 5428 1974 5500">
    <p class='ocr_par' dir='ltr' id='par_1_102' title="bbox 401 5428 1974 5500">
     <span class='ocr_line' id='line_1_102' title="bbox 401 5428 1974 5500; baseline -0.002 -17"><span class='ocrx_word' id='word_1_746' title='bbox 401 5435 646 5493; x_wconf 78' lang='lat' dir='ltr'><strong>t1ulh.a.,</strong></span> <span class='ocrx_word' id='word_1_747' title='bbox 682 5429 1062 5500; x_wconf 79' lang='lat' dir='ltr'><strong>Morgutrgeba;</strong></span> <span class='ocrx_word' id='word_1_748' title='bbox 1095 5433 1250 5485; x_wconf 77' lang='lat' dir='ltr'><strong>Freh.</strong></span> <span class='ocrx_word' id='word_1_749' title='bbox 1284 5432 1352 5482; x_wconf 86' lang='lat' dir='ltr'><strong>al.</strong></span> <span class='ocrx_word' id='word_1_750' title='bbox 1378 5441 1431 5483; x_wconf 90' lang='lat' dir='ltr'><strong>et</strong></span> <span class='ocrx_word' id='word_1_751' title='bbox 1470 5431 1666 5483; x_wconf 83' lang='lat' dir='ltr'><strong>Chcsn.</strong></span> <span class='ocrx_word' id='word_1_752' title='bbox 1701 5430 1793 5490; x_wconf 75' lang='lat' dir='ltr'><strong>&#39;al.,</strong></span> <span class='ocrx_word' id='word_1_753' title='bbox 1829 5428 1974 5480; x_wconf 84' lang='lat' dir='ltr'><strong>Mor-</strong></span> 
     </span>
    </p>
   </div>
   <div class='ocr_carea' id='block_1_103' title="bbox 402 5500 1970 5572">
    <p class='ocr_par' dir='ltr' id='par_1_103' title="bbox 402 5500 1970 5572">
     <span class='ocr_line' id='line_1_103' title="bbox 402 5500 1970 5572; baseline -0.002 -18"><span class='ocrx_word' id='word_1_754' title='bbox 402 5506 646 5572; x_wconf 63' lang='lat' dir='ltr'><strong>gattgeba.</strong></span> <span class='ocrx_word' id='word_1_755' title='bbox 691 5501 894 5554; x_wconf 89' lang='lat' dir='ltr'><strong>Donum</strong></span> <span class='ocrx_word' id='word_1_756' title='bbox 939 5513 1052 5572; x_wconf 83' lang='lat' dir='ltr'><strong>erat</strong></span> <span class='ocrx_word' id='word_1_757' title='bbox 1096 5502 1230 5572; x_wconf 78' lang='lat' dir='ltr'><strong>quod</strong></span> <span class='ocrx_word' id='word_1_758' title='bbox 1264 5501 1349 5553; x_wconf 86' lang='lat' dir='ltr'><strong>die</strong></span> <span class='ocrx_word' id='word_1_759' title='bbox 1399 5500 1698 5566; x_wconf 85' lang='lat' dir='ltr'><strong>nuptiarum</strong></span> <span class='ocrx_word' id='word_1_760' title='bbox 1745 5513 1970 5572; x_wconf 78' lang='lat' dir='ltr'><strong>sponsus</strong></span> 
     </span>
    </p>
   </div>
   <div class='ocr_carea' id='block_1_104' title="bbox 405 5569 1968 5638">
    <p class='ocr_par' dir='ltr' id='par_1_104' title="bbox 405 5569 1968 5638">
     <span class='ocr_line' id='line_1_104' title="bbox 405 5569 1968 5638; baseline -0.003 -14"><span class='ocrx_word' id='word_1_761' title='bbox 405 5569 557 5627; x_wconf 81' lang='lat' dir='ltr'><strong>inane</strong></span> <span class='ocrx_word' id='word_1_762' title='bbox 594 5586 806 5638; x_wconf 60' lang='lat' dir='ltr'><strong>sponsae</strong></span> <span class='ocrx_word' id='word_1_763' title='bbox 833 5570 1164 5626; x_wconf 83' lang='lat' dir='ltr'><strong>conferchat.</strong></span> <span class='ocrx_word' id='word_1_764' title='bbox 1201 5571 1325 5636; x_wconf 70' lang='lat' dir='ltr'><strong>Ejus</strong></span> <span class='ocrx_word' id='word_1_765' title='bbox 1355 5579 1568 5638; x_wconf 87' lang='lat' dir='ltr'><strong>etymon</strong></span> <span class='ocrx_word' id='word_1_766' title='bbox 1599 5577 1650 5620; x_wconf 85' lang='lat' dir='ltr'><strong>et</strong></span> <span class='ocrx_word' id='word_1_767' title='bbox 1681 5569 1854 5620; x_wconf 84' lang='lat' dir='ltr'><strong>varias</strong></span> <span class='ocrx_word' id='word_1_768' title='bbox 1900 5569 1968 5620; x_wconf 89' lang='lat' dir='ltr'><strong>si-</strong></span> 
     </span>
    </p>
   </div>
   <div class='ocr_carea' id='block_1_105' title="bbox 401 5638 1966 5707">
    <p class='ocr_par' dir='ltr' id='par_1_105' title="bbox 401 5638 1966 5707">
     <span class='ocr_line' id='line_1_105' title="bbox 401 5638 1966 5707; baseline -0.003 -14"><span class='ocrx_word' id='word_1_769' title='bbox 401 5645 763 5706; x_wconf 67' lang='lat' dir='ltr'><strong>gnticatioues</strong></span> <span class='ocrx_word' id='word_1_770' title='bbox 810 5658 872 5696; x_wconf 78' lang='lat' dir='ltr'><strong>ex</strong></span> <span class='ocrx_word' id='word_1_771' title='bbox 919 5640 1280 5707; x_wconf 71' lang='lat' dir='ltr'><strong>compluribus</strong></span> <span class='ocrx_word' id='word_1_772' title='bbox 1328 5639 1630 5692; x_wconf 58' lang='lat' dir='ltr'><strong>auctoribus</strong></span> <span class='ocrx_word' id='word_1_773' title='bbox 1680 5638 1843 5689; x_wconf 77' lang='lat' dir='ltr'><strong>fusius</strong></span> <span class='ocrx_word' id='word_1_774' title='bbox 1874 5653 1966 5690; x_wconf 86' lang='lat' dir='ltr'><strong>cx-</strong></span> 
     </span>
    </p>
   </div>
   <div class='ocr_carea' id='block_1_106' title="bbox 405 5705 1207 5778">
    <p class='ocr_par' dir='ltr' id='par_1_106' title="bbox 405 5705 1207 5778">
     <span class='ocr_line' id='line_1_106' title="bbox 405 5705 1207 5778; baseline 0.006 -18"><span class='ocrx_word' id='word_1_775' title='bbox 405 5705 548 5778; x_wconf 58' lang='lat' dir='ltr'><strong>tiutttt</strong></span> <span class='ocrx_word' id='word_1_776' title='bbox 577 5715 805 5778; x_wconf 67' lang='lat' dir='ltr'><strong>(latigius</strong></span> <span class='ocrx_word' id='word_1_777' title='bbox 837 5716 884 5764; x_wconf 93' lang='lat' dir='ltr'><strong>in</strong></span> <span class='ocrx_word' id='word_1_778' title='bbox 917 5705 1207 5765; x_wconf 53' lang='lat' dir='ltr'><strong>Glosstirio.</strong></span> 
     </span>
    </p>
   </div>
   <div class='ocr_carea' id='block_1_107' title="bbox 471 5775 1965 5845">
    <p class='ocr_par' dir='ltr' id='par_1_107' title="bbox 471 5775 1965 5845">
     <span class='ocr_line' id='line_1_107' title="bbox 471 5775 1965 5845; baseline -0.004 -10"><span class='ocrx_word' id='word_1_779' title='bbox 471 5781 493 5816; x_wconf 72' lang='grc' dir='ltr'>ά</span> <span class='ocrx_word' id='word_1_780' title='bbox 529 5775 793 5836; x_wconf 47' lang='grc' dir='ltr'><strong>(ὶολὺξω.</strong></span> <span class='ocrx_word' id='word_1_781' title='bbox 824 5794 876 5838; x_wconf 86' lang='lat' dir='ltr'><strong>et</strong></span> <span class='ocrx_word' id='word_1_782' title='bbox 918 5782 1110 5840; x_wconf 76' lang='lat' dir='ltr'><strong>Chesn.</strong></span> <span class='ocrx_word' id='word_1_783' title='bbox 1142 5782 1236 5845; x_wconf 58' lang='lat' dir='ltr'><strong>al,</strong></span> <span class='ocrx_word' id='word_1_784' title='bbox 1283 5780 1605 5843; x_wconf 78' lang='lat' dir='ltr'><strong>liosoutisse;</strong></span> <span class='ocrx_word' id='word_1_785' title='bbox 1658 5777 1802 5844; x_wconf 84' lang='lat' dir='ltr'><strong>Bec.,</strong></span> <span class='ocrx_word' id='word_1_786' title='bbox 1839 5775 1965 5830; x_wconf 72' lang='lat' dir='ltr'><strong>Ros-</strong></span> 
     </span>
    </p>
   </div>
   <div class='ocr_carea' id='block_1_108' title="bbox 2086 4647 3670 4716">
    <p class='ocr_par' dir='ltr' id='par_1_108' title="bbox 2086 4647 3670 4716">
     <span class='ocr_line' id='line_1_108' title="bbox 2086 4647 3670 4716; baseline -0.001 -15"><span class='ocrx_word' id='word_1_787' title='bbox 2086 4649 2336 4702; x_wconf 89' lang='lat' dir='ltr'><strong>tinentur.</strong></span> <span class='ocrx_word' id='word_1_788' title='bbox 2385 4648 2451 4702; x_wconf 84' lang='lat' dir='ltr'><strong>Et</strong></span> <span class='ocrx_word' id='word_1_789' title='bbox 2483 4665 2772 4704; x_wconf 89' lang='lat' dir='ltr'><strong>conversus</strong></span> <span class='ocrx_word' id='word_1_790' title='bbox 2797 4649 2860 4702; x_wconf 90' lang='lat' dir='ltr'><strong>atl</strong></span> <span class='ocrx_word' id='word_1_791' title='bbox 2909 4649 3169 4712; x_wconf 90' lang='lat' dir='ltr'><strong>Felicem,</strong></span> <span class='ocrx_word' id='word_1_792' title='bbox 3201 4649 3288 4716; x_wconf 93' lang='lat' dir='ltr'><strong>qui</strong></span> <span class='ocrx_word' id='word_1_793' title='bbox 3322 4655 3447 4701; x_wconf 90' lang='lat' dir='ltr'><strong>tunc</strong></span> <span class='ocrx_word' id='word_1_794' title='bbox 3476 4647 3670 4700; x_wconf 89' lang='lat' dir='ltr'><strong>nobis-</strong></span> 
     </span>
    </p>
   </div>
   <div class='ocr_carea' id='block_1_109' title="bbox 2081 4737 3668 4808">
    <p class='ocr_par' dir='ltr' id='par_1_109' title="bbox 2081 4737 3668 4808">
     <span class='ocr_line' id='line_1_109' title="bbox 2081 4737 3668 4808; baseline 0.001 -16"><span class='ocrx_word' id='word_1_795' title='bbox 2081 4755 2200 4792; x_wconf 90' lang='lat' dir='ltr'><strong>cum</strong></span> <span class='ocrx_word' id='word_1_796' title='bbox 2232 4740 2429 4808; x_wconf 88' lang='lat' dir='ltr'><strong>legatus</strong></span> <span class='ocrx_word' id='word_1_797' title='bbox 2457 4743 2778 4803; x_wconf 83' lang='lat' dir='ltr'><strong>advenerat,</strong></span> <span class='ocrx_word' id='word_1_798' title='bbox 2809 4741 2920 4793; x_wconf 88' lang='lat' dir='ltr'><strong>ait:</strong></span> <span class='ocrx_word' id='word_1_799' title='bbox 2957 4739 3069 4803; x_wconf 88' lang='lat' dir='ltr'><strong>Dic,</strong></span> <span class='ocrx_word' id='word_1_800' title='bbox 3101 4755 3133 4791; x_wconf 86' lang='lat'><strong>0</strong></span> <span class='ocrx_word' id='word_1_801' title='bbox 3163 4739 3307 4792; x_wconf 80' lang='lat' dir='ltr'><strong>Felix</strong></span> <span class='ocrx_word' id='word_1_802' title='bbox 3332 4779 3347 4801; x_wconf 94' lang='lat'><strong>,</strong></span> <span class='ocrx_word' id='word_1_803' title='bbox 3375 4737 3484 4807; x_wconf 89' lang='lat' dir='ltr'><strong>jam</strong></span> <span class='ocrx_word' id='word_1_804' title='bbox 3515 4740 3668 4793; x_wconf 84' lang='lat' dir='ltr'><strong>enim</strong></span> 
     </span>
    </p>
   </div>
   <div class='ocr_carea' id='block_1_110' title="bbox 2085 4828 3665 4898">
    <p class='ocr_par' dir='ltr' id='par_1_110' title="bbox 2085 4828 3665 4898">
     <span class='ocr_line' id='line_1_110' title="bbox 2085 4828 3665 4898; baseline -0.003 -16"><span class='ocrx_word' id='word_1_805' title='bbox 2085 4831 2386 4898; x_wconf 56' lang='lat' dir='ltr'><strong>plenissime</strong></span> <span class='ocrx_word' id='word_1_806' title='bbox 2414 4829 2744 4883; x_wconf 82' lang='lat' dir='ltr'><strong>connexuisti</strong></span> <span class='ocrx_word' id='word_1_807' title='bbox 2771 4828 3039 4882; x_wconf 88' lang='lat' dir='ltr'><strong>amicitias</strong></span> <span class='ocrx_word' id='word_1_808' title='bbox 3062 4828 3198 4881; x_wconf 91' lang='lat' dir='ltr'><strong>inter</strong></span> <span class='ocrx_word' id='word_1_809' title='bbox 3220 4842 3462 4880; x_wconf 88' lang='lat' dir='ltr'><strong>sororem</strong></span> <span class='ocrx_word' id='word_1_810' title='bbox 3488 4843 3665 4880; x_wconf 81' lang='lat' dir='ltr'><strong>meatu</strong></span> 
     </span>
    </p>
   </div>
   <div class='ocr_carea' id='block_1_111' title="bbox 2085 4917 3668 4988">
    <p class='ocr_par' dir='ltr' id='par_1_111' title="bbox 2085 4917 3668 4988">
     <span class='ocr_line' id='line_1_111' title="bbox 2085 4917 3668 4988; baseline -0.004 -11"><span class='ocrx_word' id='word_1_811' title='bbox 2085 4923 2504 4988; x_wconf 82' lang='lat' dir='ltr'><strong>Brunicbildem,</strong></span> <span class='ocrx_word' id='word_1_812' title='bbox 2535 4932 2588 4976; x_wconf 92' lang='lat' dir='ltr'><strong>et</strong></span> <span class='ocrx_word' id='word_1_813' title='bbox 2626 4921 2897 4974; x_wconf 91' lang='lat' dir='ltr'><strong>inimicam</strong></span> <span class='ocrx_word' id='word_1_814' title='bbox 2930 4919 3020 4973; x_wconf 88' lang='lat' dir='ltr'><strong>Dei</strong></span> <span class='ocrx_word' id='word_1_815' title='bbox 3061 4927 3116 4972; x_wconf 90' lang='lat' dir='ltr'><strong>et</strong></span> <span class='ocrx_word' id='word_1_816' title='bbox 3158 4919 3428 4972; x_wconf 92' lang='lat' dir='ltr'><strong>hominum</strong></span> <span class='ocrx_word' id='word_1_817' title='bbox 3463 4917 3668 4971; x_wconf 84' lang='lat' dir='ltr'><strong>Frede-</strong></span> 
     </span>
    </p>
   </div>
   <div class='ocr_carea' id='block_1_112' title="bbox 2085 5070 3664 5142">
    <p class='ocr_par' dir='ltr' id='par_1_112' title="bbox 2085 5070 3664 5142">
     <span class='ocr_line' id='line_1_112' title="bbox 2085 5070 3664 5142; baseline -0.005 -12"><span class='ocrx_word' id='word_1_818' title='bbox 2085 5079 2315 5130; x_wconf 78' lang='lat' dir='ltr'><strong>sontisse.</strong></span> <span class='ocrx_word' id='word_1_819' title='bbox 2351 5075 2508 5129; x_wconf 85' lang='lat' dir='ltr'><strong>Forte</strong></span> <span class='ocrx_word' id='word_1_820' title='bbox 2537 5073 2625 5128; x_wconf 93' lang='lat' dir='ltr'><strong>hic</strong></span> <span class='ocrx_word' id='word_1_821' title='bbox 2654 5071 2962 5142; x_wconf 86' lang='lat' dir='ltr'><strong>designatur</strong></span> <span class='ocrx_word' id='word_1_822' title='bbox 3011 5071 3328 5126; x_wconf 81' lang='lat' dir='ltr'><strong>Ressontum</strong></span> <span class='ocrx_word' id='word_1_823' title='bbox 3379 5070 3624 5142; x_wconf 79' lang='lat' dir='ltr'><strong>Longum</strong></span> <span class='ocrx_word' id='word_1_824' title='bbox 3646 5110 3664 5134; x_wconf 94' lang='lat'><strong>,</strong></span> 
     </span>
    </p>
   </div>
   <div class='ocr_carea' id='block_1_113' title="bbox 2090 5139 3664 5215">
    <p class='ocr_par' dir='ltr' id='par_1_113' title="bbox 2090 5139 3664 5215">
     <span class='ocr_line' id='line_1_113' title="bbox 2090 5139 3664 5215; baseline -0.004 -16"><span class='ocrx_word' id='word_1_825' title='bbox 2090 5144 2564 5215; x_wconf 72' lang='lat' dir='ltr'><strong>llosson-fe-Long,</strong></span> <span class='ocrx_word' id='word_1_826' title='bbox 2599 5144 2746 5215; x_wconf 89' lang='lat' dir='ltr'><strong>vicus</strong></span> <span class='ocrx_word' id='word_1_827' title='bbox 2778 5139 2921 5198; x_wconf 77' lang='lat' dir='ltr'><strong>inter</strong></span> <span class='ocrx_word' id='word_1_828' title='bbox 2953 5143 3267 5199; x_wconf 83' lang='lat' dir='ltr'><strong>Snessionas</strong></span> <span class='ocrx_word' id='word_1_829' title='bbox 3294 5151 3344 5194; x_wconf 85' lang='lat' dir='ltr'><strong>et</strong></span> <span class='ocrx_word' id='word_1_830' title='bbox 3379 5139 3562 5215; x_wconf 77' lang='lat' dir='ltr'><strong>victim</strong></span> <span class='ocrx_word' id='word_1_831' title='bbox 3593 5144 3664 5192; x_wconf 84' lang='lat' dir='ltr'><strong>ad</strong></span> 
     </span>
    </p>
   </div>
   <div class='ocr_carea' id='block_1_114' title="bbox 2088 5211 3665 5280">
    <p class='ocr_par' dir='ltr' id='par_1_114' title="bbox 2088 5211 3665 5280">
     <span class='ocr_line' id='line_1_114' title="bbox 2088 5211 3665 5280; baseline -0.004 -10"><span class='ocrx_word' id='word_1_832' title='bbox 2088 5221 2359 5280; x_wconf 82' lang='lat' dir='ltr'><strong>Axonam,</strong></span> <span class='ocrx_word' id='word_1_833' title='bbox 2404 5211 2804 5268; x_wconf 47' lang='lat' dir='ltr'><strong>Vicisur-Aisne.</strong></span> <span class='ocrx_word' id='word_1_834' title='bbox 2835 5215 2935 5267; x_wconf 85' lang='lat' dir='ltr'><strong>Alii</strong></span> <span class='ocrx_word' id='word_1_835' title='bbox 2969 5225 3144 5265; x_wconf 87' lang='lat' dir='ltr'><strong>tamen</strong></span> <span class='ocrx_word' id='word_1_836' title='bbox 3179 5221 3398 5264; x_wconf 72' lang='lat' dir='ltr'><strong>censent</strong></span> <span class='ocrx_word' id='word_1_837' title='bbox 3430 5211 3514 5263; x_wconf 83' lang='lat' dir='ltr'><strong>hic</strong></span> <span class='ocrx_word' id='word_1_838' title='bbox 3543 5224 3665 5263; x_wconf 69' lang='lat' dir='ltr'><strong>tne-</strong></span> 
     </span>
    </p>
   </div>
   <div class='ocr_carea' id='block_1_115' title="bbox 2086 5282 3669 5351">
    <p class='ocr_par' dir='ltr' id='par_1_115' title="bbox 2086 5282 3669 5351">
     <span class='ocr_line' id='line_1_115' title="bbox 2086 5282 3669 5351; baseline -0.004 -12"><span class='ocrx_word' id='word_1_839' title='bbox 2086 5289 2278 5340; x_wconf 85' lang='lat' dir='ltr'><strong>niorari</strong></span> <span class='ocrx_word' id='word_1_840' title='bbox 2310 5286 2616 5338; x_wconf 77' lang='lat' dir='ltr'><strong>liossonium</strong></span> <span class='ocrx_word' id='word_1_841' title='bbox 2644 5284 2694 5336; x_wconf 92' lang='lat' dir='ltr'><strong>in</strong></span> <span class='ocrx_word' id='word_1_842' title='bbox 2730 5299 2860 5351; x_wconf 83' lang='lat' dir='ltr'><strong>pago</strong></span> <span class='ocrx_word' id='word_1_843' title='bbox 2890 5282 3248 5337; x_wconf 83' lang='lat' dir='ltr'><strong>Bellovacensi</strong></span> <span class='ocrx_word' id='word_1_844' title='bbox 3277 5283 3466 5342; x_wconf 85' lang='lat' dir='ltr'><strong>situm,</strong></span> <span class='ocrx_word' id='word_1_845' title='bbox 3502 5284 3669 5351; x_wconf 78' lang='lat' dir='ltr'><strong>vulgo</strong></span> 
     </span>
    </p>
   </div>
   <div class='ocr_carea' id='block_1_116' title="bbox 2087 5350 3670 5423">
    <p class='ocr_par' dir='ltr' id='par_1_116' title="bbox 2087 5350 3670 5423">
     <span class='ocr_line' id='line_1_116' title="bbox 2087 5350 3670 5423; baseline -0.003 -15"><span class='ocrx_word' id='word_1_846' title='bbox 2087 5357 2312 5418; x_wconf 74' lang='lat' dir='ltr'><strong>Iiesson,</strong></span> <span class='ocrx_word' id='word_1_847' title='bbox 2343 5355 2481 5423; x_wconf 89' lang='lat' dir='ltr'><strong>quod</strong></span> <span class='ocrx_word' id='word_1_848' title='bbox 2532 5357 2618 5406; x_wconf 88' lang='lat' dir='ltr'><strong>nui</strong></span> <span class='ocrx_word' id='word_1_849' title='bbox 2662 5368 2693 5408; x_wconf 91' lang='lat' dir='ltr'><strong>e</strong></span> <span class='ocrx_word' id='word_1_850' title='bbox 2733 5350 2930 5406; x_wconf 82' lang='lat' dir='ltr'><strong>novem</strong></span> <span class='ocrx_word' id='word_1_851' title='bbox 2977 5353 3216 5407; x_wconf 73' lang='lat' dir='ltr'><strong>ecclesia:</strong></span> <span class='ocrx_word' id='word_1_852' title='bbox 3264 5350 3670 5404; x_wconf 78' lang='lat' dir='ltr'><strong>Bellovacensis</strong></span> 
     </span>
    </p>
   </div>
   <div class='ocr_carea' id='block_1_117' title="bbox 2082 5424 2921 5480">
    <p class='ocr_par' dir='ltr' id='par_1_117' title="bbox 2082 5424 2921 5480">
     <span class='ocr_line' id='line_1_117' title="bbox 2082 5424 2921 5480; baseline -0.004 -1"><span class='ocrx_word' id='word_1_853' title='bbox 2082 5427 2466 5480; x_wconf 82' lang='lat' dir='ltr'><strong>atcltitliaconis</strong></span> <span class='ocrx_word' id='word_1_854' title='bbox 2497 5440 2688 5477; x_wconf 82' lang='lat' dir='ltr'><strong>nomen</strong></span> <span class='ocrx_word' id='word_1_855' title='bbox 2721 5424 2921 5477; x_wconf 87' lang='lat' dir='ltr'><strong>tribuit.</strong></span> 
     </span>
    </p>
   </div>
   <div class='ocr_carea' id='block_1_118' title="bbox 2155 5493 3391 5556">
    <p class='ocr_par' dir='ltr' id='par_1_118' title="bbox 2155 5493 3391 5556">
     <span class='ocr_line' id='line_1_118' title="bbox 2155 5493 3391 5556; baseline -0.002 -9"><span class='ocrx_word' id='word_1_856' title='bbox 2155 5509 2178 5534; x_wconf 75' lang='grc' dir='ltr'><strong>ο</strong></span> <span class='ocrx_word' id='word_1_857' title='bbox 2211 5497 2298 5548; x_wconf 84' lang='lat' dir='ltr'><strong>Sic</strong></span> <span class='ocrx_word' id='word_1_858' title='bbox 2328 5511 2455 5548; x_wconf 90' lang='lat' dir='ltr'><strong>mss.</strong></span> <span class='ocrx_word' id='word_1_859' title='bbox 2485 5509 2704 5556; x_wconf 87' lang='lat' dir='ltr'><strong>omnes;</strong></span> <span class='ocrx_word' id='word_1_860' title='bbox 2735 5494 2856 5546; x_wconf 79' lang='lat' dir='ltr'><strong>editi</strong></span> <span class='ocrx_word' id='word_1_861' title='bbox 2888 5507 3034 5556; x_wconf 82' lang='lat' dir='ltr'><strong>vero,</strong></span> <span class='ocrx_word' id='word_1_862' title='bbox 3067 5493 3391 5544; x_wconf 73' lang='lat' dir='ltr'><strong>contulerint.</strong></span> 
     </span>
    </p>
   </div>
   <div class='ocr_carea' id='block_1_119' title="bbox 2154 5562 3403 5631">
    <p class='ocr_par' dir='ltr' id='par_1_119' title="bbox 2154 5562 3403 5631">
     <span class='ocr_line' id='line_1_119' title="bbox 2154 5562 3403 5631; baseline -0.003 -13"><span class='ocrx_word' id='word_1_863' title='bbox 2154 5564 2172 5602; x_wconf 76' lang='grc' dir='ltr'><em>ι</em></span> <span class='ocrx_word' id='word_1_864' title='bbox 2213 5567 2364 5620; x_wconf 82' lang='lat' dir='ltr'><strong>Colli.</strong></span> <span class='ocrx_word' id='word_1_865' title='bbox 2398 5581 2468 5618; x_wconf 89' lang='lat' dir='ltr'><strong>tn.</strong></span> <span class='ocrx_word' id='word_1_866' title='bbox 2499 5576 2549 5616; x_wconf 91' lang='lat' dir='ltr'><strong>et</strong></span> <span class='ocrx_word' id='word_1_867' title='bbox 2579 5564 2764 5631; x_wconf 72' lang='lat' dir='ltr'><strong>liegtn.</strong></span> <span class='ocrx_word' id='word_1_868' title='bbox 2792 5578 2910 5615; x_wconf 91' lang='lat' dir='ltr'><strong>cum</strong></span> <span class='ocrx_word' id='word_1_869' title='bbox 2945 5565 3098 5626; x_wconf 68' lang='lat' dir='ltr'><strong>llatl.,</strong></span> <span class='ocrx_word' id='word_1_870' title='bbox 3127 5563 3209 5614; x_wconf 80' lang='lat' dir='ltr'><strong>die</strong></span> <span class='ocrx_word' id='word_1_871' title='bbox 3239 5562 3403 5614; x_wconf 72' lang='lat' dir='ltr'><strong>tertio.</strong></span> 
     </span>
    </p>
   </div>
   <div class='ocr_carea' id='block_1_120' title="bbox 2149 5630 3663 5700">
    <p class='ocr_par' dir='ltr' id='par_1_120' title="bbox 2149 5630 3663 5700">
     <span class='ocr_line' id='line_1_120' title="bbox 2149 5630 3663 5700; baseline -0.004 -13"><span class='ocrx_word' id='word_1_872' title='bbox 2149 5646 2174 5681; x_wconf 72' lang='grc' dir='ltr'><strong>Β</strong></span> <span class='ocrx_word' id='word_1_873' title='bbox 2206 5638 2330 5700; x_wconf 58' lang='lat' dir='ltr'><strong>Qum</strong></span> <span class='ocrx_word' id='word_1_874' title='bbox 2360 5643 2652 5700; x_wconf 87' lang='lat' dir='ltr'><strong>sequuntur</strong></span> <span class='ocrx_word' id='word_1_875' title='bbox 2675 5630 2850 5697; x_wconf 84' lang='lat' dir='ltr'><strong>usque</strong></span> <span class='ocrx_word' id='word_1_876' title='bbox 2879 5633 2942 5685; x_wconf 57' lang='lat' dir='ltr'><strong>all</strong></span> <span class='ocrx_word' id='word_1_877' title='bbox 2979 5637 3132 5685; x_wconf 80' lang='lat' dir='ltr'><strong>linem</strong></span> <span class='ocrx_word' id='word_1_878' title='bbox 3176 5633 3362 5700; x_wconf 60' lang='lat' dir='ltr'><strong>rapitis</strong></span> <span class='ocrx_word' id='word_1_879' title='bbox 3415 5644 3520 5683; x_wconf 84' lang='lat' dir='ltr'><strong>non</strong></span> <span class='ocrx_word' id='word_1_880' title='bbox 3553 5630 3663 5682; x_wconf 71' lang='lat' dir='ltr'><strong>hac</strong></span> 
     </span>
    </p>
   </div>
   <div class='ocr_carea' id='block_1_121' title="bbox 2078 5703 2818 5761">
    <p class='ocr_par' dir='ltr' id='par_1_121' title="bbox 2078 5703 2818 5761">
     <span class='ocr_line' id='line_1_121' title="bbox 2078 5703 2818 5761; baseline -0.007 -2"><span class='ocrx_word' id='word_1_881' title='bbox 2078 5709 2130 5760; x_wconf 76' lang='grc'><strong>1)(</strong></span> <span class='ocrx_word' id='word_1_882' title='bbox 2145 5717 2263 5761; x_wconf 84' lang='lat' dir='ltr'><strong>titur</strong></span> <span class='ocrx_word' id='word_1_883' title='bbox 2289 5708 2341 5760; x_wconf 85' lang='lat' dir='ltr'><strong>in</strong></span> <span class='ocrx_word' id='word_1_884' title='bbox 2371 5705 2523 5758; x_wconf 74' lang='lat' dir='ltr'><strong>Colb.</strong></span> <span class='ocrx_word' id='word_1_885' title='bbox 2552 5720 2601 5755; x_wconf 87' lang='lat' dir='ltr'><strong>a.</strong></span> <span class='ocrx_word' id='word_1_886' title='bbox 2628 5714 2680 5756; x_wconf 85' lang='lat' dir='ltr'><strong>et</strong></span> <span class='ocrx_word' id='word_1_887' title='bbox 2714 5703 2818 5755; x_wconf 73' lang='lat' dir='ltr'><strong>Vat.</strong></span> 
     </span>
    </p>
   </div>
  </div>
