3966 6348
219 310 329 367 56!

1206 310 1517 367 HISTORIA
1564 306 1999 364 FllANCORUM.
2048 306 2248 361 LIBER
2291 300 2533 362 NONUS.

3393 282 3523 350 Εἶθ’

213 423 489 491 similent.
529 423 647 490 Quo
692 432 943 493 negan'e,
970 437 1072 495 ego
1114 423 1270 479 dixi:
1312 425 1424 479 Non
1469 423 1676 479 dubitet
1722 437 1816 477 rex
1845 426 1895 483 Α
1925 422 2179 476 Ecclesiae
2224 422 2353 476 litles
2400 419 2632 488 periculo
2665 418 2772 474 ullo
2818 434 2921 476 non
2968 417 3224 486 quatitur,
3278 413 3504 468 lia-rests

215 531 353 583 quia
403 516 509 569 illa:
553 516 802 570 amicitia!
852 516 989 571 inter
1028 517 1243 570 easdem
1276 516 1667 581 custodiuntur,
1697 531 1816 585 qua:

218 621 357 665 ante
405 610 507 665 lios
547 626 719 665 annos
766 611 1027 680 plurimos
1072 622 1196 667 sunt
1246 614 1438 682 ligatae.
1492 612 1621 665 Nam
1671 625 1818 666 certe

217 702 371 756 scias
399 704 525 771 quia
554 703 767 761 odium.
797 703 937 768 quod
965 701 1104 757 inter
1128 702 1246 758 illas
1271 704 1399 757 olim
1423 713 1677 757 statutum
1704 711 1812 766 est,

220 792 416 847 adhuc
446 793 704 862 pullulat,
743 808 846 847 non
895 794 1111 849 arescit.
1143 793 1355 849 Utinam
1388 803 1479 858 tu,
1507 809 1540 848 ο
1568 808 1662 849 rex
1702 798 1817 860 glo-

221 885 555 941 riosissime.
586 886 761 939 minus
786 899 907 939 cum
939 901 1002 938 ea
1029 886 1345 939 charitatem
1378 885 1622 941 haberes.
1656 885 1816 949 Nam,

224 984 290 1028 ut
332 990 484 1041 saepe
509 978 875 1044 cognovimus,
909 976 1124 1047 dignius
1152 976 1269 1046 ejus
1298 977 1617 1048 legationem
1658 992 1817 1046 quam

228 1074 479 1115 nostram
502 1063 723 1131 excipis.
752 1064 813 1116 Et
845 1062 933 1117 ille
957 1080 971 1116 :
996 1064 1166 1127 Scias,
1199 1063 1396 1132 inquit,
1419 1062 1670 1118 sacerdos
1692 1062 1816 1127 Dei,

226 1152 357 1219 quia
386 1153 469 1206 sic
495 1151 611 1219 ejus
642 1153 957 1214 legationem
988 1153 1242 1220 suscipio,
1276 1163 1329 1206 ut
1367 1154 1685 1208 charitatem
1718 1168 1817 1207 ne-

231 1244 376 1307 potis
423 1244 527 1295 mei
572 1240 897 1296 Cltldeberti
950 1244 1088 1310 regis
1133 1257 1242 1296 non
1271 1243 1539 1297 omittam.
1570 1242 1700 1295 Nam
1752 1242 1821 1296 ibi

230 1330 345 1404 [ΑΙ.
375 1330 477 1401 ξιιίς
498 1332 756 1385 amicitias
786 1332 951 1400 ligare
975 1347 1080 1385 non
1107 1346 1326 1402 possum
1345 1372 1365 1398 ,
1390 1331 1461 1387 de
1486 1348 1589 1400 qua
1621 1332 1839 1400 saepius

234 1430 644 1487 processerunt,
676 1423 761 1491 qui
807 1422 936 1476 mihi
970 1423 1128 1476 vitam
1162 1432 1480 1491 praesentem
1520 1423 1822 1477 auferrent.

234 1513 365 1566 Haec
394 1528 462 1565 eo
510 1513 743 1587 diceuze,
776 1511 925 1567 Felix
974 1513 1090 1567 ait:
1128 1512 1446 1568 Pervenisse
1490 1513 1557 1567 ad
1599 1513 1823 1582 gloriam

230 1614 471 1657 vestram
495 1603 676 1665 credo,
699 1602 838 1673 quod
868 1603 1196 1659 liicltaredus
1224 1603 1542 1672 legationem
1565 1603 1632 1658 ad
1661 1619 1827 1674 nepo-

234 1682 345 1747 teni
378 1703 614 1747 vestrum
646 1694 842 1748 di-exit
884 1693 983 1765 (V.
1015 1712 1130 1765 sup.
1155 1710 1271 1764 cap.
1301 1694 1411 1761 16),
1442 1709 1562 1763 quin
1606 1704 1822 1763 neptem

1922 527 2058 567 nova
2107 530 2212 567 non
2251 513 2443 582 surgit.
2476 516 2605 580 Quae
2642 512 2744 567 erit
2782 511 2881 564 ista
2924 511 3236 571 necessitas,
3266 518 3322 560 ut
3366 504 3499 559 tanti

1920 601 2150 656 debeant
2192 601 2245 655 in
2294 619 2452 656 unum
2501 601 2749 672 eotijutigi
2804 599 3010 653 Domini
3058 593 3401 652 sacerdotes?
3433 594 3503 647 Et

1922 698 2011 752 ille
2037 715 2052 751 :
2082 700 2218 753 Sunt
2242 702 2434 763 multa,
2467 697 2666 766 inquit,
2699 710 2815 763 qua:
2840 695 3065 748 debeant
3094 688 3355 753 discerni,
3385 702 3507 755 quas

1922 787 2116 854 injuste
2151 796 2298 855 gesta
2343 794 2496 851 sunt,
2538 795 2645 839 tam
2691 785 2758 839 de
2801 785 3037 848 incestis,
3069 795 3226 850 quam
3268 777 3335 831 de
3372 776 3505 846 ipsis

1921 893 2038 947 que
2064 876 2201 932 inter
2233 893 2329 931 nos
2362 887 2590 944 aguntur
2618 875 2817 929 causis.
2849 873 2952 928 Sed
2987 872 3255 940 prmcipue
3285 868 3372 921 illa
3404 865 3500 920 Dei

1922 984 2081 1023 causa
2111 979 2288 1024 exstat
2315 969 2560 1022 omnibus
2603 967 2792 1035 major,
2837 974 2895 1018 ttt
2941 964 3208 1031 inquirere
3239 960 3500 1025 debeatis,

1924 1078 2019 1116 cur
2051 1062 2403 1117 Praitextatus
2439 1060 2719 1128 episcopus
2764 1059 2939 1128 gladio
2980 1058 3033 1112 in
3079 1056 3300 1111 ecclesia
3347 1052 3505 1108 fuerit

1925 1155 2297 1220 interemptus.
2326 1154 2429 1207 Sed
2456 1169 2509 1206 et
2536 1153 2603 1205 de
2632 1151 2697 1204 iis
2719 1151 2807 1218 qui
2835 1165 2930 1218 pro
2958 1148 3160 1227 luxnria
3189 1152 3506 1200 accusantur

1926 1245 2081 1298 debet
2114 1260 2237 1297 esse
2266 1243 2547 1307 discessio,
2579 1251 2636 1294 ut
2664 1251 2753 1293 aut
2781 1240 2904 1292 νιυιί
2944 1237 3219 1291 sanctione
3258 1235 3508 1290 sacerdo-

1928 1332 2017 1388 lali
2045 1334 2277 1387 debeant
2320 1331 2629 1394 emendari,
2661 1341 2751 1382 aut
2794 1336 2962 1391 certe,
2992 1328 3037 1379 si
3086 1326 3397 1379 innocentes
3427 1325 3509 1375 in-

1929 1430 2235 1496 veniuntur,
2286 1427 2498 1495 publice
2546 1441 2699 1481 error
2742 1424 2985 1479 criminis
3033 1421 3329 1475 auferatur.
3363 1418 3515 1470 'I‘unc

1924 1517 2081 1585 jussit
2108 1524 2167 1570 ut
2195 1518 2245 1570 iu
2290 1516 2533 1571 kalendis
2562 1519 2762 1570 mensis
2786 1514 2960 1569 ouarti
2990 1512 3103 1566 haec
3128 1509 3364 1581 synodus
3395 1522 3522 1575 pro-

1929 1608 2235 1678 longaretur
2259 1607 2308 1662 δ.
2343 1610 2407 1662 Et
2444 1608 2508 1660 iis
2537 1607 2719 1673 dictis,
2749 1606 2817 1659 ad
2860 1603 3143 1659 ecclesiam
3188 1601 3353 1671 446
3396 1613 3519 1667 pro—

1929 1703 2231 1756 cessimus:
2272 1710 2391 1755 erat
2431 1701 2575 1754 enim
2621 1699 2737 1753 dies
2776 1698 2863 1751 illa
2909 1696 3196 1749 Deminica:
3259 1693 3517 1745 lit-surre-

233 1799 474 1840 vestram
522 1786 1005 1852 Chlodosuindam,
1038 1788 1196 1841 tiliam
1230 1787 1407 1841 fratris
1436 1788 1631 1853 vestri,
1676 1788 1726 1842 ei
1770 1787 1822 1841 in
1853 1795 1902 1855 Β
1929 1791 2122 1847 ctionis
2152 1792 2463 1846 solemnitas
2488 1801 2537 1844 ε.
2567 1792 2735 1845 Dictis
2760 1791 2920 1859 igitur
2947 1786 3145 1853 Missis,
3159 1789 3407 1842 convivio
3421 1776 3529 1843 nos

237 1878 638 1931 matrimonium
670 1880 980 1947 postularet.
1008 1878 1114 1933 Sed
1146 1878 1234 1933 ille
1257 1880 1461 1949 absque
1489 1891 1670 1934 vestro
1696 1893 1828 1935 cou-

234 1971 364 2023 sélto
408 1969 535 2023 nilnl
574 1971 767 2024 exinde
809 1972 1119 2038 promittere
1154 1972 1339 2027 voluit.
1372 1972 1487 2026 Rex
1513 1972 1587 2027 ait
1611 1983 1633 2011 ³
1663 1988 1682 2028 :
1714 1973 1827 2028 Non

237 2070 327 2114 est
361 2063 623 2129 optimum
654 2062 796 2115 enim
816 2103 831 2128 ,
862 2072 919 2115 ut
948 2062 1072 2116 illuc
1102 2064 1277 2130 neptis
1304 2061 1468 2133 m
1498 2079 1613 2117 mea
1643 2064 1831 2118 ambu-

238 2152 315 2205 let
337 2195 349 2213 ,
384 2154 471 2207 ubi
499 2169 651 2209 ~oror
677 2170 771 2209 sna
800 2164 885 2210 est
906 2155 1183 2210 interiecta
1211 2173 1226 2219 ;
1262 2157 1357 2212 sed
1390 2172 1490 2212 nec
1515 2157 1644 2211 illud
1668 2160 1832 2213 ratio-

238 2244 497 2297 nabiliter
522 2247 853 2313 coit-placet,
885 2254 944 2299 ut
991 2262 1096 2300 non
1129 2247 1419 2304 ulciscatur
1467 2263 1611 2303 mors
1659 2251 1832 2319 neptis

240 2349 379 2388 more
424 2334 691 2405 lnguntlis.
732 2336 876 2391 Felix
928 2339 1215 2406 respondet
1247 2357 1259 2392 :
1297 2340 1514 2394 Multum
1551 2357 1611 2397 se
1638 2343 1837 2397 exinde

238 2439 507 2479 excusare
552 2426 769 2492 volunt,
814 2437 905 2483 aut
952 2431 1325 2496 sacramentis,
1374 2442 1466 2485 aut
1510 2433 1836 2499 quibuslibet

240 2516 364 2570 aiis
395 2516 788 2573 conditionibus
810 2519 1109 2587 iusseritis;
1144 2530 1351 2576 tantum
1383 2537 1483 2578 vos
1510 2538 1834 2580 consensqu

245 2611 508 2679 praebete,
543 2620 601 2664 ut
626 2614 674 2665 ei
704 2613 1120 2681 Clilodosuinda,
1149 2616 1286 2671 sicut
1316 2620 1578 2686 postulat,
1607 2618 1837 2686 despon-

243 2714 418 2757 setur.
453 2704 561 2756 Rex
595 2705 669 2757 ait
699 2722 712 2759 :
743 2705 800 2759 Si
844 2705 986 2760 enim
1017 2722 1184 2776 nepos
1212 2723 1362 2763 meus
1410 2709 1594 2778 implet
1636 2726 1752 2776 quo:
1783 2709 1835 2762 in

248 2796 591 2862 pactionibus
634 2797 897 2851 conscribi
929 2795 1121 2864 voluit,
1150 2808 1203 2853 et
1244 2814 1344 2868 ego
1370 2800 1437 2854 dc
1468 2801 1549 2854 bis
1581 2799 1719 2853 facio
1748 2815 1839 2854 vo-

253 2891 516 2940 luntatem
545 2888 682 2954 ejus.
714 2887 1152 2945 Protnilleutiltus
1182 2891 1336 2945 nobis
1377 2908 1498 2946 eum
1530 2894 1707 2946 omnia
1741 2894 1840 2946 itn—

251 2978 519 3044 pleturum
539 3020 553 3044 ,
589 2979 783 3047 adjecit
812 2979 956 3035 Felix
986 2998 997 3032 :
1032 2981 1363 3049 Deprecatur
1392 2985 1554 3038 etiam
1588 2984 1837 3051 pietatem

251 3079 521 3137 vestram,
557 3082 613 3124 ut
641 3074 691 3125 ei
721 3072 968 3127 solatium
998 3084 1183 3129 contra
1224 3075 1599 3143 Langobardos
1638 3078 1839 3133 tribua-

1930 1882 2149 1949 ascivit,
2182 1882 2321 1949 quod
2366 1883 2462 1935 fuit
2490 1898 2595 1935 non
2640 1884 2813 1935 minus
2856 1889 3135 1934 oneratum
3181 1880 3235 1933 in
3278 1879 3514 1947 ferculis,

1930 1989 2088 2040 quam
2136 1974 2316 2027 laetitia
2355 1974 2689 2041 opulentum.
2725 1975 2948 2042 Semper
2975 1976 3120 2029 enim
3152 1989 3246 2028 rex
3276 1974 3344 2029 de
3388 1974 3517 2040 Deo,

1931 2068 1999 2121 de
2032 2068 2389 2121 aedificatione
2426 2066 2772 2121 ecclesiarum
2795 2106 2812 2132 ,
2856 2066 2945 2120 de.
2968 2066 3282 2120 defensione
3323 2080 3521 2135 paupe-

1933 2175 2052 2212 rum
2092 2142 2395 2213 si-rmonem
2447 2159 2682 2217 habens.
2728 2157 2937 2211 ridebat
2980 2157 3247 2212 interdum
3293 2157 3520 2225 spiritali

1928 2251 2055 2319 joco
2084 2251 2378 2315 delectans,
2408 2249 2611 2304 addens
2637 2248 2799 2303 etiam
2827 2250 2966 2303 unde
2992 2260 3049 2303 et
3077 2264 3173 2303 nos
3198 2250 3396 2318 aliquid
3429 2252 3522 2303 la:-

1937 2344 2064 2396 titite
2095 2343 2411 2397 frueremur.
2445 2342 2664 2397 Dicebat
2689 2342 2831 2397 enim
2859 2350 2915 2396 et
2938 2342 3053 2396 hzec
3080 2343 3237 2396 verba
3263 2357 3279 2397 :
3305 2342 3515 2397 Utinam

1937 2433 2068 2485 mihi
2116 2447 2284 2500 nepos
2315 2448 2465 2487 meus
2515 2433 2775 2501 promissa
2819 2435 3107 2488 custodiat.
3139 2435 3329 2489 Omnia
3375 2433 3523 2489 enim

1937 2542 2056 2593 qua:
2125 2528 2295 2580 habeo
2330 2527 2445 2593 ejus
2500 2534 2644 2581 sunt.
2702 2528 2901 2582 Tamen
2942 2529 2989 2583 si
3024 2544 3146 2583 eum
3200 2526 3524 2583 scandalizat

1938 2619 2095 2687 illud,
2128 2620 2269 2684 quod
2312 2621 2515 2687 legatos
2544 2619 2839 2673 Chlotliarli
2868 2620 3073 2688 nepotis
3120 2619 3222 2674 mei
3268 2620 3526 2687 suscipe,

1941 2712 2175 2782 nunquid
2208 2711 2431 2771 demens
2461 2724 2612 2777 sum,
2654 2720 2713 2765 ut
2753 2725 2858 2764 non
2890 2711 3086 2779 possim
3114 2718 3414 2778 temperare
3443 2708 3526 2764 in-

1940 2815 2025 2860 ter
2065 2819 2177 2867 eos,
2227 2820 2295 2858 ne
2344 2804 2654 2858 scandalum
2705 2804 3060 2874 pr0pagetur?
3103 2804 3235 2858 Novi
3283 2804 3424 2857 enim
3470 2805 3521 2858 id

1944 2897 2115 2963 magis
2146 2895 2398 2961 incidere,
2431 2910 2587 2964 quam
2633 2897 2688 2950 in
2738 2895 2943 2963 longius
2990 2894 3347 2963 promulgare.
3380 2892 3526 2948 Dabo

1941 2988 2085 3043 enim
2113 2985 2446 3051 Cblotbario,
2475 2986 2521 3040 si
2553 3000 2675 3041 eum
2708 2996 2955 3055 nepotem
2982 2999 3159 3038 meum
3185 3000 3306 3040 esse
3327 2999 3526 3055 cogno-

1945 3092 2094 3140 vero,
2122 3087 2217 3131 aut
2243 3079 2393 3139 duas,
2418 3084 2510 3130 aut
2555 3085 2673 3129 tres
2694 3075 2923 3140 in-parte
2953 3074 3128 3143 aliqua
3172 3075 3438 3140 civitates,
3470 3084 3529 3129 ut

254 3165 347 3230 tis,
377 3165 605 3233 qualiter
632 3166 867 3233 expulsis
882 3164 1108 3220 deltalia
1128 3210 1143 3235 ,
1174 3184 1298 3235 pars
1325 3169 1409 3222 illa
1441 3184 1600 3239 quam
1629 3170 1837 3239 genitor
1869 3170 1914 3233 C
1946 3184 2045 3227 nec
2072 3169 2158 3224 hic
2189 3168 2427 3221 videatur
2456 3166 2785 3221 exbairedari
2816 3167 2886 3220 de
2911 3181 3073 3235 regno
3106 3180 3245 3227 meo,
3275 3181 3373 3220 nec
3408 3167 3529 3220 huic

253 3273 388 3311 suus
426 3258 715 3312 vindicavit
758 3262 962 3325 vivens,
994 3259 1058 3313 ad
1102 3276 1223 3314 eum
1276 3270 1601 3326 revertatur;
1638 3262 1840 3329 reliqua

255 3363 390 3401 vero
415 3364 475 3414 pa
488 3363 539 3401 rs
562 3364 655 3417 per
684 3360 916 3421 vestrum
943 3366 1209 3413 suutuqne
1231 3350 1477 3405 solatium
1507 3351 1844 3427 imperatoris

254 3439 555 3493 ditionibus
584 3443 911 3494 restituatur.
957 3439 1249 3509 RespOudit
1279 3456 1370 3496 rex
1407 3461 1419 3494 :
1451 3440 1600 3508 Non,
1641 3444 1841 3510 inquit,

258 3545 477 3597 possum
509 3533 560 3583 in
594 3530 793 3584 Italiam
819 3534 1112 3586 exercitum
1144 3549 1317 3586 meum
1343 3532 1592 3603 diligere,
1624 3544 1681 3588 ut
1706 3538 1781 3587 nlt
1810 3550 1845 3590 o

256 3638 353 3675 eos
408 3623 567 3675 morti
623 3624 871 3677 tradam:
913 3624 1224 3694 gravissima
1278 3628 1420 3681 enim
1474 3629 1586 3696 Itis
1640 3627 1842 3682 Italiam

256 3727 404 3768 nunc
425 3716 685 3768 devastat.
716 3714 779 3769 Et
803 3730 936 3785 ego:
968 3715 1243 3772 Iudicastis
1267 3718 1408 3772 enim
1433 3719 1609 3787 nepoti
1639 3726 1841 3783 vestro,

256 3815 320 3860 ut
346 3820 537 3859 omnes
578 3807 725 3876 regni
763 3807 846 3860 sui
886 3807 1123 3876 episcopi
1168 3809 1220 3862 iu
1264 3824 1424 3862 unum
1466 3810 1843 3874 convenirent,

261 3896 385 3960 quia
435 3895 597 3948 multa
644 3907 765 3950 sunt
809 3912 927 3975 quae
970 3898 1197 3953 debeant
1244 3897 1525 3965 indagari:
1567 3898 1660 3952 sed
1694 3897 1846 3968 juxta

260 3992 705 4047 consuetudinem
737 4007 1001 4047 canonum
1020 4034 1035 4058 ,
1068 3993 1309 4062 placebat
1336 3992 1724 4065 gloriosissimo
1753 4009 1848 4047 ne-

264 4081 374 4147 poti
409 4092 608 4147 vestro,
639 4091 696 4136 ut
729 4085 1093 4155 unusquisque
1138 4085 1453 4154 metropolis
1477 4100 1599 4139 cum
1631 4085 1846 4153 provin-

262 4174 491 4229 cialibus
522 4173 637 4247 [Ch.
667 4175 1223 4248 comprovincialibus]
1253 4177 1363 4231 suis
1391 4176 1805 4246 conjungeretur
1830 4193 1843 4229 :

262 4271 319 4313 et
350 4272 479 4314 tunc
520 4277 637 4330 quae
682 4262 1118 4318 irrationabiliter
1147 4265 1201 4317 in
1247 4264 1463 4334 regione
1492 4262 1704 4332 propria
1751 4264 1848 4317 tie-

263 4350 392 4403 bant
410 4393 426 4419 ,
454 4356 729 4409 sanctione
751 4355 1071 4410 sacerdorali
1095 4355 1526 4410 emendarentur.
1552 4354 1680 4422 Qua:
1701 4353 1845 4408 enim

262 4457 426 4496 causa
447 4452 653 4510 exstat,
682 4455 741 4500 ut
771 4446 823 4500 in
851 4463 1015 4502 unum
1047 4458 1190 4503 tanta
1218 4448 1503 4503 multitudo
1529 4446 1848 4502 conveniat?

1950 3261 2373 3329 inquietudinem
2410 3264 2773 3326 prrpararent
2798 3272 2917 3325 qua;
2948 3257 3029 3311 isti
3067 3259 3353 3327 reliquero.
3402 3258 3529 3311 llaec

1946 3360 2002 3406 et
2025 3352 2126 3404 alia
2151 3350 2385 3414 locutus,
2414 3348 2555 3403 dulci
2581 3364 2679 3403 nos
2700 3346 2867 3402 affatu
2917 3345 3103 3403 fovens
3125 3363 3188 3402 ac
3216 3349 3526 3402 muneribus

1947 3457 2207 3504 onerans,
2262 3440 2539 3495 discedere
2587 3439 2768 3508 jubet,
2814 3440 3074 3494 mandans
3112 3449 3168 3492 ut
3210 3454 3270 3494 ea
3314 3453 3532 3507 semper

1948 3534 2292 3589 Ctiitdcberto
2340 3531 2450 3600 regi
2498 3530 2850 3595 ius‘nuentur,
2890 3544 3007 3599 qua:
3055 3529 3177 3584 vita:
3217 3528 3334 3598 ejus
3380 3543 3529 3584 com-

1950 3629 2105 3681 ntoda
2134 3627 2282 3681 lieut.

2023 3717 2164 3772 XXI.
2203 3718 2320 3785 Ipse
2347 3724 2522 3771 autem
2544 3731 2660 3779 rex,
2694 3721 2751 3770 ut
2768 3728 2913 3784 saepe
2932 3714 3181 3776 diximus.
3213 3715 3265 3770 in
3296 3716 3530 3770 clcemo-

1947 3810 2099 3879 synis
2149 3823 2393 3878 magnus,
2442 3808 2495 3862 in
2541 3808 2739 3877 vigiliis
2788 3815 2949 3876 atque
2994 3806 3211 3877 jejuniis
3259 3815 3557 3876 promptos

1948 3912 2083 3957 erat.
2116 3900 2247 3955 Nam
2286 3910 2409 3954 tunc
2439 3899 2704 3953 ferebatur
2738 3899 3025 3954 Massiliam
3054 3917 3081 3952 a
3112 3900 3196 3955 lue
3238 3900 3530 3969 inguinaria

1949 3989 2103 4045 valde
2131 3988 2345 4054 vastari,
2389 3997 2443 4043 et
2472 3989 2611 4043 hunc
2653 3991 2894 4042 morbum
2926 4004 3093 4058 usque
3117 3988 3183 4043 ad
3216 3989 3533 4059 Lugdunen-

1950 4094 2061 4133 sem
2086 4078 2278 4141 vicum,
2302 4081 2559 4131 Octavum
2590 4068 2826 4143 nomine,
2858 4080 3019 4132 fuisse
3058 4077 3306 4134 celeriter
3333 4093 3530 4146 propa-

1952 4170 2136 4224 latum.
2168 4168 2273 4223 Sed
2305 4184 2418 4232 rex,
2447 4183 2511 4222 ac
2537 4169 2582 4222 si
2620 4170 2788 4222 bonus
2816 4168 3091 4231 sacerdos,
3134 4167 3418 4234 providens
3446 4181 3535 4221 re-

1953 4240 2145 4326 meodia,
2178 4258 2366 4327 quibus
2385 4256 2979 4323 cicatricesopeccatoris
2996 4258 3135 4323 vulgi
3159 4259 3535 4319 mederentur,-

1947 4349 2107 4418 jussit
2134 4363 2345 4403 omnem
2362 4349 2610 4416 populum
2628 4346 2692 4401 ad
2708 4347 2987 4402 ecclesiam
3008 4349 3315 4413 convenire,
3347 4357 3403 4402 et
3422 4348 3531 4401 Ro-

1955 4444 2193 4516 gatioues
2221 4456 2427 4497 summa
2455 4456 2576 4498 cum
2624 4442 2910 4497 devotione
2959 4441 3239 4512 celebrari,
3292 4450 3348 4495 et
3396 4442 3539 4497 nihil

336 4585 363 4613 ³
396 4576 575 4632 Editio
607 4580 750 4633 Batlii
799 4580 875 4635 sic
904 4580 1059 4635 habet
1090 4599 1105 4636 :
1134 4581 1213 4635 Ad
1249 4580 1386 4649 quod
1424 4596 1515 4635 rex
1543 4595 1850 4648 cognoscens
1877 4586 1925 4644 ι)
1951 4582 2168 4633 ritatcm.
2203 4576 2767 4650 Quaproptorplaceat
2809 4576 3163 4646 purgationem
3210 4579 3321 4650 ejus
3368 4578 3538 4648 legirio

260 4652 511 4702 etnnimo
550 4660 775 4717 rep.teus
798 4666 911 4718 qua?
934 4653 996 4705 de
1023 4653 1237 4721 perﬁdia
1267 4651 1408 4705 illius
1440 4653 1709 4721 audierat,
1741 4667 1850 4702 ntu-

222 4758 227 4763 .
264 4720 638 4790 turoconsilio
682 4722 990 4790 respondit:
1023 4720 1143 4775 Non
1183 4731 1256 4776 est
1299 4722 1461 4774 visum
1502 4720 1775 4790 prudenter
1818 4737 1852 4772 a

216 4814 225 4824 -
266 4804 355 4861 me,
375 4789 489 4854 ﬁeri
517 4789 946 4861 siconsentircm,
973 4802 1026 4844 ut
1056 4793 1178 4845 illuc
1208 4792 1369 4861 nep£is
1399 4808 1538 4855 mea,
1568 4807 1722 4860 quam
1745 4790 1852 4843 sin-

263 4860 518 4926 gulariter
546 4860 759 4929 diligere
797 4863 971 4927 debeo,
1004 4865 1252 4926 mittatur,
1272 4860 1368 4913 tibi
1393 4877 1538 4914 soror
1567 4865 1677 4927 ejus
1705 4861 1853 4913 iuno-

265 4928 467 5003 centula
499 4928 795 5003 turpissima
822 4932 1004 4998 fraude
1030 4934 1181 5003 vulgo
1222 4931 1531 4999 pra'dicatur
1561 4930 1849 5000 interfecta.

266 5001 378 5055 Sed
412 5017 500 5053 nec
528 4999 659 5052 illud
687 5004 878 5071 regiam
905 5004 1043 5055 decet
1069 4999 1379 5072 majestalem
1397 5041 1413 5065 ,
1442 5012 1529 5054 aut
1571 4999 1741 5053 nostro
1766 5018 1852 5069 ge-

265 5077 371 5124 neri
406 5072 670 5123 ltonestum
700 5073 853 5135 duco,
884 5084 937 5124 ut
969 5072 1032 5125 de
1062 5086 1218 5126 morte
1259 5073 1480 5140 nefanda
1523 5072 1684 5136 neptis
1726 5086 1849 5124 metu

262 5142 585 5194 charissima
614 5140 868 5208 [agundis
908 5143 1100 5195 nullam
1132 5160 1329 5195 sumant
1359 5141 1630 5194 vindictam
1654 5151 1741 5192 aut
1769 5142 1849 5193 ul-

264 5212 473 5265 tionem.
506 5210 659 5264 Felix
684 5220 852 5264 autem
882 5213 1076 5280 legatus
1096 5214 1165 5265 ad
1192 5217 1286 5265 hoc
1315 5212 1615 5282 respondit:
1648 5210 1810 5264 Multa
1831 5251 1846 5276 ,

265 5297 357 5334 rea:
384 5282 688 5351 itquiuime,
718 5283 1074 5335 malivolorum
1118 5282 1379 5335 hominum
1402 5281 1597 5350 lingua:
1614 5298 1847 5351 asserere

265 5350 458 5417 solent,
490 5368 604 5421 qua
632 5353 808 5419 procul
838 5363 954 5405 sunt
984 5372 1015 5405 α
1039 5356 1259 5405 veritate.
1290 5351 1515 5420 Ideoque
1544 5350 1646 5403 illis
1678 5351 1838 5421 prius-

266 5438 419 5493 quam
438 5419 585 5493 justo
615 5427 755 5492 facta
778 5423 844 5474 δὶι
871 5424 1164 5491 inquisitio,
1196 5423 1389 5475 nullam
1421 5424 1561 5476 decet
1606 5419 1846 5475 adhibere

266 5490 452 5557 [idemf
474 5490 789 5547 llic/taredus
816 5490 988 5551 autem
1012 5512 1063 5547 se
1094 5494 1228 5546 omni
1254 5494 1363 5557 via,
1394 5508 1493 5563 qua
1519 5494 1689 5554 decet,
1720 5508 1844 5558 pur-

266 5578 390 5627 gare
428 5575 639 5629 paratus
669 5574 771 5629 est,
812 5565 915 5616 sive
952 5565 1298 5627 sacramentis,
1332 5564 1432 5617 sive
1470 5565 1847 5631 quibuscunque

264 5633 383 5685 aliis
412 5635 785 5705 conditionibus
815 5634 1096 5705 jusseritis,
1128 5651 1179 5687 se
1217 5636 1505 5705 immunem
1531 5648 1655 5705 esse
1683 5635 1742 5705 ab
1785 5633 1847 5685 iis

262 5717 379 5766 quc
404 5703 714 5772 objiciuntur
741 5720 773 5756 a
810 5701 1022 5769 perditis
1049 5704 1356 5771 hominibus,
1401 5702 1579 5771 quibus
1622 5701 1845 5766 doleret,

258 5774 309 5826 si
335 5787 509 5827 ueram
535 5789 595 5828 ac
622 5775 897 5840 sinceram,
926 5782 978 5827 ut
1005 5777 1145 5829 decet
1160 5814 1176 5840 ,
1205 5774 1337 5829 inter
1363 5789 1447 5829 vos
1475 5772 1699 5827 viderent
1726 5773 1850 5824 cltu-

1954 4667 2089 4703 ntam
2116 4646 2487 4719 admittere,_et
2510 4648 2555 4719 si
2584 4646 2701 4700 talis
2729 4657 2983 4716 comperta
3026 4651 3179 4719 fuerit
3197 4646 3299 4714 {id
3326 4646 3531 4719 uiridem

1954 4720 2206 4790 permitte,
2238 4730 2297 4790 ut
2320 4719 2364 4772 ci
2392 4717 2778 4790 Chlodosuinda
2797 4756 2813 4780 ,
2841 4719 2971 4770 sicut
3017 4717 3271 4785 postulat,
3300 4718 3536 4790 despon-

1953 4787 2112 4843 setur.
2146 4787 2257 4841 Rea:
2284 4789 2453 4854 itaque
2491 4789 2720 4841 audiens
2745 4797 2848 4839 tam
2875 4794 3184 4841 constantem
3225 4788 3531 4844 oblationem

1954 4860 2356 4928 dia-purgatione
2401 4856 2675 4911 Richaredi
2716 4857 2983 4928 facienda,
3027 4859 3452 4928 consulerentque
3486 4860 3545 4912 εἰ

1952 4925 2193 4983 innocens
2221 4938 2347 4981 esset
2372 4943 2576 4991 eorum,
2608 4943 2721 4992 qua:
2763 4925 2862 4992 ipsi
2901 4936 3019 4977 tunc
3058 4926 3440 4996 objiciebantttr,
3473 4945 3536 4981 ea

1952 5017 2066 5066 qua:
2094 5017 2127 5052 a
2174 4998 2459 5051 Bicltaredo
2505 4998 2910 5065 postulabantur,
2951 5006 3111 5047 essent
3156 5012 3311 5062 regno
3351 4998 3531 5062 utilia,

1957 5069 2091 5136 nepti
2133 5068 2448 5135 honoriﬁca,
2491 5078 2545 5137 et
2577 5068 2653 5119 ita
2690 5080 3003 5137 nequaquam
3039 5072 3354 5132 respuenda,
3387 5071 3534 5137 carpit

1953 5141 2179 5192 animum
2204 5140 2404 5207 ﬂectere
2423 5153 2483 5190 ac
2512 5136 2640 5189 dixit
2666 5151 2686 5190 :
2715 5136 2775 5190 Si
2796 5135 2945 5187 modo
2970 5151 3091 5207 uera
3112 5145 3229 5188 sunt
3250 5153 3362 5205 qua:
3383 5135 3534 5205 dicis,

1952 5218 1999 5262 et
2054 5204 2371 5262 llicliarcdus
2414 5208 2717 5276 [legendum
2752 5216 2911 5279 puto,
2954 5204 3330 5279 Childebertus]
3378 5204 3536 5279 nepos

1952 5295 2096 5332 meus
2122 5279 2292 5343 implet
2316 5292 2431 5345 qua:
2453 5278 2506 5328 in
2536 5276 2857 5343 pactionibus
2885 5278 3135 5330 conscribi
3160 5276 3348 5346 voluit,
3374 5276 3478 5334 etc.

2023 5349 2048 5386 ι»
2088 5348 2237 5402 Nulla
2268 5347 2705 5417 usquamgsynodi.
2728 5347 2882 5415 hujus
2903 5348 3101 5402 mentio
3120 5350 3382 5414 occurrit;
3413 5352 3535 5403 hinc

1950 5420 2197 5473 dubitare
2229 5419 2350 5472 licet
2379 5434 2446 5471 an
2474 5414 2634 5473 fuerit
2667 5414 2896 5486 unquam
2928 5429 3130 5473 coacta.

2023 5501 2045 5529 ο
2091 5489 2332 5552 Ιιιδῖδιὶη
2355 5490 2571 5543 omissis
2615 5488 2965 5549 intermediis,
3027 5489 3142 5541 lnec
3192 5504 3311 5542 cum
3360 5487 3531 5540 media

1950 5570 2098 5628 parte
2122 5560 2311 5629 capitis
2329 5562 2601 5627 sequentis
2627 5561 2704 5613 sic
2726 5559 3018 5627 junguntur
3044 5574 3057 5609 :
3089 5556 3400 5611 Solemnitas
3416 5598 3432 5622 ,
3472 5559 3543 5611 ab

1948 5648 2101 5700 quam
2122 5631 2291 5683 omnia
2330 5631 2577 5694 devotius,
2623 5642 2666 5700 et
2698 5646 2813 5681 cum
2855 5630 3049 5700 majore
3077 5629 3327 5700 citaritate
3367 5640 3542 5683 trans-

1952 5696 2067 5752 acta
2124 5710 2277 5761 sunt;
2303 5709 2351 5751 et
2377 5700 2524 5765 quasi
2572 5699 2816 5768 religione
2856 5697 2999 5765 ﬁeret
3041 5696 3290 5769 quidquid
3339 5716 3369 5751 a
3421 5715 3545 5769 rege

1952 5771 2125 5839 ﬁebat,
2152 5770 2328 5824 eodem
2358 5780 2582 5839 tempore
2604 5766 2889 5838 itu'gcxtum
2911 5772 3001 5819 est.
3031 5766 3130 5818 νει
3150 5766 3404 5839 triduum,
3426 5766 3539 5825 etc.
